  <div class='ocr_page' id='page_1' title='image "/cluster/home/n/w/nwhite01/storage/ocr_20150623/93/njp.32101077772836/509.png"; bbox 0 0 2052 3146; ppageno 0'>
   <div class='ocr_carea' id='block_1_1' title="bbox 283 190 341 224">
    <p class='ocr_par' dir='ltr' id='par_1_1' title="bbox 283 190 341 224">
     <span class='ocr_line' id='line_1_1' title="bbox 283 190 341 224; baseline -0.017 0"><span class='ocrx_word' id='word_1_1' title='bbox 283 190 341 224; x_wconf 76' lang='lat' dir='ltr'><strong>8J9</strong></span> 
     </span>
    </p>
   </div>
   <div class='ocr_carea' id='block_1_2' title="bbox 882 183 1364 219">
    <p class='ocr_par' dir='ltr' id='par_1_2' title="bbox 882 183 1364 219">
     <span class='ocr_line' id='line_1_2' title="bbox 882 183 1364 219; baseline 0.004 -2"><span class='ocrx_word' id='word_1_2' title='bbox 882 185 1061 217; x_wconf 79' lang='lat' dir='ltr'><strong>HESYCHII</strong></span> <span class='ocrx_word' id='word_1_3' title='bbox 1085 185 1324 219; x_wconf 74' lang='lat' dir='ltr'><strong>PRESBYTER!</strong></span> <span class='ocrx_word' id='word_1_4' title='bbox 1360 183 1364 186; x_wconf 67' lang='grc'><strong>’</strong></span> 
     </span>
    </p>
   </div>
   <div class='ocr_carea' id='block_1_3' title="bbox 1867 189 1919 223">
    <p class='ocr_par' dir='ltr' id='par_1_3' title="bbox 1867 189 1919 223">
     <span class='ocr_line' id='line_1_3' title="bbox 1867 189 1919 223; baseline 0 0"><span class='ocrx_word' id='word_1_5' title='bbox 1867 189 1919 223; x_wconf 83' lang='lat'><strong>900</strong></span> 
     </span>
    </p>
   </div>
   <div class='ocr_carea' id='block_1_4' title="bbox 284 243 1921 283">
    <p class='ocr_par' dir='ltr' id='par_1_4' title="bbox 284 243 1921 283">
     <span class='ocr_line' id='line_1_4' title="bbox 284 243 1921 283; baseline -0.001 -8"><span class='ocrx_word' id='word_1_6' title='bbox 284 245 397 283; x_wconf 72' lang='lat' dir='ltr'><strong>rpiritus</strong></span> <span class='ocrx_word' id='word_1_7' title='bbox 422 244 555 274; x_wconf 66' lang='lat' dir='ltr'><strong>creditum</strong></span> <span class='ocrx_word' id='word_1_8' title='bbox 581 249 634 278; x_wconf 88' lang='lat' dir='ltr'><strong>est,</strong></span> <span class='ocrx_word' id='word_1_9' title='bbox 648 244 682 272; x_wconf 88' lang='lat' dir='ltr'><strong>de</strong></span> <span class='ocrx_word' id='word_1_10' title='bbox 706 251 761 280; x_wconf 90' lang='lat' dir='ltr'><strong>quo</strong></span> <span class='ocrx_word' id='word_1_11' title='bbox 777 251 854 272; x_wconf 87' lang='lat' dir='ltr'><strong>nunc</strong></span> <span class='ocrx_word' id='word_1_12' title='bbox 867 243 1007 279; x_wconf 80' lang='lat' dir='ltr'><strong>legislator</strong></span> <span class='ocrx_word' id='word_1_13' title='bbox 1022 244 1077 271; x_wconf 99' lang='lat' dir='ltr'><strong>ait:</strong></span> <span class='ocrx_word' id='word_1_14' title='bbox 1093 249 1116 277; x_wconf 80' lang='grc' dir='ltr'><strong>Α</strong></span> <span class='ocrx_word' id='word_1_15' title='bbox 1130 250 1222 272; x_wconf 87' lang='lat' dir='ltr'><strong>autem</strong></span> <span class='ocrx_word' id='word_1_16' title='bbox 1235 249 1344 280; x_wconf 75' lang='lat' dir='ltr'><strong>oportet</strong></span> <span class='ocrx_word' id='word_1_17' title='bbox 1367 252 1492 281; x_wconf 55' lang='lat' dir='ltr'><strong>quaerere</strong></span> <span class='ocrx_word' id='word_1_18' title='bbox 1506 246 1578 282; x_wconf 89' lang='lat' dir='ltr'><strong>quod</strong></span> <span class='ocrx_word' id='word_1_19' title='bbox 1609 253 1672 274; x_wconf 89' lang='lat' dir='ltr'><strong>cum</strong></span> <span class='ocrx_word' id='word_1_20' title='bbox 1705 253 1736 274; x_wconf 78' lang='lat' dir='ltr'><strong>ea</strong></span> <span class='ocrx_word' id='word_1_21' title='bbox 1769 252 1832 281; x_wconf 77' lang='lat' dir='ltr'><strong>quae</strong></span> <span class='ocrx_word' id='word_1_22' title='bbox 1854 246 1921 282; x_wconf 78' lang='lat' dir='ltr'><strong>legis</strong></span> 
     </span>
    </p>
   </div>
   <div class='ocr_carea' id='block_1_5' title="bbox 320 291 1080 328">
    <p class='ocr_par' dir='ltr' id='par_1_5' title="bbox 320 291 1080 328">
     <span class='ocr_line' id='line_1_5' title="bbox 320 291 1080 328; baseline -0.004 -7"><span class='ocrx_word' id='word_1_23' title='bbox 320 293 412 322; x_wconf 80' lang='lat' dir='ltr'><strong>Oleum</strong></span> <span class='ocrx_word' id='word_1_24' title='bbox 426 293 521 328; x_wconf 78' lang='lat' dir='ltr'><strong>quippe</strong></span> <span class='ocrx_word' id='word_1_25' title='bbox 537 295 638 319; x_wconf 72' lang='lat' dir='ltr'><strong>sant-tte</strong></span> <span class='ocrx_word' id='word_1_26' title='bbox 660 291 792 318; x_wconf 74' lang='lat' dir='ltr'><strong>unctionis</strong></span> <span class='ocrx_word' id='word_1_27' title='bbox 809 295 846 318; x_wconf 86' lang='lat' dir='ltr'><strong>est</strong></span> <span class='ocrx_word' id='word_1_28' title='bbox 859 299 938 325; x_wconf 79' lang='lat' dir='ltr'><strong>super</strong></span> <span class='ocrx_word' id='word_1_29' title='bbox 952 299 1004 317; x_wconf 81' lang='lat' dir='ltr'><strong>vos.</strong></span> <span class='ocrx_word' id='word_1_30' title='bbox 1024 291 1080 318; x_wconf 90' lang='lat' dir='ltr'><strong>Hu-</strong></span> 
     </span>
    </p>
   </div>
   <div class='ocr_carea' id='block_1_6' title="bbox 282 337 1079 375">
    <p class='ocr_par' dir='ltr' id='par_1_6' title="bbox 282 337 1079 375">
     <span class='ocr_line' id='line_1_6' title="bbox 282 337 1079 375; baseline -0.004 -9"><span class='ocrx_word' id='word_1_31' title='bbox 282 341 329 375; x_wconf 84' lang='lat' dir='ltr'><strong>jus</strong></span> <span class='ocrx_word' id='word_1_32' title='bbox 346 344 436 366; x_wconf 83' lang='lat' dir='ltr'><strong>autent</strong></span> <span class='ocrx_word' id='word_1_33' title='bbox 456 338 594 365; x_wconf 75' lang='lat' dir='ltr'><strong>unctionis</strong></span> <span class='ocrx_word' id='word_1_34' title='bbox 611 341 752 370; x_wconf 84' lang='lat' dir='ltr'><strong>virtutem,</strong></span> <span class='ocrx_word' id='word_1_35' title='bbox 774 337 894 365; x_wconf 84' lang='lat' dir='ltr'><strong>Joannes</strong></span> <span class='ocrx_word' id='word_1_36' title='bbox 907 337 986 365; x_wconf 87' lang='lat' dir='ltr'><strong>nobis</strong></span> <span class='ocrx_word' id='word_1_37' title='bbox 995 345 1079 364; x_wconf 82' lang='lat' dir='ltr'><strong>evan-</strong></span> 
     </span>
    </p>
   </div>
   <div class='ocr_carea' id='block_1_7' title="bbox 286 383 1081 421">
    <p class='ocr_par' dir='ltr' id='par_1_7' title="bbox 286 383 1081 421">
     <span class='ocr_line' id='line_1_7' title="bbox 286 383 1081 421; baseline -0.003 -9"><span class='ocrx_word' id='word_1_38' title='bbox 286 386 381 421; x_wconf 73' lang='lat' dir='ltr'><strong>gelista</strong></span> <span class='ocrx_word' id='word_1_39' title='bbox 399 385 581 416; x_wconf 89' lang='lat' dir='ltr'><strong>demonstrat,</strong></span> <span class='ocrx_word' id='word_1_40' title='bbox 597 383 692 411; x_wconf 87' lang='lat' dir='ltr'><strong>dicens</strong></span> <span class='ocrx_word' id='word_1_41' title='bbox 708 392 714 410; x_wconf 91' lang='lat'><strong>:</strong></span> <span class='ocrx_word' id='word_1_42' title='bbox 731 384 765 411; x_wconf 86' lang='lat' dir='ltr'><strong>Et</strong></span> <span class='ocrx_word' id='word_1_43' title='bbox 781 392 825 410; x_wconf 79' lang='lat' dir='ltr'><strong>vos</strong></span> <span class='ocrx_word' id='word_1_44' title='bbox 838 384 986 410; x_wconf 81' lang='lat' dir='ltr'><strong>unctionem</strong></span> <span class='ocrx_word' id='word_1_45' title='bbox 1001 391 1081 418; x_wconf 87' lang='lat' dir='ltr'><strong>quam</strong></span> 
     </span>
    </p>
   </div>
   <div class='ocr_carea' id='block_1_8' title="bbox 285 421 1081 465">
    <p class='ocr_par' dir='ltr' id='par_1_8' title="bbox 285 421 1081 465">
     <span class='ocr_line' id='line_1_8' title="bbox 285 421 1081 465; baseline -0.004 -7"><span class='ocrx_word' id='word_1_46' title='bbox 285 431 423 465; x_wconf 73' lang='lat' dir='ltr'><strong>accepistis</strong></span> <span class='ocrx_word' id='word_1_47' title='bbox 440 430 473 456; x_wconf 88' lang='lat' dir='ltr'><strong>ab</strong></span> <span class='ocrx_word' id='word_1_48' title='bbox 489 438 529 462; x_wconf 79' lang='lat' dir='ltr'><strong>eo,</strong></span> <span class='ocrx_word' id='word_1_49' title='bbox 546 435 652 456; x_wconf 84' lang='lat' dir='ltr'><strong>moneat</strong></span> <span class='ocrx_word' id='word_1_50' title='bbox 680 421 709 457; x_wconf 79' lang='lat' dir='ltr'><strong>in</strong></span> <span class='ocrx_word' id='word_1_51' title='bbox 724 430 808 457; x_wconf 61' lang='lat' dir='ltr'><strong>vobis.</strong></span> <span class='ocrx_word' id='word_1_52' title='bbox 838 430 872 457; x_wconf 85' lang='lat' dir='ltr'><strong>Et</strong></span> <span class='ocrx_word' id='word_1_53' title='bbox 898 438 949 456; x_wconf 89' lang='lat' dir='ltr'><strong>nan</strong></span> <span class='ocrx_word' id='word_1_54' title='bbox 978 437 1081 456; x_wconf 78' lang='lat' dir='ltr'><strong>necesse</strong></span> 
     </span>
    </p>
   </div>
   <div class='ocr_carea' id='block_1_9' title="bbox 283 475 1080 511">
    <p class='ocr_par' dir='ltr' id='par_1_9' title="bbox 283 475 1080 511">
     <span class='ocr_line' id='line_1_9' title="bbox 283 475 1080 511; baseline -0.005 -6"><span class='ocrx_word' id='word_1_55' title='bbox 283 478 395 508; x_wconf 76' lang='lat' dir='ltr'><strong>habetis,</strong></span> <span class='ocrx_word' id='word_1_56' title='bbox 411 481 438 504; x_wconf 84' lang='lat' dir='ltr'><strong>ut</strong></span> <span class='ocrx_word' id='word_1_57' title='bbox 459 476 557 511; x_wconf 79' lang='lat' dir='ltr'><strong>aliquis</strong></span> <span class='ocrx_word' id='word_1_58' title='bbox 579 479 671 504; x_wconf 83' lang='lat' dir='ltr'><strong>doceat</strong></span> <span class='ocrx_word' id='word_1_59' title='bbox 694 485 751 508; x_wconf 72' lang='lat' dir='ltr'><strong>vos.</strong></span> <span class='ocrx_word' id='word_1_60' title='bbox 767 477 817 503; x_wconf 70' lang='lat' dir='ltr'><strong>sed</strong></span> <span class='ocrx_word' id='word_1_61' title='bbox 828 477 896 503; x_wconf 79' lang='lat' dir='ltr'><strong>sicut</strong></span> <span class='ocrx_word' id='word_1_62' title='bbox 913 476 1001 502; x_wconf 88' lang='lat' dir='ltr'><strong>unctio</strong></span> <span class='ocrx_word' id='word_1_63' title='bbox 1023 475 1080 510; x_wconf 82' lang='lat' dir='ltr'><strong>ejus</strong></span> 
     </span>
    </p>
   </div>
   <div class='ocr_carea' id='block_1_10' title="bbox 284 522 1080 555">
    <p class='ocr_par' dir='ltr' id='par_1_10' title="bbox 284 522 1080 555">
     <span class='ocr_line' id='line_1_10' title="bbox 284 522 1080 555; baseline -0.004 -5"><span class='ocrx_word' id='word_1_64' title='bbox 284 525 356 551; x_wconf 78' lang='lat' dir='ltr'><strong>docet</strong></span> <span class='ocrx_word' id='word_1_65' title='bbox 369 532 413 550; x_wconf 80' lang='lat' dir='ltr'><strong>vos</strong></span> <span class='ocrx_word' id='word_1_66' title='bbox 430 523 462 550; x_wconf 85' lang='lat' dir='ltr'><strong>de</strong></span> <span class='ocrx_word' id='word_1_67' title='bbox 477 522 608 555; x_wconf 84' lang='lat' dir='ltr'><strong>omnibus,</strong></span> <span class='ocrx_word' id='word_1_68' title='bbox 636 527 660 549; x_wconf 85' lang='lat' dir='ltr'><strong>et</strong></span> <span class='ocrx_word' id='word_1_69' title='bbox 673 530 762 549; x_wconf 79' lang='lat' dir='ltr'><strong>verum</strong></span> <span class='ocrx_word' id='word_1_70' title='bbox 781 527 828 555; x_wconf 79' lang='lat' dir='ltr'><strong>est,</strong></span> <span class='ocrx_word' id='word_1_71' title='bbox 853 527 877 549; x_wconf 85' lang='lat' dir='ltr'><strong>et</strong></span> <span class='ocrx_word' id='word_1_72' title='bbox 891 530 941 548; x_wconf 85' lang='lat' dir='ltr'><strong>non</strong></span> <span class='ocrx_word' id='word_1_73' title='bbox 956 526 992 548; x_wconf 82' lang='lat' dir='ltr'><strong>est</strong></span> <span class='ocrx_word' id='word_1_74' title='bbox 1008 529 1080 547; x_wconf 82' lang='lat' dir='ltr'><strong>men-</strong></span> 
     </span>
    </p>
   </div>
   <div class='ocr_carea' id='block_1_11' title="bbox 283 567 1080 603">
    <p class='ocr_par' dir='ltr' id='par_1_11' title="bbox 283 567 1080 603">
     <span class='ocr_line' id='line_1_11' title="bbox 283 567 1080 603; baseline -0.004 -7"><span class='ocrx_word' id='word_1_75' title='bbox 283 570 389 596; x_wconf 84' lang='lat' dir='ltr'><strong>dacium</strong></span> <span class='ocrx_word' id='word_1_76' title='bbox 404 569 438 595; x_wconf 73' lang='grc'><strong>⁸⁸.</strong></span> <span class='ocrx_word' id='word_1_77' title='bbox 455 569 518 596; x_wconf 69' lang='lat' dir='ltr'><strong>Haec</strong></span> <span class='ocrx_word' id='word_1_78' title='bbox 538 568 645 603; x_wconf 76' lang='lat' dir='ltr'><strong>Moyses</strong></span> <span class='ocrx_word' id='word_1_79' title='bbox 669 576 718 602; x_wconf 85' lang='lat' dir='ltr'><strong>per</strong></span> <span class='ocrx_word' id='word_1_80' title='bbox 727 568 860 602; x_wconf 79' lang='lat' dir='ltr'><strong>spiritum</strong></span> <span class='ocrx_word' id='word_1_81' title='bbox 882 567 1021 602; x_wconf 51' lang='lat' dir='ltr'><strong>praecepit,</strong></span> <span class='ocrx_word' id='word_1_82' title='bbox 1053 572 1080 594; x_wconf 87' lang='lat' dir='ltr'><strong>et</strong></span> 
     </span>
    </p>
   </div>
   <div class='ocr_carea' id='block_1_12' title="bbox 283 613 1078 651">
    <p class='ocr_par' dir='ltr' id='par_1_12' title="bbox 283 613 1078 651">
     <span class='ocr_line' id='line_1_12' title="bbox 283 613 1078 651; baseline -0.004 -8"><span class='ocrx_word' id='word_1_83' title='bbox 283 616 405 643; x_wconf 80' lang='lat' dir='ltr'><strong>Ecclesia</strong></span> <span class='ocrx_word' id='word_1_84' title='bbox 419 615 550 643; x_wconf 84' lang='lat' dir='ltr'><strong>custodit.</strong></span> <span class='ocrx_word' id='word_1_85' title='bbox 565 616 637 651; x_wconf 78' lang='lat' dir='ltr'><strong>Ergo</strong></span> <span class='ocrx_word' id='word_1_86' title='bbox 651 620 855 649; x_wconf 82' lang='lat' dir='ltr'><strong>consequenter</strong></span> <span class='ocrx_word' id='word_1_87' title='bbox 868 614 1006 649; x_wconf 74' lang='lat' dir='ltr'><strong>Iegislator</strong></span> <span class='ocrx_word' id='word_1_88' title='bbox 1014 613 1078 641; x_wconf 88' lang='lat' dir='ltr'><strong>sub-</strong></span> 
     </span>
    </p>
   </div>
   <div class='ocr_carea' id='block_1_13' title="bbox 281 661 950 696">
    <p class='ocr_par' dir='ltr' id='par_1_13' title="bbox 281 661 950 696">
     <span class='ocr_line' id='line_1_13' title="bbox 281 661 950 696; baseline -0.001 -8"><span class='ocrx_word' id='word_1_89' title='bbox 281 662 350 691; x_wconf 75' lang='lat' dir='ltr'><strong>didit</strong></span> <span class='ocrx_word' id='word_1_90' title='bbox 366 671 372 688; x_wconf 78' lang='grc' dir='ltr'>ε</span> <span class='ocrx_word' id='word_1_91' title='bbox 393 661 444 693; x_wconf 84' lang='lat' dir='ltr'><strong>Qui</strong></span> <span class='ocrx_word' id='word_1_92' title='bbox 460 661 665 696; x_wconf 69' lang='lat' dir='ltr'><strong>feceruntjuxta</strong></span> <span class='ocrx_word' id='word_1_93' title='bbox 682 666 842 695; x_wconf 71' lang='lat' dir='ltr'><strong>prwceptum</strong></span> <span class='ocrx_word' id='word_1_94' title='bbox 856 661 950 695; x_wconf 82' lang='lat' dir='ltr'><strong>Moysi.</strong></span> 
     </span>
    </p>
   </div>
   <div class='ocr_carea' id='block_1_14' title="bbox 319 706 1077 741">
    <p class='ocr_par' dir='ltr' id='par_1_14' title="bbox 319 706 1077 741">
     <span class='ocr_line' id='line_1_14' title="bbox 319 706 1077 741; baseline -0.004 -6"><span class='ocrx_word' id='word_1_95' title='bbox 319 707 399 735; x_wconf 74' lang='lat' dir='ltr'><strong>Vsus.</strong></span> <span class='ocrx_word' id='word_1_96' title='bbox 416 708 491 735; x_wconf 86' lang='lat' dir='ltr'><strong>8-H.</strong></span> <span class='ocrx_word' id='word_1_97' title='bbox 509 717 518 733; x_wconf 76' lang='grc' dir='ltr'><strong>ε</strong></span> <span class='ocrx_word' id='word_1_98' title='bbox 539 707 613 734; x_wconf 79' lang='lat' dir='ltr'><strong>Dixit</strong></span> <span class='ocrx_word' id='word_1_99' title='bbox 646 715 754 741; x_wconf 89' lang='lat' dir='ltr'><strong>quoque</strong></span> <span class='ocrx_word' id='word_1_100' title='bbox 772 707 904 734; x_wconf 88' lang='lat' dir='ltr'><strong>Dominus</strong></span> <span class='ocrx_word' id='word_1_101' title='bbox 919 706 952 733; x_wconf 91' lang='lat' dir='ltr'><strong>ad</strong></span> <span class='ocrx_word' id='word_1_102' title='bbox 968 706 1077 732; x_wconf 75' lang='lat' dir='ltr'><strong>Aaron:</strong></span> 
     </span>
    </p>
   </div>
   <div class='ocr_carea' id='block_1_15' title="bbox 283 752 1078 789">
    <p class='ocr_par' dir='ltr' id='par_1_15' title="bbox 283 752 1078 789">
     <span class='ocr_line' id='line_1_15' title="bbox 283 752 1078 789; baseline -0.003 -8"><span class='ocrx_word' id='word_1_103' title='bbox 283 754 384 782; x_wconf 81' lang='lat' dir='ltr'><strong>Vinum</strong></span> <span class='ocrx_word' id='word_1_104' title='bbox 398 759 424 781; x_wconf 89' lang='lat' dir='ltr'><strong>et</strong></span> <span class='ocrx_word' id='word_1_105' title='bbox 438 762 519 782; x_wconf 91' lang='lat' dir='ltr'><strong>omne</strong></span> <span class='ocrx_word' id='word_1_106' title='bbox 534 754 606 789; x_wconf 86' lang='lat' dir='ltr'><strong>quod</strong></span> <span class='ocrx_word' id='word_1_107' title='bbox 639 753 775 781; x_wconf 70' lang='lat' dir='ltr'><strong>inebriare</strong></span> <span class='ocrx_word' id='word_1_108' title='bbox 795 757 893 788; x_wconf 89' lang='lat' dir='ltr'><strong>potest,</strong></span> <span class='ocrx_word' id='word_1_109' title='bbox 907 761 960 780; x_wconf 88' lang='lat' dir='ltr'><strong>non</strong></span> <span class='ocrx_word' id='word_1_110' title='bbox 975 752 1078 780; x_wconf 76' lang='lat' dir='ltr'><strong>bibe‘tis</strong></span> 
     </span>
    </p>
   </div>
   <div class='ocr_carea' id='block_1_16' title="bbox 283 797 1077 834">
    <p class='ocr_par' dir='ltr' id='par_1_16' title="bbox 283 797 1077 834">
     <span class='ocr_line' id='line_1_16' title="bbox 283 797 1077 834; baseline -0.004 -7"><span class='ocrx_word' id='word_1_111' title='bbox 283 806 312 828; x_wconf 86' lang='lat' dir='ltr'><strong>tu</strong></span> <span class='ocrx_word' id='word_1_112' title='bbox 327 805 354 827; x_wconf 87' lang='lat' dir='ltr'><strong>et</strong></span> <span class='ocrx_word' id='word_1_113' title='bbox 370 800 416 827; x_wconf 91' lang='lat' dir='ltr'><strong>ﬁlii</strong></span> <span class='ocrx_word' id='word_1_114' title='bbox 433 800 483 832; x_wconf 90' lang='lat' dir='ltr'><strong>tui,</strong></span> <span class='ocrx_word' id='word_1_115' title='bbox 500 800 609 834; x_wconf 84' lang='lat' dir='ltr'><strong>quando</strong></span> <span class='ocrx_word' id='word_1_116' title='bbox 621 799 729 827; x_wconf 79' lang='lat' dir='ltr'><strong>intratis</strong></span> <span class='ocrx_word' id='word_1_117' title='bbox 745 801 772 826; x_wconf 92' lang='lat' dir='ltr'><strong>in</strong></span> <span class='ocrx_word' id='word_1_118' title='bbox 785 799 990 826; x_wconf 74' lang='lat' dir='ltr'><strong>tabernaculum</strong></span> <span class='ocrx_word' id='word_1_119' title='bbox 1005 797 1077 825; x_wconf 81' lang='lat' dir='ltr'><strong>testi-</strong></span> 
     </span>
    </p>
   </div>
   <div class='ocr_carea' id='block_1_17' title="bbox 283 843 1075 879">
    <p class='ocr_par' dir='ltr' id='par_1_17' title="bbox 283 843 1075 879">
     <span class='ocr_line' id='line_1_17' title="bbox 283 843 1075 879; baseline -0.004 -8"><span class='ocrx_word' id='word_1_120' title='bbox 283 846 379 877; x_wconf 88' lang='lat' dir='ltr'><strong>monii,</strong></span> <span class='ocrx_word' id='word_1_121' title='bbox 392 853 426 872; x_wconf 87' lang='lat' dir='ltr'><strong>ne</strong></span> <span class='ocrx_word' id='word_1_122' title='bbox 442 844 606 876; x_wconf 85' lang='lat' dir='ltr'><strong>moriamini,</strong></span> <span class='ocrx_word' id='word_1_123' title='bbox 618 844 683 879; x_wconf 85' lang='lat' dir='ltr'><strong>quia</strong></span> <span class='ocrx_word' id='word_1_124' title='bbox 700 845 865 879; x_wconf 69' lang='lat' dir='ltr'><strong>praeceptum</strong></span> <span class='ocrx_word' id='word_1_125' title='bbox 880 843 1075 878; x_wconf 83' lang='lat' dir='ltr'><strong>sempiternum</strong></span> 
     </span>
    </p>
   </div>
   <div class='ocr_carea' id='block_1_18' title="bbox 284 888 1075 926">
    <p class='ocr_par' dir='ltr' id='par_1_18' title="bbox 284 888 1075 926">
     <span class='ocr_line' id='line_1_18' title="bbox 284 888 1075 926; baseline -0.004 -9"><span class='ocrx_word' id='word_1_126' title='bbox 284 891 313 918; x_wconf 90' lang='lat' dir='ltr'><strong>in</strong></span> <span class='ocrx_word' id='word_1_127' title='bbox 330 890 523 926; x_wconf 74' lang='lat' dir='ltr'><strong>generationes</strong></span> <span class='ocrx_word' id='word_1_128' title='bbox 536 894 653 921; x_wconf 76' lang='lat' dir='ltr'><strong>vestras,</strong></span> <span class='ocrx_word' id='word_1_129' title='bbox 665 894 704 922; x_wconf 85' lang='lat' dir='ltr'><strong>et,</strong></span> <span class='ocrx_word' id='word_1_130' title='bbox 725 894 755 916; x_wconf 91' lang='lat' dir='ltr'><strong>ut</strong></span> <span class='ocrx_word' id='word_1_131' title='bbox 784 889 906 916; x_wconf 76' lang='lat' dir='ltr'><strong>habeatis</strong></span> <span class='ocrx_word' id='word_1_132' title='bbox 933 888 1075 916; x_wconf 84' lang='lat' dir='ltr'><strong>scientiam</strong></span> 
     </span>
    </p>
   </div>
   <div class='ocr_carea' id='block_1_19' title="bbox 283 935 1076 970">
    <p class='ocr_par' dir='ltr' id='par_1_19' title="bbox 283 935 1076 970">
     <span class='ocr_line' id='line_1_19' title="bbox 283 935 1076 970; baseline -0.005 -6"><span class='ocrx_word' id='word_1_133' title='bbox 283 936 458 965; x_wconf 85' lang='lat' dir='ltr'><strong>discernendi</strong></span> <span class='ocrx_word' id='word_1_134' title='bbox 479 937 550 963; x_wconf 85' lang='lat' dir='ltr'><strong>inter</strong></span> <span class='ocrx_word' id='word_1_135' title='bbox 564 941 688 963; x_wconf 81' lang='lat' dir='ltr'><strong>sanctum</strong></span> <span class='ocrx_word' id='word_1_136' title='bbox 718 942 746 963; x_wconf 90' lang='lat' dir='ltr'><strong>ct</strong></span> <span class='ocrx_word' id='word_1_137' title='bbox 777 936 933 970; x_wconf 80' lang='lat' dir='ltr'><strong>profanum,</strong></span> <span class='ocrx_word' id='word_1_138' title='bbox 951 939 979 962; x_wconf 90' lang='lat' dir='ltr'><strong>et</strong></span> <span class='ocrx_word' id='word_1_139' title='bbox 1005 935 1076 961; x_wconf 86' lang='lat' dir='ltr'><strong>inter</strong></span> 
     </span>
    </p>
   </div>
   <div class='ocr_carea' id='block_1_20' title="bbox 281 981 1075 1019">
    <p class='ocr_par' dir='ltr' id='par_1_20' title="bbox 281 981 1075 1019">
     <span class='ocr_line' id='line_1_20' title="bbox 281 981 1075 1019; baseline -0.004 -9"><span class='ocrx_word' id='word_1_140' title='bbox 281 983 414 1019; x_wconf 87' lang='lat' dir='ltr'><strong>pollutum</strong></span> <span class='ocrx_word' id='word_1_141' title='bbox 433 987 460 1010; x_wconf 88' lang='lat' dir='ltr'><strong>et</strong></span> <span class='ocrx_word' id='word_1_142' title='bbox 472 984 613 1015; x_wconf 88' lang='lat' dir='ltr'><strong>mundum,</strong></span> <span class='ocrx_word' id='word_1_143' title='bbox 624 983 800 1017; x_wconf 87' lang='lat' dir='ltr'><strong>doceatisque</strong></span> <span class='ocrx_word' id='word_1_144' title='bbox 816 983 884 1009; x_wconf 80' lang='lat' dir='ltr'><strong>illius</strong></span> <span class='ocrx_word' id='word_1_145' title='bbox 893 982 975 1009; x_wconf 87' lang='lat' dir='ltr'><strong>Israel</strong></span> <span class='ocrx_word' id='word_1_146' title='bbox 985 981 1075 1008; x_wconf 86' lang='lat' dir='ltr'><strong>omnia</strong></span> 
     </span>
    </p>
   </div>
   <div class='ocr_carea' id='block_1_21' title="bbox 281 1027 1076 1063">
    <p class='ocr_par' dir='ltr' id='par_1_21' title="bbox 281 1027 1076 1063">
     <span class='ocr_line' id='line_1_21' title="bbox 281 1027 1076 1063; baseline -0.003 -9"><span class='ocrx_word' id='word_1_147' title='bbox 281 1028 402 1063; x_wconf 80' lang='lat' dir='ltr'><strong>legitima</strong></span> <span class='ocrx_word' id='word_1_148' title='bbox 419 1036 489 1059; x_wconf 83' lang='lat' dir='ltr'><strong>mea,</strong></span> <span class='ocrx_word' id='word_1_149' title='bbox 508 1036 570 1062; x_wconf 73' lang='lat' dir='ltr'><strong>qua:</strong></span> <span class='ocrx_word' id='word_1_150' title='bbox 582 1028 692 1055; x_wconf 86' lang='lat' dir='ltr'><strong>locutus</strong></span> <span class='ocrx_word' id='word_1_151' title='bbox 710 1032 753 1054; x_wconf 88' lang='lat' dir='ltr'><strong>est</strong></span> <span class='ocrx_word' id='word_1_152' title='bbox 775 1027 907 1055; x_wconf 90' lang='lat' dir='ltr'><strong>Dominus</strong></span> <span class='ocrx_word' id='word_1_153' title='bbox 919 1027 952 1054; x_wconf 86' lang='lat' dir='ltr'><strong>ad</strong></span> <span class='ocrx_word' id='word_1_154' title='bbox 964 1035 1011 1054; x_wconf 89' lang='lat' dir='ltr'><strong>eos</strong></span> <span class='ocrx_word' id='word_1_155' title='bbox 1027 1034 1076 1061; x_wconf 84' lang='lat' dir='ltr'><strong>per</strong></span> 
     </span>
    </p>
   </div>
   <div class='ocr_carea' id='block_1_22' title="bbox 281 1072 534 1107">
    <p class='ocr_par' dir='ltr' id='par_1_22' title="bbox 281 1072 534 1107">
     <span class='ocr_line' id='line_1_22' title="bbox 281 1072 534 1107; baseline -0.004 -8"><span class='ocrx_word' id='word_1_156' title='bbox 281 1080 392 1100; x_wconf 86' lang='lat' dir='ltr'><strong>manum</strong></span> <span class='ocrx_word' id='word_1_157' title='bbox 406 1072 503 1107; x_wconf 84' lang='lat' dir='ltr'><strong>Moysi.</strong></span> <span class='ocrx_word' id='word_1_158' title='bbox 525 1082 534 1098; x_wconf 77' lang='grc' dir='ltr'><strong>ι</strong></span> 
     </span>
    </p>
   </div>
   <div class='ocr_carea' id='block_1_23' title="bbox 1094 925 1111 950">
    <p class='ocr_par' dir='ltr' id='par_1_23' title="bbox 1094 925 1111 950">
     <span class='ocr_line' id='line_1_23' title="bbox 1094 925 1111 950; baseline 0 0"><span class='ocrx_word' id='word_1_159' title='bbox 1094 925 1111 950; x_wconf 84' lang='lat' dir='ltr'><strong>li</strong></span> 
     </span>
    </p>
   </div>
   <div class='ocr_carea' id='block_1_24' title="bbox 317 1126 1076 1163">
    <p class='ocr_par' dir='ltr' id='par_1_24' title="bbox 317 1126 1076 1163">
     <span class='ocr_line' id='line_1_24' title="bbox 317 1126 1076 1163; baseline 0 -10"><span class='ocrx_word' id='word_1_160' title='bbox 317 1126 392 1154; x_wconf 83' lang='lat' dir='ltr'><strong>lianc</strong></span> <span class='ocrx_word' id='word_1_161' title='bbox 406 1135 492 1162; x_wconf 88' lang='lat' dir='ltr'><strong>usque</strong></span> <span class='ocrx_word' id='word_1_162' title='bbox 509 1135 584 1154; x_wconf 86' lang='lat' dir='ltr'><strong>nunc</strong></span> <span class='ocrx_word' id='word_1_163' title='bbox 607 1127 695 1163; x_wconf 78' lang='lat' dir='ltr'><strong>legem</strong></span> <span class='ocrx_word' id='word_1_164' title='bbox 713 1127 739 1153; x_wconf 91' lang='lat' dir='ltr'><strong>in</strong></span> <span class='ocrx_word' id='word_1_165' title='bbox 760 1126 892 1154; x_wconf 84' lang='lat' dir='ltr'><strong>Ecclesiis</strong></span> <span class='ocrx_word' id='word_1_166' title='bbox 907 1127 1013 1154; x_wconf 88' lang='lat' dir='ltr'><strong>invenis</strong></span> <span class='ocrx_word' id='word_1_167' title='bbox 1027 1134 1076 1153; x_wconf 90' lang='lat' dir='ltr'><strong>cu-</strong></span> 
     </span>
    </p>
   </div>
   <div class='ocr_carea' id='block_1_25' title="bbox 272 1172 1076 1208">
    <p class='ocr_par' dir='ltr' id='par_1_25' title="bbox 272 1172 1076 1208">
     <span class='ocr_line' id='line_1_25' title="bbox 272 1172 1076 1208; baseline -0.001 -8"><span class='ocrx_word' id='word_1_168' title='bbox 272 1172 375 1200; x_wconf 64' lang='lat' dir='ltr'><strong>stodiri</strong></span> <span class='ocrx_word' id='word_1_169' title='bbox 394 1172 506 1208; x_wconf 86' lang='lat' dir='ltr'><strong>:Ncque</strong></span> <span class='ocrx_word' id='word_1_170' title='bbox 517 1173 594 1199; x_wconf 89' lang='lat' dir='ltr'><strong>enim</strong></span> <span class='ocrx_word' id='word_1_171' title='bbox 609 1173 769 1200; x_wconf 85' lang='lat' dir='ltr'><strong>omnimodo</strong></span> <span class='ocrx_word' id='word_1_172' title='bbox 791 1173 930 1200; x_wconf 86' lang='lat' dir='ltr'><strong>abstinere</strong></span> <span class='ocrx_word' id='word_1_173' title='bbox 964 1181 979 1200; x_wconf 90' lang='lat' dir='ltr'><strong>a</strong></span> <span class='ocrx_word' id='word_1_174' title='bbox 1013 1173 1076 1200; x_wconf 83' lang='lat' dir='ltr'><strong>vino</strong></span> 
     </span>
    </p>
   </div>
   <div class='ocr_carea' id='block_1_26' title="bbox 279 1217 1074 1252">
    <p class='ocr_par' dir='ltr' id='par_1_26' title="bbox 279 1217 1074 1252">
     <span class='ocr_line' id='line_1_26' title="bbox 279 1217 1074 1252; baseline 0.001 -9"><span class='ocrx_word' id='word_1_175' title='bbox 279 1217 419 1252; x_wconf 65' lang='lat' dir='ltr'><strong>praecepit,</strong></span> <span class='ocrx_word' id='word_1_176' title='bbox 437 1217 484 1244; x_wconf 84' lang='lat' dir='ltr'><strong>sed</strong></span> <span class='ocrx_word' id='word_1_177' title='bbox 501 1217 611 1251; x_wconf 81' lang='lat' dir='ltr'><strong>quando</strong></span> <span class='ocrx_word' id='word_1_178' title='bbox 625 1217 658 1244; x_wconf 83' lang='lat' dir='ltr'><strong>ad</strong></span> <span class='ocrx_word' id='word_1_179' title='bbox 683 1218 888 1246; x_wconf 78' lang='lat' dir='ltr'><strong>tabernaculum</strong></span> <span class='ocrx_word' id='word_1_180' title='bbox 915 1217 1074 1249; x_wconf 88' lang='lat' dir='ltr'><strong>testimonii,</strong></span> 
     </span>
    </p>
   </div>
   <div class='ocr_carea' id='block_1_27' title="bbox 279 1263 1075 1299">
    <p class='ocr_par' dir='ltr' id='par_1_27' title="bbox 279 1263 1075 1299">
     <span class='ocr_line' id='line_1_27' title="bbox 279 1263 1075 1299; baseline 0.003 -10"><span class='ocrx_word' id='word_1_181' title='bbox 279 1268 328 1289; x_wconf 85' lang='lat' dir='ltr'><strong>aut</strong></span> <span class='ocrx_word' id='word_1_182' title='bbox 345 1263 378 1289; x_wconf 85' lang='lat' dir='ltr'><strong>ad</strong></span> <span class='ocrx_word' id='word_1_183' title='bbox 391 1264 476 1290; x_wconf 84' lang='lat' dir='ltr'><strong>altare</strong></span> <span class='ocrx_word' id='word_1_184' title='bbox 489 1263 675 1296; x_wconf 79' lang='lat' dir='ltr'><strong>ascendimus,</strong></span> <span class='ocrx_word' id='word_1_185' title='bbox 692 1263 720 1290; x_wconf 93' lang='lat' dir='ltr'><strong>id</strong></span> <span class='ocrx_word' id='word_1_186' title='bbox 743 1268 786 1290; x_wconf 87' lang='lat' dir='ltr'><strong>est</strong></span> <span class='ocrx_word' id='word_1_187' title='bbox 806 1264 916 1297; x_wconf 78' lang='lat' dir='ltr'><strong>quando</strong></span> <span class='ocrx_word' id='word_1_188' title='bbox 931 1264 1075 1299; x_wconf 90' lang='lat' dir='ltr'><strong>quodcun-</strong></span> 
     </span>
    </p>
   </div>
   <div class='ocr_carea' id='block_1_28' title="bbox 283 1307 1071 1344">
    <p class='ocr_par' dir='ltr' id='par_1_28' title="bbox 283 1307 1071 1344">
     <span class='ocr_line' id='line_1_28' title="bbox 283 1307 1071 1344; baseline 0.005 -12"><span class='ocrx_word' id='word_1_189' title='bbox 283 1314 336 1341; x_wconf 89' lang='lat' dir='ltr'><strong>que</strong></span> <span class='ocrx_word' id='word_1_190' title='bbox 355 1307 538 1333; x_wconf 85' lang='lat' dir='ltr'><strong>ministerium</strong></span> <span class='ocrx_word' id='word_1_191' title='bbox 565 1307 698 1334; x_wconf 74' lang='lat' dir='ltr'><strong>doctrinte</strong></span> <span class='ocrx_word' id='word_1_192' title='bbox 729 1307 851 1335; x_wconf 75' lang='lat' dir='ltr'><strong>emlestis</strong></span> <span class='ocrx_word' id='word_1_193' title='bbox 878 1309 1071 1344; x_wconf 85' lang='lat' dir='ltr'><strong>contingimus.</strong></span> 
     </span>
    </p>
   </div>
   <div class='ocr_carea' id='block_1_29' title="bbox 279 1351 1074 1388">
    <p class='ocr_par' dir='ltr' id='par_1_29' title="bbox 279 1351 1074 1388">
     <span class='ocr_line' id='line_1_29' title="bbox 279 1351 1074 1388; baseline 0.004 -10"><span class='ocrx_word' id='word_1_194' title='bbox 279 1351 423 1378; x_wconf 82' lang='lat' dir='ltr'><strong>Ministcrii</strong></span> <span class='ocrx_word' id='word_1_195' title='bbox 434 1353 518 1384; x_wconf 85' lang='lat' dir='ltr'><strong>enim,</strong></span> <span class='ocrx_word' id='word_1_196' title='bbox 533 1353 617 1379; x_wconf 83' lang='lat' dir='ltr'><strong>altare</strong></span> <span class='ocrx_word' id='word_1_197' title='bbox 629 1352 715 1388; x_wconf 79' lang='lat' dir='ltr'><strong>ﬁgura</strong></span> <span class='ocrx_word' id='word_1_198' title='bbox 734 1358 776 1380; x_wconf 86' lang='lat' dir='ltr'><strong>est</strong></span> <span class='ocrx_word' id='word_1_199' title='bbox 792 1363 798 1380; x_wconf 76' lang='grc' dir='ltr'><strong>ι</strong></span> <span class='ocrx_word' id='word_1_200' title='bbox 811 1353 1016 1381; x_wconf 82' lang='lat' dir='ltr'><strong>tabernaculum</strong></span> <span class='ocrx_word' id='word_1_201' title='bbox 1024 1362 1074 1382; x_wconf 86' lang='lat' dir='ltr'><strong>au-</strong></span> 
     </span>
    </p>
   </div>
   <div class='ocr_carea' id='block_1_30' title="bbox 282 1398 1072 1432">
    <p class='ocr_par' dir='ltr' id='par_1_30' title="bbox 282 1398 1072 1432">
     <span class='ocr_line' id='line_1_30' title="bbox 282 1398 1072 1432; baseline 0.005 -8"><span class='ocrx_word' id='word_1_202' title='bbox 282 1401 336 1424; x_wconf 88' lang='lat' dir='ltr'><strong>tem</strong></span> <span class='ocrx_word' id='word_1_203' title='bbox 356 1398 517 1430; x_wconf 78' lang='lat' dir='ltr'><strong>testimonii,</strong></span> <span class='ocrx_word' id='word_1_204' title='bbox 549 1399 701 1426; x_wconf 72' lang='lat' dir='ltr'><strong>caclestium</strong></span> <span class='ocrx_word' id='word_1_205' title='bbox 724 1407 815 1426; x_wconf 88' lang='lat' dir='ltr'><strong>rerum</strong></span> <span class='ocrx_word' id='word_1_206' title='bbox 840 1401 1072 1432; x_wconf 88' lang='lat' dir='ltr'><strong>contreetationis,</strong></span> 
     </span>
    </p>
   </div>
   <div class='ocr_carea' id='block_1_31' title="bbox 280 1443 1074 1474">
    <p class='ocr_par' dir='ltr' id='par_1_31' title="bbox 280 1443 1074 1474">
     <span class='ocr_line' id='line_1_31' title="bbox 280 1443 1074 1474; baseline 0.004 -4"><span class='ocrx_word' id='word_1_207' title='bbox 280 1444 354 1470; x_wconf 89' lang='lat' dir='ltr'><strong>unde</strong></span> <span class='ocrx_word' id='word_1_208' title='bbox 369 1448 396 1471; x_wconf 88' lang='lat' dir='ltr'><strong>et</strong></span> <span class='ocrx_word' id='word_1_209' title='bbox 411 1443 556 1471; x_wconf 84' lang='lat' dir='ltr'><strong>Timotheo</strong></span> <span class='ocrx_word' id='word_1_210' title='bbox 579 1443 681 1471; x_wconf 84' lang='lat' dir='ltr'><strong>Paulus</strong></span> <span class='ocrx_word' id='word_1_211' title='bbox 713 1445 859 1472; x_wconf 88' lang='lat' dir='ltr'><strong>scribebat.</strong></span> <span class='ocrx_word' id='word_1_212' title='bbox 877 1445 940 1473; x_wconf 77' lang='lat' dir='ltr'><strong>Vina</strong></span> <span class='ocrx_word' id='word_1_213' title='bbox 974 1447 1074 1474; x_wconf 82' lang='lat' dir='ltr'><strong>modico</strong></span> 
     </span>
    </p>
   </div>
   <div class='ocr_carea' id='block_1_32' title="bbox 279 1491 1073 1528">
    <p class='ocr_par' dir='ltr' id='par_1_32' title="bbox 279 1491 1073 1528">
     <span class='ocr_line' id='line_1_32' title="bbox 279 1491 1073 1528; baseline 0.006 -12"><span class='ocrx_word' id='word_1_214' title='bbox 279 1495 361 1522; x_wconf 75' lang='lat' dir='ltr'><strong>utere,</strong></span> <span class='ocrx_word' id='word_1_215' title='bbox 383 1495 490 1525; x_wconf 82' lang='lat' dir='ltr'><strong>propter</strong></span> <span class='ocrx_word' id='word_1_216' title='bbox 503 1491 667 1517; x_wconf 72' lang='lat' dir='ltr'><strong>stomachum</strong></span> <span class='ocrx_word' id='word_1_217' title='bbox 687 1498 771 1523; x_wconf 78' lang='lat' dir='ltr'><strong>tuum,</strong></span> <span class='ocrx_word' id='word_1_218' title='bbox 805 1497 828 1518; x_wconf 82' lang='lat' dir='ltr'><strong>et</strong></span> <span class='ocrx_word' id='word_1_219' title='bbox 853 1493 1000 1528; x_wconf 76' lang='lat' dir='ltr'><strong>frequentes</strong></span> <span class='ocrx_word' id='word_1_220' title='bbox 1014 1499 1073 1521; x_wconf 75' lang='lat' dir='ltr'><strong>tuas</strong></span> 
     </span>
    </p>
   </div>
   <div class='ocr_carea' id='block_1_33' title="bbox 278 1536 1071 1571">
    <p class='ocr_par' dir='ltr' id='par_1_33' title="bbox 278 1536 1071 1571">
     <span class='ocr_line' id='line_1_33' title="bbox 278 1536 1071 1571; baseline 0.006 -9"><span class='ocrx_word' id='word_1_221' title='bbox 278 1536 449 1570; x_wconf 72' lang='lat' dir='ltr'><strong>inﬁrmitates</strong></span> <span class='ocrx_word' id='word_1_222' title='bbox 467 1536 500 1562; x_wconf 77' lang='grc'><strong>³³.</strong></span> <span class='ocrx_word' id='word_1_223' title='bbox 516 1536 670 1569; x_wconf 88' lang='lat' dir='ltr'><strong>Quiautem</strong></span> <span class='ocrx_word' id='word_1_224' title='bbox 689 1538 797 1565; x_wconf 88' lang='lat' dir='ltr'><strong>modico</strong></span> <span class='ocrx_word' id='word_1_225' title='bbox 815 1539 910 1571; x_wconf 86' lang='lat' dir='ltr'><strong>utitur,</strong></span> <span class='ocrx_word' id='word_1_226' title='bbox 930 1539 975 1567; x_wconf 89' lang='lat' dir='ltr'><strong>hic</strong></span> <span class='ocrx_word' id='word_1_227' title='bbox 1000 1544 1071 1567; x_wconf 91' lang='lat' dir='ltr'><strong>tem-</strong></span> 
     </span>
    </p>
   </div>
   <div class='ocr_carea' id='block_1_34' title="bbox 279 1582 1106 1618">
    <p class='ocr_par' dir='ltr' id='par_1_34' title="bbox 279 1582 1106 1618">
     <span class='ocr_line' id='line_1_34' title="bbox 279 1582 1106 1618; baseline 0.005 -10"><span class='ocrx_word' id='word_1_228' title='bbox 279 1590 346 1617; x_wconf 89' lang='lat' dir='ltr'><strong>pore</strong></span> <span class='ocrx_word' id='word_1_229' title='bbox 362 1582 507 1609; x_wconf 84' lang='lat' dir='ltr'><strong>ministerii</strong></span> <span class='ocrx_word' id='word_1_230' title='bbox 523 1582 650 1610; x_wconf 88' lang='lat' dir='ltr'><strong>videlicet</strong></span> <span class='ocrx_word' id='word_1_231' title='bbox 663 1587 691 1610; x_wconf 90' lang='lat' dir='ltr'><strong>et</strong></span> <span class='ocrx_word' id='word_1_232' title='bbox 710 1584 852 1616; x_wconf 81' lang='lat' dir='ltr'><strong>doctrinae,</strong></span> <span class='ocrx_word' id='word_1_233' title='bbox 880 1584 914 1611; x_wconf 93' lang='lat' dir='ltr'><strong>ab</strong></span> <span class='ocrx_word' id='word_1_234' title='bbox 943 1585 1017 1612; x_wconf 90' lang='lat' dir='ltr'><strong>omni</strong></span> <span class='ocrx_word' id='word_1_235' title='bbox 1030 1585 1070 1612; x_wconf 91' lang='lat' dir='ltr'><strong>vi-</strong></span> <span class='ocrx_word' id='word_1_236' title='bbox 1081 1588 1106 1618; x_wconf 70' lang='grc' dir='ltr'>ο</span> 
     </span>
    </p>
   </div>
   <div class='ocr_carea' id='block_1_35' title="bbox 278 1627 1072 1657">
    <p class='ocr_par' dir='ltr' id='par_1_35' title="bbox 278 1627 1072 1657">
     <span class='ocr_line' id='line_1_35' title="bbox 278 1627 1072 1657; baseline 0.005 -4"><span class='ocrx_word' id='word_1_237' title='bbox 278 1627 400 1654; x_wconf 77' lang='lat' dir='ltr'><strong>uolentia</strong></span> <span class='ocrx_word' id='word_1_238' title='bbox 416 1631 445 1654; x_wconf 87' lang='lat' dir='ltr'><strong>et</strong></span> <span class='ocrx_word' id='word_1_239' title='bbox 468 1627 600 1655; x_wconf 83' lang='lat' dir='ltr'><strong>ebrietate</strong></span> <span class='ocrx_word' id='word_1_240' title='bbox 618 1635 648 1656; x_wconf 89' lang='lat' dir='ltr'><strong>se</strong></span> <span class='ocrx_word' id='word_1_241' title='bbox 664 1628 793 1656; x_wconf 86' lang='lat' dir='ltr'><strong>abstinet.</strong></span> <span class='ocrx_word' id='word_1_242' title='bbox 820 1628 951 1656; x_wconf 86' lang='lat' dir='ltr'><strong>Similiter</strong></span> <span class='ocrx_word' id='word_1_243' title='bbox 980 1634 1072 1657; x_wconf 86' lang='lat' dir='ltr'><strong>autem</strong></span> 
     </span>
    </p>
   </div>
   <div class='ocr_carea' id='block_1_36' title="bbox 279 1673 1072 1712">
    <p class='ocr_par' dir='ltr' id='par_1_36' title="bbox 279 1673 1072 1712">
     <span class='ocr_line' id='line_1_36' title="bbox 279 1673 1072 1712; baseline 0.006 -13"><span class='ocrx_word' id='word_1_244' title='bbox 279 1678 311 1700; x_wconf 82' lang='lat' dir='ltr'><strong>nt</strong></span> <span class='ocrx_word' id='word_1_245' title='bbox 326 1673 483 1700; x_wconf 77' lang='lat' dir='ltr'><strong>sacerdotes</strong></span> <span class='ocrx_word' id='word_1_246' title='bbox 495 1673 522 1700; x_wconf 91' lang='lat' dir='ltr'><strong>hi</strong></span> <span class='ocrx_word' id='word_1_247' title='bbox 537 1674 583 1708; x_wconf 93' lang='lat' dir='ltr'><strong>qui</strong></span> <span class='ocrx_word' id='word_1_248' title='bbox 599 1674 710 1701; x_wconf 84' lang='lat' dir='ltr'><strong>student</strong></span> <span class='ocrx_word' id='word_1_249' title='bbox 723 1675 810 1710; x_wconf 79' lang='lat' dir='ltr'><strong>legem</strong></span> <span class='ocrx_word' id='word_1_250' title='bbox 829 1676 999 1708; x_wconf 74' lang='lat' dir='ltr'><strong>custodiunt,</strong></span> <span class='ocrx_word' id='word_1_251' title='bbox 1009 1684 1072 1712; x_wconf 85' lang='lat' dir='ltr'><strong>pro-</strong></span> 
     </span>
    </p>
   </div>
   <div class='ocr_carea' id='block_1_37' title="bbox 279 1717 1071 1756">
    <p class='ocr_par' dir='ltr' id='par_1_37' title="bbox 279 1717 1071 1756">
     <span class='ocr_line' id='line_1_37' title="bbox 279 1717 1071 1756; baseline 0.006 -11"><span class='ocrx_word' id='word_1_252' title='bbox 279 1722 342 1753; x_wconf 84' lang='lat' dir='ltr'><strong>pter</strong></span> <span class='ocrx_word' id='word_1_253' title='bbox 357 1717 429 1752; x_wconf 90' lang='lat' dir='ltr'><strong>quod</strong></span> <span class='ocrx_word' id='word_1_254' title='bbox 442 1725 497 1744; x_wconf 90' lang='lat' dir='ltr'><strong>non</strong></span> <span class='ocrx_word' id='word_1_255' title='bbox 513 1719 601 1745; x_wconf 90' lang='lat' dir='ltr'><strong>solum</strong></span> <span class='ocrx_word' id='word_1_256' title='bbox 622 1719 723 1750; x_wconf 87' lang='lat' dir='ltr'><strong>Aaron,</strong></span> <span class='ocrx_word' id='word_1_257' title='bbox 745 1719 793 1746; x_wconf 87' lang='lat' dir='ltr'><strong>sed</strong></span> <span class='ocrx_word' id='word_1_258' title='bbox 806 1723 838 1747; x_wconf 84' lang='lat' dir='ltr'><strong>et.</strong></span> <span class='ocrx_word' id='word_1_259' title='bbox 853 1720 916 1748; x_wconf 77' lang='lat' dir='ltr'><strong>ﬁliis</strong></span> <span class='ocrx_word' id='word_1_260' title='bbox 929 1721 1000 1756; x_wconf 86' lang='lat' dir='ltr'><strong>ejus,</strong></span> <span class='ocrx_word' id='word_1_261' title='bbox 1023 1729 1071 1749; x_wconf 86' lang='lat' dir='ltr'><strong>su-</strong></span> 
     </span>
    </p>
   </div>
   <div class='ocr_carea' id='block_1_38' title="bbox 281 1764 1068 1799">
    <p class='ocr_par' dir='ltr' id='par_1_38' title="bbox 281 1764 1068 1799">
     <span class='ocr_line' id='line_1_38' title="bbox 281 1764 1068 1799; baseline 0.006 -9"><span class='ocrx_word' id='word_1_262' title='bbox 281 1764 404 1791; x_wconf 86' lang='lat' dir='ltr'><strong>blimiora</strong></span> <span class='ocrx_word' id='word_1_263' title='bbox 421 1764 677 1799; x_wconf 86' lang='lat' dir='ltr'><strong>videlicetadeptis,</strong></span> <span class='ocrx_word' id='word_1_264' title='bbox 699 1765 857 1793; x_wconf 78' lang='lat' dir='ltr'><strong>mandatum</strong></span> <span class='ocrx_word' id='word_1_265' title='bbox 885 1767 938 1794; x_wconf 86' lang='lat' dir='ltr'><strong>hoc</strong></span> <span class='ocrx_word' id='word_1_266' title='bbox 948 1768 1068 1796; x_wconf 83' lang='lat' dir='ltr'><strong>tradidit.</strong></span> 
     </span>
    </p>
   </div>
   <div class='ocr_carea' id='block_1_39' title="bbox 278 1809 1069 1848">
    <p class='ocr_par' dir='ltr' id='par_1_39' title="bbox 278 1809 1069 1848">
     <span class='ocr_line' id='line_1_39' title="bbox 278 1809 1069 1848; baseline 0.005 -12"><span class='ocrx_word' id='word_1_267' title='bbox 278 1810 382 1836; x_wconf 78' lang='lat' dir='ltr'><strong>Similia</strong></span> <span class='ocrx_word' id='word_1_268' title='bbox 400 1814 493 1837; x_wconf 88' lang='lat' dir='ltr'><strong>autem</strong></span> <span class='ocrx_word' id='word_1_269' title='bbox 511 1809 554 1837; x_wconf 86' lang='lat' dir='ltr'><strong>bis</strong></span> <span class='ocrx_word' id='word_1_270' title='bbox 569 1815 595 1837; x_wconf 84' lang='lat' dir='ltr'><strong>et</strong></span> <span class='ocrx_word' id='word_1_271' title='bbox 607 1810 707 1837; x_wconf 86' lang='lat' dir='ltr'><strong>Paulus</strong></span> <span class='ocrx_word' id='word_1_272' title='bbox 733 1811 767 1838; x_wconf 89' lang='lat' dir='ltr'><strong>ad</strong></span> <span class='ocrx_word' id='word_1_273' title='bbox 787 1811 923 1846; x_wconf 81' lang='lat' dir='ltr'><strong>Ephesios</strong></span> <span class='ocrx_word' id='word_1_274' title='bbox 950 1812 1069 1848; x_wconf 85' lang='lat' dir='ltr'><strong>scripsit.</strong></span> 
     </span>
    </p>
   </div>
   <div class='ocr_carea' id='block_1_40' title="bbox 277 1854 1070 1891">
    <p class='ocr_par' dir='ltr' id='par_1_40' title="bbox 277 1854 1070 1891">
     <span class='ocr_line' id='line_1_40' title="bbox 277 1854 1070 1891; baseline 0.006 -10"><span class='ocrx_word' id='word_1_275' title='bbox 277 1854 371 1882; x_wconf 75' lang='lat' dir='ltr'><strong>Nolite</strong></span> <span class='ocrx_word' id='word_1_276' title='bbox 384 1856 512 1882; x_wconf 81' lang='lat' dir='ltr'><strong>inebriari</strong></span> <span class='ocrx_word' id='word_1_277' title='bbox 526 1856 598 1885; x_wconf 75' lang='lat' dir='ltr'><strong>uino.</strong></span> <span class='ocrx_word' id='word_1_278' title='bbox 610 1856 638 1882; x_wconf 84' lang='lat' dir='ltr'><strong>in</strong></span> <span class='ocrx_word' id='word_1_279' title='bbox 652 1865 702 1891; x_wconf 88' lang='lat' dir='ltr'><strong>quo</strong></span> <span class='ocrx_word' id='word_1_280' title='bbox 728 1861 764 1884; x_wconf 87' lang='lat' dir='ltr'><strong>est</strong></span> <span class='ocrx_word' id='word_1_281' title='bbox 785 1858 870 1884; x_wconf 88' lang='lat' dir='ltr'><strong>omnis</strong></span> <span class='ocrx_word' id='word_1_282' title='bbox 882 1858 1000 1889; x_wconf 66' lang='lat' dir='ltr'><strong>luxuria,</strong></span> <span class='ocrx_word' id='word_1_283' title='bbox 1025 1859 1070 1886; x_wconf 83' lang='lat' dir='ltr'><strong>sed</strong></span> 
     </span>
    </p>
   </div>
   <div class='ocr_carea' id='block_1_41' title="bbox 273 1901 1069 1939">
    <p class='ocr_par' dir='ltr' id='par_1_41' title="bbox 273 1901 1069 1939">
     <span class='ocr_line' id='line_1_41' title="bbox 273 1901 1069 1939; baseline 0.004 -11"><span class='ocrx_word' id='word_1_284' title='bbox 273 1902 363 1936; x_wconf 75' lang='lat' dir='ltr'><strong>magis</strong></span> <span class='ocrx_word' id='word_1_285' title='bbox 380 1901 528 1936; x_wconf 76' lang='lat' dir='ltr'><strong>implentim&#39;</strong></span> <span class='ocrx_word' id='word_1_286' title='bbox 541 1901 643 1936; x_wconf 82' lang='lat' dir='ltr'><strong>Spiritu</strong></span> <span class='ocrx_word' id='word_1_287' title='bbox 665 1908 756 1929; x_wconf 73' lang='lat' dir='ltr'><strong>sancto</strong></span> <span class='ocrx_word' id='word_1_288' title='bbox 768 1903 810 1936; x_wconf 84' lang='lat'><strong>&#39;°;</strong></span> <span class='ocrx_word' id='word_1_289' title='bbox 828 1903 954 1931; x_wconf 86' lang='lat' dir='ltr'><strong>hebetem</strong></span> <span class='ocrx_word' id='word_1_290' title='bbox 969 1905 1069 1939; x_wconf 87' lang='lat' dir='ltr'><strong>quippe</strong></span> 
     </span>
    </p>
   </div>
   <div class='ocr_carea' id='block_1_42' title="bbox 271 1948 1068 1986">
    <p class='ocr_par' dir='ltr' id='par_1_42' title="bbox 271 1948 1068 1986">
     <span class='ocr_line' id='line_1_42' title="bbox 271 1948 1068 1986; baseline 0.006 -13"><span class='ocrx_word' id='word_1_291' title='bbox 271 1948 396 1974; x_wconf 79' lang='lat' dir='ltr'><strong>ebrietas</strong></span> <span class='ocrx_word' id='word_1_292' title='bbox 421 1952 542 1975; x_wconf 86' lang='lat' dir='ltr'><strong>mentem</strong></span> <span class='ocrx_word' id='word_1_293' title='bbox 575 1948 674 1980; x_wconf 85' lang='lat' dir='ltr'><strong>reddit,</strong></span> <span class='ocrx_word' id='word_1_294' title='bbox 708 1954 736 1976; x_wconf 88' lang='lat' dir='ltr'><strong>et</strong></span> <span class='ocrx_word' id='word_1_295' title='bbox 758 1949 933 1977; x_wconf 83' lang='lat' dir='ltr'><strong>sobrietatem</strong></span> <span class='ocrx_word' id='word_1_296' title='bbox 957 1951 1016 1986; x_wconf 84' lang='lat' dir='ltr'><strong>ejus</strong></span> <span class='ocrx_word' id='word_1_297' title='bbox 1039 1951 1068 1978; x_wconf 87' lang='lat' dir='ltr'><strong>in</strong></span> 
     </span>
    </p>
   </div>
   <div class='ocr_carea' id='block_1_43' title="bbox 272 1993 1067 2032">
    <p class='ocr_par' dir='ltr' id='par_1_43' title="bbox 272 1993 1067 2032">
     <span class='ocr_line' id='line_1_43' title="bbox 272 1993 1067 2032; baseline 0.006 -12"><span class='ocrx_word' id='word_1_298' title='bbox 272 1993 400 2020; x_wconf 78' lang='lat' dir='ltr'><strong>deterius</strong></span> <span class='ocrx_word' id='word_1_299' title='bbox 414 1994 505 2026; x_wconf 75' lang='lat' dir='ltr'><strong>vertit,</strong></span> <span class='ocrx_word' id='word_1_300' title='bbox 523 1998 555 2021; x_wconf 89' lang='lat' dir='ltr'><strong>ut</strong></span> <span class='ocrx_word' id='word_1_301' title='bbox 567 2002 623 2021; x_wconf 90' lang='lat' dir='ltr'><strong>non</strong></span> <span class='ocrx_word' id='word_1_302' title='bbox 647 1994 834 2030; x_wconf 76' lang='lat' dir='ltr'><strong>intelligantur</strong></span> <span class='ocrx_word' id='word_1_303' title='bbox 851 2003 912 2030; x_wconf 65' lang='lat' dir='ltr'><strong>qua:</strong></span> <span class='ocrx_word' id='word_1_304' title='bbox 940 2001 1067 2032; x_wconf 82' lang='lat' dir='ltr'><strong>aguntur,</strong></span> 
     </span>
    </p>
   </div>
   <div class='ocr_carea' id='block_1_44' title="bbox 272 2039 1069 2078">
    <p class='ocr_par' dir='ltr' id='par_1_44' title="bbox 272 2039 1069 2078">
     <span class='ocr_line' id='line_1_44' title="bbox 272 2039 1069 2078; baseline 0.004 -12"><span class='ocrx_word' id='word_1_305' title='bbox 272 2047 339 2073; x_wconf 68' lang='lat' dir='ltr'><strong>qua:</strong></span> <span class='ocrx_word' id='word_1_306' title='bbox 354 2039 516 2067; x_wconf 85' lang='lat' dir='ltr'><strong>testiﬁcatur</strong></span> <span class='ocrx_word' id='word_1_307' title='bbox 533 2039 624 2072; x_wconf 85' lang='lat' dir='ltr'><strong>Isaias,</strong></span> <span class='ocrx_word' id='word_1_308' title='bbox 638 2039 734 2067; x_wconf 89' lang='lat' dir='ltr'><strong>dicens</strong></span> <span class='ocrx_word' id='word_1_309' title='bbox 751 2049 757 2067; x_wconf 94' lang='lat'><strong>:</strong></span> <span class='ocrx_word' id='word_1_310' title='bbox 773 2040 815 2068; x_wconf 72' lang='lat' dir='ltr'><strong>Vae</strong></span> <span class='ocrx_word' id='word_1_311' title='bbox 841 2041 886 2076; x_wconf 86' lang='lat' dir='ltr'><strong>qui</strong></span> <span class='ocrx_word' id='word_1_312' title='bbox 912 2043 1069 2078; x_wconf 83' lang='lat' dir='ltr'><strong>consurgitis</strong></span> 
     </span>
    </p>
   </div>
   <div class='ocr_carea' id='block_1_45' title="bbox 280 2084 1068 2123">
    <p class='ocr_par' dir='ltr' id='par_1_45' title="bbox 280 2084 1068 2123">
     <span class='ocr_line' id='line_1_45' title="bbox 280 2084 1068 2123; baseline 0.005 -13"><span class='ocrx_word' id='word_1_313' title='bbox 280 2092 360 2111; x_wconf 85' lang='lat' dir='ltr'><strong>mane</strong></span> <span class='ocrx_word' id='word_1_314' title='bbox 370 2084 405 2110; x_wconf 77' lang='lat' dir='ltr'><strong>ad</strong></span> <span class='ocrx_word' id='word_1_315' title='bbox 421 2085 571 2111; x_wconf 75' lang='lat' dir='ltr'><strong>ebrietatem</strong></span> <span class='ocrx_word' id='word_1_316' title='bbox 590 2086 753 2118; x_wconf 72' lang='lat' dir='ltr'><strong>sectandum,</strong></span> <span class='ocrx_word' id='word_1_317' title='bbox 767 2090 791 2112; x_wconf 87' lang='lat' dir='ltr'><strong>et</strong></span> <span class='ocrx_word' id='word_1_318' title='bbox 818 2088 961 2121; x_wconf 87' lang='lat' dir='ltr'><strong>potandum</strong></span> <span class='ocrx_word' id='word_1_319' title='bbox 989 2096 1068 2123; x_wconf 83' lang='lat' dir='ltr'><strong>usque</strong></span> 
     </span>
    </p>
   </div>
   <div class='ocr_carea' id='block_1_46' title="bbox 272 2130 1066 2168">
    <p class='ocr_par' dir='ltr' id='par_1_46' title="bbox 272 2130 1066 2168">
     <span class='ocr_line' id='line_1_46' title="bbox 272 2130 1066 2168; baseline 0.005 -13"><span class='ocrx_word' id='word_1_320' title='bbox 272 2130 312 2156; x_wconf 72' lang='lat' dir='ltr'><strong>ad</strong></span> <span class='ocrx_word' id='word_1_321' title='bbox 344 2137 487 2164; x_wconf 78' lang='lat' dir='ltr'><strong>uesperum,</strong></span> <span class='ocrx_word' id='word_1_322' title='bbox 512 2136 540 2156; x_wconf 91' lang='lat' dir='ltr'><strong>ut</strong></span> <span class='ocrx_word' id='word_1_323' title='bbox 559 2131 618 2157; x_wconf 81' lang='lat' dir='ltr'><strong>uino</strong></span> <span class='ocrx_word' id='word_1_324' title='bbox 658 2131 782 2158; x_wconf 72' lang='lat' dir='ltr'><strong>wstuetis.</strong></span> <span class='ocrx_word' id='word_1_325' title='bbox 816 2131 925 2159; x_wconf 79' lang='lat' dir='ltr'><strong>Cithara</strong></span> <span class='ocrx_word' id='word_1_326' title='bbox 955 2137 979 2159; x_wconf 82' lang='lat' dir='ltr'><strong>et</strong></span> <span class='ocrx_word' id='word_1_327' title='bbox 998 2133 1066 2168; x_wconf 78' lang='lat' dir='ltr'><strong>lyra,</strong></span> 
     </span>
    </p>
   </div>
   <div class='ocr_carea' id='block_1_47' title="bbox 272 2176 1065 2210">
    <p class='ocr_par' dir='ltr' id='par_1_47' title="bbox 272 2176 1065 2210">
     <span class='ocr_line' id='line_1_47' title="bbox 272 2176 1065 2210; baseline 0.006 -10"><span class='ocrx_word' id='word_1_328' title='bbox 272 2179 302 2201; x_wconf 70' lang='lat' dir='ltr'><strong>et</strong></span> <span class='ocrx_word' id='word_1_329' title='bbox 320 2179 485 2209; x_wconf 83' lang='lat' dir='ltr'><strong>tympanum,</strong></span> <span class='ocrx_word' id='word_1_330' title='bbox 500 2180 523 2201; x_wconf 88' lang='lat' dir='ltr'><strong>et</strong></span> <span class='ocrx_word' id='word_1_331' title='bbox 534 2176 610 2209; x_wconf 86' lang='lat' dir='ltr'><strong>tibia,</strong></span> <span class='ocrx_word' id='word_1_332' title='bbox 623 2181 646 2202; x_wconf 85' lang='lat' dir='ltr'><strong>et</strong></span> <span class='ocrx_word' id='word_1_333' title='bbox 666 2177 755 2204; x_wconf 81' lang='lat' dir='ltr'><strong>vinum</strong></span> <span class='ocrx_word' id='word_1_334' title='bbox 778 2177 805 2203; x_wconf 81' lang='lat' dir='ltr'><strong>in</strong></span> <span class='ocrx_word' id='word_1_335' title='bbox 821 2178 944 2205; x_wconf 77' lang='lat' dir='ltr'><strong>conviviis</strong></span> <span class='ocrx_word' id='word_1_336' title='bbox 964 2179 1065 2210; x_wconf 80' lang='lat' dir='ltr'><strong>vestris,</strong></span> 
     </span>
    </p>
   </div>
   <div class='ocr_carea' id='block_1_48' title="bbox 272 2221 1066 2258">
    <p class='ocr_par' dir='ltr' id='par_1_48' title="bbox 272 2221 1066 2258">
     <span class='ocr_line' id='line_1_48' title="bbox 272 2221 1066 2258; baseline 0.006 -12"><span class='ocrx_word' id='word_1_337' title='bbox 272 2224 379 2254; x_wconf 76' lang='lat' dir='ltr'><strong>etopus</strong></span> <span class='ocrx_word' id='word_1_338' title='bbox 403 2221 507 2247; x_wconf 74' lang='lat' dir='ltr'><strong>homini</strong></span> <span class='ocrx_word' id='word_1_339' title='bbox 537 2230 588 2248; x_wconf 87' lang='lat' dir='ltr'><strong>non</strong></span> <span class='ocrx_word' id='word_1_340' title='bbox 617 2223 755 2257; x_wconf 81' lang='lat' dir='ltr'><strong>respicitis.</strong></span> <span class='ocrx_word' id='word_1_341' title='bbox 782 2232 827 2250; x_wconf 83' lang='lat' dir='ltr'><strong>nec</strong></span> <span class='ocrx_word' id='word_1_342' title='bbox 840 2232 918 2258; x_wconf 85' lang='lat' dir='ltr'><strong>opera</strong></span> <span class='ocrx_word' id='word_1_343' title='bbox 939 2232 1066 2252; x_wconf 86' lang='lat' dir='ltr'><strong>manuum</strong></span> 
     </span>
    </p>
   </div>
   <div class='ocr_carea' id='block_1_49' title="bbox 271 2255 1104 2302">
    <p class='ocr_par' dir='ltr' id='par_1_49' title="bbox 271 2255 1104 2302">
     <span class='ocr_line' id='line_1_49' title="bbox 271 2255 1104 2302; baseline 0.005 -11"><span class='ocrx_word' id='word_1_344' title='bbox 271 2262 334 2298; x_wconf 54' lang='lat' dir='ltr'><strong>ejus</strong></span> <span class='ocrx_word' id='word_1_345' title='bbox 349 2265 522 2292; x_wconf 80' lang='lat' dir='ltr'><strong>consideratis</strong></span> <span class='ocrx_word' id='word_1_346' title='bbox 538 2265 571 2292; x_wconf 83' lang='lat'><strong>&quot;.</strong></span> <span class='ocrx_word' id='word_1_347' title='bbox 589 2265 640 2298; x_wconf 90' lang='lat' dir='ltr'><strong>Qui</strong></span> <span class='ocrx_word' id='word_1_348' title='bbox 657 2255 748 2293; x_wconf 77' lang='lat' dir='ltr'><strong>autem</strong></span> <span class='ocrx_word' id='word_1_349' title='bbox 776 2255 860 2302; x_wconf 77' lang='lat' dir='ltr'><strong>opera</strong></span> <span class='ocrx_word' id='word_1_350' title='bbox 882 2268 988 2299; x_wconf 87' lang='lat' dir='ltr'><strong>Domini</strong></span> <span class='ocrx_word' id='word_1_351' title='bbox 1011 2277 1065 2296; x_wconf 87' lang='lat' dir='ltr'><strong>non</strong></span> <span class='ocrx_word' id='word_1_352' title='bbox 1083 2255 1104 2283; x_wconf 71' lang='grc' dir='ltr'><strong>θ</strong></span> 
     </span>
    </p>
   </div>
   <div class='ocr_carea' id='block_1_50' title="bbox 274 2311 1065 2348">
    <p class='ocr_par' dir='ltr' id='par_1_50' title="bbox 274 2311 1065 2348">
     <span class='ocr_line' id='line_1_50' title="bbox 274 2311 1065 2348; baseline 0.004 -10"><span class='ocrx_word' id='word_1_353' title='bbox 274 2311 378 2343; x_wconf 69' lang='lat' dir='ltr'><strong>vident,</strong></span> <span class='ocrx_word' id='word_1_354' title='bbox 396 2311 533 2345; x_wconf 87' lang='lat' dir='ltr'><strong>quomodo</strong></span> <span class='ocrx_word' id='word_1_355' title='bbox 546 2311 668 2338; x_wconf 84' lang='lat' dir='ltr'><strong>dividere</strong></span> <span class='ocrx_word' id='word_1_356' title='bbox 687 2312 759 2339; x_wconf 86' lang='lat' dir='ltr'><strong>inter</strong></span> <span class='ocrx_word' id='word_1_357' title='bbox 779 2318 873 2342; x_wconf 84' lang='lat' dir='ltr'><strong>sancta</strong></span> <span class='ocrx_word' id='word_1_358' title='bbox 901 2318 928 2340; x_wconf 85' lang='lat' dir='ltr'><strong>et</strong></span> <span class='ocrx_word' id='word_1_359' title='bbox 943 2315 1065 2348; x_wconf 71' lang='lat' dir='ltr'><strong>profana,</strong></span> 
     </span>
    </p>
   </div>
   <div class='ocr_carea' id='block_1_51' title="bbox 269 2357 1066 2393">
    <p class='ocr_par' dir='ltr' id='par_1_51' title="bbox 269 2357 1066 2393">
     <span class='ocr_line' id='line_1_51' title="bbox 269 2357 1066 2393; baseline 0.006 -10"><span class='ocrx_word' id='word_1_360' title='bbox 269 2362 321 2384; x_wconf 64' lang='lat' dir='ltr'><strong>aut</strong></span> <span class='ocrx_word' id='word_1_361' title='bbox 342 2357 443 2384; x_wconf 90' lang='lat' dir='ltr'><strong>munda</strong></span> <span class='ocrx_word' id='word_1_362' title='bbox 462 2361 490 2384; x_wconf 73' lang='grc' dir='ltr'>εἰ</span> <span class='ocrx_word' id='word_1_363' title='bbox 508 2358 659 2389; x_wconf 83' lang='lat' dir='ltr'><strong>immunda,</strong></span> <span class='ocrx_word' id='word_1_364' title='bbox 672 2358 713 2385; x_wconf 84' lang='lat' dir='ltr'><strong>vel</strong></span> <span class='ocrx_word' id='word_1_365' title='bbox 730 2359 867 2393; x_wconf 90' lang='lat' dir='ltr'><strong>quomodo</strong></span> <span class='ocrx_word' id='word_1_366' title='bbox 877 2361 1066 2392; x_wconf 58' lang='lat' dir='ltr'><strong>exhorter-Lat</strong></span> 
     </span>
    </p>
   </div>
   <div class='ocr_carea' id='block_1_52' title="bbox 276 2402 1065 2440">
    <p class='ocr_par' dir='ltr' id='par_1_52' title="bbox 276 2402 1065 2440">
     <span class='ocr_line' id='line_1_52' title="bbox 276 2402 1065 2440; baseline 0.006 -11"><span class='ocrx_word' id='word_1_367' title='bbox 276 2403 436 2430; x_wconf 79' lang='lat' dir='ltr'><strong>illuminare</strong></span> <span class='ocrx_word' id='word_1_368' title='bbox 448 2402 577 2438; x_wconf 81' lang='lat' dir='ltr'><strong>populum</strong></span> <span class='ocrx_word' id='word_1_369' title='bbox 601 2403 635 2430; x_wconf 88' lang='lat' dir='ltr'><strong>de</strong></span> <span class='ocrx_word' id='word_1_370' title='bbox 656 2402 804 2438; x_wconf 86' lang='lat' dir='ltr'><strong>Scripturis</strong></span> <span class='ocrx_word' id='word_1_371' title='bbox 831 2406 964 2440; x_wconf 84' lang='lat' dir='ltr'><strong>possunt?</strong></span> <span class='ocrx_word' id='word_1_372' title='bbox 988 2405 1065 2434; x_wconf 80' lang='lat' dir='ltr'><strong>Unde</strong></span> 
     </span>
    </p>
   </div>
   <div class='ocr_carea' id='block_1_53' title="bbox 270 2448 1062 2487">
    <p class='ocr_par' dir='ltr' id='par_1_53' title="bbox 270 2448 1062 2487">
     <span class='ocr_line' id='line_1_53' title="bbox 270 2448 1062 2487; baseline 0.006 -13"><span class='ocrx_word' id='word_1_373' title='bbox 270 2448 325 2474; x_wconf 63' lang='lat' dir='ltr'><strong>hoc</strong></span> <span class='ocrx_word' id='word_1_374' title='bbox 341 2449 499 2475; x_wconf 80' lang='lat' dir='ltr'><strong>mandatum</strong></span> <span class='ocrx_word' id='word_1_375' title='bbox 513 2449 659 2476; x_wconf 88' lang='lat' dir='ltr'><strong>sublimius</strong></span> <span class='ocrx_word' id='word_1_376' title='bbox 673 2449 818 2476; x_wconf 81' lang='lat' dir='ltr'><strong>ostendere</strong></span> <span class='ocrx_word' id='word_1_377' title='bbox 828 2452 955 2485; x_wconf 83' lang='lat' dir='ltr'><strong>cupiens,</strong></span> <span class='ocrx_word' id='word_1_378' title='bbox 973 2453 1062 2487; x_wconf 90' lang='lat' dir='ltr'><strong>ipsum</strong></span> 
     </span>
    </p>
   </div>
   <div class='ocr_carea' id='block_1_54' title="bbox 271 2493 1066 2533">
    <p class='ocr_par' dir='ltr' id='par_1_54' title="bbox 271 2493 1066 2533">
     <span class='ocr_line' id='line_1_54' title="bbox 271 2493 1066 2533; baseline 0.008 -14"><span class='ocrx_word' id='word_1_379' title='bbox 271 2493 326 2519; x_wconf 76' lang='lat' dir='ltr'><strong>hoc</strong></span> <span class='ocrx_word' id='word_1_380' title='bbox 339 2494 376 2520; x_wconf 87' lang='lat' dir='ltr'><strong>ait</strong></span> <span class='ocrx_word' id='word_1_381' title='bbox 389 2494 509 2520; x_wconf 87' lang='lat' dir='ltr'><strong>loculum</strong></span> <span class='ocrx_word' id='word_1_382' title='bbox 522 2494 605 2521; x_wconf 77' lang='lat' dir='ltr'><strong>fuisse</strong></span> <span class='ocrx_word' id='word_1_383' title='bbox 617 2494 772 2522; x_wconf 86' lang='lat' dir='ltr'><strong>Dominum.</strong></span> <span class='ocrx_word' id='word_1_384' title='bbox 781 2495 834 2523; x_wconf 84' lang='lat' dir='ltr'><strong>Sed</strong></span> <span class='ocrx_word' id='word_1_385' title='bbox 846 2497 1066 2533; x_wconf 87' lang='lat' dir='ltr'><strong>intcnde,qucm-</strong></span> 
     </span>
    </p>
   </div>
   <div class='ocr_carea' id='block_1_55' title="bbox 268 2539 1063 2578">
    <p class='ocr_par' dir='ltr' id='par_1_55' title="bbox 268 2539 1063 2578">
     <span class='ocr_line' id='line_1_55' title="bbox 268 2539 1063 2578; baseline 0.009 -14"><span class='ocrx_word' id='word_1_386' title='bbox 268 2539 418 2566; x_wconf 73' lang='lat' dir='ltr'><strong>admodum</strong></span> <span class='ocrx_word' id='word_1_387' title='bbox 440 2547 490 2566; x_wconf 90' lang='lat' dir='ltr'><strong>nec</strong></span> <span class='ocrx_word' id='word_1_388' title='bbox 521 2540 572 2567; x_wconf 85' lang='lat' dir='ltr'><strong>hoc</strong></span> <span class='ocrx_word' id='word_1_389' title='bbox 592 2548 607 2567; x_wconf 92' lang='lat' dir='ltr'><strong>a</strong></span> <span class='ocrx_word' id='word_1_390' title='bbox 633 2541 803 2569; x_wconf 83' lang='lat' dir='ltr'><strong>districtione</strong></span> <span class='ocrx_word' id='word_1_391' title='bbox 826 2550 921 2570; x_wconf 88' lang='lat' dir='ltr'><strong>eorum</strong></span> <span class='ocrx_word' id='word_1_392' title='bbox 949 2552 1010 2578; x_wconf 66' lang='lat' dir='ltr'><strong>quae</strong></span> <span class='ocrx_word' id='word_1_393' title='bbox 1035 2545 1063 2571; x_wconf 90' lang='lat' dir='ltr'><strong>in</strong></span> 
     </span>
    </p>
   </div>
   <div class='ocr_carea' id='block_1_56' title="bbox 270 2582 1063 2623">
    <p class='ocr_par' dir='ltr' id='par_1_56' title="bbox 270 2582 1063 2623">
     <span class='ocr_line' id='line_1_56' title="bbox 270 2582 1063 2623; baseline 0.009 -13"><span class='ocrx_word' id='word_1_394' title='bbox 270 2582 437 2611; x_wconf 74' lang='lat' dir='ltr'><strong>Pentecoste</strong></span> <span class='ocrx_word' id='word_1_395' title='bbox 453 2589 511 2612; x_wconf 86' lang='lat' dir='ltr'><strong>acta</strong></span> <span class='ocrx_word' id='word_1_396' title='bbox 529 2591 603 2618; x_wconf 81' lang='lat' dir='ltr'><strong>sunt,</strong></span> <span class='ocrx_word' id='word_1_397' title='bbox 629 2587 747 2622; x_wconf 82' lang='lat' dir='ltr'><strong>alienum</strong></span> <span class='ocrx_word' id='word_1_398' title='bbox 764 2589 808 2614; x_wconf 89' lang='lat' dir='ltr'><strong>sit.</strong></span> <span class='ocrx_word' id='word_1_399' title='bbox 824 2587 900 2621; x_wconf 85' lang='lat' dir='ltr'><strong>Quod</strong></span> <span class='ocrx_word' id='word_1_400' title='bbox 916 2590 988 2623; x_wconf 82' lang='lat' dir='ltr'><strong>enim</strong></span> <span class='ocrx_word' id='word_1_401' title='bbox 1019 2590 1063 2618; x_wconf 85' lang='lat' dir='ltr'><strong>hic</strong></span> 
     </span>
    </p>
   </div>
   <div class='ocr_carea' id='block_1_57' title="bbox 270 2631 1063 2672">
    <p class='ocr_par' dir='ltr' id='par_1_57' title="bbox 270 2631 1063 2672">
     <span class='ocr_line' id='line_1_57' title="bbox 270 2631 1063 2672; baseline 0.011 -17"><span class='ocrx_word' id='word_1_402' title='bbox 270 2633 405 2666; x_wconf 56' lang='lat' dir='ltr'><strong>praet-pit</strong></span> <span class='ocrx_word' id='word_1_403' title='bbox 418 2639 471 2658; x_wconf 90' lang='lat' dir='ltr'><strong>non</strong></span> <span class='ocrx_word' id='word_1_404' title='bbox 492 2631 561 2664; x_wconf 88' lang='lat' dir='ltr'><strong>ﬁeri,</strong></span> <span class='ocrx_word' id='word_1_405' title='bbox 580 2632 685 2659; x_wconf 65' lang='lat' dir='ltr'><strong>factum</strong></span> <span class='ocrx_word' id='word_1_406' title='bbox 710 2641 772 2661; x_wconf 85' lang='lat' dir='ltr'><strong>esse</strong></span> <span class='ocrx_word' id='word_1_407' title='bbox 791 2635 954 2670; x_wconf 82' lang='lat' dir='ltr'><strong>quibusdam</strong></span> <span class='ocrx_word' id='word_1_408' title='bbox 974 2637 1063 2672; x_wconf 83' lang='lat' dir='ltr'><strong>suspi-</strong></span> 
     </span>
    </p>
   </div>
   <div class='ocr_carea' id='block_1_58' title="bbox 272 2677 1065 2714">
    <p class='ocr_par' dir='ltr' id='par_1_58' title="bbox 272 2677 1065 2714">
     <span class='ocr_line' id='line_1_58' title="bbox 272 2677 1065 2714; baseline 0.009 -11"><span class='ocrx_word' id='word_1_409' title='bbox 272 2677 409 2707; x_wconf 82' lang='lat' dir='ltr'><strong>cantibus,</strong></span> <span class='ocrx_word' id='word_1_410' title='bbox 425 2677 534 2711; x_wconf 83' lang='lat' dir='ltr'><strong>quando</strong></span> <span class='ocrx_word' id='word_1_411' title='bbox 551 2678 669 2712; x_wconf 80' lang='lat' dir='ltr'><strong>Spiritus</strong></span> <span class='ocrx_word' id='word_1_412' title='bbox 695 2681 779 2714; x_wconf 76' lang='lat' dir='ltr'><strong>gratia</strong></span> <span class='ocrx_word' id='word_1_413' title='bbox 794 2681 914 2714; x_wconf 83' lang='lat' dir='ltr'><strong>advenit,</strong></span> <span class='ocrx_word' id='word_1_414' title='bbox 931 2687 958 2708; x_wconf 86' lang='lat' dir='ltr'><strong>et</strong></span> <span class='ocrx_word' id='word_1_415' title='bbox 970 2682 1065 2709; x_wconf 82' lang='lat' dir='ltr'><strong>dicen-</strong></span> 
     </span>
    </p>
   </div>
   <div class='ocr_carea' id='block_1_59' title="bbox 273 2720 1065 2763">
    <p class='ocr_par' dir='ltr' id='par_1_59' title="bbox 273 2720 1065 2763">
     <span class='ocr_line' id='line_1_59' title="bbox 273 2720 1065 2763; baseline 0.011 -17"><span class='ocrx_word' id='word_1_416' title='bbox 273 2720 354 2747; x_wconf 83' lang='lat' dir='ltr'><strong>tibus.</strong></span> <span class='ocrx_word' id='word_1_417' title='bbox 372 2720 440 2753; x_wconf 84' lang='lat' dir='ltr'><strong>Quia</strong></span> <span class='ocrx_word' id='word_1_418' title='bbox 453 2729 537 2748; x_wconf 87' lang='lat' dir='ltr'><strong>musto</strong></span> <span class='ocrx_word' id='word_1_419' title='bbox 553 2723 623 2757; x_wconf 77' lang='lat' dir='ltr'><strong>pleni</strong></span> <span class='ocrx_word' id='word_1_420' title='bbox 634 2731 694 2750; x_wconf 76' lang='lat' dir='ltr'><strong>sunt</strong></span> <span class='ocrx_word' id='word_1_421' title='bbox 710 2726 746 2758; x_wconf 88' lang='lat' dir='ltr'><strong>hi,</strong></span> <span class='ocrx_word' id='word_1_422' title='bbox 762 2725 857 2753; x_wconf 85' lang='lat' dir='ltr'><strong>Petrus</strong></span> <span class='ocrx_word' id='word_1_423' title='bbox 885 2731 915 2754; x_wconf 89' lang='lat' dir='ltr'><strong>ut</strong></span> <span class='ocrx_word' id='word_1_424' title='bbox 942 2729 1065 2763; x_wconf 85' lang='lat' dir='ltr'><strong>prohibi-</strong></span> 
     </span>
    </p>
   </div>
   <div class='ocr_carea' id='block_1_60' title="bbox 271 2767 1065 2808">
    <p class='ocr_par' dir='ltr' id='par_1_60' title="bbox 271 2767 1065 2808">
     <span class='ocr_line' id='line_1_60' title="bbox 271 2767 1065 2808; baseline 0.01 -16"><span class='ocrx_word' id='word_1_425' title='bbox 271 2771 328 2792; x_wconf 86' lang='lat' dir='ltr'><strong>tum</strong></span> <span class='ocrx_word' id='word_1_426' title='bbox 346 2767 466 2800; x_wconf 63' lang='lat' dir='ltr'><strong>negavit,</strong></span> <span class='ocrx_word' id='word_1_427' title='bbox 482 2769 600 2797; x_wconf 77' lang='lat' dir='ltr'><strong>dicens:</strong></span> <span class='ocrx_word' id='word_1_428' title='bbox 625 2770 683 2798; x_wconf 85' lang='lat' dir='ltr'><strong>Non</strong></span> <span class='ocrx_word' id='word_1_429' title='bbox 693 2772 760 2798; x_wconf 84' lang='lat' dir='ltr'><strong>enim</strong></span> <span class='ocrx_word' id='word_1_430' title='bbox 784 2773 851 2799; x_wconf 73' lang='lat' dir='ltr'><strong>sicut</strong></span> <span class='ocrx_word' id='word_1_431' title='bbox 879 2781 922 2800; x_wconf 75' lang='lat' dir='ltr'><strong>ros</strong></span> <span class='ocrx_word' id='word_1_432' title='bbox 946 2774 1065 2808; x_wconf 82' lang='lat' dir='ltr'><strong>suspica-</strong></span> 
     </span>
    </p>
   </div>
   <div class='ocr_carea' id='block_1_61' title="bbox 270 2813 1063 2848">
    <p class='ocr_par' dir='ltr' id='par_1_61' title="bbox 270 2813 1063 2848">
     <span class='ocr_line' id='line_1_61' title="bbox 270 2813 1063 2848; baseline 0.006 -8"><span class='ocrx_word' id='word_1_433' title='bbox 270 2813 347 2844; x_wconf 78' lang='lat' dir='ltr'><strong>mini,</strong></span> <span class='ocrx_word' id='word_1_434' title='bbox 363 2813 390 2839; x_wconf 81' lang='lat' dir='ltr'><strong>lti</strong></span> <span class='ocrx_word' id='word_1_435' title='bbox 398 2814 464 2841; x_wconf 78' lang='lat' dir='ltr'><strong>ebrii</strong></span> <span class='ocrx_word' id='word_1_436' title='bbox 478 2821 550 2848; x_wconf 75' lang='lat' dir='ltr'><strong>sunt,</strong></span> <span class='ocrx_word' id='word_1_437' title='bbox 565 2825 622 2844; x_wconf 81' lang='lat' dir='ltr'><strong>cum</strong></span> <span class='ocrx_word' id='word_1_438' title='bbox 634 2819 666 2844; x_wconf 79' lang='lat' dir='ltr'><strong>sit</strong></span> <span class='ocrx_word' id='word_1_439' title='bbox 700 2820 763 2844; x_wconf 70' lang='lat' dir='ltr'><strong>liora</strong></span> <span class='ocrx_word' id='word_1_440' title='bbox 787 2818 838 2845; x_wconf 79' lang='lat' dir='ltr'><strong>dici</strong></span> <span class='ocrx_word' id='word_1_441' title='bbox 856 2819 933 2845; x_wconf 85' lang='lat' dir='ltr'><strong>tertia</strong></span> <span class='ocrx_word' id='word_1_442' title='bbox 950 2819 983 2845; x_wconf 82' lang='lat'><strong>&quot;.</strong></span> <span class='ocrx_word' id='word_1_443' title='bbox 998 2819 1063 2846; x_wconf 86' lang='lat' dir='ltr'><strong>Illud</strong></span> 
     </span>
    </p>
   </div>
   <div class='ocr_carea' id='block_1_62' title="bbox 1132 292 1921 328">
    <p class='ocr_par' dir='ltr' id='par_1_62' title="bbox 1132 292 1921 328">
     <span class='ocr_line' id='line_1_62' title="bbox 1132 292 1921 328; baseline 0.001 -9"><span class='ocrx_word' id='word_1_444' title='bbox 1132 297 1207 325; x_wconf 88' lang='lat' dir='ltr'><strong>sunt,</strong></span> <span class='ocrx_word' id='word_1_445' title='bbox 1220 292 1320 320; x_wconf 87' lang='lat' dir='ltr'><strong>docere</strong></span> <span class='ocrx_word' id='word_1_446' title='bbox 1339 293 1411 321; x_wconf 89' lang='lat' dir='ltr'><strong>ﬁlios</strong></span> <span class='ocrx_word' id='word_1_447' title='bbox 1422 292 1503 321; x_wconf 88' lang='lat' dir='ltr'><strong>Israel</strong></span> <span class='ocrx_word' id='word_1_448' title='bbox 1513 293 1669 322; x_wconf 86' lang='lat' dir='ltr'><strong>sacerdotes</strong></span> <span class='ocrx_word' id='word_1_449' title='bbox 1683 293 1824 328; x_wconf 70' lang='lat' dir='ltr'><strong>praecepit,</strong></span> <span class='ocrx_word' id='word_1_450' title='bbox 1845 293 1921 321; x_wconf 86' lang='lat' dir='ltr'><strong>Iocu-</strong></span> 
     </span>
    </p>
   </div>
   <div class='ocr_carea' id='block_1_63' title="bbox 1132 339 1921 376">
    <p class='ocr_par' dir='ltr' id='par_1_63' title="bbox 1132 339 1921 376">
     <span class='ocr_line' id='line_1_63' title="bbox 1132 339 1921 376; baseline 0.001 -10"><span class='ocrx_word' id='word_1_451' title='bbox 1132 344 1188 366; x_wconf 91' lang='lat' dir='ltr'><strong>tum</strong></span> <span class='ocrx_word' id='word_1_452' title='bbox 1201 347 1261 367; x_wconf 87' lang='lat' dir='ltr'><strong>esse</strong></span> <span class='ocrx_word' id='word_1_453' title='bbox 1277 340 1362 367; x_wconf 88' lang='lat' dir='ltr'><strong>Deum</strong></span> <span class='ocrx_word' id='word_1_454' title='bbox 1373 348 1424 375; x_wconf 87' lang='lat' dir='ltr'><strong>per</strong></span> <span class='ocrx_word' id='word_1_455' title='bbox 1443 340 1564 376; x_wconf 84' lang='lat' dir='ltr'><strong>Moysen,</strong></span> <span class='ocrx_word' id='word_1_456' title='bbox 1582 348 1637 368; x_wconf 92' lang='lat' dir='ltr'><strong>non</strong></span> <span class='ocrx_word' id='word_1_457' title='bbox 1657 347 1706 375; x_wconf 89' lang='lat' dir='ltr'><strong>per</strong></span> <span class='ocrx_word' id='word_1_458' title='bbox 1720 339 1849 375; x_wconf 74' lang='lat' dir='ltr'><strong>linguam,</strong></span> <span class='ocrx_word' id='word_1_459' title='bbox 1873 340 1921 367; x_wconf 84' lang='lat' dir='ltr'><strong>sed</strong></span> 
     </span>
    </p>
   </div>
   <div class='ocr_carea' id='block_1_64' title="bbox 1132 385 1922 422">
    <p class='ocr_par' dir='ltr' id='par_1_64' title="bbox 1132 385 1922 422">
     <span class='ocr_line' id='line_1_64' title="bbox 1132 385 1922 422; baseline 0.004 -12"><span class='ocrx_word' id='word_1_460' title='bbox 1132 391 1182 420; x_wconf 83' lang='lat' dir='ltr'><strong>per</strong></span> <span class='ocrx_word' id='word_1_461' title='bbox 1196 392 1306 412; x_wconf 86' lang='lat' dir='ltr'><strong>manum</strong></span> <span class='ocrx_word' id='word_1_462' title='bbox 1321 385 1397 413; x_wconf 85' lang='lat' dir='ltr'><strong>dicit.</strong></span> <span class='ocrx_word' id='word_1_463' title='bbox 1413 385 1466 413; x_wconf 86' lang='lat' dir='ltr'><strong>Aut</strong></span> <span class='ocrx_word' id='word_1_464' title='bbox 1481 386 1593 413; x_wconf 87' lang='lat' dir='ltr'><strong>omnino</strong></span> <span class='ocrx_word' id='word_1_465' title='bbox 1612 385 1771 420; x_wconf 80' lang='lat' dir='ltr'><strong>dignitatem</strong></span> <span class='ocrx_word' id='word_1_466' title='bbox 1788 385 1854 422; x_wconf 77' lang='lat' dir='ltr'><strong>legis</strong></span> <span class='ocrx_word' id='word_1_467' title='bbox 1875 393 1922 413; x_wconf 91' lang='lat' dir='ltr'><strong>os-</strong></span> 
     </span>
    </p>
   </div>
   <div class='ocr_carea' id='block_1_65' title="bbox 1132 430 1920 467">
    <p class='ocr_par' dir='ltr' id='par_1_65' title="bbox 1132 430 1920 467">
     <span class='ocr_line' id='line_1_65' title="bbox 1132 430 1920 467; baseline 0.001 -10"><span class='ocrx_word' id='word_1_468' title='bbox 1132 430 1246 458; x_wconf 88' lang='lat' dir='ltr'><strong>tendere</strong></span> <span class='ocrx_word' id='word_1_469' title='bbox 1264 431 1359 464; x_wconf 84' lang='lat' dir='ltr'><strong>voluit,</strong></span> <span class='ocrx_word' id='word_1_470' title='bbox 1373 432 1436 466; x_wconf 87' lang='lat' dir='ltr'><strong>quia</strong></span> <span class='ocrx_word' id='word_1_471' title='bbox 1456 432 1582 467; x_wconf 85' lang='lat' dir='ltr'><strong>exposuit</strong></span> <span class='ocrx_word' id='word_1_472' title='bbox 1608 432 1718 467; x_wconf 79' lang='lat' dir='ltr'><strong>quidem</strong></span> <span class='ocrx_word' id='word_1_473' title='bbox 1744 439 1803 458; x_wconf 82' lang='lat' dir='ltr'><strong>eam</strong></span> <span class='ocrx_word' id='word_1_474' title='bbox 1837 430 1920 465; x_wconf 87' lang='lat' dir='ltr'><strong>Deus,</strong></span> 
     </span>
    </p>
   </div>
   <div class='ocr_carea' id='block_1_66' title="bbox 1132 477 1922 514">
    <p class='ocr_par' dir='ltr' id='par_1_66' title="bbox 1132 477 1922 514">
     <span class='ocr_line' id='line_1_66' title="bbox 1132 477 1922 514; baseline 0.004 -11"><span class='ocrx_word' id='word_1_475' title='bbox 1132 477 1242 512; x_wconf 87' lang='lat' dir='ltr'><strong>scripsit</strong></span> <span class='ocrx_word' id='word_1_476' title='bbox 1256 483 1347 505; x_wconf 86' lang='lat' dir='ltr'><strong>autem</strong></span> <span class='ocrx_word' id='word_1_477' title='bbox 1373 478 1486 514; x_wconf 78' lang='lat' dir='ltr'><strong>Moyses,</strong></span> <span class='ocrx_word' id='word_1_478' title='bbox 1504 479 1612 514; x_wconf 84' lang='lat' dir='ltr'><strong>excepit</strong></span> <span class='ocrx_word' id='word_1_479' title='bbox 1623 487 1687 506; x_wconf 89' lang='lat' dir='ltr'><strong>vero</strong></span> <span class='ocrx_word' id='word_1_480' title='bbox 1704 486 1774 511; x_wconf 82' lang='lat' dir='ltr'><strong>eam,</strong></span> <span class='ocrx_word' id='word_1_481' title='bbox 1788 479 1843 506; x_wconf 88' lang='lat' dir='ltr'><strong>Deo</strong></span> <span class='ocrx_word' id='word_1_482' title='bbox 1860 487 1922 514; x_wconf 69' lang='lat' dir='ltr'><strong>quae</strong></span> 
     </span>
    </p>
   </div>
   <div class='ocr_carea' id='block_1_67' title="bbox 1131 521 1475 558">
    <p class='ocr_par' dir='ltr' id='par_1_67' title="bbox 1131 521 1475 558">
     <span class='ocr_line' id='line_1_67' title="bbox 1131 521 1475 558; baseline 0.006 -9"><span class='ocrx_word' id='word_1_483' title='bbox 1131 521 1263 557; x_wconf 84' lang='lat' dir='ltr'><strong>disposita</strong></span> <span class='ocrx_word' id='word_1_484' title='bbox 1272 529 1336 550; x_wconf 89' lang='lat' dir='ltr'><strong>sunt</strong></span> <span class='ocrx_word' id='word_1_485' title='bbox 1349 524 1475 558; x_wconf 88' lang='lat' dir='ltr'><strong>jubenle.</strong></span> 
     </span>
    </p>
   </div>
   <div class='ocr_carea' id='block_1_68' title="bbox 1171 566 1920 604">
    <p class='ocr_par' dir='ltr' id='par_1_68' title="bbox 1171 566 1920 604">
     <span class='ocr_line' id='line_1_68' title="bbox 1171 566 1920 604; baseline 0.004 -11"><span class='ocrx_word' id='word_1_486' title='bbox 1171 566 1253 594; x_wconf 77' lang='lat' dir='ltr'><strong>Vens.</strong></span> <span class='ocrx_word' id='word_1_487' title='bbox 1265 568 1358 595; x_wconf 71' lang='lat' dir='ltr'><strong>l2-—i5.</strong></span> <span class='ocrx_word' id='word_1_488' title='bbox 1378 578 1387 594; x_wconf 74' lang='grc' dir='ltr'><strong>ι</strong></span> <span class='ocrx_word' id='word_1_489' title='bbox 1400 569 1573 604; x_wconf 83' lang='lat' dir='ltr'><strong>Locutusque</strong></span> <span class='ocrx_word' id='word_1_490' title='bbox 1590 572 1632 596; x_wconf 87' lang='lat' dir='ltr'><strong>est</strong></span> <span class='ocrx_word' id='word_1_491' title='bbox 1650 568 1754 604; x_wconf 59' lang='lat' dir='ltr'><strong>Moyses</strong></span> <span class='ocrx_word' id='word_1_492' title='bbox 1762 568 1795 595; x_wconf 87' lang='lat' dir='ltr'><strong>ad</strong></span> <span class='ocrx_word' id='word_1_493' title='bbox 1817 570 1920 600; x_wconf 87' lang='lat' dir='ltr'><strong>Aaron,</strong></span> 
     </span>
    </p>
   </div>
   <div class='ocr_carea' id='block_1_69' title="bbox 1130 613 1922 650">
    <p class='ocr_par' dir='ltr' id='par_1_69' title="bbox 1130 613 1922 650">
     <span class='ocr_line' id='line_1_69' title="bbox 1130 613 1922 650; baseline 0.003 -10"><span class='ocrx_word' id='word_1_494' title='bbox 1130 618 1160 640; x_wconf 88' lang='lat' dir='ltr'><strong>et</strong></span> <span class='ocrx_word' id='word_1_495' title='bbox 1176 613 1210 640; x_wconf 83' lang='lat' dir='ltr'><strong>ad</strong></span> <span class='ocrx_word' id='word_1_496' title='bbox 1225 614 1348 648; x_wconf 83' lang='lat' dir='ltr'><strong>Eleazar,</strong></span> <span class='ocrx_word' id='word_1_497' title='bbox 1362 620 1442 650; x_wconf 86' lang='lat' dir='ltr'><strong>atque</strong></span> <span class='ocrx_word' id='word_1_498' title='bbox 1457 615 1577 642; x_wconf 83' lang='lat' dir='ltr'><strong>Ithamar</strong></span> <span class='ocrx_word' id='word_1_499' title='bbox 1589 615 1659 642; x_wconf 88' lang='lat' dir='ltr'><strong>ﬁlios</strong></span> <span class='ocrx_word' id='word_1_500' title='bbox 1681 616 1741 649; x_wconf 91' lang='lat' dir='ltr'><strong>cjus</strong></span> <span class='ocrx_word' id='word_1_501' title='bbox 1754 616 1800 649; x_wconf 93' lang='lat' dir='ltr'><strong>qui</strong></span> <span class='ocrx_word' id='word_1_502' title='bbox 1818 615 1922 642; x_wconf 83' lang='lat' dir='ltr'><strong>residui</strong></span> 
     </span>
    </p>
   </div>
   <div class='ocr_carea' id='block_1_70' title="bbox 1133 660 1922 695">
    <p class='ocr_par' dir='ltr' id='par_1_70' title="bbox 1133 660 1922 695">
     <span class='ocr_line' id='line_1_70' title="bbox 1133 660 1922 695; baseline 0 -7"><span class='ocrx_word' id='word_1_503' title='bbox 1133 665 1213 688; x_wconf 86' lang='lat' dir='ltr'><strong>erant</strong></span> <span class='ocrx_word' id='word_1_504' title='bbox 1231 669 1239 688; x_wconf 89' lang='lat'><strong>:</strong></span> <span class='ocrx_word' id='word_1_505' title='bbox 1256 661 1354 688; x_wconf 85' lang='lat' dir='ltr'><strong>Tollite</strong></span> <span class='ocrx_word' id='word_1_506' title='bbox 1381 660 1543 688; x_wconf 83' lang='lat' dir='ltr'><strong>sacriﬁcium</strong></span> <span class='ocrx_word' id='word_1_507' title='bbox 1562 660 1634 695; x_wconf 91' lang='lat' dir='ltr'><strong>quod</strong></span> <span class='ocrx_word' id='word_1_508' title='bbox 1653 661 1784 687; x_wconf 84' lang='lat' dir='ltr'><strong>remansit</strong></span> <span class='ocrx_word' id='word_1_509' title='bbox 1799 661 1832 688; x_wconf 89' lang='lat' dir='ltr'><strong>de</strong></span> <span class='ocrx_word' id='word_1_510' title='bbox 1843 660 1922 688; x_wconf 83' lang='lat' dir='ltr'><strong>obla-</strong></span> 
     </span>
    </p>
   </div>
   <div class='ocr_carea' id='block_1_71' title="bbox 1132 706 1922 741">
    <p class='ocr_par' dir='ltr' id='par_1_71' title="bbox 1132 706 1922 741">
     <span class='ocr_line' id='line_1_71' title="bbox 1132 706 1922 741; baseline -0.001 -7"><span class='ocrx_word' id='word_1_511' title='bbox 1132 707 1207 735; x_wconf 88' lang='lat' dir='ltr'><strong>tione</strong></span> <span class='ocrx_word' id='word_1_512' title='bbox 1224 707 1343 738; x_wconf 87' lang='lat' dir='ltr'><strong>Domini,</strong></span> <span class='ocrx_word' id='word_1_513' title='bbox 1367 711 1395 734; x_wconf 92' lang='lat' dir='ltr'><strong>et</strong></span> <span class='ocrx_word' id='word_1_514' title='bbox 1409 707 1544 734; x_wconf 80' lang='lat' dir='ltr'><strong>comedite</strong></span> <span class='ocrx_word' id='word_1_515' title='bbox 1575 707 1640 733; x_wconf 89' lang='lat' dir='ltr'><strong>illud</strong></span> <span class='ocrx_word' id='word_1_516' title='bbox 1659 706 1762 741; x_wconf 85' lang='lat' dir='ltr'><strong>absque</strong></span> <span class='ocrx_word' id='word_1_517' title='bbox 1786 707 1922 734; x_wconf 81' lang='lat' dir='ltr'><strong>fermento</strong></span> 
     </span>
    </p>
   </div>
   <div class='ocr_carea' id='block_1_72' title="bbox 1127 752 1923 788">
    <p class='ocr_par' dir='ltr' id='par_1_72' title="bbox 1127 752 1923 788">
     <span class='ocr_line' id='line_1_72' title="bbox 1127 752 1923 788; baseline 0 -8"><span class='ocrx_word' id='word_1_518' title='bbox 1127 754 1203 788; x_wconf 82' lang='lat' dir='ltr'><strong>juxta</strong></span> <span class='ocrx_word' id='word_1_519' title='bbox 1219 753 1314 786; x_wconf 87' lang='lat' dir='ltr'><strong>altare,</strong></span> <span class='ocrx_word' id='word_1_520' title='bbox 1328 753 1390 788; x_wconf 88' lang='lat' dir='ltr'><strong>quia</strong></span> <span class='ocrx_word' id='word_1_521' title='bbox 1413 753 1544 780; x_wconf 84' lang='lat' dir='ltr'><strong>Sanctum</strong></span> <span class='ocrx_word' id='word_1_522' title='bbox 1561 757 1717 780; x_wconf 88' lang='lat' dir='ltr'><strong>sanctorum</strong></span> <span class='ocrx_word' id='word_1_523' title='bbox 1745 757 1797 780; x_wconf 88' lang='lat' dir='ltr'><strong>est.</strong></span> <span class='ocrx_word' id='word_1_524' title='bbox 1824 752 1923 780; x_wconf 74' lang='lat' dir='ltr'><strong>Come-</strong></span> 
     </span>
    </p>
   </div>
   <div class='ocr_carea' id='block_1_73' title="bbox 1131 798 1921 833">
    <p class='ocr_par' dir='ltr' id='par_1_73' title="bbox 1131 798 1921 833">
     <span class='ocr_line' id='line_1_73' title="bbox 1131 798 1921 833; baseline 0 -7"><span class='ocrx_word' id='word_1_525' title='bbox 1131 799 1202 827; x_wconf 87' lang='lat' dir='ltr'><strong>detis</strong></span> <span class='ocrx_word' id='word_1_526' title='bbox 1218 803 1309 826; x_wconf 84' lang='lat' dir='ltr'><strong>autem</strong></span> <span class='ocrx_word' id='word_1_527' title='bbox 1325 799 1427 826; x_wconf 87' lang='lat' dir='ltr'><strong>inloco</strong></span> <span class='ocrx_word' id='word_1_528' title='bbox 1461 803 1566 830; x_wconf 87' lang='lat' dir='ltr'><strong>sancto,</strong></span> <span class='ocrx_word' id='word_1_529' title='bbox 1590 799 1662 832; x_wconf 88' lang='lat' dir='ltr'><strong>quod</strong></span> <span class='ocrx_word' id='word_1_530' title='bbox 1689 798 1783 826; x_wconf 88' lang='lat' dir='ltr'><strong>datum</strong></span> <span class='ocrx_word' id='word_1_531' title='bbox 1793 803 1836 825; x_wconf 85' lang='lat' dir='ltr'><strong>est</strong></span> <span class='ocrx_word' id='word_1_532' title='bbox 1859 799 1921 833; x_wconf 83' lang='lat' dir='ltr'><strong>tibi,</strong></span> 
     </span>
    </p>
   </div>
   <div class='ocr_carea' id='block_1_74' title="bbox 1129 844 1922 879">
    <p class='ocr_par' dir='ltr' id='par_1_74' title="bbox 1129 844 1922 879">
     <span class='ocr_line' id='line_1_74' title="bbox 1129 844 1922 879; baseline 0 -7"><span class='ocrx_word' id='word_1_533' title='bbox 1129 850 1156 872; x_wconf 89' lang='lat' dir='ltr'><strong>et</strong></span> <span class='ocrx_word' id='word_1_534' title='bbox 1172 845 1235 872; x_wconf 88' lang='lat' dir='ltr'><strong>ﬁliis</strong></span> <span class='ocrx_word' id='word_1_535' title='bbox 1256 845 1309 872; x_wconf 90' lang='lat' dir='ltr'><strong>luis</strong></span> <span class='ocrx_word' id='word_1_536' title='bbox 1327 845 1360 872; x_wconf 88' lang='lat' dir='ltr'><strong>de</strong></span> <span class='ocrx_word' id='word_1_537' title='bbox 1376 845 1562 872; x_wconf 88' lang='lat' dir='ltr'><strong>oblationibus</strong></span> <span class='ocrx_word' id='word_1_538' title='bbox 1589 844 1706 876; x_wconf 85' lang='lat' dir='ltr'><strong>Domini,</strong></span> <span class='ocrx_word' id='word_1_539' title='bbox 1731 845 1801 871; x_wconf 89' lang='lat' dir='ltr'><strong>sicut</strong></span> <span class='ocrx_word' id='word_1_540' title='bbox 1816 852 1922 879; x_wconf 75' lang='lat' dir='ltr'><strong>praece-</strong></span> 
     </span>
    </p>
   </div>
   <div class='ocr_carea' id='block_1_75' title="bbox 1130 888 1920 925">
    <p class='ocr_par' dir='ltr' id='par_1_75' title="bbox 1130 888 1920 925">
     <span class='ocr_line' id='line_1_75' title="bbox 1130 888 1920 925; baseline 0 -9"><span class='ocrx_word' id='word_1_541' title='bbox 1130 894 1206 925; x_wconf 86' lang='lat' dir='ltr'><strong>ptum</strong></span> <span class='ocrx_word' id='word_1_542' title='bbox 1221 894 1262 916; x_wconf 83' lang='lat' dir='ltr'><strong>est</strong></span> <span class='ocrx_word' id='word_1_543' title='bbox 1277 889 1354 916; x_wconf 92' lang='lat' dir='ltr'><strong>mihi.</strong></span> <span class='ocrx_word' id='word_1_544' title='bbox 1366 888 1557 916; x_wconf 83' lang='lat' dir='ltr'><strong>Peetusculum</strong></span> <span class='ocrx_word' id='word_1_545' title='bbox 1570 896 1680 924; x_wconf 90' lang='lat' dir='ltr'><strong>quoque</strong></span> <span class='ocrx_word' id='word_1_546' title='bbox 1699 889 1770 924; x_wconf 91' lang='lat' dir='ltr'><strong>quod</strong></span> <span class='ocrx_word' id='word_1_547' title='bbox 1796 889 1920 916; x_wconf 83' lang='lat' dir='ltr'><strong>oblatum</strong></span> 
     </span>
    </p>
   </div>
   <div class='ocr_carea' id='block_1_76' title="bbox 1127 935 1922 970">
    <p class='ocr_par' dir='ltr' id='par_1_76' title="bbox 1127 935 1922 970">
     <span class='ocr_line' id='line_1_76' title="bbox 1127 935 1922 970; baseline 0.001 -8"><span class='ocrx_word' id='word_1_548' title='bbox 1127 941 1169 964; x_wconf 81' lang='lat' dir='ltr'><strong>est</strong></span> <span class='ocrx_word' id='word_1_549' title='bbox 1179 940 1208 963; x_wconf 88' lang='lat' dir='ltr'><strong>et</strong></span> <span class='ocrx_word' id='word_1_550' title='bbox 1222 944 1328 962; x_wconf 84' lang='lat' dir='ltr'><strong>artuum</strong></span> <span class='ocrx_word' id='word_1_551' title='bbox 1339 935 1384 970; x_wconf 91' lang='lat' dir='ltr'><strong>qui</strong></span> <span class='ocrx_word' id='word_1_552' title='bbox 1401 941 1543 970; x_wconf 81' lang='lat' dir='ltr'><strong>separatus</strong></span> <span class='ocrx_word' id='word_1_553' title='bbox 1559 941 1611 967; x_wconf 88' lang='lat' dir='ltr'><strong>est,</strong></span> <span class='ocrx_word' id='word_1_554' title='bbox 1628 936 1715 963; x_wconf 89' lang='lat' dir='ltr'><strong>edetis</strong></span> <span class='ocrx_word' id='word_1_555' title='bbox 1726 936 1753 962; x_wconf 86' lang='lat' dir='ltr'><strong>in</strong></span> <span class='ocrx_word' id='word_1_556' title='bbox 1770 936 1922 963; x_wconf 88' lang='lat' dir='ltr'><strong>Iocotnun-</strong></span> 
     </span>
    </p>
   </div>
   <div class='ocr_carea' id='block_1_77' title="bbox 1125 980 1920 1013">
    <p class='ocr_par' dir='ltr' id='par_1_77' title="bbox 1125 980 1920 1013">
     <span class='ocr_line' id='line_1_77' title="bbox 1125 980 1920 1013; baseline 0 -5"><span class='ocrx_word' id='word_1_557' title='bbox 1125 982 1240 1009; x_wconf 86' lang='lat' dir='ltr'><strong>dissimo</strong></span> <span class='ocrx_word' id='word_1_558' title='bbox 1254 985 1281 1008; x_wconf 93' lang='lat' dir='ltr'><strong>tu</strong></span> <span class='ocrx_word' id='word_1_559' title='bbox 1296 985 1324 1008; x_wconf 87' lang='lat' dir='ltr'><strong>et</strong></span> <span class='ocrx_word' id='word_1_560' title='bbox 1344 981 1390 1008; x_wconf 87' lang='lat' dir='ltr'><strong>ﬁlii</strong></span> <span class='ocrx_word' id='word_1_561' title='bbox 1407 981 1455 1013; x_wconf 90' lang='lat' dir='ltr'><strong>tui,</strong></span> <span class='ocrx_word' id='word_1_562' title='bbox 1468 989 1499 1008; x_wconf 88' lang='lat' dir='ltr'><strong>ac</strong></span> <span class='ocrx_word' id='word_1_563' title='bbox 1512 981 1572 1008; x_wconf 85' lang='lat' dir='ltr'><strong>ﬁliae</strong></span> <span class='ocrx_word' id='word_1_564' title='bbox 1581 985 1634 1008; x_wconf 72' lang='lat' dir='ltr'><strong>tua:</strong></span> <span class='ocrx_word' id='word_1_565' title='bbox 1649 987 1747 1009; x_wconf 89' lang='lat' dir='ltr'><strong>tecum.</strong></span> <span class='ocrx_word' id='word_1_566' title='bbox 1764 980 1825 1009; x_wconf 89' lang='lat' dir='ltr'><strong>Tibi</strong></span> <span class='ocrx_word' id='word_1_567' title='bbox 1844 982 1920 1009; x_wconf 86' lang='lat' dir='ltr'><strong>enim</strong></span> 
     </span>
    </p>
   </div>
   <div class='ocr_carea' id='block_1_78' title="bbox 1122 1027 1921 1062">
    <p class='ocr_par' dir='ltr' id='par_1_78' title="bbox 1122 1027 1921 1062">
     <span class='ocr_line' id='line_1_78' title="bbox 1122 1027 1921 1062; baseline 0.001 -8"><span class='ocrx_word' id='word_1_568' title='bbox 1122 1035 1158 1054; x_wconf 74' lang='lat' dir='ltr'><strong>ac</strong></span> <span class='ocrx_word' id='word_1_569' title='bbox 1177 1028 1271 1054; x_wconf 86' lang='lat' dir='ltr'><strong>liberis</strong></span> <span class='ocrx_word' id='word_1_570' title='bbox 1289 1027 1342 1054; x_wconf 89' lang='lat' dir='ltr'><strong>tuis</strong></span> <span class='ocrx_word' id='word_1_571' title='bbox 1357 1027 1475 1062; x_wconf 82' lang='lat' dir='ltr'><strong>reposita</strong></span> <span class='ocrx_word' id='word_1_572' title='bbox 1497 1032 1561 1054; x_wconf 87' lang='lat' dir='ltr'><strong>sunt</strong></span> <span class='ocrx_word' id='word_1_573' title='bbox 1575 1028 1609 1054; x_wconf 88' lang='lat' dir='ltr'><strong>de</strong></span> <span class='ocrx_word' id='word_1_574' title='bbox 1631 1028 1729 1055; x_wconf 88' lang='lat' dir='ltr'><strong>hostiis</strong></span> <span class='ocrx_word' id='word_1_575' title='bbox 1752 1028 1921 1055; x_wconf 87' lang='lat' dir='ltr'><strong>salutaribus</strong></span> 
     </span>
    </p>
   </div>
   <div class='ocr_carea' id='block_1_79' title="bbox 1127 1073 1921 1108">
    <p class='ocr_par' dir='ltr' id='par_1_79' title="bbox 1127 1073 1921 1108">
     <span class='ocr_line' id='line_1_79' title="bbox 1127 1073 1921 1108; baseline 0.001 -8"><span class='ocrx_word' id='word_1_576' title='bbox 1127 1074 1245 1101; x_wconf 92' lang='lat' dir='ltr'><strong>ﬁliorum</strong></span> <span class='ocrx_word' id='word_1_577' title='bbox 1264 1073 1356 1105; x_wconf 88' lang='lat' dir='ltr'><strong>Israel,</strong></span> <span class='ocrx_word' id='word_1_578' title='bbox 1370 1081 1402 1100; x_wconf 90' lang='lat' dir='ltr'><strong>eo</strong></span> <span class='ocrx_word' id='word_1_579' title='bbox 1417 1074 1490 1108; x_wconf 91' lang='lat' dir='ltr'><strong>quod</strong></span> <span class='ocrx_word' id='word_1_580' title='bbox 1517 1081 1634 1106; x_wconf 88' lang='lat' dir='ltr'><strong>armum,</strong></span> <span class='ocrx_word' id='word_1_581' title='bbox 1652 1079 1679 1100; x_wconf 91' lang='lat' dir='ltr'><strong>et</strong></span> <span class='ocrx_word' id='word_1_582' title='bbox 1695 1079 1800 1108; x_wconf 89' lang='lat' dir='ltr'><strong>pectus,</strong></span> <span class='ocrx_word' id='word_1_583' title='bbox 1814 1078 1841 1101; x_wconf 89' lang='lat' dir='ltr'><strong>et</strong></span> <span class='ocrx_word' id='word_1_584' title='bbox 1858 1075 1921 1102; x_wconf 88' lang='lat' dir='ltr'><strong>adi-</strong></span> 
     </span>
    </p>
   </div>
   <div class='ocr_carea' id='block_1_80' title="bbox 1123 1120 1916 1156">
    <p class='ocr_par' dir='ltr' id='par_1_80' title="bbox 1123 1120 1916 1156">
     <span class='ocr_line' id='line_1_80' title="bbox 1123 1120 1916 1156; baseline -0.001 -8"><span class='ocrx_word' id='word_1_585' title='bbox 1123 1127 1186 1156; x_wconf 68' lang='lat' dir='ltr'><strong>;pcs,</strong></span> <span class='ocrx_word' id='word_1_586' title='bbox 1200 1121 1245 1156; x_wconf 91' lang='lat' dir='ltr'><strong>qui</strong></span> <span class='ocrx_word' id='word_1_587' title='bbox 1260 1125 1417 1148; x_wconf 88' lang='lat' dir='ltr'><strong>cremantur</strong></span> <span class='ocrx_word' id='word_1_588' title='bbox 1431 1120 1458 1146; x_wconf 94' lang='lat' dir='ltr'><strong>in</strong></span> <span class='ocrx_word' id='word_1_589' title='bbox 1469 1120 1559 1153; x_wconf 87' lang='lat' dir='ltr'><strong>altari,</strong></span> <span class='ocrx_word' id='word_1_590' title='bbox 1573 1120 1671 1148; x_wconf 79' lang='lat' dir='ltr'><strong>elevati</strong></span> <span class='ocrx_word' id='word_1_591' title='bbox 1684 1120 1739 1147; x_wconf 87' lang='lat' dir='ltr'><strong>sint</strong></span> <span class='ocrx_word' id='word_1_592' title='bbox 1753 1128 1844 1147; x_wconf 87' lang='lat' dir='ltr'><strong>coram</strong></span> <span class='ocrx_word' id='word_1_593' title='bbox 1860 1120 1916 1147; x_wconf 78' lang='lat' dir='ltr'><strong>Do-</strong></span> 
     </span>
    </p>
   </div>
   <div class='ocr_carea' id='block_1_81' title="bbox 1129 1166 1921 1202">
    <p class='ocr_par' dir='ltr' id='par_1_81' title="bbox 1129 1166 1921 1202">
     <span class='ocr_line' id='line_1_81' title="bbox 1129 1166 1921 1202; baseline 0 -9"><span class='ocrx_word' id='word_1_594' title='bbox 1129 1167 1204 1194; x_wconf 89' lang='lat' dir='ltr'><strong>tnino</strong></span> <span class='ocrx_word' id='word_1_595' title='bbox 1224 1171 1252 1193; x_wconf 89' lang='lat' dir='ltr'><strong>et</strong></span> <span class='ocrx_word' id='word_1_596' title='bbox 1267 1167 1424 1201; x_wconf 87' lang='lat' dir='ltr'><strong>pertineant</strong></span> <span class='ocrx_word' id='word_1_597' title='bbox 1440 1166 1473 1193; x_wconf 86' lang='lat' dir='ltr'><strong>ad</strong></span> <span class='ocrx_word' id='word_1_598' title='bbox 1488 1171 1524 1197; x_wconf 90' lang='lat' dir='ltr'><strong>te,</strong></span> <span class='ocrx_word' id='word_1_599' title='bbox 1538 1170 1565 1192; x_wconf 88' lang='lat' dir='ltr'><strong>et</strong></span> <span class='ocrx_word' id='word_1_600' title='bbox 1580 1166 1613 1192; x_wconf 88' lang='lat' dir='ltr'><strong>ad</strong></span> <span class='ocrx_word' id='word_1_601' title='bbox 1631 1166 1700 1192; x_wconf 87' lang='lat' dir='ltr'><strong>ﬁlios</strong></span> <span class='ocrx_word' id='word_1_602' title='bbox 1715 1171 1775 1193; x_wconf 89' lang='lat' dir='ltr'><strong>tuos</strong></span> <span class='ocrx_word' id='word_1_603' title='bbox 1787 1167 1845 1202; x_wconf 78' lang='lat' dir='ltr'><strong>lege</strong></span> <span class='ocrx_word' id='word_1_604' title='bbox 1855 1174 1921 1201; x_wconf 87' lang='lat' dir='ltr'><strong>per-</strong></span> 
     </span>
    </p>
   </div>
   <div class='ocr_carea' id='block_1_82' title="bbox 1124 1211 1624 1247">
    <p class='ocr_par' dir='ltr' id='par_1_82' title="bbox 1124 1211 1624 1247">
     <span class='ocr_line' id='line_1_82' title="bbox 1124 1211 1624 1247; baseline -0.004 -8"><span class='ocrx_word' id='word_1_605' title='bbox 1124 1217 1216 1247; x_wconf 85' lang='lat' dir='ltr'><strong>petua,</strong></span> <span class='ocrx_word' id='word_1_606' title='bbox 1231 1212 1302 1239; x_wconf 89' lang='lat' dir='ltr'><strong>sicut</strong></span> <span class='ocrx_word' id='word_1_607' title='bbox 1314 1212 1442 1246; x_wconf 72' lang='lat' dir='ltr'><strong>praecepit</strong></span> <span class='ocrx_word' id='word_1_608' title='bbox 1456 1211 1599 1238; x_wconf 85' lang='lat' dir='ltr'><strong>Dominus.</strong></span> <span class='ocrx_word' id='word_1_609' title='bbox 1616 1221 1624 1236; x_wconf 82' lang='lat' dir='ltr'><strong>I</strong></span> 
     </span>
    </p>
   </div>
   <div class='ocr_carea' id='block_1_83' title="bbox 1160 1256 1920 1292">
    <p class='ocr_par' dir='ltr' id='par_1_83' title="bbox 1160 1256 1920 1292">
     <span class='ocr_line' id='line_1_83' title="bbox 1160 1256 1920 1292; baseline -0.001 -8"><span class='ocrx_word' id='word_1_610' title='bbox 1160 1257 1424 1292; x_wconf 85' lang='lat' dir='ltr'><strong>Quiapectusculum</strong></span> <span class='ocrx_word' id='word_1_611' title='bbox 1443 1256 1634 1284; x_wconf 85' lang='lat' dir='ltr'><strong>conﬁdentiam</strong></span> <span class='ocrx_word' id='word_1_612' title='bbox 1665 1256 1851 1288; x_wconf 73' lang='lat' dir='ltr'><strong>offerentium,</strong></span> <span class='ocrx_word' id='word_1_613' title='bbox 1890 1261 1920 1283; x_wconf 88' lang='lat' dir='ltr'><strong>et</strong></span> 
     </span>
    </p>
   </div>
   <div class='ocr_carea' id='block_1_84' title="bbox 1125 1303 1921 1338">
    <p class='ocr_par' dir='ltr' id='par_1_84' title="bbox 1125 1303 1921 1338">
     <span class='ocr_line' id='line_1_84' title="bbox 1125 1303 1921 1338; baseline 0 -8"><span class='ocrx_word' id='word_1_614' title='bbox 1125 1303 1205 1330; x_wconf 85' lang='lat' dir='ltr'><strong>ﬁdem</strong></span> <span class='ocrx_word' id='word_1_615' title='bbox 1230 1303 1382 1338; x_wconf 77' lang='lat' dir='ltr'><strong>signiﬁcat:</strong></span> <span class='ocrx_word' id='word_1_616' title='bbox 1410 1308 1438 1330; x_wconf 89' lang='lat' dir='ltr'><strong>et</strong></span> <span class='ocrx_word' id='word_1_617' title='bbox 1479 1303 1632 1335; x_wconf 88' lang='lat' dir='ltr'><strong>brachium,</strong></span> <span class='ocrx_word' id='word_1_618' title='bbox 1657 1303 1797 1337; x_wconf 73' lang='lat' dir='ltr'><strong>promissa:</strong></span> <span class='ocrx_word' id='word_1_619' title='bbox 1820 1303 1855 1330; x_wconf 80' lang='lat' dir='ltr'><strong>ab</strong></span> <span class='ocrx_word' id='word_1_620' title='bbox 1876 1303 1921 1330; x_wconf 77' lang='lat' dir='ltr'><strong>eis</strong></span> 
     </span>
    </p>
   </div>
   <div class='ocr_carea' id='block_1_85' title="bbox 1126 1348 1920 1380">
    <p class='ocr_par' dir='ltr' id='par_1_85' title="bbox 1126 1348 1920 1380">
     <span class='ocr_line' id='line_1_85' title="bbox 1126 1348 1920 1380; baseline 0.001 -5"><span class='ocrx_word' id='word_1_621' title='bbox 1126 1349 1345 1376; x_wconf 85' lang='lat' dir='ltr'><strong>conversationis</strong></span> <span class='ocrx_word' id='word_1_622' title='bbox 1362 1350 1508 1380; x_wconf 87' lang='lat' dir='ltr'><strong>actionem,</strong></span> <span class='ocrx_word' id='word_1_623' title='bbox 1540 1353 1568 1376; x_wconf 85' lang='lat' dir='ltr'><strong>et</strong></span> <span class='ocrx_word' id='word_1_624' title='bbox 1577 1350 1776 1376; x_wconf 85' lang='lat' dir='ltr'><strong>correctionem</strong></span> <span class='ocrx_word' id='word_1_625' title='bbox 1792 1356 1799 1374; x_wconf 93' lang='lat'><strong>:</strong></span> <span class='ocrx_word' id='word_1_626' title='bbox 1817 1348 1884 1376; x_wconf 90' lang='lat' dir='ltr'><strong>satis</strong></span> <span class='ocrx_word' id='word_1_627' title='bbox 1902 1356 1920 1376; x_wconf 67' lang='grc' dir='ltr'><strong>ι</strong></span> 
     </span>
    </p>
   </div>
   <div class='ocr_carea' id='block_1_86' title="bbox 1124 1394 1921 1430">
    <p class='ocr_par' dir='ltr' id='par_1_86' title="bbox 1124 1394 1921 1430">
     <span class='ocr_line' id='line_1_86' title="bbox 1124 1394 1921 1430; baseline 0 -9"><span class='ocrx_word' id='word_1_628' title='bbox 1124 1394 1241 1422; x_wconf 90' lang='lat' dir='ltr'><strong>nobisin</strong></span> <span class='ocrx_word' id='word_1_629' title='bbox 1253 1395 1296 1422; x_wconf 93' lang='lat' dir='ltr'><strong>his</strong></span> <span class='ocrx_word' id='word_1_630' title='bbox 1311 1403 1371 1430; x_wconf 73' lang='lat' dir='ltr'><strong>qua:</strong></span> <span class='ocrx_word' id='word_1_631' title='bbox 1386 1395 1419 1422; x_wconf 87' lang='lat' dir='ltr'><strong>de</strong></span> <span class='ocrx_word' id='word_1_632' title='bbox 1433 1395 1565 1422; x_wconf 88' lang='lat' dir='ltr'><strong>sacriﬁcio</strong></span> <span class='ocrx_word' id='word_1_633' title='bbox 1584 1394 1768 1430; x_wconf 82' lang='lat' dir='ltr'><strong>paeiﬁcorum,</strong></span> <span class='ocrx_word' id='word_1_634' title='bbox 1781 1402 1828 1421; x_wconf 85' lang='lat' dir='ltr'><strong>seu</strong></span> <span class='ocrx_word' id='word_1_635' title='bbox 1842 1394 1921 1421; x_wconf 82' lang='lat' dir='ltr'><strong>salu-</strong></span> 
     </span>
    </p>
   </div>
   <div class='ocr_carea' id='block_1_87' title="bbox 1125 1441 1920 1476">
    <p class='ocr_par' dir='ltr' id='par_1_87' title="bbox 1125 1441 1920 1476">
     <span class='ocr_line' id='line_1_87' title="bbox 1125 1441 1920 1476; baseline -0.001 -8"><span class='ocrx_word' id='word_1_636' title='bbox 1125 1441 1173 1468; x_wconf 86' lang='lat' dir='ltr'><strong>tari</strong></span> <span class='ocrx_word' id='word_1_637' title='bbox 1188 1449 1237 1476; x_wconf 89' lang='lat' dir='ltr'><strong>per</strong></span> <span class='ocrx_word' id='word_1_638' title='bbox 1247 1446 1338 1476; x_wconf 86' lang='lat' dir='ltr'><strong>partes</strong></span> <span class='ocrx_word' id='word_1_639' title='bbox 1362 1441 1483 1468; x_wconf 84' lang='lat' dir='ltr'><strong>discussa</strong></span> <span class='ocrx_word' id='word_1_640' title='bbox 1511 1445 1586 1472; x_wconf 87' lang='lat' dir='ltr'><strong>sunt,</strong></span> <span class='ocrx_word' id='word_1_641' title='bbox 1614 1441 1830 1468; x_wconf 86' lang='lat' dir='ltr'><strong>demonstratum</strong></span> <span class='ocrx_word' id='word_1_642' title='bbox 1863 1444 1920 1467; x_wconf 86' lang='lat' dir='ltr'><strong>est.</strong></span> 
     </span>
    </p>
   </div>
   <div class='ocr_carea' id='block_1_88' title="bbox 1125 1486 1920 1522">
    <p class='ocr_par' dir='ltr' id='par_1_88' title="bbox 1125 1486 1920 1522">
     <span class='ocr_line' id='line_1_88' title="bbox 1125 1486 1920 1522; baseline -0.003 -7"><span class='ocrx_word' id='word_1_643' title='bbox 1125 1488 1178 1515; x_wconf 87' lang='lat' dir='ltr'><strong>Sed</strong></span> <span class='ocrx_word' id='word_1_644' title='bbox 1189 1488 1367 1522; x_wconf 78' lang='lat' dir='ltr'><strong>quamobrem</strong></span> <span class='ocrx_word' id='word_1_645' title='bbox 1382 1488 1472 1514; x_wconf 80' lang='lat' dir='ltr'><strong>Aaron</strong></span> <span class='ocrx_word' id='word_1_646' title='bbox 1483 1487 1580 1514; x_wconf 90' lang='lat' dir='ltr'><strong>etﬁliis</strong></span> <span class='ocrx_word' id='word_1_647' title='bbox 1596 1488 1665 1522; x_wconf 84' lang='lat' dir='ltr'><strong>ejus,</strong></span> <span class='ocrx_word' id='word_1_648' title='bbox 1693 1494 1725 1514; x_wconf 87' lang='lat' dir='ltr'><strong>ea</strong></span> <span class='ocrx_word' id='word_1_649' title='bbox 1755 1494 1816 1521; x_wconf 59' lang='lat' dir='ltr'><strong>qua}</strong></span> <span class='ocrx_word' id='word_1_650' title='bbox 1840 1486 1920 1513; x_wconf 79' lang='lat' dir='ltr'><strong>dicta</strong></span> 
     </span>
    </p>
   </div>
   <div class='ocr_carea' id='block_1_89' title="bbox 1124 1532 1920 1568">
    <p class='ocr_par' dir='ltr' id='par_1_89' title="bbox 1124 1532 1920 1568">
     <span class='ocr_line' id='line_1_89' title="bbox 1124 1532 1920 1568; baseline -0.004 -7"><span class='ocrx_word' id='word_1_651' title='bbox 1124 1538 1199 1566; x_wconf 86' lang='lat' dir='ltr'><strong>sunt,</strong></span> <span class='ocrx_word' id='word_1_652' title='bbox 1215 1533 1367 1568; x_wconf 77' lang='lat' dir='ltr'><strong>deputavit,</strong></span> <span class='ocrx_word' id='word_1_653' title='bbox 1381 1533 1437 1560; x_wconf 90' lang='lat' dir='ltr'><strong>illic</strong></span> <span class='ocrx_word' id='word_1_654' title='bbox 1450 1533 1523 1560; x_wconf 90' lang='lat' dir='ltr'><strong>enim</strong></span> <span class='ocrx_word' id='word_1_655' title='bbox 1535 1537 1563 1560; x_wconf 88' lang='lat' dir='ltr'><strong>et</strong></span> <span class='ocrx_word' id='word_1_656' title='bbox 1584 1540 1680 1560; x_wconf 87' lang='lat' dir='ltr'><strong>eorum</strong></span> <span class='ocrx_word' id='word_1_657' title='bbox 1710 1532 1920 1560; x_wconf 85' lang='lat' dir='ltr'><strong>distinctionem</strong></span> 
     </span>
    </p>
   </div>
   <div class='ocr_carea' id='block_1_90' title="bbox 1126 1578 1920 1614">
    <p class='ocr_par' dir='ltr' id='par_1_90' title="bbox 1126 1578 1920 1614">
     <span class='ocr_line' id='line_1_90' title="bbox 1126 1578 1920 1614; baseline -0.003 -8"><span class='ocrx_word' id='word_1_658' title='bbox 1126 1579 1267 1614; x_wconf 79' lang='lat' dir='ltr'><strong>legislator</strong></span> <span class='ocrx_word' id='word_1_659' title='bbox 1282 1579 1418 1614; x_wconf 80' lang='lat' dir='ltr'><strong>exposuit,</strong></span> <span class='ocrx_word' id='word_1_660' title='bbox 1437 1578 1509 1614; x_wconf 87' lang='lat' dir='ltr'><strong>quod</strong></span> <span class='ocrx_word' id='word_1_661' title='bbox 1521 1578 1549 1606; x_wconf 90' lang='lat' dir='ltr'><strong>hi</strong></span> <span class='ocrx_word' id='word_1_662' title='bbox 1562 1578 1672 1614; x_wconf 83' lang='lat' dir='ltr'><strong>quidem</strong></span> <span class='ocrx_word' id='word_1_663' title='bbox 1684 1578 1731 1613; x_wconf 87' lang='lat' dir='ltr'><strong>qui</strong></span> <span class='ocrx_word' id='word_1_664' title='bbox 1744 1579 1835 1605; x_wconf 87' lang='lat' dir='ltr'><strong>Aaron</strong></span> <span class='ocrx_word' id='word_1_665' title='bbox 1850 1582 1920 1605; x_wconf 90' lang='lat' dir='ltr'><strong>sunt</strong></span> 
     </span>
    </p>
   </div>
   <div class='ocr_carea' id='block_1_91' title="bbox 1123 1623 1921 1660">
    <p class='ocr_par' dir='ltr' id='par_1_91' title="bbox 1123 1623 1921 1660">
     <span class='ocr_line' id='line_1_91' title="bbox 1123 1623 1921 1660; baseline -0.001 -8"><span class='ocrx_word' id='word_1_666' title='bbox 1123 1624 1182 1658; x_wconf 82' lang='lat' dir='ltr'><strong>ﬁlii,</strong></span> <span class='ocrx_word' id='word_1_667' title='bbox 1198 1625 1263 1659; x_wconf 89' lang='lat' dir='ltr'><strong>quid</strong></span> <span class='ocrx_word' id='word_1_668' title='bbox 1277 1629 1368 1652; x_wconf 82' lang='lat' dir='ltr'><strong>autem</strong></span> <span class='ocrx_word' id='word_1_669' title='bbox 1383 1625 1442 1660; x_wconf 83' lang='lat' dir='ltr'><strong>ipse.</strong></span> <span class='ocrx_word' id='word_1_670' title='bbox 1459 1626 1549 1652; x_wconf 82' lang='lat' dir='ltr'><strong>Aaron</strong></span> <span class='ocrx_word' id='word_1_671' title='bbox 1564 1625 1647 1652; x_wconf 81' lang='lat' dir='ltr'><strong>habet</strong></span> <span class='ocrx_word' id='word_1_672' title='bbox 1659 1624 1836 1660; x_wconf 62' lang='lat' dir='ltr'><strong>pracipuum.</strong></span> <span class='ocrx_word' id='word_1_673' title='bbox 1864 1623 1921 1651; x_wconf 81' lang='lat' dir='ltr'><strong>Sa-</strong></span> 
     </span>
    </p>
   </div>
   <div class='ocr_carea' id='block_1_92' title="bbox 1123 1670 1920 1705">
    <p class='ocr_par' dir='ltr' id='par_1_92' title="bbox 1123 1670 1920 1705">
     <span class='ocr_line' id='line_1_92' title="bbox 1123 1670 1920 1705; baseline 0.001 -7"><span class='ocrx_word' id='word_1_674' title='bbox 1123 1670 1256 1698; x_wconf 85' lang='lat' dir='ltr'><strong>criﬁcium</strong></span> <span class='ocrx_word' id='word_1_675' title='bbox 1269 1670 1342 1697; x_wconf 91' lang='lat' dir='ltr'><strong>enim</strong></span> <span class='ocrx_word' id='word_1_676' title='bbox 1361 1671 1434 1705; x_wconf 87' lang='lat' dir='ltr'><strong>quod</strong></span> <span class='ocrx_word' id='word_1_677' title='bbox 1449 1671 1580 1702; x_wconf 83' lang='lat' dir='ltr'><strong>remansit</strong></span> <span class='ocrx_word' id='word_1_678' title='bbox 1599 1671 1632 1698; x_wconf 92' lang='lat' dir='ltr'><strong>de</strong></span> <span class='ocrx_word' id='word_1_679' title='bbox 1646 1671 1794 1704; x_wconf 86' lang='lat' dir='ltr'><strong>oblatione,</strong></span> <span class='ocrx_word' id='word_1_680' title='bbox 1807 1672 1866 1699; x_wconf 72' lang='lat' dir='ltr'><strong>sive</strong></span> <span class='ocrx_word' id='word_1_681' title='bbox 1880 1672 1920 1699; x_wconf 82' lang='lat' dir='ltr'><strong>ab</strong></span> 
     </span>
    </p>
   </div>
   <div class='ocr_carea' id='block_1_93' title="bbox 1120 1716 1919 1753">
    <p class='ocr_par' dir='ltr' id='par_1_93' title="bbox 1120 1716 1919 1753">
     <span class='ocr_line' id='line_1_93' title="bbox 1120 1716 1919 1753; baseline 0.003 -9"><span class='ocrx_word' id='word_1_682' title='bbox 1120 1716 1293 1744; x_wconf 72' lang='lat' dir='ltr'><strong>holocaustis</strong></span> <span class='ocrx_word' id='word_1_683' title='bbox 1319 1716 1437 1748; x_wconf 88' lang='lat' dir='ltr'><strong>Domini,</strong></span> <span class='ocrx_word' id='word_1_684' title='bbox 1464 1717 1515 1744; x_wconf 86' lang='lat' dir='ltr'><strong>hoc</strong></span> <span class='ocrx_word' id='word_1_685' title='bbox 1530 1717 1609 1750; x_wconf 79' lang='lat' dir='ltr'><strong>dixit,</strong></span> <span class='ocrx_word' id='word_1_686' title='bbox 1643 1718 1715 1753; x_wconf 90' lang='lat' dir='ltr'><strong>quod</strong></span> <span class='ocrx_word' id='word_1_687' title='bbox 1733 1722 1861 1753; x_wconf 83' lang='lat' dir='ltr'><strong>superest</strong></span> <span class='ocrx_word' id='word_1_688' title='bbox 1880 1718 1919 1747; x_wconf 87' lang='lat' dir='ltr'><strong>de</strong></span> 
     </span>
    </p>
   </div>
   <div class='ocr_carea' id='block_1_94' title="bbox 1123 1763 1918 1799">
    <p class='ocr_par' dir='ltr' id='par_1_94' title="bbox 1123 1763 1918 1799">
     <span class='ocr_line' id='line_1_94' title="bbox 1123 1763 1918 1799; baseline 0 -8"><span class='ocrx_word' id='word_1_689' title='bbox 1123 1763 1224 1791; x_wconf 86' lang='lat' dir='ltr'><strong>simila.</strong></span> <span class='ocrx_word' id='word_1_690' title='bbox 1236 1763 1339 1798; x_wconf 82' lang='lat' dir='ltr'><strong>Aperte</strong></span> <span class='ocrx_word' id='word_1_691' title='bbox 1350 1771 1414 1799; x_wconf 75' lang='lat' dir='ltr'><strong>ergo</strong></span> <span class='ocrx_word' id='word_1_692' title='bbox 1434 1764 1532 1798; x_wconf 87' lang='lat' dir='ltr'><strong>Aquila</strong></span> <span class='ocrx_word' id='word_1_693' title='bbox 1556 1763 1652 1795; x_wconf 82' lang='lat' dir='ltr'><strong>edidit,</strong></span> <span class='ocrx_word' id='word_1_694' title='bbox 1669 1763 1783 1791; x_wconf 88' lang='lat' dir='ltr'><strong>dicens:</strong></span> <span class='ocrx_word' id='word_1_695' title='bbox 1809 1763 1918 1791; x_wconf 70' lang='lat' dir='ltr'><strong>Donum</strong></span> 
     </span>
    </p>
   </div>
   <div class='ocr_carea' id='block_1_95' title="bbox 1119 1809 1918 1845">
    <p class='ocr_par' dir='ltr' id='par_1_95' title="bbox 1119 1809 1918 1845">
     <span class='ocr_line' id='line_1_95' title="bbox 1119 1809 1918 1845; baseline 0.004 -10"><span class='ocrx_word' id='word_1_696' title='bbox 1119 1810 1192 1845; x_wconf 75' lang='lat' dir='ltr'><strong>quod</strong></span> <span class='ocrx_word' id='word_1_697' title='bbox 1201 1809 1331 1844; x_wconf 75' lang='lat' dir='ltr'><strong>reliquum</strong></span> <span class='ocrx_word' id='word_1_698' title='bbox 1341 1814 1377 1836; x_wconf 85' lang='lat' dir='ltr'><strong>est</strong></span> <span class='ocrx_word' id='word_1_699' title='bbox 1394 1810 1426 1836; x_wconf 84' lang='lat' dir='ltr'><strong>de</strong></span> <span class='ocrx_word' id='word_1_700' title='bbox 1440 1809 1581 1845; x_wconf 75' lang='lat' dir='ltr'><strong>frumento.</strong></span> <span class='ocrx_word' id='word_1_701' title='bbox 1608 1810 1696 1845; x_wconf 86' lang='lat' dir='ltr'><strong>Hujus</strong></span> <span class='ocrx_word' id='word_1_702' title='bbox 1721 1810 1918 1845; x_wconf 71' lang='lat' dir='ltr'><strong>interpretatio</strong></span> 
     </span>
    </p>
   </div>
   <div class='ocr_carea' id='block_1_96' title="bbox 1121 1855 1915 1891">
    <p class='ocr_par' dir='ltr' id='par_1_96' title="bbox 1121 1855 1915 1891">
     <span class='ocr_line' id='line_1_96' title="bbox 1121 1855 1915 1891; baseline -0.001 -8"><span class='ocrx_word' id='word_1_703' title='bbox 1121 1860 1164 1883; x_wconf 88' lang='lat' dir='ltr'><strong>est</strong></span> <span class='ocrx_word' id='word_1_704' title='bbox 1179 1865 1184 1882; x_wconf 95' lang='lat'><strong>:</strong></span> <span class='ocrx_word' id='word_1_705' title='bbox 1198 1856 1280 1883; x_wconf 87' lang='lat' dir='ltr'><strong>etiam</strong></span> <span class='ocrx_word' id='word_1_706' title='bbox 1297 1855 1349 1882; x_wconf 85' lang='lat' dir='ltr'><strong>hoc.</strong></span> <span class='ocrx_word' id='word_1_707' title='bbox 1364 1855 1437 1889; x_wconf 91' lang='lat' dir='ltr'><strong>quod</strong></span> <span class='ocrx_word' id='word_1_708' title='bbox 1448 1855 1586 1891; x_wconf 72' lang='lat' dir='ltr'><strong>legislator</strong></span> <span class='ocrx_word' id='word_1_709' title='bbox 1608 1855 1740 1886; x_wconf 82' lang='lat' dir='ltr'><strong>subdidit,</strong></span> <span class='ocrx_word' id='word_1_710' title='bbox 1757 1855 1795 1882; x_wconf 87' lang='lat' dir='ltr'><strong>ait</strong></span> <span class='ocrx_word' id='word_1_711' title='bbox 1809 1856 1887 1883; x_wconf 86' lang='lat' dir='ltr'><strong>enim</strong></span> <span class='ocrx_word' id='word_1_712' title='bbox 1907 1863 1915 1882; x_wconf 90' lang='lat'><strong>:</strong></span> 
     </span>
    </p>
   </div>
   <div class='ocr_carea' id='block_1_97' title="bbox 1159 1900 1912 1936">
    <p class='ocr_par' dir='ltr' id='par_1_97' title="bbox 1159 1900 1912 1936">
     <span class='ocr_line' id='line_1_97' title="bbox 1159 1900 1912 1936; baseline 0.001 -9"><span class='ocrx_word' id='word_1_713' title='bbox 1159 1900 1570 1936; x_wconf 77' lang='lat' dir='ltr'><strong>Etcomediteabsquefermento</strong></span> <span class='ocrx_word' id='word_1_714' title='bbox 1579 1901 1660 1935; x_wconf 68' lang='lat' dir='ltr'><strong>juxta</strong></span> <span class='ocrx_word' id='word_1_715' title='bbox 1683 1901 1778 1927; x_wconf 86' lang='lat' dir='ltr'><strong>altare.</strong></span> <span class='ocrx_word' id='word_1_716' title='bbox 1802 1900 1912 1936; x_wconf 80' lang='lat' dir='ltr'><strong>Ubique</strong></span> 
     </span>
    </p>
   </div>
   <div class='ocr_carea' id='block_1_98' title="bbox 1120 1945 1910 1981">
    <p class='ocr_par' dir='ltr' id='par_1_98' title="bbox 1120 1945 1910 1981">
     <span class='ocr_line' id='line_1_98' title="bbox 1120 1945 1910 1981; baseline -0.001 -7"><span class='ocrx_word' id='word_1_717' title='bbox 1120 1947 1273 1974; x_wconf 84' lang='lat' dir='ltr'><strong>doctrinam</strong></span> <span class='ocrx_word' id='word_1_718' title='bbox 1284 1947 1425 1981; x_wconf 54' lang='lat' dir='ltr'><strong>theologia</strong></span> <span class='ocrx_word' id='word_1_719' title='bbox 1438 1946 1509 1973; x_wconf 80' lang='lat' dir='ltr'><strong>hanc</strong></span> <span class='ocrx_word' id='word_1_720' title='bbox 1529 1945 1664 1981; x_wconf 79' lang='lat' dir='ltr'><strong>signiﬁcat</strong></span> <span class='ocrx_word' id='word_1_721' title='bbox 1676 1945 1841 1973; x_wconf 84' lang='lat' dir='ltr'><strong>sacriﬁcium</strong></span> <span class='ocrx_word' id='word_1_722' title='bbox 1871 1946 1910 1973; x_wconf 85' lang='lat' dir='ltr'><strong>si-</strong></span> 
     </span>
    </p>
   </div>
   <div class='ocr_carea' id='block_1_99' title="bbox 1121 1992 1915 2027">
    <p class='ocr_par' dir='ltr' id='par_1_99' title="bbox 1121 1992 1915 2027">
     <span class='ocr_line' id='line_1_99' title="bbox 1121 1992 1915 2027; baseline 0.001 -7"><span class='ocrx_word' id='word_1_723' title='bbox 1121 1993 1194 2020; x_wconf 66' lang='lat' dir='ltr'><strong>milae</strong></span> <span class='ocrx_word' id='word_1_724' title='bbox 1209 1993 1270 2020; x_wconf 89' lang='lat' dir='ltr'><strong>sine</strong></span> <span class='ocrx_word' id='word_1_725' title='bbox 1285 1993 1420 2020; x_wconf 75' lang='lat' dir='ltr'><strong>fermento</strong></span> <span class='ocrx_word' id='word_1_726' title='bbox 1430 1997 1644 2027; x_wconf 84' lang='lat' dir='ltr'><strong>csse.quantum</strong></span> <span class='ocrx_word' id='word_1_727' title='bbox 1673 1992 1706 2019; x_wconf 83' lang='lat' dir='ltr'><strong>ad</strong></span> <span class='ocrx_word' id='word_1_728' title='bbox 1743 1993 1915 2021; x_wconf 81' lang='lat' dir='ltr'><strong>exteriorem</strong></span> 
     </span>
    </p>
   </div>
   <div class='ocr_carea' id='block_1_100' title="bbox 1119 2038 1916 2074">
    <p class='ocr_par' dir='ltr' id='par_1_100' title="bbox 1119 2038 1916 2074">
     <span class='ocr_line' id='line_1_100' title="bbox 1119 2038 1916 2074; baseline 0.001 -8"><span class='ocrx_word' id='word_1_729' title='bbox 1119 2039 1275 2066; x_wconf 86' lang='lat' dir='ltr'><strong>doctrinam</strong></span> <span class='ocrx_word' id='word_1_730' title='bbox 1295 2039 1400 2071; x_wconf 88' lang='lat' dir='ltr'><strong>volens,</strong></span> <span class='ocrx_word' id='word_1_731' title='bbox 1417 2038 1542 2066; x_wconf 87' lang='lat' dir='ltr'><strong>similiter</strong></span> <span class='ocrx_word' id='word_1_732' title='bbox 1564 2039 1646 2066; x_wconf 87' lang='lat' dir='ltr'><strong>etiam</strong></span> <span class='ocrx_word' id='word_1_733' title='bbox 1677 2039 1836 2070; x_wconf 80' lang='lat' dir='ltr'><strong>ostendens.</strong></span> <span class='ocrx_word' id='word_1_734' title='bbox 1850 2040 1916 2074; x_wconf 79' lang='lat' dir='ltr'><strong>quia</strong></span> 
     </span>
    </p>
   </div>
   <div class='ocr_carea' id='block_1_101' title="bbox 1120 2084 1917 2120">
    <p class='ocr_par' dir='ltr' id='par_1_101' title="bbox 1120 2084 1917 2120">
     <span class='ocr_line' id='line_1_101' title="bbox 1120 2084 1917 2120; baseline 0.004 -9"><span class='ocrx_word' id='word_1_735' title='bbox 1120 2085 1288 2120; x_wconf 85' lang='lat' dir='ltr'><strong>partieipalis</strong></span> <span class='ocrx_word' id='word_1_736' title='bbox 1299 2085 1423 2120; x_wconf 59' lang='lat' dir='ltr'><strong>quaedam</strong></span> <span class='ocrx_word' id='word_1_737' title='bbox 1435 2084 1507 2120; x_wconf 87' lang='lat' dir='ltr'><strong>apud</strong></span> <span class='ocrx_word' id='word_1_738' title='bbox 1521 2092 1572 2112; x_wconf 87' lang='lat' dir='ltr'><strong>nos</strong></span> <span class='ocrx_word' id='word_1_739' title='bbox 1582 2089 1624 2112; x_wconf 86' lang='lat' dir='ltr'><strong>est.</strong></span> <span class='ocrx_word' id='word_1_740' title='bbox 1640 2085 1773 2120; x_wconf 79' lang='lat' dir='ltr'><strong>theologia</strong></span> <span class='ocrx_word' id='word_1_741' title='bbox 1789 2094 1796 2111; x_wconf 91' lang='lat'><strong>:</strong></span> <span class='ocrx_word' id='word_1_742' title='bbox 1811 2085 1840 2112; x_wconf 90' lang='lat' dir='ltr'><strong>in</strong></span> <span class='ocrx_word' id='word_1_743' title='bbox 1856 2093 1917 2114; x_wconf 67' lang='lat' dir='ltr'><strong>cm-</strong></span> 
     </span>
    </p>
   </div>
   <div class='ocr_carea' id='block_1_102' title="bbox 1121 2130 1917 2166">
    <p class='ocr_par' dir='ltr' id='par_1_102' title="bbox 1121 2130 1917 2166">
     <span class='ocr_line' id='line_1_102' title="bbox 1121 2130 1917 2166; baseline 0.001 -9"><span class='ocrx_word' id='word_1_744' title='bbox 1121 2131 1155 2158; x_wconf 88' lang='lat' dir='ltr'><strong>Iis</strong></span> <span class='ocrx_word' id='word_1_745' title='bbox 1168 2132 1271 2166; x_wconf 88' lang='lat' dir='ltr'><strong>quippe</strong></span> <span class='ocrx_word' id='word_1_746' title='bbox 1286 2131 1347 2166; x_wconf 88' lang='lat' dir='ltr'><strong>ejus</strong></span> <span class='ocrx_word' id='word_1_747' title='bbox 1361 2135 1404 2158; x_wconf 90' lang='lat' dir='ltr'><strong>est</strong></span> <span class='ocrx_word' id='word_1_748' title='bbox 1419 2130 1572 2166; x_wconf 88' lang='lat' dir='ltr'><strong>plenitudo.</strong></span> <span class='ocrx_word' id='word_1_749' title='bbox 1607 2130 1722 2166; x_wconf 88' lang='lat' dir='ltr'><strong>Propter</strong></span> <span class='ocrx_word' id='word_1_750' title='bbox 1754 2131 1828 2166; x_wconf 90' lang='lat' dir='ltr'><strong>quod</strong></span> <span class='ocrx_word' id='word_1_751' title='bbox 1862 2131 1917 2158; x_wconf 84' lang='lat' dir='ltr'><strong>hoc</strong></span> 
     </span>
    </p>
   </div>
   <div class='ocr_carea' id='block_1_103' title="bbox 1119 2177 1916 2212">
    <p class='ocr_par' dir='ltr' id='par_1_103' title="bbox 1119 2177 1916 2212">
     <span class='ocr_line' id='line_1_103' title="bbox 1119 2177 1916 2212; baseline 0.001 -9"><span class='ocrx_word' id='word_1_752' title='bbox 1119 2177 1191 2212; x_wconf 88' lang='lat' dir='ltr'><strong>quod</strong></span> <span class='ocrx_word' id='word_1_753' title='bbox 1207 2177 1337 2204; x_wconf 83' lang='lat' dir='ltr'><strong>remansit</strong></span> <span class='ocrx_word' id='word_1_754' title='bbox 1367 2177 1393 2204; x_wconf 93' lang='lat' dir='ltr'><strong>id</strong></span> <span class='ocrx_word' id='word_1_755' title='bbox 1408 2181 1451 2204; x_wconf 87' lang='lat' dir='ltr'><strong>est</strong></span> <span class='ocrx_word' id='word_1_756' title='bbox 1465 2177 1518 2204; x_wconf 86' lang='lat' dir='ltr'><strong>hoc</strong></span> <span class='ocrx_word' id='word_1_757' title='bbox 1533 2177 1605 2212; x_wconf 85' lang='lat' dir='ltr'><strong>quod</strong></span> <span class='ocrx_word' id='word_1_758' title='bbox 1633 2181 1770 2210; x_wconf 82' lang='lat' dir='ltr'><strong>superest,</strong></span> <span class='ocrx_word' id='word_1_759' title='bbox 1804 2177 1916 2204; x_wconf 86' lang='lat' dir='ltr'><strong>comedi</strong></span> 
     </span>
    </p>
   </div>
   <div class='ocr_carea' id='block_1_104' title="bbox 1120 2223 1915 2257">
    <p class='ocr_par' dir='ltr' id='par_1_104' title="bbox 1120 2223 1915 2257">
     <span class='ocr_line' id='line_1_104' title="bbox 1120 2223 1915 2257; baseline 0.001 -9"><span class='ocrx_word' id='word_1_760' title='bbox 1120 2223 1259 2257; x_wconf 64' lang='lat' dir='ltr'><strong>pravcepit,</strong></span> <span class='ocrx_word' id='word_1_761' title='bbox 1275 2228 1304 2250; x_wconf 92' lang='lat' dir='ltr'><strong>ut</strong></span> <span class='ocrx_word' id='word_1_762' title='bbox 1315 2223 1442 2250; x_wconf 88' lang='lat' dir='ltr'><strong>ostendat</strong></span> <span class='ocrx_word' id='word_1_763' title='bbox 1456 2231 1593 2250; x_wconf 90' lang='lat' dir='ltr'><strong>summum</strong></span> <span class='ocrx_word' id='word_1_764' title='bbox 1618 2223 1690 2256; x_wconf 87' lang='lat' dir='ltr'><strong>apud</strong></span> <span class='ocrx_word' id='word_1_765' title='bbox 1701 2230 1850 2254; x_wconf 89' lang='lat' dir='ltr'><strong>cumesse,</strong></span> <span class='ocrx_word' id='word_1_766' title='bbox 1869 2227 1915 2250; x_wconf 86' lang='lat' dir='ltr'><strong>at-</strong></span> 
     </span>
    </p>
   </div>
   <div class='ocr_carea' id='block_1_105' title="bbox 1118 2268 1915 2304">
    <p class='ocr_par' dir='ltr' id='par_1_105' title="bbox 1118 2268 1915 2304">
     <span class='ocr_line' id='line_1_105' title="bbox 1118 2268 1915 2304; baseline 0 -8"><span class='ocrx_word' id='word_1_767' title='bbox 1118 2277 1171 2304; x_wconf 80' lang='lat' dir='ltr'><strong>que.</strong></span> <span class='ocrx_word' id='word_1_768' title='bbox 1189 2268 1527 2304; x_wconf 85' lang='lat' dir='ltr'><strong>scrvari.0portetautem</strong></span> <span class='ocrx_word' id='word_1_769' title='bbox 1542 2277 1602 2296; x_wconf 88' lang='lat' dir='ltr'><strong>eam</strong></span> <span class='ocrx_word' id='word_1_770' title='bbox 1628 2268 1734 2296; x_wconf 80' lang='lat' dir='ltr'><strong>comedi</strong></span> <span class='ocrx_word' id='word_1_771' title='bbox 1766 2268 1845 2303; x_wconf 72' lang='lat' dir='ltr'><strong>juxta</strong></span> <span class='ocrx_word' id='word_1_772' title='bbox 1874 2269 1915 2296; x_wconf 82' lang='lat' dir='ltr'><strong>al~</strong></span> 
     </span>
    </p>
   </div>
   <div class='ocr_carea' id='block_1_106' title="bbox 1118 2315 1913 2350">
    <p class='ocr_par' dir='ltr' id='par_1_106' title="bbox 1118 2315 1913 2350">
     <span class='ocr_line' id='line_1_106' title="bbox 1118 2315 1913 2350; baseline 0.001 -8"><span class='ocrx_word' id='word_1_773' title='bbox 1118 2321 1185 2346; x_wconf 83' lang='lat' dir='ltr'><strong>tare.</strong></span> <span class='ocrx_word' id='word_1_774' title='bbox 1206 2315 1231 2342; x_wconf 92' lang='lat' dir='ltr'><strong>id</strong></span> <span class='ocrx_word' id='word_1_775' title='bbox 1243 2321 1285 2342; x_wconf 90' lang='lat' dir='ltr'><strong>est</strong></span> <span class='ocrx_word' id='word_1_776' title='bbox 1300 2315 1401 2343; x_wconf 77' lang='lat' dir='ltr'><strong>Christi</strong></span> <span class='ocrx_word' id='word_1_777' title='bbox 1413 2323 1526 2350; x_wconf 88' lang='lat' dir='ltr'><strong>corpus,</strong></span> <span class='ocrx_word' id='word_1_778' title='bbox 1555 2323 1586 2342; x_wconf 74' lang='lat' dir='ltr'><strong>ex</strong></span> <span class='ocrx_word' id='word_1_779' title='bbox 1601 2323 1635 2342; x_wconf 89' lang='lat' dir='ltr'><strong>eo</strong></span> <span class='ocrx_word' id='word_1_780' title='bbox 1645 2315 1718 2342; x_wconf 81' lang='lat' dir='ltr'><strong>cuitu</strong></span> <span class='ocrx_word' id='word_1_781' title='bbox 1735 2315 1814 2342; x_wconf 88' lang='lat' dir='ltr'><strong>nobis</strong></span> <span class='ocrx_word' id='word_1_782' title='bbox 1830 2315 1913 2343; x_wconf 78' lang='lat' dir='ltr'><strong>theo-</strong></span> 
     </span>
    </p>
   </div>
   <div class='ocr_carea' id='block_1_107' title="bbox 1119 2361 1480 2397">
    <p class='ocr_par' dir='ltr' id='par_1_107' title="bbox 1119 2361 1480 2397">
     <span class='ocr_line' id='line_1_107' title="bbox 1119 2361 1480 2397; baseline 0 -9"><span class='ocrx_word' id='word_1_783' title='bbox 1119 2361 1187 2397; x_wconf 72' lang='lat' dir='ltr'><strong>logia</strong></span> <span class='ocrx_word' id='word_1_784' title='bbox 1199 2362 1287 2395; x_wconf 83' lang='lat' dir='ltr'><strong>omnis</strong></span> <span class='ocrx_word' id='word_1_785' title='bbox 1299 2361 1480 2388; x_wconf 89' lang='lat' dir='ltr'><strong>ministratur.</strong></span> 
     </span>
    </p>
   </div>
   <div class='ocr_carea' id='block_1_108' title="bbox 1152 2407 1911 2442">
    <p class='ocr_par' dir='ltr' id='par_1_108' title="bbox 1152 2407 1911 2442">
     <span class='ocr_line' id='line_1_108' title="bbox 1152 2407 1911 2442; baseline 0 -8"><span class='ocrx_word' id='word_1_786' title='bbox 1152 2407 1204 2434; x_wconf 84' lang='lat' dir='ltr'><strong>Sed</strong></span> <span class='ocrx_word' id='word_1_787' title='bbox 1219 2408 1287 2442; x_wconf 83' lang='lat' dir='ltr'><strong>quod</strong></span> <span class='ocrx_word' id='word_1_788' title='bbox 1301 2407 1427 2434; x_wconf 77' lang='lat' dir='ltr'><strong>remansit</strong></span> <span class='ocrx_word' id='word_1_789' title='bbox 1444 2407 1475 2434; x_wconf 82' lang='lat' dir='ltr'><strong>de</strong></span> <span class='ocrx_word' id='word_1_790' title='bbox 1486 2407 1574 2434; x_wconf 84' lang='lat' dir='ltr'><strong>simila</strong></span> <span class='ocrx_word' id='word_1_791' title='bbox 1589 2407 1680 2434; x_wconf 70' lang='lat' dir='ltr'><strong>Aaron</strong></span> <span class='ocrx_word' id='word_1_792' title='bbox 1692 2407 1742 2434; x_wconf 75' lang='lat' dir='ltr'><strong>erit</strong></span> <span class='ocrx_word' id='word_1_793' title='bbox 1756 2412 1780 2434; x_wconf 77' lang='lat' dir='ltr'><strong>et</strong></span> <span class='ocrx_word' id='word_1_794' title='bbox 1793 2407 1911 2442; x_wconf 78' lang='lat' dir='ltr'><strong>ﬁliorum</strong></span> 
     </span>
    </p>
   </div>
   <div class='ocr_carea' id='block_1_109' title="bbox 1118 2452 1912 2488">
    <p class='ocr_par' dir='ltr' id='par_1_109' title="bbox 1118 2452 1912 2488">
     <span class='ocr_line' id='line_1_109' title="bbox 1118 2452 1912 2488; baseline 0.001 -9"><span class='ocrx_word' id='word_1_795' title='bbox 1118 2453 1184 2487; x_wconf 83' lang='lat' dir='ltr'><strong>ejus.</strong></span> <span class='ocrx_word' id='word_1_796' title='bbox 1199 2452 1263 2484; x_wconf 71' lang='lat' dir='ltr'><strong>Qua:</strong></span> <span class='ocrx_word' id='word_1_797' title='bbox 1275 2461 1336 2479; x_wconf 81' lang='lat' dir='ltr'><strong>vero</strong></span> <span class='ocrx_word' id='word_1_798' title='bbox 1351 2453 1382 2479; x_wconf 87' lang='lat' dir='ltr'><strong>de</strong></span> <span class='ocrx_word' id='word_1_799' title='bbox 1396 2452 1535 2488; x_wconf 78' lang='lat' dir='ltr'><strong>sacriﬁciis</strong></span> <span class='ocrx_word' id='word_1_800' title='bbox 1552 2453 1724 2488; x_wconf 77' lang='lat' dir='ltr'><strong>paciﬁcorum</strong></span> <span class='ocrx_word' id='word_1_801' title='bbox 1735 2453 1789 2480; x_wconf 80' lang='lat' dir='ltr'><strong>sive</strong></span> <span class='ocrx_word' id='word_1_802' title='bbox 1804 2453 1912 2480; x_wconf 70' lang='lat' dir='ltr'><strong>saluta-</strong></span> 
     </span>
    </p>
   </div>
   <div class='ocr_carea' id='block_1_110' title="bbox 1119 2499 1910 2533">
    <p class='ocr_par' dir='ltr' id='par_1_110' title="bbox 1119 2499 1910 2533">
     <span class='ocr_line' id='line_1_110' title="bbox 1119 2499 1910 2533; baseline 0.001 -8"><span class='ocrx_word' id='word_1_803' title='bbox 1119 2499 1190 2525; x_wconf 83' lang='lat' dir='ltr'><strong>ribus</strong></span> <span class='ocrx_word' id='word_1_804' title='bbox 1207 2504 1268 2525; x_wconf 81' lang='lat' dir='ltr'><strong>sunt</strong></span> <span class='ocrx_word' id='word_1_805' title='bbox 1284 2500 1374 2525; x_wconf 78' lang='lat' dir='ltr'><strong>Aaron</strong></span> <span class='ocrx_word' id='word_1_806' title='bbox 1386 2504 1409 2526; x_wconf 84' lang='lat' dir='ltr'><strong>ct</strong></span> <span class='ocrx_word' id='word_1_807' title='bbox 1424 2499 1538 2533; x_wconf 81' lang='lat' dir='ltr'><strong>ﬁliorum</strong></span> <span class='ocrx_word' id='word_1_808' title='bbox 1555 2499 1611 2533; x_wconf 77' lang='lat' dir='ltr'><strong>ejus</strong></span> <span class='ocrx_word' id='word_1_809' title='bbox 1634 2507 1643 2526; x_wconf 88' lang='lat'><strong>.&#39;</strong></span> <span class='ocrx_word' id='word_1_810' title='bbox 1673 2500 1731 2526; x_wconf 84' lang='lat' dir='ltr'><strong>sive</strong></span> <span class='ocrx_word' id='word_1_811' title='bbox 1757 2500 1910 2526; x_wconf 81' lang='lat' dir='ltr'><strong>secundum</strong></span> 
     </span>
    </p>
   </div>
   <div class='ocr_carea' id='block_1_111' title="bbox 1118 2545 1911 2580">
    <p class='ocr_par' dir='ltr' id='par_1_111' title="bbox 1118 2545 1911 2580">
     <span class='ocr_line' id='line_1_111' title="bbox 1118 2545 1911 2580; baseline -0.001 -8"><span class='ocrx_word' id='word_1_812' title='bbox 1118 2545 1188 2572; x_wconf 77' lang='lat' dir='ltr'><strong>LXX</strong></span> <span class='ocrx_word' id='word_1_813' title='bbox 1202 2551 1224 2572; x_wconf 82' lang='lat' dir='ltr'><strong>et</strong></span> <span class='ocrx_word' id='word_1_814' title='bbox 1239 2546 1327 2572; x_wconf 71' lang='lat' dir='ltr'><strong>dorutti</strong></span> <span class='ocrx_word' id='word_1_815' title='bbox 1344 2545 1410 2579; x_wconf 78' lang='lat' dir='ltr'><strong>eius,</strong></span> <span class='ocrx_word' id='word_1_816' title='bbox 1433 2546 1516 2572; x_wconf 77' lang='lat' dir='ltr'><strong>omnis</strong></span> <span class='ocrx_word' id='word_1_817' title='bbox 1532 2545 1652 2572; x_wconf 81' lang='lat' dir='ltr'><strong>videlicet</strong></span> <span class='ocrx_word' id='word_1_818' title='bbox 1672 2545 1771 2580; x_wconf 86' lang='lat' dir='ltr'><strong>populi.</strong></span> <span class='ocrx_word' id='word_1_819' title='bbox 1788 2545 1911 2572; x_wconf 83' lang='lat' dir='ltr'><strong>Theolo-</strong></span> 
     </span>
    </p>
   </div>
   <div class='ocr_carea' id='block_1_112' title="bbox 1117 2589 1915 2627">
    <p class='ocr_par' dir='ltr' id='par_1_112' title="bbox 1117 2589 1915 2627">
     <span class='ocr_line' id='line_1_112' title="bbox 1117 2589 1915 2627; baseline 0 -10"><span class='ocrx_word' id='word_1_820' title='bbox 1117 2591 1166 2627; x_wconf 64' lang='grc' dir='ltr'><strong>εἰπε</strong></span> <span class='ocrx_word' id='word_1_821' title='bbox 1177 2591 1278 2626; x_wconf 86' lang='lat' dir='ltr'><strong>quippe</strong></span> <span class='ocrx_word' id='word_1_822' title='bbox 1291 2591 1401 2618; x_wconf 87' lang='lat' dir='ltr'><strong>studere</strong></span> <span class='ocrx_word' id='word_1_823' title='bbox 1414 2598 1469 2617; x_wconf 89' lang='lat' dir='ltr'><strong>non</strong></span> <span class='ocrx_word' id='word_1_824' title='bbox 1482 2591 1603 2617; x_wconf 91' lang='lat' dir='ltr'><strong>omnium</strong></span> <span class='ocrx_word' id='word_1_825' title='bbox 1614 2594 1666 2619; x_wconf 82' lang='lat' dir='ltr'><strong>est.</strong></span> <span class='ocrx_word' id='word_1_826' title='bbox 1679 2590 1727 2617; x_wconf 85' lang='lat' dir='ltr'><strong>sed</strong></span> <span class='ocrx_word' id='word_1_827' title='bbox 1739 2589 1915 2623; x_wconf 70' lang='lat' dir='ltr'><strong>sublimium,</strong></span> 
     </span>
    </p>
   </div>
   <div class='ocr_carea' id='block_1_113' title="bbox 1116 2636 1908 2671">
    <p class='ocr_par' dir='ltr' id='par_1_113' title="bbox 1116 2636 1908 2671">
     <span class='ocr_line' id='line_1_113' title="bbox 1116 2636 1908 2671; baseline -0.003 -7"><span class='ocrx_word' id='word_1_828' title='bbox 1116 2642 1144 2664; x_wconf 84' lang='lat' dir='ltr'><strong>et</strong></span> <span class='ocrx_word' id='word_1_829' title='bbox 1169 2636 1446 2671; x_wconf 83' lang='lat' dir='ltr'><strong>appropinquantium</strong></span> <span class='ocrx_word' id='word_1_830' title='bbox 1477 2636 1602 2667; x_wconf 87' lang='lat' dir='ltr'><strong>Domino,</strong></span> <span class='ocrx_word' id='word_1_831' title='bbox 1627 2641 1710 2671; x_wconf 82' lang='lat' dir='ltr'><strong>atque</strong></span> <span class='ocrx_word' id='word_1_832' title='bbox 1735 2643 1831 2663; x_wconf 84' lang='lat' dir='ltr'><strong>eorum</strong></span> <span class='ocrx_word' id='word_1_833' title='bbox 1862 2637 1908 2671; x_wconf 79' lang='lat' dir='ltr'><strong>qui</strong></span> 
     </span>
    </p>
   </div>
   <div class='ocr_carea' id='block_1_114' title="bbox 1115 2681 1910 2716">
    <p class='ocr_par' dir='ltr' id='par_1_114' title="bbox 1115 2681 1910 2716">
     <span class='ocr_line' id='line_1_114' title="bbox 1115 2681 1910 2716; baseline 0 -8"><span class='ocrx_word' id='word_1_834' title='bbox 1115 2685 1268 2716; x_wconf 86' lang='lat' dir='ltr'><strong>sequuntur</strong></span> <span class='ocrx_word' id='word_1_835' title='bbox 1279 2681 1427 2708; x_wconf 84' lang='lat' dir='ltr'><strong>Christum.</strong></span> <span class='ocrx_word' id='word_1_836' title='bbox 1440 2681 1576 2715; x_wconf 87' lang='lat' dir='ltr'><strong>Consequi</strong></span> <span class='ocrx_word' id='word_1_837' title='bbox 1592 2685 1683 2708; x_wconf 83' lang='lat' dir='ltr'><strong>autem</strong></span> <span class='ocrx_word' id='word_1_838' title='bbox 1709 2688 1769 2716; x_wconf 62' lang='lat' dir='ltr'><strong>quae</strong></span> <span class='ocrx_word' id='word_1_839' title='bbox 1794 2681 1829 2708; x_wconf 85' lang='lat' dir='ltr'><strong>ad</strong></span> <span class='ocrx_word' id='word_1_840' title='bbox 1858 2687 1910 2716; x_wconf 82' lang='lat' dir='ltr'><strong>pa-</strong></span> 
     </span>
    </p>
   </div>
   <div class='ocr_carea' id='block_1_115' title="bbox 1115 2727 1907 2762">
    <p class='ocr_par' dir='ltr' id='par_1_115' title="bbox 1115 2727 1907 2762">
     <span class='ocr_line' id='line_1_115' title="bbox 1115 2727 1907 2762; baseline 0 -8"><span class='ocrx_word' id='word_1_841' title='bbox 1115 2727 1204 2761; x_wconf 80' lang='lat' dir='ltr'><strong>ciﬁca,</strong></span> <span class='ocrx_word' id='word_1_842' title='bbox 1222 2735 1269 2754; x_wconf 84' lang='lat' dir='ltr'><strong>seu</strong></span> <span class='ocrx_word' id='word_1_843' title='bbox 1290 2728 1407 2754; x_wconf 79' lang='lat' dir='ltr'><strong>salutent</strong></span> <span class='ocrx_word' id='word_1_844' title='bbox 1434 2727 1584 2762; x_wconf 83' lang='lat' dir='ltr'><strong>pertinent,</strong></span> <span class='ocrx_word' id='word_1_845' title='bbox 1609 2727 1691 2755; x_wconf 82' lang='lat' dir='ltr'><strong>totius</strong></span> <span class='ocrx_word' id='word_1_846' title='bbox 1716 2727 1803 2762; x_wconf 76' lang='lat' dir='ltr'><strong>plebis</strong></span> <span class='ocrx_word' id='word_1_847' title='bbox 1832 2731 1907 2760; x_wconf 85' lang='lat' dir='ltr'><strong>sunt,</strong></span> 
     </span>
    </p>
   </div>
   <div class='ocr_carea' id='block_1_116' title="bbox 1115 2771 1909 2809">
    <p class='ocr_par' dir='ltr' id='par_1_116' title="bbox 1115 2771 1909 2809">
     <span class='ocr_line' id='line_1_116' title="bbox 1115 2771 1909 2809; baseline -0.001 -9"><span class='ocrx_word' id='word_1_848' title='bbox 1115 2782 1174 2809; x_wconf 65' lang='lat' dir='ltr'><strong>quso</strong></span> <span class='ocrx_word' id='word_1_849' title='bbox 1192 2775 1289 2800; x_wconf 75' lang='lat' dir='ltr'><strong>domus</strong></span> <span class='ocrx_word' id='word_1_850' title='bbox 1303 2773 1479 2809; x_wconf 77' lang='lat' dir='ltr'><strong>intelligibilis</strong></span> <span class='ocrx_word' id='word_1_851' title='bbox 1499 2773 1647 2804; x_wconf 82' lang='lat' dir='ltr'><strong>sacerdotis</strong></span> <span class='ocrx_word' id='word_1_852' title='bbox 1666 2772 1833 2799; x_wconf 86' lang='lat' dir='ltr'><strong>nominatur.</strong></span> <span class='ocrx_word' id='word_1_853' title='bbox 1860 2771 1909 2799; x_wconf 81' lang='lat' dir='ltr'><strong>Est.</strong></span> 
     </span>
    </p>
   </div>
   <div class='ocr_carea' id='block_1_117' title="bbox 1114 2818 1906 2854">
    <p class='ocr_par' dir='ltr' id='par_1_117' title="bbox 1114 2818 1906 2854">
     <span class='ocr_line' id='line_1_117' title="bbox 1114 2818 1906 2854; baseline -0.001 -9"><span class='ocrx_word' id='word_1_854' title='bbox 1114 2824 1205 2846; x_wconf 84' lang='lat' dir='ltr'><strong>autem</strong></span> <span class='ocrx_word' id='word_1_855' title='bbox 1220 2819 1351 2851; x_wconf 79' lang='lat' dir='ltr'><strong>Ecclesia,</strong></span> <span class='ocrx_word' id='word_1_856' title='bbox 1369 2820 1403 2846; x_wconf 91' lang='lat' dir='ltr'><strong>de</strong></span> <span class='ocrx_word' id='word_1_857' title='bbox 1417 2827 1469 2853; x_wconf 84' lang='lat' dir='ltr'><strong>qua</strong></span> <span class='ocrx_word' id='word_1_858' title='bbox 1486 2823 1513 2845; x_wconf 88' lang='lat' dir='ltr'><strong>et</strong></span> <span class='ocrx_word' id='word_1_859' title='bbox 1526 2818 1626 2845; x_wconf 83' lang='lat' dir='ltr'><strong>Paulus</strong></span> <span class='ocrx_word' id='word_1_860' title='bbox 1641 2819 1728 2846; x_wconf 74' lang='lat' dir='ltr'><strong>dixit:</strong></span> <span class='ocrx_word' id='word_1_861' title='bbox 1750 2818 1784 2845; x_wconf 83' lang='grc' dir='ltr'><strong>1η</strong></span> <span class='ocrx_word' id='word_1_862' title='bbox 1807 2826 1906 2854; x_wconf 81' lang='lat' dir='ltr'><strong>magna</strong></span> 
     </span>
    </p>
   </div>
   <div class='ocr_carea' id='block_1_118' title="bbox 305 2900 1674 2942">
    <p class='ocr_par' dir='ltr' id='par_1_118' title="bbox 305 2900 1674 2942">
     <span class='ocr_line' id='line_1_118' title="bbox 305 2900 1674 2942; baseline 0.003 -12"><span class='ocrx_word' id='word_1_863' title='bbox 305 2901 329 2918; x_wconf 81' lang='lat'><strong>&quot;</strong></span> <span class='ocrx_word' id='word_1_864' title='bbox 345 2900 356 2929; x_wconf 91' lang='grc' dir='ltr'><strong>Ι</strong></span> <span class='ocrx_word' id='word_1_865' title='bbox 377 2902 456 2931; x_wconf 85' lang='lat' dir='ltr'><strong>Joan.</strong></span> <span class='ocrx_word' id='word_1_866' title='bbox 474 2912 506 2938; x_wconf 85' lang='grc' dir='ltr'>ιι,</span> <span class='ocrx_word' id='word_1_867' title='bbox 532 2904 577 2932; x_wconf 71' lang='lat'><strong>27.</strong></span> <span class='ocrx_word' id='word_1_868' title='bbox 609 2904 638 2940; x_wconf 52' lang='lat' dir='ltr'><strong>f&#39;</strong></span> <span class='ocrx_word' id='word_1_869' title='bbox 653 2903 748 2941; x_wconf 68' lang='lat' dir='ltr'><strong>lTim.</strong></span> <span class='ocrx_word' id='word_1_870' title='bbox 762 2913 788 2938; x_wconf 92' lang='lat' dir='ltr'><strong>v,</strong></span> <span class='ocrx_word' id='word_1_871' title='bbox 800 2905 846 2935; x_wconf 73' lang='lat'><strong>25.</strong></span> <span class='ocrx_word' id='word_1_872' title='bbox 883 2906 905 2922; x_wconf 70' lang='grc' dir='ltr'><strong>⁸ο</strong></span> <span class='ocrx_word' id='word_1_873' title='bbox 922 2905 1022 2942; x_wconf 81' lang='lat' dir='ltr'><strong>Ephes.</strong></span> <span class='ocrx_word' id='word_1_874' title='bbox 1041 2915 1067 2940; x_wconf 84' lang='lat' dir='ltr'><strong>v,</strong></span> <span class='ocrx_word' id='word_1_875' title='bbox 1087 2907 1130 2934; x_wconf 86' lang='lat' dir='ltr'><strong>I8.</strong></span> <span class='ocrx_word' id='word_1_876' title='bbox 1170 2908 1190 2922; x_wconf 85' lang='lat'>&#39;“</span> <span class='ocrx_word' id='word_1_877' title='bbox 1202 2907 1272 2934; x_wconf 84' lang='lat' dir='ltr'><strong>Psal.</strong></span> <span class='ocrx_word' id='word_1_878' title='bbox 1288 2916 1314 2941; x_wconf 88' lang='lat' dir='ltr'><strong>v,</strong></span> <span class='ocrx_word' id='word_1_879' title='bbox 1335 2907 1379 2940; x_wconf 86' lang='lat' dir='ltr'><strong>ll,</strong></span> <span class='ocrx_word' id='word_1_880' title='bbox 1394 2906 1437 2935; x_wconf 72' lang='grc'><strong>19..</strong></span> <span class='ocrx_word' id='word_1_881' title='bbox 1477 2907 1499 2924; x_wconf 85' lang='grc'><strong>⁹¹</strong></span> <span class='ocrx_word' id='word_1_882' title='bbox 1513 2907 1574 2934; x_wconf 83' lang='lat' dir='ltr'><strong>Act.</strong></span> <span class='ocrx_word' id='word_1_883' title='bbox 1587 2906 1674 2942; x_wconf 67' lang='lat'><strong>11,15.</strong></span> 
     </span>
    </p>
   </div>
  </div>
