2052 3146
170 181 218 216 901

729 177 770 211 IN
788 176 1008 213 LEVITICUM.
1027 192 1060 199 —
1079 179 1152 210 LIB.
1169 176 1211 211 Il.

1750 181 1804 217 902

169 241 245 270 domo
259 249 311 269 non
325 244 387 271 sunt
398 239 483 268 solum
498 247 580 267 aurea
593 247 668 273 vasa,
680 243 706 266 et
718 243 855 274 argentea,
870 238 915 266 sed
931 238 964 265 li-
978 239 1002 269 Δ
1016 236 1102 265 hostia
1124 238 1158 264 ".
1186 238 1318 266 Dominus
1344 243 1436 266 autem
1459 239 1525 267 dicit
1538 248 1547 267 :
1561 239 1643 268 οπως
1668 248 1806 276 peccatum

169 295 233 323 gnea
243 292 267 314 et
276 287 370 323 ﬁctilia
378 286 610 322 ".Propterquod
619 293 673 313 non
679 285 845 320 estpmnium
856 284 962 313 theolo-

170 334 238 369 giam
249 332 370 367 assequi.

204 378 286 407 Vens.
304 378 398 406 16-18.
427 386 436 403 ι
456 377 531 405 inter
556 377 615 405 haec
641 377 748 405 hircum
781 376 826 411 qui
855 375 962 404 oblatus

170 424 258 452 fuerat
271 432 320 459 pro
345 428 468 459 peccato,
492 431 554 450 cum
571 428 704 457 quareret
720 422 824 458 Moyses
837 427 961 449 exustum

171 470 282 505 reperit.
297 469 438 504 lratusque
453 473 548 496 contra
571 468 683 496 Eleazar
696 474 724 496 et
746 468 866 506 Ithamar
892 467 962 498 ﬁlios

171 515 272 547 Aaron,
290 516 335 550 qui
354 518 542 542 remanserant
568 514 614 542 ait.
642 514 697 541 Cur
722 522 779 542 non
806 513 963 542 comedistis

172 562 287 589 hostiam
306 569 356 596 pro
383 565 497 596 peccato
514 561 616 588 inloco
646 565 750 592 sancto,
780 567 841 595 qua:
863 560 964 587 Sancta

171 611 328 634 sanctorum
341 606 450 638 dicitur,
467 610 494 633 et
504 606 566 633 data
583 609 626 633 est
642 605 729 639 vobis,
743 610 773 632 ut
784 605 898 640 portetis
919 605 962 632 in-

171 650 312 687 iquitatem
326 651 521 684 multitudinis,
530 655 557 678 et
571 651 655 679 oretis
667 658 717 687 pro
731 658 763 679 ea
775 651 802 677 in
815 655 962 685 conspectu

171 697 278 725 Domini
294 704 301 724 :
318 697 469 732 praesertim
485 704 546 724 cum
559 697 593 724 de
610 697 742 732 sanguine
762 696 834 724 illius
858 703 913 722 non
929 695 964 723 sit

171 744 276 772 illarum
292 743 361 770 intra
377 743 486 776 Sancta,
500 748 527 770 et
540 743 683 771 comedere
696 750 756 770 eam
763 741 921 770 debueratis
935 741 963 768 in

169 789 336 822 sanctuario,
351 790 420 816 sicut
435 794 600 824 pratceptum
613 793 656 819 est
670 788 748 816 mihi.

205 835 273 869 Quia
290 842 371 863 omne
385 840 527 871 peccatum
542 843 591 870 per
601 834 790 870 paenitentiam
805 834 922 867 deletur,
937 838 965 862 et

169 881 233 915 quia
248 880 275 907 hi
290 880 336 915 qui
354 880 514 915 praedictum
537 884 680 915 peccatum
695 880 808 907 alterius
822 879 963 913 doctrinte,

1012 283 1157 310 dimittitur
1169 284 1498 320 Itominibus,blasphemia
1509 290 1599 313 autem
1612 292 1703 314 contra
1717 286 1807 321 Spiri~

1015 332 1072 355 tum
1088 337 1139 355 non
1151 328 1309 364 relinquitur
1320 330 1354 357 '°.
1370 330 1427 358 Hoc
1435 331 1600 367 Petrusipso
1615 340 1698 367 opere
1713 338 1806 361 osten-

1012 373 1069 408 dit;
1085 375 1148 409 quia
1164 376 1373 403 enimAuanias
1387 382 1415 404 et
1429 377 1564 412 Sapphira
1579 379 1693 413 Spiritui
1708 383 1804 407 sancto

1012 420 1121 448 mentiti
1135 426 1211 455 sunt,
1227 422 1266 448 ait
1275 422 1309 449 ad
1322 430 1370 449 eos
1387 432 1394 450 :
1412 422 1501 455 Quare
1514 426 1621 451 caecavit
1633 425 1750 453 Sbtanar
1761 434 1806 453 cor

1011 471 1128 494 vestrum
1143 468 1249 495 mentiri
1259 467 1373 502 Spiritui
1386 470 1500 497 sancto?
1530 470 1590 497 Non
1617 472 1678 498 estis
1702 473 1806 499 mentiti

1012 512 1170 547 hominibus,
1185 514 1230 540 sed
1246 513 1299 540 Deo
1308 514 1341 541 ⁹⁷.
1360 515 1481 550 Tempus
1493 516 1565 543 enim
1582 518 1750 552 poenitentiae
1766 519 1806 546 eis

1012 566 1068 586 non
1083 559 1167 593 dedit,
1179 559 1269 587 sciens
1284 561 1348 595 quia
1369 568 1417 588 cor
1442 567 1573 589 caecatum
1599 563 1626 590 in
1653 568 1806 599 transgres-

1012 603 1100 637 sione,
1127 609 1154 631 et
1183 604 1352 639 blasphemia
1377 606 1491 640 spiritus
1517 607 1807 643 habentes.putnitero

1012 656 1067 676 non
1084 654 1255 683 paterentur.
1272 650 1336 678 Mox
1347 651 1420 678 enim
1437 660 1484 679 eos
1498 654 1597 687 poenali
1614 656 1807 683 condemnavit

1013 698 1110 721 morte.
1128 695 1166 725 Ea
1180 702 1244 731 ergo
1254 703 1315 731 qua:
1330 703 1493 732 sequuntur,
1517 699 1603 734 magis
1625 704 1759 732 astruere,
1779 705 1808 728 et

1012 739 1161 774 explanare
1174 748 1205 767 ea
1217 749 1278 775 quae
1295 749 1370 773 nunc
1385 743 1458 770 dicta
1474 748 1548 775 sunt.
1563 750 1688 780 possunt.

1048 784 1131 814 Vsus.
1150 786 1194 819 l9,
1210 787 1255 820 20.
1277 797 1287 813 ‹
1305 787 1459 824 Respondit
1473 789 1563 817 Aaron
1599 799 1606 817 :
1635 790 1732 819 Oblata
1765 798 1808 822 est

1014 829 1097 857 hodie
1110 830 1219 859 victima
1235 839 1284 866 pro
1297 837 1410 866 peccato
1422 833 1451 859 in
1467 833 1625 861 holocausto
1643 841 1735 862 coram
1754 835 1806 863 Do-

1014 875 1106 909 mino;
1121 876 1188 903 mihi
1203 881 1294 905 autem
1310 878 1410 906 accidit
1421 879 1493 913 quod
1507 879 1591 905 vides.
1603 879 1745 912 Quomodo
1760 889 1808 916 po-

170 930 197 952 et
213 924 383 960 blasphemia
401 925 610 958 commiserunt,
625 925 721 952 salvati
736 933 793 952 non
808 930 883 957 sunt,
897 933 964 953 cau-
981 929 1001 956 Β
1016 921 1055 948 illi
1074 922 1219 949 comedere
1239 930 1310 955 eam,
1327 928 1375 950 aut
1397 924 1534 958 quomodo
1563 925 1671 959 placere
1693 926 1809 955 Domino

169 978 229 998 sam
242 970 382 1005 legislator
395 970 488 1005 huius,
503 978 564 1005 qua:
574 970 615 998 eis
630 970 690 998 sine
705 970 894 998 misericordia
914 979 963 999 ve-

170 1016 222 1050 nit,
240 1015 337 1043 mortis
351 1015 473 1051 exponit.
488 1015 558 1043 Hinc
572 1015 723 1043 introducit
736 1015 841 1050 Moyses
856 1015 963 1043 hircum

170 1071 220 1099 pro
234 1067 357 1098 peccato,
370 1062 542 1098 poenitentia:
558 1062 686 1090 videlicet
697 1062 862 1090 oblationem
878 1071 885 1090 :
901 1063 964 1098 quia

169 1117 297 1146 quarens
311 1108 468 1143 exquisivit,
498 1109 570 1137 sicut
598 1108 671 1136 LXX
687 1109 782 1142 edunt,
813 1108 886 1143 quod
911 1113 964 1141 est,

170 1154 249 1181 valde
264 1153 555 1189 qumsivitJralusque
570 1153 608 1180 ait
627 1153 671 1180 his
699 1154 745 1188 qui
773 1153 861 1181 relicti
886 1158 966 1181 erant

171 1197 235 1224 ﬁliis
252 1199 354 1230 Aaron,
370 1198 442 1233 quod
467 1205 520 1225 non
543 1197 714 1224 comederint
738 1198 790 1225 hoc
817 1197 890 1236 quod
916 1205 966 1232 pro

171 1247 282 1278 peccato
298 1249 358 1270 erat
371 1243 398 1270 in
415 1244 475 1271 loco
489 1248 594 1276 sancto,
611 1242 637 1270 id
660 1246 702 1271 est
713 1250 764 1278 pro
777 1250 810 1270 eo
823 1243 894 1277 quod
909 1250 968 1278 pce-

171 1288 327 1322 nitentiam,
343 1289 375 1316 in
391 1289 542 1317 Ecclesiam
555 1289 693 1317 commissi
709 1289 813 1324 peccati
828 1289 921 1325 peragi
937 1293 967 1316 ut

171 1336 340 1370 sacerdotes,
356 1343 412 1363 non
425 1335 545 1363 fecerint
561 1345 567 1363 :
584 1335 651 1371 ipsis
663 1335 736 1362 enim
748 1335 892 1363 comedere
906 1342 967 1370 quae

172 1388 222 1416 pro
235 1385 349 1416 peccato
360 1385 435 1413 sunt,
451 1385 479 1408 et
492 1388 571 1408 orare
584 1380 749 1413 orationem,
764 1388 826 1415 quae
852 1385 894 1407 est
918 1388 967 1416 pro

171 1426 336 1462 penitentia
351 1427 579 1463 congregationis,
595 1431 623 1454 et
639 1426 782 1461 acquirere
799 1431 967 1461 praaceptum

172 1477 224 1501 est.
245 1473 354 1506 Quare?
368 1472 438 1506 Quia
465 1473 591 1500 Christus
609 1479 656 1500 eos
671 1471 698 1499 in
713 1472 852 1507 proprium
878 1473 967 1499 locum

172 1518 298 1546 ecclesiis
311 1517 466 1545 constituit.
482 1517 543 1552 Ipse
559 1521 650 1544 autem
663 1523 720 1543 suae
742 1510 888 1543 oblationis
903 1523 967 1543 san-

172 1564 295 1601 guinem,
321 1571 382 1599 quae
409 1571 459 1599 pro
481 1567 576 1590 nostro
607 1561 740 1597 sanguine
763 1561 852 1588 oblata
875 1565 918 1588 est
939 1561 966 1588 in

1014 965 1042 992 in
1057 967 1228 994 caeremoniis
1241 973 1333 995 mente
1347 968 1473 1003 lugubri?
1497 969 1575 1002 Quod
1601 978 1664 998 cum
1687 972 1809 999 audisset

1015 1012 1131 1048 Moyses,
1150 1014 1254 1049 recepit
1266 1014 1492 1042 satisfactionem.
1512 1026 1521 1041 ι

1052 1059 1148 1092 llodie,
1180 1061 1252 1094 qitod
1281 1065 1387 1095 tempus
1411 1066 1538 1096 oporteat
1568 1062 1692 1098 intelligi,
1715 1055 1810 1099 aperte

1016 1104 1094 1131 nobis
1110 1105 1208 1132 Paulus
1225 1106 1334 1132 tradidit
1351 1115 1357 1133 τ
1378 1107 1446 1133 Cum
1460 1107 1574 1134 dixisset
1594 1109 1668 1135 enim
1698 1109 1783 1136 David
1801 1119 1809 1136 :

1016 1150 1100 1178 Hodie
1113 1151 1136 1178 si
1150 1159 1236 1178 vocem
1247 1152 1303 1186 ejus
1322 1153 1472 1185 audieritis,
1486 1154 1567 1180 nolite
1582 1154 1712 1181 obdurare
1729 1156 1809 1182 corda

1015 1203 1112 1229 vestra,
1126 1197 1192 1223 sicut
1208 1198 1236 1224 in
1246 1199 1482 1226 exucerbatiaue".
1497 1199 1531 1226 Et
1544 1200 1727 1234 interpretans
1742 1202 1810 1236 ipse,

1016 1244 1078 1280 quia
1093 1245 1126 1272 de
1141 1245 1269 1283 praesenti
1283 1245 1392 1282 quidem
1411 1250 1534 1280 tempore
1549 1248 1718 1281 usurpative,
1747 1255 1809 1282 pro-

1016 1289 1076 1324 prie
1094 1298 1158 1318 vero
1174 1291 1207 1317 de
1222 1295 1345 1325 tempore
1360 1291 1432 1325 quod
1448 1295 1510 1325 post
1529 1292 1675 1318 adventum
1704 1291 1810 1319 Domini

1017 1341 1070 1367 est,
1088 1336 1232 1370 oportebat
1244 1336 1355 1372 intelligi
1373 1337 1446 1371 quod
1464 1337 1570 1364 dictum
1585 1342 1628 1365 est
1647 1347 1654 1365 :
1671 1338 1732 1365 vide
1746 1338 1810 1372 quid

1017 1379 1149 1406 subdidit.
1187 1379 1321 1412 Quoniam
1351 1389 1416 1415 ergo
1441 1386 1568 1416 superest
1606 1383 1739 1417 quosdam
1767 1382 1810 1409 in‘

1019 1425 1102 1452 troire
1113 1425 1140 1452 in
1158 1433 1229 1458 eam,
1242 1431 1270 1452 et
1290 1426 1319 1453 hi
1337 1427 1437 1461 quibus
1460 1428 1600 1462 prieribus
1618 1428 1811 1457 annuntiatum

1018 1474 1071 1503 est,
1089 1479 1145 1498 non
1157 1471 1323 1499 introierunt
1342 1477 1454 1507 propter
1471 1473 1700 1505 incredulitatem,
1713 1475 1812 1501 iterum

1019 1515 1146 1542 terminat
1162 1516 1234 1543 diem
1250 1517 1407 1551 quamdam,
1425 1518 1505 1544 hodie
1523 1517 1550 1544 in
1573 1517 1656 1545 David
1685 1518 1812 1551 dicendo,

1019 1562 1081 1594 post
1096 1563 1201 1586 tantum
1216 1560 1356 1594 temporis,
1372 1560 1443 1588 sicut
1458 1569 1540 1596 supra
1564 1562 1666 1590 dictum
1692 1567 1744 1595 est,
1770 1563 1814 1589 αὶ-

173 1599 316 1643 Sanctum,
333 1609 407 1637 imus
422 1609 547 1637 videlicet
564 1608 592 1636 in
608 1608 748 1636 εωιεειεηι
763 1607 966 1640 habitationem,
982 1599 1003 1628 C
1020 1611 1102 1630 cens:
1119 1603 1203 1631 Ilodie
1222 1605 1245 1631 si
1258 1613 1344 1632 vocem
1361 1605 1418 1639 ejus
1429 1607 1579 1637 audieritis.
1591 1607 1671 1634 nolite
1683 1607 1814 1634 obdurare

174 1655 201 1682 in
220 1660 371 1689 conspectu
387 1654 476 1682 Patris
494 1655 536 1682 sui
550 1654 660 1683 obtulit.
677 1654 710 1681 Et
739 1653 765 1680 in
783 1653 842 1681 loco
861 1658 966 1686 sancto,

173 1701 291 1728 dicimus
307 1705 397 1727 autem
413 1700 557 1727 ecclesiam
574 1699 680 1727 comedi
709 1699 761 1726 hoc
790 1698 967 1732 sacriﬁcium,

173 1746 208 1782 ad
230 1746 444 1778 remissionem,
479 1749 506 1772 et
538 1745 759 1780 propitiationem
790 1748 964 1781 peccatorum

174 1791 316 1828 praecepit.
326 1790 443 1825 Propter
460 1790 532 1825 quod
543 1791 580 1817 ait
592 1790 696 1825 Moyses
712 1799 718 1817 :

209 1837 438 1870 Quemadmodum
454 1840 614 1871 pra'ceptum
628 1841 666 1862 est
677 1832 751 1863 ini/ti.
763 1835 790 1863 Id
803 1840 854 1868 est,
869 1843 968 1870 quem-

173 1883 321 1911 admodum
358 1882 484 1917 praecepi
514 1886 541 1909 et
576 1881 702 1909 mandavi
732 1890 739 1909 :
766 1881 866 1910 Christi
896 1883 969 1909 enim

174 1938 269 1969 gerere
283 1937 428 1966 personam
452 1929 535 1957 etiam
565 1929 675 1966 Moysen
697 1929 826 1957 diximus.
855 1929 970 1964 loquirit

175 1980 266 2003 autem
282 1982 337 2002 non
353 1974 494 2009 ignorans,
522 1981 586 2001 nam
603 1973 740 2008 quomodo
765 1973 793 1999 in
814 1973 970 2008 praeceden-

177 2023 250 2059 tibus
273 2029 384 2049 causam
413 2020 527 2053 addidit,
560 2028 622 2047 cum
643 2020 757 2047 dixisset
773 2019 846 2046 enim
863 2018 969 2045 hircum

176 2076 226 2104 pro
239 2071 353 2104 peccato
369 2074 496 2103 qumrcns
511 2066 658 2102 exquisirit
681 2065 798 2102 Moyses,
820 2064 891 2092 illico
904 2064 970 2092 sub-

176 2115 245 2142 didit
264 2124 271 2142 :
297 2107 299 2109 ’

211 2161 247 2188 Et
261 2161 304 2187 hic
317 2161 438 2187 incensus
448 2164 513 2186 erat
529 2167 538 2186 :
552 2159 605 2186 sive
620 2164 739 2193 exustum
750 2158 854 2192 reperit.
872 2157 971 2186 Osten-

176 2209 255 2241 dens,
272 2212 302 2235 ut
317 2207 381 2242 quia
399 2207 512 2234 alterius
527 2205 658 2233 doctrina:
671 2209 825 2240 peceatum,
842 2204 972 2239 blasphe—

176 2255 230 2282 mia
257 2259 300 2281 cst
324 2252 352 2281 in
377 2257 502 2290 sanctum
532 2250 677 2287 Spiritum,
699 2256 811 2286 propter
825 2251 897 2288 quod
913 2250 972 2278 Ste-

176 2301 284 2336 phanus
297 2299 424 2327 doctores
434 2298 602 2329 Judteorum,
613 2302 643 2325 ut
655 2297 864 2332 prmvaricantes
873 2296 970 2333 legem,

177 2350 204 2373 et
219 2345 423 2380 inohedientcs,
449 2344 497 2371 sed
510 2343 586 2370 durae
600 2342 726 2376 cervicis,
745 2345 772 2368 et
798 2341 858 2368 duri
882 2341 972 2373 cordis

177 2391 308 2428 appellat,
325 2397 355 2419 ut
365 2396 456 2427 autem
471 2390 541 2418 male
564 2388 808 2424 interpretantibus
829 2387 927 2423 legem,
944 2392 972 2415 et

176 2438 327 2473 prophetas
343 2436 451 2465 dicebat
470 2446 475 2464 :
495 2437 541 2464 Voa
564 2444 666 2470 semper
682 2440 772 2462 sancto
787 2434 900 2470 Spiritui
927 2443 971 2462 rc-

176 2485 281 2511 ttitistis
290 2484 323 2516 θδ,
335 2483 489 2511 necessarie
499 2483 540 2511 eis
549 2483 584 2510 ab
593 2481 756 2517 intelligibili
765 2482 837 2517 igne,
849 2481 973 2509 videlicet

177 2530 302 2566 spiritus,
321 2537 371 2565 pro
387 2529 548 2565 poenitentia
568 2528 670 2557 oblatio
691 2527 780 2555 ablata
797 2532 849 2560 est,
864 2532 892 2555 et
909 2536 973 2562 pro-

177 2583 271 2612 pterea
299 2585 350 2614 pro
368 2581 482 2613 peccato
506 2572 600 2604 hircus
627 2581 740 2605 exustus
764 2575 873 2603 dicitur.
904 2575 972 2609 Quia

178 2623 307 2656 scientes,
321 2627 350 2656 et
363 2622 513 2650 voluntarie
529 2625 684 2657 peccantes,
702 2621 752 2649 etsi
765 2630 794 2650 sc
805 2621 901 2648 dicunt
915 2628 974 2656 pce-

177 2668 265 2695 nilere
279 2677 286 2694 :
302 2675 357 2694 non
375 2668 510 2702 poenitent
525 2675 604 2702 pure,
635 2667 805 2704 blasphemia
826 2666 898 2693 enim
927 2673 974 2694 cor

179 2721 271 2751 eorum
283 2717 415 2742 caecatum
427 2718 477 2741 est.
486 2714 603 2748 Propter
617 2714 689 2748 quod
701 2719 727 2741 et
738 2713 835 2741 Paulus
846 2713 950 2741 dicebat
964 2721 972 2740 :

186 2758 339 2793 Voluntaria
360 2759 429 2786 enim
454 2759 622 2794 peccantibus
651 2760 724 2787 nobis
743 2763 799 2794 post
824 2763 974 2793 susceptam

180 2803 353 2843 cognitionem
363 2805 492 2841 veritatis,
503 2805 562 2839 jam
577 2813 627 2841 non
638 2813 686 2840 pro
698 2808 803 2840 peccato
817 2804 974 2839 relinquitur

1020 1649 1101 1675 corda
1115 1654 1211 1676 vestra.
1223 1650 1251 1676 Si
1265 1650 1338 1677 enim
1356 1651 1396 1678 eis
1404 1651 1486 1678 Jesus
1500 1653 1621 1686 requiem
1632 1653 1811 1688 pra-stitisset,

1019 1702 1158 1730 nunquam
1170 1695 1203 1723 de
1217 1695 1270 1723 alio
1298 1697 1464 1731 loqueretur.
1490 1697 1555 1725 Post
1571 1699 1641 1725 hanc
1660 1699 1731 1725 diem
1747 1706 1812 1734 ergo

1021 1740 1064 1768 bis
1080 1749 1142 1776 quae
1153 1742 1282 1776 pmdicta
1297 1747 1360 1769 sunt
1374 1743 1537 1775 ostenditur,
1554 1744 1618 1778 quia
1634 1750 1728 1779 aperte
1744 1750 1814 1772 lem-

1019 1795 1070 1822 pus
1084 1791 1146 1822 post
1168 1787 1318 1816 adventum
1334 1788 1482 1817 Salvatoris
1495 1790 1639 1824 signiﬁcat,
1659 1790 1685 1818 in
1698 1799 1751 1825 quo
1772 1792 1815 1818 in-

1021 1832 1167 1868 teliigibilis
1183 1832 1294 1860 Sabbati
1308 1834 1466 1861 hominibus
1479 1836 1587 1869 requies
1602 1836 1746 1870 prmdtcata
1762 1841 1813 1863 est.

1021 1877 1078 1905 Hoc
1092 1886 1156 1914 ergo
1170 1879 1261 1906 Aaron
1276 1888 1309 1907 ex
1323 1889 1439 1915 persona
1451 1881 1542 1908 dicere
1551 1881 1688 1912 Ecclesiae.
1701 1887 1730 1908 ut
1745 1884 1814 1916 ligu-

1021 1932 1078 1951 rant
1094 1932 1192 1960 gerens
1211 1933 1267 1952 non
1280 1926 1369 1953 solum
1383 1927 1495 1958 Christi,
1510 1928 1557 1954 sed
1576 1932 1604 1954 ct
1618 1927 1746 1955 Ecclesia:
1775 1929 1815 1955 vi-

1021 1969 1112 2002 detur,
1128 1973 1159 1996 ut
1182 1969 1246 2005 quia
1265 1970 1347 1997 hodie
1373 1970 1531 1997 obtulerunt
1547 1978 1608 2005 (iure
1623 1977 1673 2005 pro
1703 1975 1814 2006 peccato

1021 2021 1071 2041 suo
1085 2018 1160 2046 sunt,
1175 2018 1200 2041 el
1215 2014 1374 2042 holocausta
1399 2024 1458 2048 sua,
1477 2017 1502 2043 id
1520 2020 1571 2045 est.
1590 2017 1654 2050 quia
1682 2021 1744 2051 post
1766 2017 1815 2044 ad-

1024 2063 1135 2088 ventum
1147 2059 1299 2087 Salvatoris
1311 2061 1433 2096 deputati
1447 2067 1511 2088 sunt
1526 2061 1693 2093 ministrare,
1720 2069 1748 2089 et
1772 2063 1816 2090 oi-

1022 2105 1094 2133 i‘erre
1111 2113 1161 2142 pro
1171 2106 1344 2141 poenitentia,
1358 2112 1385 2135 et
1399 2107 1618 2143 philosophicam
1635 2109 1716 2136 vitam
1729 2117 1815 2145 expo-

1023 2160 1100 2186 nere,
1113 2152 1166 2179 alia
1180 2153 1311 2180 docentes
1324 2154 1483 2188 reprehensi
1499 2159 1574 2188 sunt,
1590 2160 1616 2182 et
1630 2155 1693 2182 talia
1722 2156 1750 2182 in
1777 2156 1818 2183 eis

1024 2197 1153 2226 Ecclesiae
1170 2199 1338 2232 acciderunt,
1352 2204 1381 2228 ut
1395 2201 1568 2228 sacerdotum
1581 2207 1609 2229 et
1624 2202 1817 2238 magistrorum

1024 2244 1130 2280 lugeret
1149 2253 1182 2273 ex
1195 2245 1364 2280 blasphemia
1388 2245 1565 2273 accedentem
1588 2252 1715 2279 mortem,
1743 2253 1820 2276 recte

1025 2291 1170 2319 comedere
1193 2292 1274 2319 hodie
1289 2300 1338 2327 pro
1363 2297 1474 2326 peccato
1495 2300 1550 2320 non
1568 2294 1666 2328 potuit,
1684 2301 1735 2321 nec
1756 2302 1819 2322 ora-

1026 2337 1129 2365 tionem
1147 2338 1245 2372 adepta
1262 2342 1304 2364 est
1317 2338 1494 2372 paenitentum.
1517 2338 1581 2373 quia
1611 2339 1738 2366 videlicet
1762 2340 1816 2366 Do-

1026 2383 1101 2411 mino
1119 2382 1230 2411 Christo
1253 2383 1424 2418 displicebat.
1448 2383 1576 2411 Subditiit
1597 2388 1699 2415 autem,
1725 2385 1817 2418 hodie,

1026 2433 1057 2456 ut
1069 2430 1238 2461 ostenderet,
1252 2429 1316 2463 quia
1326 2429 1348 2456 si
1362 2434 1425 2456 ante
1451 2430 1641 2457 remissionem
1668 2428 1820 2458 Salvatoris

1026 2475 1079 2503 hoc
1095 2479 1262 2510 peccassent,
1277 2474 1392 2502 forsitan
1403 2479 1431 2502 et
1443 2475 1640 2510 ignoscoretur,
1658 2479 1687 2502 ut
1701 2476 1817 2502 necdum

1026 2513 1146 2559 perfecta
1160 2521 1246 2549 ell‘usa
1262 2521 1387 2554 scicntia,
1416 2522 1487 2549 unde
1499 2526 1527 2549 et
1554 2521 1684 2549 Dominus
1698 2521 1736 2548 ait
1760 2530 1766 2548 :
1789 2521 1818 2548 Si

1027 2577 1078 2595 non
1095 2568 1230 2600 venissent,
1254 2573 1278 2595 et
1293 2567 1395 2595 locutus
1415 2568 1452 2595 eis
1468 2569 1585 2603 fuissem,
1610 2572 1747 2604 peccatum
1768 2576 1819 2596 non

1027 2614 1179 2642 habuissent
1192 2623 1198 2642 :
1221 2623 1289 2642 nunc
1302 2620 1392 2642 autem
1404 2615 1598 2642 excusationem
1614 2623 1667 2642 non
1681 2615 1775 2642 habent
1788 2615 1819 2642 de

1027 2667 1133 2696 peccato
1148 2661 1236 2692 suo”,
1254 2660 1281 2687 id
1303 2664 1345 2687 est
1360 2659 1586 2688 satisfactionem.
1605 2659 1667 2687 Haec
1678 2667 1741 2695 ergo
1758 2668 1818 2686 cum

1027 2708 1147 2744 audisset
1160 2707 1337 2743 intelligibilis
1347 2707 1462 2742 Moyses,
1479 2707 1580 2741 placuit
1594 2707 1629 2739 ei,
1650 2706 1712 2741 quia
1726 2706 1820 2733 Eccle-

1027 2755 1093 2782 siam
1107 2754 1211 2781 invenit
1222 2762 1299 2782 suam
1315 2754 1466 2781 doctrinam
1476 2745 1688 2781 custodientem.
1702 2752 1778 2785 Quod
1793 2756 1822 2779 et

1028 2809 1080 2830 nos
1092 2800 1347 2834 scientes,abomni
1363 2800 1474 2836 quidem
1489 2800 1541 2827 alia
1555 2800 1689 2832 doctrina,
1702 2803 1731 2826 et
1747 2798 1821 2826 blas-

215 2873 238 2914 ‘_‘
256 2873 278 2900 It
295 2873 368 2900 Tim.
384 2881 418 2914 in,
435 2872 480 2901 ‘20.
519 2873 542 2890 "
556 2874 618 2903 Art.
636 2881 685 2907 vn,
709 2873 755 2901 5L
793 2874 815 2890 "
834 2873 955 2908 llehr.x,
971 2872 1017 2905 26.
1055 2872 1077 2890 ’⁸
1091 2871 1185 2902 Matth.
1200 2880 1248 2914 xu,
1265 2871 1311 2899 51.
1349 2871 1372 2888 ³⁷
1388 2870 1451 2899 Act.
1466 2877 1494 2904 v,
1507 2870 1535 2898 4.
1581 2868 1684 2898 “Psal.
1700 2876 1772 2903 xeiv,
1791 2868 1827 2897 8.-

182 2908 204 2925 "
220 2908 298 2936 loan.
326 2916 371 2941 xv,
383 2909 430 2935 ξε.
