2052 3146
230 196 283 232 903

828 196 1008 228 HESYCHII
1029 194 1267 227 PRESBYTEBI

1807 189 1862 223 90$

230 257 339 293 phemia
363 256 559 284 abstineamus.
589 253 778 281 Gloriﬁr‘cmus
801 258 895 280 autem
930 253 1018 280 solum
1034 258 1056 286 Α
1072 253 1192 289 Spiritus
1204 251 1301 284 sancti,
1314 258 1387 278 nunc
1401 255 1427 278 et
1441 257 1559 286 semper,
1576 255 1603 278 et
1619 249 1647 277 in
1661 247 1761 278 secula
1772 255 1862 278 saecu-

229 304 367 331 viventcm
378 309 472 329 verum
490 302 586 331 Deum,
601 306 627 327 ct
641 308 740 327 nomen
753 300 849 332 Patris,
867 305 894 327 et
905 299 975 333 Filii,
992 305 1020 327 et

1073 299 1173 327 lorum.
1190 298 1285 326 Amen.

767 481 984 528 LIBER
1019 482 1357 529 TERTIUS.

1021 587 1058 596 ι·-

513 666 742 699 PREFATIO.

266 717 499 750 Quemadmodum
514 717 587 744 Deus
601 724 657 743 non
678 715 780 743 frustra
806 719 959 743 creaturam
973 721 1022 742 va-

232 763 328 790 rietate
341 763 494 798 complevit.
507 763 555 790 sed
573 766 604 789 ut
618 770 650 789 ex
676 761 831 791 diﬁ‘erentia
858 760 1025 788 conditionis

232 815 282 835 nos
296 808 466 843 disciplinam
482 807 606 839 artiﬁcis,
618 811 647 834 et
672 807 733 842 quis
756 806 792 833 sit
813 806 1022 840 conjiceremus.

231 851 298 880 Nam
305 853 350 888 qui
358 853 441 881 cmlos
448 853 602 885 intendunt,
610 858 645 879 ex
652 852 782 879 varietate
790 856 925 878 astrorum
933 849 1020 877 maxi—

231 904 305 923 mum
314 880 413 924 leorum
427 897 570 928 artiﬁcem,
585 900 667 931 atque
680 896 850 923 conditorem
865 895 1022 930 intelligunt
1037 880 1058 907 Β

233 941 329 969 Deum.
345 943 399 970 Sed
417 947 444 970 et
460 942 505 977 qui
522 946 623 969 terram
635 942 821 972 considerant.
839 948 871 968 ex
885 940 1022 969 diﬁ'erenti

232 988 375 1022 positionis
388 990 448 1023 ejus
465 988 573 1021 habitu,
589 988 616 1016 id
628 993 671 1016 est
686 995 718 1015 ex
735 987 905 1019 animalium,
919 986 1022 1022 virgul-

232 1038 379 1068 torumque
391 1034 571 1065 etseminum,
583 1033 711 1068 omnique
722 1033 781 1068 ejus
791 1032 946 1061 diﬁ'erentia
959 1039 1022 1059 eum

229 1084 407 1114 cognoscunt.
427 1079 481 1106 Sed
497 1084 525 1106 et
539 1079 567 1105 hi
582 1079 628 1114 qui
658 1079 691 1107 ad
706 1079 868 1106 immensam
891 1085 1022 1113 aquarum

229 1123 406 1151 diﬁusionem
425 1124 594 1152 transierunt
607 1124 693 1157 visus,
714 1132 747 1152 ex
763 1124 907 1159 spirituum
920 1130 969 1159 per
983 1123 1024 1151 di-

232 1176 309 1195 versa
326 1169 504 1203 proveniente
520 1174 607 1203 motu,
627 1170 778 1196 insularum
799 1177 918 1204 quoque,
946 1172 1023 1196 ceto-

230 1222 346 1249 rumque
361 1216 558 1250 magnitudine,
571 1220 599 1243 et
612 1215 740 1242 distantia
755 1216 881 1250 pisoium,
894 1215 1023 1242 innume-

231 1260 412 1294 rabiliumque
430 1269 560 1296 generum
576 1261 698 1293 natione,
715 1261 800 1288 Deum
820 1268 881 1288 csse
891 1260 1022 1288 factorem

232 1305 314 1339 hujus
327 1307 410 1333 etiam
427 1307 541 1334 visibilis
558 1306 681 1333 sentiunt
702 1311 835 1333 creaturae
853 1313 859 1332 :
879 1306 925 1333 Sic
941 1305 1022 1333 etiam

233 1352 318 1387 legem
332 1358 411 1380 ornat
423 1353 549 1380 omnibus
562 1354 717 1389 praeceptis,
733 1355 888 1389 producens
897 1354 1024 1381 videlicet

233 1398 382 1431 hominem,
407 1402 434 1425 et
456 1407 531 1426 nunc
562 1399 589 1425 in
612 1399 806 1426 sacriﬁciorum
829 1399 1022 1432 oblationibus,

233 1451 307 1471 nunc
321 1449 412 1471 autem
429 1444 454 1470 in
469 1444 591 1471 ciborum
614 1445 787 1476 abstinentia,
805 1450 879 1472 nunc
892 1445 973 1472 etiam
995 1445 1023 1472 in

231 1489 375 1516 curatione
386 1489 568 1524 corporalium
585 1491 741 1517 morborum
759 1491 905 1525 aliquando
932 1496 1023 1518 autem

233 1539 262 1561 et
276 1535 302 1562 in
316 1536 478 1569 quibusdam
493 1537 690 1568 contractibus,
708 1536 801 1570 quales
810 1543 870 1563 esse
881 1537 981 1564 debent
995 1537 1024 1564 hi

234 1580 280 1614 qui
292 1588 399 1615 semper
411 1582 504 1608 volunt
517 1589 578 1608 esse
605 1589 666 1608 cum
696 1582 762 1613 Deo,
791 1582 928 1617 praecepit.
954 1581 1025 1617 Ergo

233 1624 289 1658 iam
303 1625 335 1652 ad
349 1625 405 1659 ipsa
422 1626 487 1660 legis
503 1626 586 1653 verba
600 1627 754 1653 veniamus.

542 1700 655 1728 CAPUT
678 1701 724 1728 Xl.

271 1765 416 1793 VnnsJ-S.
438 1775 446 1792 ι
465 1766 585 1793 Locutus
601 1771 643 1794 est
660 1767 793 1795 Dominus
814 1769 848 1796 ad
872 1768 981 1804 Moysen
1000 1774 1027 1796 et

237 1809 326 1838 Aaron
335 1812 429 1838 dicens
441 1820 447 1838 :
461 1811 546 1839 Dicite
562 1812 623 1839 ﬁliis
638 1813 721 1840 lsrael
734 1821 741 1841 :
752 1814 815 1841 Haec
830 1819 893 1841 sunt
901 1814 1027 1841 animalia

237 1864 296 1891 qum
313 1857 456 1884 comedere
472 1858 578 1885 debetis
587 1858 620 1884 de
631 1859 738 1886 cunctis
744 1859 929 1887 animantibus
938 1864 1026 1888 terrm.

237 1901 323 1929 Omne
349 1904 421 1937 quod
447 1903 529 1930 habet
549 1904 662 1931 divisam
677 1905 816 1940 ungulam,
827 1909 854 1933 et
868 1906 987 1932 ruminat
1000 1905 1027 1932 in

238 1948 394 1983 pecoribus.
414 1949 563 1976 comedetis
581 1959 587 1976 :
605 1949 737 1985 quidquid
750 1954 841 1977 autem
858 1950 988 1984 ruminat,
1001 1955 1029 1978 et

238 1993 320 2021 habet
335 1995 472 2030 ungulam,
487 1996 534 2023 scd
547 2004 601 2023 non
617 1996 714 2023 dividit
728 2004 800 2029 eam,
815 1996 886 2024 sicut
897 1996 1026 2028 camelus.

237 2045 265 2067 et
273 2045 382 2073 cetera,
397 2049 452 2068 non
463 2042 614 2070 comedetis
625 2043 702 2075 illud,
713 2042 785 2070 inter
795 2042 935 2070 immunda
945 2050 1028 2078 repu—

238 2086 340 2113 tabitis.
353 2086 549 2123 Chirogryllus,
563 2087 610 2122 qui
627 2088 757 2121 ruminat,
773 2087 958 2123 ungulamque
972 2096 1029 2116 non

237 2132 345 2162 dividit,
361 2132 518 2160 immundus
533 2138 585 2160 est.
604 2133 693 2168 Lepus
709 2142 827 2168 quoque,
845 2141 908 2160 nam
922 2138 949 2161 et
969 2134 1028 2169 ipse

238 2177 368 2208 ruminat,
384 2178 429 2204 sed
442 2179 569 2213 ungulam
583 2186 637 2205 non
651 2179 749 2206 dividit
766 2189 772 2206 :
795 2183 823 2206 et
841 2186 888 2206 sus
902 2178 948 2214 qui
964 2186 1027 2206 cum

1073 667 1125 695 hoc
1153 666 1226 702 quod
1255 666 1427 695 immundum
1456 670 1508 697 est,
1537 669 1636 701 potest.
1657 663 1736 692 Nunc
1759 668 1862 697 autem,

1072 719 1200 749 tanquam
1212 713 1313 741 oblitus
1327 720 1409 748 qttam
1421 712 1455 739 de
1471 713 1510 739 eis
1524 712 1674 747 protulerat
1687 710 1862 743 sententiam,

1072 760 1194 795 quadam
1210 760 1320 794 quidem
1347 757 1505 786 animalium
1522 758 1634 791 munda,
1652 756 1777 792 quaedam
1794 756 1863 784 dixit

1072 805 1223 832 immunda.
1241 804 1311 840 Ergo
1323 804 1447 839 quaedam
1467 808 1549 830 erunt
1562 803 1643 836 bona,
1657 802 1779 838 quadam
1808 809 1863 829 non

1073 850 1154 878 bona.
1171 850 1223 877 Sed
1242 858 1296 877 non
1312 850 1414 882 estita,
1431 856 1494 877 nam
1508 848 1560 875 etsi
1575 848 1608 875 ad
1628 847 1765 875 modicum
1780 847 1862 875 casti-

1073 904 1136 931 gare
1145 896 1302 924 Judmorum
1318 895 1542 931 γαστριμαργίαν
1558 894 1676 925 volebat,
1694 898 1783 921 tamett
1799 900 1864 920 vent

1073 942 1140 976 legis
1159 941 1343 969 consideratio
1362 940 1505 968 manifesta
1519 944 1571 972 est,
1588 943 1616 966 et
1629 937 1778 974 spiritualis
1793 945 1868 972 prte-

1073 992 1213 1022 ccptorum
1236 987 1381 1021 expositio.
1412 985 1565 1020 Qualesque
1591 989 1699 1020 oportet
1728 991 1788 1011 esse
1811 983 1864 1018 legi

1073 1033 1193 1060 studium
1206 1033 1313 1065 dantes,
1326 1033 1434 1060 docenti
1445 1032 1626 1059 intentionem
1652 1031 1789 1066 legislator
1815 1030 1865 1057 ha-

1073 1079 1130 1107 bet.
1142 1079 1169 1107 Si
1186 1079 1257 1106 enim
1270 1087 1321 1105 non
1334 1079 1360 1105 in
1373 1078 1428 1106 solo
1440 1086 1508 1113 pane
1521 1078 1582 1104 vivit
1598 1078 1684 1109 homo,
1697 1077 1742 1103 sed
1754 1076 1781 1102 in
1794 1076 1866 1102 omm’

1074 1128 1151 1152 verba
1165 1126 1235 1160 quod
1247 1125 1363 1159 procedit
1379 1125 1411 1151 de
1425 1132 1469 1151 ore
1482 1124 1531 1151 Dei
1544 1123 1566 1154 ⁸,
1585 1123 1657 1151 sicut
1681 1123 1760 1158 panis
1775 1122 1864 1149 nutri-

1073 1175 1196 1197 mentum
1212 1175 1254 1197 est
1266 1168 1400 1204 corporis,
1416 1169 1456 1196 sic
1483 1174 1510 1196 ct
1537 1169 1577 1196 lex
1593 1169 1640 1196 Dei
1666 1168 1865 1196 nutrimentum

1074 1220 1117 1243 est
1131 1215 1238 1246 animas,
1252 1219 1346 1250 utpote
1359 1214 1499 1242 rationalis
1515 1214 1640 1241 rationali
1652 1214 1739 1241 virtus
1756 1219 1784 1241 et
1800 1214 1866 1241 sub~

1074 1262 1209 1289 sistentia.
1226 1260 1259 1288 Et.
1276 1261 1347 1289 sicut
1363 1261 1390 1288 in
1409 1260 1597 1296 superioribus
1612 1269 1645 1288 ex
1661 1260 1705 1288 his
1728 1268 1788 1295 qua:
1816 1259 1866 1286 im-

1074 1307 1222 1338 molantur,
1237 1306 1334 1341 ﬁgurat
1344 1314 1391 1334 eos
1403 1307 1450 1341 qui
1467 1306 1597 1338 oﬁerunt,
1620 1314 1669 1341 per
1684 1313 1762 1333 ovem
1780 1306 1866 1341 signi-

1075 1353 1160 1380 ﬁcans
1176 1352 1336 1387 simplicem,
1350 1360 1398 1387 per
1408 1353 1525 1380 vitulum
1542 1353 1735 1380 mandatorum
1763 1360 1864 1387 opera-

1076 1403 1175 1429 torem,
1187 1405 1236 1433 per
1253 1397 1361 1426 haedum
1376 1406 1441 1426 vero
1452 1399 1641 1433 paenitentcm,
1653 1398 1781 1426 sicetiam
1793 1405 1867 1425 nunc

1076 1444 1210 1480 signiﬁcat
1226 1451 1274 1479 per
1288 1444 1426 1478 animalia,
1443 1452 1490 1472 eos
1512 1445 1560 1480 qui
1578 1445 1619 1472 eis
1640 1449 1804 1477 vescuntur;
1828 1444 1868 1470 ait

1075 1498 1148 1518 ennn
1163 1498 1219 1518 Slc:

1038 1551 1059 1579 ο
1112 1536 1225 1563 Locutus
1238 1541 1275 1563 est
1292 1536 1418 1563 Dominus
1435 1536 1470 1563 ad
1484 1535 1592 1571 Moysen
1607 1541 1631 1563 et
1643 1536 1733 1563 Aaron
1753 1537 1842 1564 dicen:
1857 1544 1868 1564 :

1076 1580 1162 1608 Dicite
1175 1581 1239 1615 ﬁliis
1261 1581 1346 1609 Israel
1361 1590 1370 1609 :
1386 1582 1449 1609 Ηιυί·
1471 1579 1531 1608 sunt
1553 1581 1683 1608 animalia
1701 1590 1759 1617 qua:
1780 1590 1868 1609 come-

1076 1627 1137 1653 (lere
1151 1628 1246 1654 debetis
1257 1628 1288 1654 de
1296 1629 1393 1655 cunctis
1406 1629 1586 1655 animantibus
1609 1633 1696 1655 teme.
1711 1628 1870 1655 Communis

1077 1677 1118 1700 est
1136 1673 1187 1704 lex,
1203 1674 1360 1701 mandatum
1375 1674 1428 1702 hoc
1440 1674 1473 1701 ad
1487 1682 1582 1702 omnes
1590 1675 1718 1709 pertinet.
1732 1674 1870 1709 totiusque

1077 1719 1170 1754 populi
1190 1720 1410 1754 esljustiﬁcatio.
1420 1720 1505 1756 Loqui
1520 1721 1594 1748 enim
1608 1721 1670 1748 ﬁliis
1684 1721 1778 1752 Israel.
1793 1721 1870 1748 omni

1077 1764 1205 1793 videlicet
1228 1766 1339 1802 populo,
1355 1768 1496 1802 praecepit.
1527 1767 1598 1800 Quid
1616 1772 1710 1795 autem
1739 1767 1870 1802 praecepit

1077 1811 1149 1846 loqui
1161 1812 1172 1838 ’ἓ

1113 1857 1175 1884 llaec
1185 1863 1246 1885 sunt
1260 1858 1390 1885 animalia
1402 1867 1460 1894 qua!
1477 1858 1611 1886 comedere
1625 1859 1733 1891 debetis,
1749 1859 1780 1885 de
1804 1867 1871 1885 cun—

1079 1904 1127 1931 cti:
1142 1905 1323 1932 animantibus
1336 1909 1425 1932 terrw.
1435 1905 1610 1940 Nequaquam
1633 1909 1725 1932 autem
1753 1905 1868 1936 diceret,

1079 1949 1112 1976 de
1142 1950 1327 1985 animantibus
1357 1954 1447 1984 terrae,
1474 1951 1529 1978 nisi
1559 1951 1739 1978 intentionem
1755 1950 1870 1978 haberet

1079 1995 1112 2022 ab
1137 1996 1301 2023 animalibus
1320 1996 1477 2024 coelestibus
1501 1996 1685 2032 distinguendi
1705 2005 1712 2023 :
1730 1995 1766 2023 ibi
1795 1996 1869 2023 cnim

1079 2041 1166 2068 leonis
1191 2049 1253 2068 esse
1275 2041 1390 2074 voltum,
1407 2046 1435 2069 et
1453 2042 1543 2074 vituli,
1568 2046 1596 2068 et
1621 2041 1728 2076 aquilae,
1748 2041 1821 2068 sicut
1843 2046 1873 2068 ct

1080 2085 1210 2118 hominis,
1229 2087 1292 2114 dum
1313 2087 1439 2115 Ezechiel
1450 2089 1461 2104 ⁵
1476 2087 1603 2114 animalia
1619 2087 1760 2114 Cherubin
1775 2087 1869 2119 tradit,

1079 2132 1198 2160 edocuit.
1215 2131 1285 2168 Ergo
1300 2133 1326 2159 in
1340 2132 1497 2160 cmlestibus
1511 2132 1675 2159 animalibus
1685 2131 1809 2159 custodia
1822 2135 1871 2158 aut

1080 2178 1132 2205 alia
1146 2178 1392 2213 circumspectione
1406 2186 1461 2205 non
1475 2185 1597 2213 egemus,
1618 2181 1648 2205 ut
1671 2185 1871 2214 cognoscamus

239 2223 368 2258 ungulam
382 2223 494 2256 dividat,
510 2231 565 2251 non
578 2225 696 2252 ruminat
706 2234 713 2252 :
723 2225 821 2252 horum
836 2225 1027 2252 carnibusnon
1044 2219 1068 2248 υ
1080 2231 1140 2258 qua:
1153 2224 1208 2251 sint
1217 2223 1330 2250 munda.
1346 2222 1444 2251 Omnia
1459 2224 1533 2250 enim
1557 2223 1683 2250 similiter
1708 2223 1821 2250 mundae
1844 2227 1872 2250 et

239 2269 400 2301 vescemini,
412 2277 463 2297 nec
474 2270 605 2297 cadavera
624 2270 788 2306 contingetis
802 2269 867 2305 quia
886 2269 1026 2297 immunda

238 2320 304 2343 sunt
316 2316 402 2344 vobis.
422 2325 431 2342 ι

278 2361 339 2390 llaec
371 2362 405 2390 de
420 2362 519 2397 quibus
540 2369 614 2390 nunc
632 2369 722 2390 sermo
737 2365 790 2395 est,
812 2361 846 2389 ad
860 2361 919 2397 ipsa
936 2360 1028 2389 divina

238 2408 345 2442 eloquia
363 2409 509 2435 maximam
529 2408 655 2436 videntttr
679 2408 782 2435 habere
795 2407 1029 2439 contrarietatem,

239 2453 286 2488 qui
302 2454 373 2480 cnim
390 2454 445 2481 Noe
460 2455 530 2481 dixit
545 2463 550 2481 :
566 2454 648 2482 Omne
673 2454 742 2488 quod
766 2458 884 2481 movetur
910 2457 934 2480 et
957 2453 1031 2485 vivit,

240 2499 292 2526 erit
318 2500 387 2526 vobis
404 2501 432 2526 in
450 2500 535 2527 cibum
553 2508 562 2527 :
579 2505 602 2527 et
617 2500 693 2535 quasi
709 2500 780 2527 olera
805 2499 917 2526 uirentia
934 2498 1033 2526 tradidi

243 2544 314 2571 vobis
329 2546 418 2571 omnia
434 2545 441 2560 ‘
456 2554 463 2571 :
480 2546 618 2580 quomodo
631 2554 704 2573 nunc
730 2546 854 2581 quaedam
876 2545 981 2574 comedi
998 2546 1032 2573 de

243 2590 297 2621 his,
311 2598 370 2625 qua:
384 2591 458 2626 prius
473 2599 602 2619 concessa
621 2596 695 2624 sunt,
711 2591 873 2627 prohibuit?
887 2592 1030 2625 Quomodo

243 2636 337 2668 etiam,
365 2637 473 2671 quando
499 2637 613 2664 faciebat
639 2638 739 2665 bestias
772 2642 852 2664 terra:
880 2637 1029 2665 secundum

244 2690 331 2718 genus
346 2690 437 2714 suum,
455 2688 482 2709 et
498 2690 607 2717 pecora,
623 2688 651 2710 et
668 2683 783 2717 reptilia,
802 2683 903 2711 dictum
916 2687 958 2711 est
974 2693 980 2710 :
997 2682 1032 2710 Et

245 2727 310 2753 vidit
327 2726 397 2754 Deus
412 2728 480 2762 quod
495 2732 577 2754 essent
601 2729 668 2754 bona
688 2728 709 2759 ι,
723 2731 751 2754 et
766 2736 860 2756 rursus
881 2737 889 2756 :
914 2728 1033 2763 Viditque

245 2771 315 2798 Deus
331 2776 425 2799 cuncta
438 2780 496 2807 qum
509 2772 578 2807 fecit,
593 2777 616 2799 et
633 2778 707 2800 erant
724 2773 800 2801 ualde
824 2773 925 2801 bona“!
940 2773 1033 2802 Nulla—

246 2823 327 2845 tcnus
358 2821 448 2845 autem
480 2826 540 2846 esse
566 2819 690 2851 bonum,
728 2820 845 2847 maxime
880 2823 909 2847 et
944 2820 1032 2853 valde,

278 2888 362 2920 'Gcn.
389 2899 426 2923 Ix,
444 2892 471 2918 ὃ.
510 2892 520 2907 ¹
535 2890 605 2919 Gen.
623 2900 641 2924 t,
659 2892 692 2919 lO
708 2897 732 2919 at
746 2893 822 2920 alibi.
861 2893 871 2909 ³
887 2892 954 2922 ibid.
967 2893 1011 2921 3i.

1079 2274 1172 2297 sancta
1191 2274 1265 2301 sunt,
1284 2269 1353 2296 sicut
1364 2274 1458 2296 sancto
1473 2268 1539 2301 Deo,
1551 2273 1580 2296 et
1593 2277 1641 2296 eos
1655 2269 1701 2304 qui
1714 2269 1740 2296 in
1753 2268 1871 2296 circuitu

1080 2314 1140 2350 ejus
1151 2319 1217 2342 sunt
1234 2315 1386 2342 sanctiﬁcat
1400 2316 1528 2343 astantia.
1543 2315 1636 2343 Terrae
1648 2323 1715 2343 vero
1741 2315 1873 2342 animalia

1080 2370 1137 2390 non
1151 2363 1242 2390 omnia
1255 2366 1319 2390 sunt
1333 2362 1445 2395 munda,
1464 2370 1521 2390 non
1537 2366 1649 2398 propter
1667 2366 1806 2394 naturam,
1822 2361 1872 2389 sed

1080 2413 1193 2444 propter
1216 2413 1341 2436 nostrum
1363 2415 1504 2436 excessum
1516 2411 1541 2436 et
1562 2409 1626 2444 quia
1639 2416 1688 2444 per
1699 2408 1872 2444 iniquitatem

1081 2458 1206 2482 naturam
1221 2453 1441 2489 depravavimus.
1460 2453 1514 2482 Sed
1541 2453 1772 2489 quemadmodum
1790 2461 1874 2481 mun-

1082 2500 1176 2528 ditiam
1185 2509 1280 2528 eorntn
1289 2509 1495 2537 cognoscamus,
1505 2501 1547 2528 vel
1558 2501 1771 2534 immunditiam,
1781 2508 1814 2528 ex
1830 2500 1875 2528 bis

1083 2554 1143 2581 qua:
1157 2551 1309 2581 sequuntur
1321 2546 1482 2574 intuendum
1499 2552 1551 2574 est.

1119 2592 1204 2620 Omne
1215 2593 1284 2625 quod
1299 2592 1375 2620 habet
1388 2593 1499 2620 divisam
1512 2593 1650 2629 ungulam,
1665 2598 1689 2621 et
1714 2593 1832 2621 ruminat
1847 2593 1875 2619 in

1085 2639 1233 2674 pecoribus,
1246 2639 1395 2666 comedetis.
1410 2639 1580 2667 Animalibus
1602 2640 1720 2668 maxima
1735 2639 1823 2667 virtus
1846 2639 1874 2666 in

1087 2685 1224 2721 unguibus
1238 2693 1299 2713 esse
1326 2686 1456 2718 creditur,
1482 2693 1543 2721 quat
1569 2686 1653 2714 etiam
1683 2685 1875 2722 cognationem

1088 2730 1263 2758 habenlcum
1281 2730 1417 2758 dentibus.
1436 2730 1571 2766 Unguium
1602 2730 1735 2767 siquidem
1761 2735 1814 2764 est,
1844 2736 1876 2757 eo

1087 2775 1246 2811 discerpere
1263 2783 1324 2811 qua;
1349 2780 1411 2811 apta
1426 2777 1485 2804 esui
1511 2784 1561 2812 per
1579 2776 1677 2804 dentes
1693 2776 1773 2807 ﬁunt.
1802 2774 1875 2810 quod

1086 2827 1236 2858 utrumth
1250 2823 1331 2850 nobis
1356 2822 1451 2850 Daniel
1470 2823 1561 2855 tradit,
1578 2822 1689 2858 quando
1717 2821 1787 2850 forte
1808 2828 1873 2857 pro-

1051 2893 1169 2922 ‘Matth.
1196 2902 1233 2928 tv,
1249 2895 1276 2922 4.
1315 2896 1325 2913 ⁸
1339 2894 1437 2923 Ειθοιι.
1449 2902 1468 2927 t,
1486 2893 1497 2921 Ι
1517 2899 1592 2930 seqq.
