2052 3146
177 174 229 207 905

748 174 788 204 IN
807 173 1023 204 LEVITICUM.
1035 186 1068 191 -
1084 174 1156 204 LIB.
1178 174 1234 203 IlI.

1750 177 1802 209 905

177 237 281 264 ponens
295 238 418 265 regnum,
438 231 524 259 dicit:
546 231 706 264 Aspicicbam
721 230 749 256 in
762 231 858 257 visione
873 230 965 261 noctis,
983 234 1002 262 Α
1019 233 1045 256 et
1063 228 1107 264 qui
1124 229 1243 263 leporem
1260 229 1415 261 comedunt,
1426 235 1451 257 et
1466 230 1511 265 qui
1526 230 1718 267 chirogryllnm
1736 242 1741 258 :
1755 242 1803 260 ru-

178 279 271 302 etecce
290 275 372 302 bestia
393 281 488 311 quarta
513 276 645 307 terribilis,
670 281 749 311 atque
772 276 912 308 mirabilis,
943 281 966 302 et

179 322 252 356 [ortis
265 322 361 353 nimis;
377 325 466 350 dentes
473 323 570 357 ferreos
580 323 688 349 habebat
704 330 822 357 magnos,
834 323 967 348 comedens

179 375 257 404 alque
271 371 460 402 contminuens,
480 374 504 396 et
529 370 630 405 reliqua
649 370 756 403 pedibus
783 369 836 396 suis
863 368 966 395 concul-

180 424 242 443 rans
255 416 276 443 ‘.
293 416 472 451 Septuaginta
490 420 581 443 autem
614 416 761 450 specialius
780 415 896 442 dicunt:
915 415 968 442 Γη-

180 469 241 495 gues
255 461 291 488 eis
302 461 374 488 terei.
391 460 458 494 Quia
472 462 580 496 ergoita
591 466 641 492 est,
661 461 773 496 ﬁgurate
789 461 966 493 demonstrat,

180 507 225 542 qui
239 507 295 533 sint
309 507 354 542 qui
371 515 402 534 se
417 507 451 534 ad
471 507 674 534 meditationem
691 508 860 534 dcvoverunt
890 507 967 542 legis,

179 557 272 579 utrum
292 551 385 578 mundi
415 559 449 578 an
465 551 597 578 immundi
616 560 622 576 :
645 550 782 577 ruminarc
806 550 879 576 enim
911 558 967 581 eos,

179 603 208 625 et
222 597 343 624 dividere
357 597 482 632 ungulam
503 597 640 631 prmccpit.
665 596 711 622 Illa
736 601 826 622 autem
842 596 969 622 animalia

179 643 310 678 ungulam
334 643 456 675 ﬁndunt,
482 651 652 678 quaecunque
684 650 802 677 unguem
829 651 913 678 usque
937 643 970 670 ad

180 691 268 726 ipsam
282 690 436 716 inferiorem
451 689 575 716 dividunt
591 689 697 724 pellem.
724 689 794 724 Ergo
810 689 854 716 ille
870 692 970 716 muuda

180 735 309 763 animalia
325 735 452 766 comedit,
471 734 516 769 qui
534 742 588 761 non
606 734 694 761 solum
711 734 857 761 meditatur
872 734 969 769 legem.

182 783 230 810 scd
243 787 271 809 et
287 782 416 813 ruminat,
432 781 458 808 id
478 785 521 808 est
536 780 681 812 reconfcrt,
696 784 724 807 et
743 785 848 807 eructat
864 781 971 807 actione

179 834 265 863 atque
278 827 417 862 operibus.
435 826 572 854 Eructalio
601 827 674 853 enim
705 826 850 853 verborum
869 826 926 858 Dei,
944 831 972 854 ct

183 873 331 900 ruminatio
360 871 548 898 mandatorum
572 876 614 899 est
636 875 663 898 ct
685 872 845 898 exsecutio:
864 876 972 906 propter

183 918 255 953 quod
273 917 335 944 audi
351 917 433 943 David
449 917 585 944 dicentem

183 965 291 991 verbum
303 964 408 996 bonum,
427 964 485 990 dico
505 972 550 998 ego
576 971 656 997 opera
680 972 737 990 mea
758 964 813 999 regi
828 964 850 992 '.
868 963 907 990 Ad
924 964 973 990 de-

185 1011 384 1038 nuntiationem
400 1017 494 1038 eorum
507 1018 567 1044 qua:
594 1013 758 1036 consecutus
786 1013 828 1036 est
846 1017 971 1044 operum,

186 1057 258 1083 hanc
279 1055 476 1082 eructationem
498 1055 644 1084 bonorum,
662 1057 743 1088 atque
762 1053 973 1080 ruminationem

188 1100 375 1135 proculdubio
391 1099 599 1126 intellexit.Non
617 1103 707 1125 autem
722 1099 870 1128 ruminarc.
884 1099 930 1125 sed
948 1103 975 1125 et

186 1147 309 1174 dividere
326 1145 394 1181 legis
405 1145 543 1181 ungulam.
565 1149 592 1171 et
607 1145 774 1180 distinguere
793 1144 910 1170 litteram
941 1143 976 1170 ab

185 1194 296 1229 spiritu,
319 1196 346 1220 et
364 1192 471 1219 tradere
501 1191 623 1225 quaedam
651 1191 801 1217 secundum
833 1190 975 1217 historiam

185 1240 285 1270 solam,
302 1239 425 1274 quaedam
439 1238 588 1265 secundum
613 1236 883 1271 contemplationem,
901 1244 976 1270 qua:-

187 1288 250 1313 dam
269 1293 334 1313 vero
355 1284 505 1312 secundmn
521 1288 667 1317 utrumque
688 1282 851 1317 intelligere,
882 1282 976 1309 distri-

185 1337 260 1359 ctam
274 1332 460 1359 custodientes
479 1330 504 1356 in
521 1330 561 1357 eis
573 1329 735 1357 divisionem
751 1336 819 1363 opus
832 1328 974 1355 habemus.

186 1378 240 1411 Qui
255 1377 330 1404 enim
346 1377 406 1404 talis
426 1381 478 1409 est,
495 1376 538 1403 hic
551 1379 757 1402 consummatus
778 1379 858 1408 atque
886 1375 977 1409 perfe-

188 1429 250 1451 ctus
263 1427 316 1453 est,
334 1427 361 1449 et
373 1426 518 1457 propterea
535 1421 652 1447 mundus
671 1424 747 1447 recte
770 1420 880 1447 dicitur.
911 1420 978 1454 Qui-

188 1478 298 1504 cunque
316 1473 406 1496 autcm
421 1475 503 1495 unum
518 1468 550 1494 de
567 1467 617 1500 his,
632 1475 691 1501 qua:
706 1467 777 1493 dicta
795 1471 869 1499 sunt,
888 1467 978 1494 minus

189 1517 283 1548 habet,
302 1515 346 1542 hic
359 1513 502 1541 manifeste
514 1512 670 1539 immundus
682 1516 732 1543 est,
749 1512 818 1538 sicut
831 1512 886 1548 ipsa
899 1513 977 1539 docet

189 1563 257 1598 legis
276 1563 376 1592 littera,
393 1560 431 1587 ait
447 1560 520 1586 enim
539 1568 544 1586 :

227 1606 290 1633 Non
303 1606 442 1632 comedetis
453 1605 528 1637 illud,
554 1606 622 1632 inter
650 1605 786 1631 immunda
808 1605 974 1639 reputabitis.

189 1653 327 1688 Quidquid
341 1653 467 1683 ruminat,
487 1656 510 1678 et
522 1652 598 1678 habet
614 1650 751 1687 ungulam,
769 1652 814 1678 sed
825 1660 877 1678 non
888 1651 980 1678 dividit

191 1707 250 1725 eam
271 1699 337 1725 sicut
359 1697 484 1730 camelus,
498 1702 521 1723 et
532 1702 639 1726 uetera.
653 1705 703 1723 non
712 1697 861 1729 comedetis,
875 1701 899 1724 et
912 1697 981 1722 inter

190 1745 329 1772 immunda
350 1743 515 1778 reputabitis.
537 1743 675 1770 Camclum
702 1743 844 1771 comedere
874 1747 982 1770 tumens

191 1799 241 1826 per
266 1791 421 1825 superbiam
447 1789 557 1817 Judazus
581 1794 654 1816 recte
683 1790 854 1824 intelligitur,
886 1789 912 1816 id
941 1793 983 1816 est

191 1836 295 1864 ὃςτίὶιῖε
325 1841 353 1864 et
381 1835 518 1868 Pbarismi,
548 1836 579 1862 ad
607 1843 676 1870 quos
700 1836 808 1863 dicebat
830 1835 980 1862 Dominus:

191 1882 336 1917 Liquantes
378 1882 497 1913 culicem,
540 1882 670 1908 camelum
697 1887 785 1908 autent
809 1881 947 1916 glutientes
960 1881 981 1906 ".

192 1928 276 1955 Isaias
292 1928 372 1955 etiam
385 1927 453 1954 dixit
467 1936 473 1953 :
492 1927 554 1953 Illuc
570 1927 639 1953 enim
661 1927 727 1953 dixit
753 1927 816 1952 mihi
832 1926 958 1952 Dominus
973 1932 982 1951 .'

199 1973 281 2005 Vade,
296 1979 319 2000 et
345 1982 411 2008 pone
424 1973 623 2009 speculatorem,
641 1978 664 2000 ct
687 1972 857 2008 quodcunque
878 1973 982 2004 uiderit,

189 2022 342 2049 annuntiat.
363 2021 395 2047 Et
407 2021 471 2048 vidit
482 2029 589 2047 currum
615 2021 727 2047 duorum
753 2021 877 2055 equitant,
891 2027 984 2046 ascen-

192 2076 278 2095 sorem
297 2067 378 2100 asini,
399 2072 423 2094 et
439 2075 602 2094 ascensorem
629 2066 755 2093 cameli“.
785 2065 837 2092 Per
864 2065 983 2097 asinum,

194 2115 317 2150 gentium
333 2124 341 2141 :
357 2122 404 2149 per
419 2114 563 2145 eamelnm,
580 2112 719 2140 Judaieam
748 2111 983 2139 conversationem

194 2159 361 2195 signiﬁcans.
384 2159 493 2193 Figurat
518 2158 600 2185 etiam
614 2158 732 2184 litteram
745 2157 821 2193 legis,
836 2165 986 2192 eorumque

195 2213 275 2241 grave
296 2205 392 2240 jugum
414 2204 543 2237 camelus,
562 2209 656 2239 utpote
671 2204 717 2239 qui
732 2204 873 2231 consuevit
903 2212 985 2231 onera

195 2256 305 2286 portare
325 2259 331 2277 :

195 2301 337 2332 portantes
351 2297 385 2323 de
401 2297 480 2324 bonis
502 2297 604 2324 domini
620 2297 662 2324 sui
692 2298 726 2324 ad
751 2297 984 2332 dispensationem

196 2343 328 2370 Rebecca:
342 2342 430 2370 duxit.
447 2340 612 2377 Figurabaut
628 2347 719 2369 autem
747 2343 773 2369 hi
801 2342 894 2370 decem
918 2350 987 2377 pra:-

196 2393 273 2423 cepta
289 2388 367 2423 legis,
386 2395 446 2422 quae
461 2396 515 2415 non
526 2388 615 2415 omnia
631 2388 702 2415 bona
718 2388 773 2421 Dei,
790 2389 837 2416 sed
852 2392 941 2416 tamen
953 2389 988 2416 de

196 2434 324 2461 omnibus
340 2434 420 2461 bonis
433 2439 542 2469 gerunt,
559 2439 670 2469 propter
686 2434 737 2461 hoc
752 2435 824 2469 quod
841 2435 988 2470 participa-

195 2481 247 2508 lem
262 2480 487 2515 justlﬁcationem
502 2481 584 2508 habet
594 2481 648 2508 lex.
666 2481 737 2516 Ergo
752 2480 853 2508 Scriba:
870 2486 898 2509 et
916 2481 987 2508 Pha-

196 2527 266 2554 risati
285 2527 469 2554 ruminantem
489 2527 646 2559 comedunt,
664 2527 726 2562 quia
743 2527 769 2554 in
786 2528 878 2562 legalis
891 2529 988 2555 littera:

197 2573 348 2608 gloriantur
363 2574 553 2605 meditatione,
567 2580 594 2600 et
610 2574 637 2600 in
658 2574 733 2601 cultu
751 2574 873 2607 Sabbati,
891 2574 988 2609 puriﬁ-

197 2618 379 2653 cationisque,
394 2623 421 2645 et
437 2618 645 2652 sacriﬁciorum,
661 2619 830 2654 aliorumque
847 2620 988 2647 similium.

196 2663 332 2700 Unguium
349 2669 440 2692 autem
460 2673 514 2692 non
527 2665 652 2693 dividunt
666 2673 698 2693 ea
715 2674 776 2701 qua:
796 2666 830 2693 ab
847 2666 887 2693 eis
897 2674 990 2694 come-

198 2711 310 2743 duntur,
339 2719 430 2747 neque
452 2711 612 2738 discernunt
640 2711 675 2739 ab
700 2712 797 2746 spiritu
817 2712 945 2743 litteram,
960 2716 988 2739 et

199 2761 342 2791 propterea
356 2764 451 2784 eorum
468 2757 582 2784 scientia
597 2757 738 2785 immunda
756 2762 808 2784 cst.
822 2757 900 2784 Tales
925 2763 989 2785 sunt

235 2859 246 2874 ⁶
261 2860 329 2887 Dan.
350 2867 398 2892 vn,
409 2859 436 2886 'l.
475 2860 484 2875 ⁷
499 2859 572 2886 Psal.
588 2866 661 2892 xuv,
673 2859 701 2886 2.

203 2892 224 2907 "
239 2894 310 2921 I’sal.
327 2902 387 2926 xui,
400 2895 427 2921 3.
466 2894 487 2910 "
502 2897 551 2921 Isa.
571 2903 588 2925 ι,
605 2894 652 2921 21.
691 2895 712 2910 ¹⁵
728 2894 821 2921 chtr.
841 2902 871 2928 tl,
884 2895 930 2927 2|,
948 2895 993 2922 '22.

320 2942 455 2972 PATBOL.
475 2943 532 2972 Gn.
546 2941 648 2971 XCIII.

740 2859 750 2874 ⁸
763 2859 859 2886 Matth.
874 2867 951 2892 xxnt,
961 2859 1007 2886 24.

1018 275 1123 303 minant
1141 276 1213 302 enim
1229 280 1256 302 et
1271 275 1331 310 ipsi,
1349 276 1394 303 scd
1412 277 1538 312 ungulam
1552 285 1608 305 non
1623 278 1758 306 dividunt.
1774 280 1804 306 In

1019 321 1139 355 populari
1181 325 1271 348 autem
1313 321 1495 354 multitudine,
1526 323 1681 351 Judaeorum
1718 333 1804 360 genus

1019 370 1164 401 utrumque
1184 375 1244 394 esse
1260 367 1391 402 accipitur
1404 377 1410 394 :
1423 369 1522 396 debilia
1535 369 1635 404 quippe
1660 377 1721 398 esse
1745 371 1806 398 ani-

1019 412 1098 438 malia
1108 412 1165 439 hazc
1179 413 1317 446 dicuntur,
1331 418 1399 441 teste
1415 413 1498 442 David
1525 420 1550 442 et
1564 415 1719 450 Salomone,
1729 423 1805 445 utro-

1019 465 1134 491 rumque
1158 458 1316 486 animalium
1339 459 1504 488 debilitates.
1529 461 1674 490 Salomone
1697 464 1805 498 quidem

1020 511 1081 530 cum
1097 504 1134 531 ait
1154 514 1159 530 :
1178 504 1348 539 Lepusculus,
1367 506 1435 540 plebs
1450 508 1578 540 invalida,
1595 509 1680 543 posuit
1693 510 1720 536 in
1733 515 1807 544 petra

1021 550 1104 577 cubile
1114 551 1162 577 sibi
1177 552 1207 578 ¹⁸.
1233 551 1316 579 David
1331 561 1397 580 vero
1423 563 1429 579 :
1461 553 1542 581 Petra
1566 556 1696 591 refugium
1717 557 1808 583 crina-

1021 596 1106 627 ciis“,
1122 597 1179 624 sive
1194 598 1373 634 chirogryllis,
1389 607 1506 634 quorum
1522 608 1605 627 unum
1618 606 1660 628 est
1686 602 1765 629 velox
1781 607 1808 628 cl

1022 643 1156 675 timidum,
1172 651 1234 671 cum
1249 645 1415 677 inﬁrmitate,
1429 645 1454 673 id
1467 650 1509 674 est
1518 647 1612 681 lepus:
1630 647 1701 674 aliud
1717 652 1807 675 autent

1021 688 1110 717 debile
1125 690 1245 724 quidem,
1257 692 1303 719 scd
1319 700 1400 727 rapax
1416 697 1443 719 et
1466 693 1588 724 bestiale,
1615 697 1698 728 atque
1712 694 1808 721 morti-

1023 734 1109 762 ferum
1122 736 1226 768 dicunt,
1237 737 1263 764 id
1274 742 1315 764 est
1326 738 1513 774 chirogryllus,
1529 740 1601 774 quod
1613 740 1686 767 omni
1701 741 1809 775 quidem

1023 781 1137 814 plebeio,
1153 783 1268 810 maxime
1284 788 1374 811 autem
1390 784 1545 812 Judaeorum
1562 786 1635 813 inest
1654 786 1763 822 populo,
1777 787 1811 814 de

1022 826 1120 860 quibus
1136 827 1205 854 dixit
1218 828 1304 856 David
1321 838 1327 856 :
1358 829 1460 857 Velocex
1478 831 1555 865 pedes
1570 840 1660 859 eorum
1674 834 1709 860 ad
1729 834 1812 868 cﬂ'un-

1023 873 1135 899 ciendum
1159 875 1358 910 sanguinem".
1388 876 1487 904 Tim‘idi
1515 882 1605 904 autem
1632 883 1762 912 quantum
1785 883 1814 906 et

613 926 620 943 :
652 916 790 943 Eructaeit
815 925 859 942 cor
886 925 971 943 meum
989 917 1008 943 Β
1023 918 1124 945 inﬁrmi
1145 919 1192 946 ﬁlii
1214 920 1370 948 Judmorum
1397 922 1462 953 sint,
1498 930 1547 949 vox
1576 923 1668 950 divina
1693 925 1814 952 ostendit

1027 971 1088 990 cum
1105 964 1171 991 dicit
1186 973 1192 991 :
1210 965 1255 993 Vat
1267 967 1394 994 cordibus
1426 967 1550 1002 trepidis,
1574 973 1602 995 et
1627 969 1753 997 manibus
1769 979 1813 998 re-

1025 1010 1125 1037 missis.
1143 1011 1277 1045 lnjustitia
1303 1016 1394 1040 autem
1406 1018 1517 1048 quanta,
1534 1021 1561 1041 ct.
1576 1014 1670 1042 feritas
1685 1016 1756 1050 apud
1764 1024 1812 1043 eos

1025 1059 1093 1087 crat,
1111 1055 1175 1082 audi
1192 1056 1432 1085 lsaiamdicentem
1451 1057 1606 1090 :Quomodo
1620 1060 1690 1094 facta
1707 1066 1745 1087 eat
1758 1069 1814 1088 me—

1026 1101 1107 1127 retrix
1123 1101 1214 1128 civitas
1226 1102 1309 1136 ﬁdelis
1321 1103 1400 1136 plena
1419 1103 1533 1137 judicii?
1552 1105 1659 1139 justitia
1686 1106 1815 1133 habitavit

1026 1146 1107 1178 inea,
1123 1154 1191 1173 nunc
1205 1152 1292 1174 autem
1305 1149 1445 1176 homicidia
1459 1149 1493 1175 τ’.
1506 1150 1571 1178 Post
1587 1151 1637 1179 hos
1654 1159 1731 1179 suem
1749 1152 1816 1180 dicit

1026 1200 1087 1219 esse.
1102 1193 1281 1226 immundum,
1298 1195 1360 1229 quia
1375 1196 1472 1223 dividit
1485 1197 1623 1231 ungulam,
1649 1202 1677 1224 et
1691 1205 1744 1225 non
1768 1206 1816 1225 ru-

1026 1239 1122 1266 minat.
1139 1239 1189 1272 Qui
1201 1247 1265 1275 ergo
1281 1241 1337 1268 sint
1353 1241 1398 1275 qui
1416 1241 1589 1274 aemulentur,
1617 1251 1649 1270 ac
1671 1249 1817 1278 propterea

1028 1285 1171 1312 comedere
1201 1286 1275 1313 illum
1310 1287 1461 1320 dicuntur,
1495 1288 1604 1315 Pctrum
1635 1290 1816 1323 expositorcm

1028 1335 1055 1357 et
1079 1331 1238 1365 magistrum
1264 1333 1371 1367 suscipe
1393 1342 1400 1360 :
1427 1341 1489 1360 cum
1516 1334 1616 1370 quippe
1644 1335 1690 1370 qui
1735 1336 1818 1363 habet

1029 1377 1172 1405 scientiam
1201 1378 1366 1412 divinorum,
1389 1381 1437 1407 sed
1472 1389 1524 1407 non
1557 1382 1601 1409 illa
1625 1382 1695 1409 bene
1722 1383 1818 1415 utitur,

1029 1422 1235 1457 actionibusque
1252 1422 1408 1458 incongrnis
1420 1431 1479 1451 eam
1502 1425 1599 1460 polluit
1621 1426 1737 1461 vitroque
1764 1427 1817 1454 im-

1029 1467 1137 1494 mundae
1153 1468 1330 1502 semetipsum
1345 1469 1438 1496 tradit.
1455 1469 1535 1497 Sucm
1552 1472 1633 1498 etiam
1648 1472 1705 1506 ipse
1725 1473 1818 1507 appel-

1029 1511 1093 1539 lavit
1107 1513 1201 1540 dicens
1215 1522 1221 1540 :
1240 1513 1336 1541 Melius
1357 1515 1446 1549 fuisset
1465 1516 1501 1542 eis
1515 1524 1564 1542 non
1577 1524 1728 1551 cognoscere
1747 1518 1818 1544 viam

1030 1558 1149 1591 justitiw,
1166 1566 1246 1594 quam
1263 1560 1366 1594 cognita
1381 1568 1422 1592 ea,
1435 1565 1504 1586 retro
1520 1562 1612 1588 reverti
1628 1570 1643 1588 a
1658 1563 1755 1589 tradito
1769 1563 1818 1589 sibi

1031 1609 1122 1630 sancto
1132 1605 1256 1631 "laudata
1268 1613 1277 1631 .'
1290 1606 1475 1640 contigitenim
1490 1606 1542 1633 illis
1559 1615 1599 1634 res
1613 1608 1664 1634 reri
1679 1609 1819 1642 proverbii,

1033 1647 1112 1675 Cattis
1126 1657 1241 1676 reversus
1256 1651 1291 1676 ad
1300 1652 1425 1677 vomitum
1439 1660 1524 1684 suum,
1540 1657 1563 1678 et
1583 1661 1627 1679 sus
1641 1653 1693 1679 lota
1711 1654 1736 1680 in
1749 1655 1821 1681 tolu-

1034 1695 1108 1720 tabro
1124 1695 1230 1722 aeni“.
1248 1695 1316 1728 Quia
1333 1703 1397 1731 ergo
1414 1697 1585 1724 ostendimus
1613 1706 1676 1725 eum
1700 1699 1745 1732 qui
1769 1699 1821 1735 legi

1033 1748 1142 1775 operam
1162 1741 1207 1768 dat
1223 1742 1361 1769 ruminare
1374 1742 1485 1775 debere,
1501 1743 1523 1770 is
1537 1743 1582 1778 qui
1596 1744 1657 1771 talis
1667 1749 1718 1778 est,
1728 1750 1821 1780 utpote

1034 1786 1169 1814 sordidam
1195 1787 1300 1814 habens
1331 1788 1425 1820 vitam,
1455 1793 1482 1815 et
1514 1796 1569 1816 non
1592 1790 1708 1825 impleas
1724 1791 1820 1826 legem.

1034 1836 1107 1859 recte
1116 1839 1171 1859 non
1185 1832 1323 1859 ruminare
1334 1841 1394 1866 qua:
1407 1833 1474 1868 legis
1489 1838 1562 1864 sunt.
1578 1834 1689 1862 dicitur.
1705 1834 1781 1862 Unde
1795 1840 1824 1862 ct

1035 1879 1119 1905 vomit
1132 1874 1227 1913 utpote
1245 1878 1409 1914 indigestum
1433 1880 1522 1906 cibum
1539 1880 1724 1907 meditationis
1744 1880 1821 1915 legis,

1035 1929 1062 1950 ct
1091 1925 1204 1952 minime
1226 1925 1258 1952 ad
1284 1925 1411 1952 elicctum
1432 1926 1649 1960 pervenientem.
1677 1925 1756 1961 Ergo,
1771 1927 1822 1952 etsi

1035 1970 1165 2004 ungulam
1183 1970 1290 2002 dividit,
1311 1975 1339 1997 et
1353 1970 1470 1997 litteram
1487 1970 1608 1998 dividere
1625 1972 1685 2001 scit.
1701 1979 1715 1997 a
1727 1971 1823 2006 spiritu

1036 2019 1127 2042 tamen
1143 2015 1301 2042 immundus
1315 2020 1367 2042 est.
1382 2016 1434 2042 Sed
1451 2016 1515 2050 quid
1535 2016 1577 2043 his
1590 2024 1649 2051 qua:
1663 2017 1734 2044 dicta
1761 2023 1825 2044 sunt

1036 2061 1158 2089 addidit?

1072 2109 1173 2136 Harum
1192 2110 1316 2136 carnibus
1331 2118 1382 2136 non
1399 2110 1546 2142 vescemini,
1560 2119 1605 2138 nec
1620 2111 1750 2138 cadauera
1764 2119 1826 2137 con-

1038 2155 1153 2191 tingetis,
1172 2156 1235 2191 quia
1258 2156 1396 2182 immunda
1421 2161 1481 2183 sunt
1503 2157 1583 2184 vobis.
1604 2156 1661 2184 Nec
1680 2157 1826 2187 camelutn.

1037 2208 1089 2229 nec
1112 2202 1244 2237 leporem,
1268 2210 1319 2230 nec
1342 2202 1546 2239 chirogryllum,
1568 2211 1619 2231 nec
1646 2211 1733 2236 suem,
1754 2204 1826 2230 inter

363 2251 435 2278 unde
459 2258 556 2277 servus
578 2250 715 2278 Abraham
742 2251 837 2278 decem
867 2250 985 2277 camelos
1004 2247 1025 2273 D
1041 2249 1142 2275 munda
1158 2248 1290 2283 judicavit
1307 2257 1313 2275 :
1329 2256 1378 2283 per
1401 2249 1459 2276 haec
1478 2249 1560 2276 etiam
1580 2254 1678 2276 uetera
1699 2249 1827 2276 animalia

1039 2295 1195 2330 designans,
1207 2303 1267 2330 (μιίὲ
1278 2295 1321 2322 lex
1334 2303 1366 2322 ex
1378 2294 1421 2322 his
1441 2303 1502 2329 qua:
1513 2295 1585 2322 dicta
1606 2298 1669 2322 sunt
1685 2295 1828 2322 manifesta

1039 2340 1114 2368 fecit.
1133 2339 1197 2368 ideo
1214 2349 1279 2376 ergo
1298 2341 1358 2368 haec
1378 2345 1495 2376 quatuor
1515 2348 1629 2368 numero
1645 2339 1744 2375 posuit,
1765 2340 1826 2374 quia

1041 2391 1160 2421 (ptatuor
1182 2392 1246 2415 sunt
1265 2387 1405 2422 generales
1422 2387 1547 2417 virtutes,
1567 2386 1757 2421 praedictorum
1781 2393 1827 2412 au-

1043 2439 1097 2461 tcm
1120 2433 1280 2461 animalium
1303 2432 1466 2469 signiﬁcatio
1487 2433 1634 2460 virtutibus
1656 2435 1739 2464 caret,
1760 2439 1828 2466 qua-

1043 2486 1105 2508 tuor
1122 2480 1223 2514 quippe
1239 2479 1384 2507 virtutibus
1404 2483 1446 2506 est
1463 2478 1610 2506 contraria.
1628 2477 1694 2504 Nam
1709 2477 1830 2504 camclus

1040 2527 1067 2553 in
1086 2525 1242 2552 Scribarum
1263 2529 1290 2551 et
1309 2524 1506 2551 Pharisaeorum
1523 2523 1678 2558 superbiam
1692 2526 1828 2557 sumptus,

1039 2572 1182 2606 sapientiae
1207 2571 1363 2599 contrarius
1389 2575 1432 2598 est
1455 2579 1460 2597 :
1482 2571 1628 2598 stultorum
1660 2570 1761 2605 quippe
1789 2575 1832 2596 est

1038 2619 1179 2653 proprium
1192 2618 1345 2653 superbire.
1357 2617 1425 2650 Quia
1439 2622 1530 2645 autem
1543 2621 1658 2652 utroque
1669 2617 1723 2644 hoc
1736 2617 1832 2643 morbo

1040 2664 1143 2691 Scriba:
1152 2671 1179 2692 et
1187 2664 1315 2691 Pharisaei
1326 2664 1501 2696 tenebantur,
1512 2664 1574 2691 audi
1586 2664 1619 2690 ad
1631 2671 1678 2691 eos
1687 2663 1832 2690 Dominum

1041 2711 1177 2738 dicentem
1199 2719 1205 2736 :
1225 2710 1306 2737 Stulli
1331 2715 1355 2737 et
1381 2711 1452 2742 cwci,
1467 2710 1530 2745 quid
1555 2710 1643 2744 majus
1664 2714 1712 2740 est,
1732 2717 1839 2735 aurum-

1043 2762 1088 2784 aut
1115 2757 1240 2792 templum
1259 2757 1327 2792 quod
1347 2757 1495 2791 sanctiﬁcat
1517 2765 1614 2784 aurum
1630 2756 1667 2782 "‘l
1681 2757 1715 2783 Et
1738 2762 1833 2782 rursus

1046 2861 1056 2876 ‘
1069 2859 1120 2886 lsa.
1137 2867 1192 2892 xxi,
1204 2859 1231 2886 6.
1270 2859 1292 2874 '°
1323 2859 1402 2888 Prov.
1419 2869 1483 2894 xxv,
1509 2860 1554 2888 ‘25.
1595 2861 1615 2876 “
1628 2859 1699 2887 Psal.
1716 2866 1772 2892 cui,
1787 2858 1834 2888 18.

1036 2895 1057 2910 ¹¹
1073 2894 1169 2922 Matth.
1190 2903 1265 2929 xxiii,
1291 2895 1334 2922 l7.

1635 2939 1672 2970 29
