2052 3146
168 205 220 236 9υ9

737 203 777 232 1N
797 201 1016 232 LEVITICUM.
1034 214 1067 218 --
1085 201 1157 230 LIB.
1175 201 1222 230 IlI

1751 202 1804 235 910

169 260 254 288 rautia
276 260 432 295 temporalis
452 265 504 290 est.
523 263 550 286 tl.
572 266 624 294 qua
640 263 783 293 propterca
798 259 853 285 cito
869 257 957 285 carcri
974 261 994 287 Α
1010 258 1120 283 reritutc
1145 257 1243 290 privati
1265 262 1336 289 sunt,
1360 258 1568 286 existimantium
1596 265 1724 294 quantum
1750 268 1804 288 em

167 307 254 344 possit
270 328 278 339 ,
300 308 342 335 Ιιιε
367 313 395 334 ct
420 307 538 342 cognitio
565 305 688 334 sublimis
708 310 736 332 et
762 305 816 332 vita
840 305 960 333 ctelestis

167 353 304 387 adjicitur.
323 353 424 380 Horum
440 360 505 388 ergo
521 352 567 387 qui
586 359 641 379 non
659 356 725 380 sunt
741 352 819 384 tales,
836 360 887 379 nec
902 360 961 378 car-

169 407 216 427 nes
247 399 411 430 comedere,
439 399 488 426 sed
517 406 568 425 nec
593 398 737 426 morticina
759 401 886 433 tangere,
911 406 962 425 nec

168 445 287 479 aliquam
315 443 538 471 communionem
565 443 678 471 oumino
704 451 765 471 cum
792 443 833 471 eis
860 444 962 472 habere

167 493 288 525 oportet,
307 489 380 525 quod
407 494 522 518 testatur
544 489 655 522 Paulus,
674 490 791 518 dicens:
811 489 841 517 Si
867 491 901 521 is,
918 491 963 525 qui

169 539 254 573 frater
277 539 441 570 nominatur,
464 543 501 565 est
527 539 682 574 fornicator,
709 543 755 565 aut
783 547 890 569 auarus,
916 543 963 565 aut

169 583 247 610 idolis
270 584 396 616 seruiens,
422 587 468 610 aut
494 583 653 615 maledicus,
681 588 727 610 aut
754 583 886 615 ebriosus,
917 587 962 609 aut

171 637 267 663 rapax.
283 637 342 655 cum
354 629 505 663 Izujusmodi
520 637 565 655 nec
579 628 664 655 cibum
676 637 778 656 sumere
790 630 822 655 ".
838 629 961 659 Adulter.

170 679 216 702 aut
233 682 341 707 avarus,
356 679 403 702 aut
419 675 555 707 ebriosus,
576 679 622 702 aut
636 675 783 706 detractor.
805 682 860 702 non
882 674 965 702 habet

170 720 317 755 pinnulas,
342 724 372 747 ttt
389 720 474 747 vitam
499 721 627 748 videlicet
651 721 756 748 habens
782 721 917 748 sordidam
937 725 965 748 et

170 765 350 793 immundam.
381 766 516 793 ldolorunt
542 771 633 793 autent
666 766 754 794 cultor
795 767 822 793 in
849 766 892 793 his
918 766 963 801 qui

169 820 299 847 squamas
318 813 432 844 habent,
449 821 504 840 tton
529 817 715 848 contputatur,
732 813 828 841 durant
851 813 962 848 quippe,

168 863 197 884 ct
212 858 238 884 iu
257 866 361 885 morem
379 862 471 891 testas,
494 863 576 893 atque
599 859 779 886 insanabilem
803 859 904 886 habere
925 858 964 885 νὶ-

169 904 251 930 detur
277 904 433 931 divinorum
459 904 658 939 ignorantiam,
682 904 749 932 alias
772 913 963 939 nequaquam,

170 952 315 982 postquam
351 948 408 976 Deo
440 949 606 984 coniunctus
641 955 700 982 est,
731 950 801 977 ultra
835 951 964 978 servisset

171 993 262 1020 idolis.

209 1039 290 1067 Vens.
311 1039 403 1068 H-lﬂ.
421 1050 431 1066 ί
454 1040 517 1068 [late
542 1045 606 1068 sunt
629 1049 689 1076 qua:
708 1042 741 1068 de
759 1043 856 1070 nvibus
872 1051 964 1070 come—

170 1086 236 1113 dere
258 1095 313 1113 non
329 1087 445 1118 debetis,
460 1093 487 1114 et
504 1087 611 1115 vitanda
627 1093 690 1116 sunt
712 1089 789 1116 vobis
804 1099 810 1116 :
831 1091 961 1124 aquilam,

171 1136 198 1158 ct
213 1132 354 1166 grypltem,
371 1137 398 1159 et
413 1132 550 1159 ltalizetunt
565 1152 572 1164 ,
588 1137 613 1160 ct
631 1132 741 1159 milvum
769 1140 802 1160 ac
817 1134 963 1165 vulturem,

169 1178 249 1211 jinta
267 1185 354 1211 genus
374 1185 454 1204 suum
470 1185 477 1203 ε
493 1182 520 1204 ct
534 1185 614 1204 otnnc
634 1177 737 1204 currini
761 1178 868 1213 generis
884 1179 910 1204 in
927 1178 964 1205 si-

171 1222 354 1248 utilltudiuem
378 1230 454 1248 suam
478 1231 484 1248 :
507 1222 700 1254 strutltiouctu,
721 1227 860 1254 noctuam,
878 1228 905 1250 et
926 1223 965 1249 la-

171 1276 243 1300 runt,
260 1273 287 1294 et
311 1268 468 1302 accipitrem
493 1268 570 1303 juxta
593 1276 677 1304 genus
702 1276 794 1300 suum,
815 1269 964 1300 bubonem,

170 1320 198 1340 et
223 1315 387 1349 mergulum,
404 1319 432 1342 et
448 1315 515 1346 ibin,
534 1322 660 1350 cycnum,
679 1319 706 1344 ct
723 1315 922 1347 onocrotalum,
938 1320 966 1342 et

170 1361 397 1396 porpltyrionem,
425 1361 613 1394 lterodionem,
637 1366 665 1389 et
691 1362 866 1389 cltaradrium
888 1363 965 1397 juxta

171 1412 258 1440 genus
277 1413 368 1437 suttut,
386 1413 505 1440 upupam
520 1413 640 1440 quoque,
658 1410 687 1432 et
702 1406 932 1441 vespertilionem.
954 1415 962 1430 ι

208 1450 263 1477 Nec
283 1459 379 1478 eorum
398 1451 444 1485 qui
462 1452 496 1479 ad
515 1452 775 1487 contemplationem
800 1457 908 1484 vacant,
926 1452 966 1478 vi-

171 1502 227 1524 tam
253 1497 280 1523 in
306 1497 358 1524 hoc
387 1498 526 1532 lcgislator
552 1498 735 1525 indiscussam
765 1498 891 1534 reliquit,
919 1498 966 1526 sed

170 1543 403 1577 quemadmodum
434 1543 460 1569 iu
494 1543 632 1571 oblatione
676 1543 872 1570 sacriﬁciorum
905 1551 966 1578 pro-

172 1589 263 1624 priqu
275 1589 317 1615 eis
332 1589 398 1624 legis
413 1590 563 1624 capitulum
576 1589 728 1625 deputavit,
742 1590 778 1617 ita
789 1594 817 1617 et
832 1589 860 1616 in
875 1589 967 1624 inqui-

171 1636 272 1662 sitione
303 1635 425 1662 ciborum
458 1633 527 1662 tinos
554 1636 593 1663 eis
616 1635 741 1671 proprios
768 1635 872 1669 dedit,
897 1643 967 1670 quos

172 1680 340 1714 produt-ens,
362 1685 391 1708 et
418 1681 599 1707 terribiliures
625 1680 738 1713 iaciens,
760 1689 816 1708 non
839 1681 912 1708 sieut
933 1681 967 1708 de

172 1726 318 1760 pecoribus
332 1731 359 1753 et
379 1727 412 1753 de
430 1728 561 1762 piscibus,
583 1727 665 1754 ctiant
689 1727 723 1754 de
746 1727 788 1754 bis
809 1728 907 1755 sancit.
929 1728 967 1755 Ibi

172 1773 246 1799 enim
264 1773 302 1800 ait
320 1783 325 1799 :
343 1773 403 1800 lia‘c
419 1778 479 1800 sunt
508 1774 639 1800 animalia
660 1782 718 1809 qua;
737 1774 871 1801 comedere
891 1774 968 1801 debe-

173 1820 205 1846 tis
223 1819 255 1846 dc
277 1820 377 1846 cunctis
400 1820 581 1847 animantibus
604 1825 691 1847 terras.
711 1819 743 1848 Et
764 1828 860 1848 rursus
877 1831 883 1848 :
904 1820 968 1848 Ilarc

172 1870 232 1891 Sunt
257 1874 316 1900 qutr
340 1865 485 1899 gignuntur
510 1865 537 1891 in
562 1865 647 1900 aquis,
662 1869 686 1891 et
703 1865 770 1891 vesci
788 1865 890 1892 licitum
918 1870 966 1892 est.

174 1911 222 1937 llic
239 1915 332 1938 anteiit
351 1920 357 1937 :
377 1910 441 1938 Ilaec
454 1916 515 1937 sunt
538 1919 597 1946 quin
613 1912 646 1938 tle
659 1912 752 1939 avibus
767 1913 900 1938 conuertere
915 1920 968 1938 non

172 1958 281 1987 debetis.
307 1962 331 1984 et
356 1958 464 1984 vitanda
485 1964 544 1984 sunt
572 1958 652 1985 vobis.
671 1957 741 1985 Vere
764 1958 968 1985 abotninatione

172 2003 286 2038 dignum
311 2008 363 2036 est,
391 2008 419 2030 et
442 2003 519 2030 valde
547 2003 619 2031 ittter
649 2004 744 2031 illicita
777 2008 859 2038 atque
886 2003 968 2031 nimis

171 2049 298 2076 evitanda
315 2049 579 2081 connumerandunt,
589 2049 966 2084 contemplationivacantem

171 2095 330 2130 quempiam
358 2100 456 2130 sponte
481 2096 548 2123 tales
576 2096 677 2122 habere
705 2095 824 2123 maculas
841 2116 849 2128 ,
874 2095 968 2131 quales

172 2150 221 2176 per
255 2143 444 2170 dinumeratas
479 2150 542 2170 aves
579 2142 716 2177 legislator
748 2141 900 2177 signiﬁcat;
930 2140 968 2168 ait

171 2196 245 2215 enim
269 2197 277 2215 ἒ

207 2246 344 2281 Aquilam,
361 2251 385 2273 et
407 2247 543 2281 gryphem,
557 2251 581 2273 rt
610 2241 729 2274 aliretum
742 2267 750 2278 ,
771 2251 794 2273 et
808 2245 915 2273 miluum
937 2253 968 2272 ac

982 939 1000 966 li

980 1612 1002 1642 (ἒ

1013 303 1137 336 pit-tatem
1158 303 1190 329 5".
1214 303 1267 330 llos
1288 311 1353 339 ergo
1373 304 1528 339 signiﬁcant
1547 313 1578 333 ea
1594 314 1655 341 quae
1670 315 1743 335 nunc
1761 308 1804 335 di—

1013 353 1155 376 numerata
1175 354 1239 375 sunt
1258 349 1397 382 animalia,
1419 350 1520 378 victum
1534 360 1567 379 ex
1582 352 1676 387 rapina
1689 354 1804 389 conqui-

1014 396 1110 423 rentia.
1129 396 1258 428 Quaedam
1274 403 1364 423 autem
1381 405 1414 424 ex
1431 397 1482 429 his.
1499 398 1566 426 alias
1581 406 1646 427 ares
1661 399 1804 429 invadunt.

1013 445 1040 468 ct
1057 449 1090 468 ex
1112 442 1305 470 venationibus
1323 450 1419 470 earum
1437 444 1615 478 nutriuntur;
1633 445 1685 472 alia
1699 454 1764 474 vero
1778 446 1805 473 in

1014 487 1109 515 domus
1136 488 1332 523 ingredientia,
1355 489 1487 524 diripiunt
1512 497 1573 524 qua:
1599 491 1751 525 repererint
1772 500 1807 520 ne

1014 534 1125 568 quidem
1143 535 1296 568 gerentium
1314 534 1437 562 obsoniis
1455 536 1607 570 parcentia,
1623 537 1723 571 quibus
1743 543 1809 565 sunt

1014 579 1117 606 similes
1133 579 1245 614 quidam
1271 579 1317 614 qui
1341 584 1486 614 penetrant
1509 581 1616 614 dumos,
1636 586 1664 609 et
1688 581 1808 617 captivas

1015 626 1119 654 ducunt
1139 627 1313 654 mulierculas
1330 633 1457 655 oneratas
1474 629 1604 663 peccatis,
1624 636 1692 664 quos
1710 629 1808 657 Paulus

1014 674 1113 709 arguit.
1132 674 1231 702 \‘ultur
1246 675 1312 703 rixis
1328 680 1356 702 et
1371 675 1450 703 bellis
1469 677 1580 711 gaudet,
1599 681 1711 711 propter
1726 676 1809 704 cada-

1015 728 1078 747 vera
1096 721 1261 755 prmliorum.
1278 721 1304 748 in
1318 726 1421 750 tantum
1437 727 1467 750 ut
1483 722 1565 751 etiam
1589 726 1718 758 sequatur
1731 730 1810 750 excr-

1015 766 1110 793 citum.
1128 766 1187 794 Non
1203 774 1269 802 ergo
1285 771 1394 802 oportet
1410 767 1525 794 aliorutn
1540 767 1649 795 casibus
1666 767 1740 803 pasci
1767 771 1811 794 at-

1015 819 1069 846 que
1093 812 1190 839 nutriri
1216 820 1278 839 cum
1301 813 1348 847 qui
1371 812 1594 848 contemplationi
1617 813 1664 840 dat
1686 821 1808 848 operam.

1014 858 1125 885 Corvini
1149 866 1215 886 vero
1232 859 1341 893 generis
1358 859 1485 887 animalia
1505 864 1571 887 suttt
1592 859 1747 887 aﬂcctionis
1761 868 1810 887 ex-

1016 904 1113 938 pertia,
1130 905 1202 939 quod
1223 904 1400 933 manifestum
1414 909 1456 932 est
1470 913 1502 932 ex
1520 913 1564 937 eo,
1577 905 1649 940 quod
1663 906 1782 933 emissus
1794 914 1808 933 a

1016 950 1082 981 Noe,
1097 958 1129 978 ex
1148 951 1235 984 prima
1255 959 1317 978 eum
1336 959 1435 978 corvus
1457 951 1612 980 mulatione
1627 957 1810 987 transgressus

1015 997 1122 1028 ('st,t‘ui
1141 997 1238 1023 similis
1267 995 1352 1024 Judas
1376 998 1447 1024 circa
1473 1005 1552 1025 suum
1578 998 1736 1033 magistrum
1759 998 1811 1025 fuit

1015 1046 1042 1068 rt
1065 1041 1219 1068 Dominum.
1247 1041 1372 1069 Struthio
1398 1042 1457 1069 avis
1480 1042 1590 1077 quidem
1619 1047 1669 1075 est,
1692 1042 1741 1070 sed
1760 1051 1809 1070 vo-

1015 1087 1071 1114 lare
1089 1095 1143 1114 noti
1161 1092 1259 1122 potest,
1276 1092 1416 1122 totamque
1429 1089 1512 1115 vitam
1527 1096 1604 1117 suam
1619 1088 1692 1116 circa
1709 1092 1809 1115 terram

1015 1138 1142 1168 occupat,
1168 1134 1263 1168 quales
1287 1140 1353 1162 suttt
1378 1135 1489 1169 quidam
1517 1135 1573 1163 Deo
1599 1134 1758 1168 militantes,
1783 1140 1810 1162 ct

1016 1179 1107 1207 saeculi
1125 1187 1154 1206 se
1172 1180 1289 1215 negotiis
1309 1180 1492 1215 implicantes.
1517 1180 1650 1208 Noctuant
1667 1188 1743 1213 vero,
1760 1188 1810 1215 pro

1015 1233 1068 1260 qua
1084 1225 1263 1262 Septuaginta
1278 1227 1387 1261 γλαῦκα
1400 1227 1538 1261 dixerunt,
1551 1228 1622 1255 hanc
1636 1231 1763 1254 asserunt
1781 1227 1808 1253 in

1015 1277 1097 1299 nocte
1108 1273 1181 1300 acuti
1193 1280 1254 1300 esse
1269 1273 1354 1305 visus,
1366 1273 1423 1300 sole
1440 1278 1530 1301 autem
1548 1278 1706 1309 apparente,
1718 1273 1810 1301 minus

1018 1317 1135 1346 utilitate
1149 1319 1289 1346 oculorum
1306 1319 1370 1346 frui.
1383 1318 1463 1346 Tales
1476 1324 1540 1346 sunt
1551 1319 1597 1354 qui
1611 1319 1679 1355 legis
1691 1319 1809 1354 glorian-

1019 1369 1063 1391 tur
1083 1365 1316 1399 contemplatione
1333 1370 1361 1392 et
1380 1365 1505 1397 scicntia,
1537 1365 1624 1392 lucem
1647 1364 1810 1401 evangelica:

1018 1411 1234 1438 conversationis
1255 1418 1354 1446 capere
1379 1419 1433 1438 non
1458 1411 1590 1438 valentes.
1609 1411 1694 1438 Larus
1710 1411 1810 1438 animal

1017 1461 1060 1484 cst
1083 1456 1110 1484 in
1138 1461 1255 1492 utroque
1280 1457 1388 1489 vivens,
1405 1457 1431 1484 id
1456 1462 1499 1484 est
1524 1465 1593 1492 aqua
1617 1461 1645 1484 et
1666 1462 1749 1489 terra,
1764 1456 1811 1491 qui

1017 1504 1088 1530 sicut
1109 1503 1169 1530 avis
1190 1503 1302 1538 quidem
1325 1503 1408 1536 volat,
1425 1507 1454 1530 ut
1475 1503 1593 1538 aquatile
1614 1507 1705 1530 autem
1723 1507 1808 1530 natat.

1017 1548 1067 1576 Cui
1082 1557 1136 1577 non
1155 1550 1224 1577 male
1241 1554 1435 1585 comparantur
1456 1550 1495 1583 hi,
1510 1550 1558 1585 qui
1579 1549 1659 1576 simul
1681 1548 1810 1576 cieumci-

1018 1596 1123 1624 sionem
1157 1600 1322 1623 venerantur
1347 1601 1374 1624 et
1399 1595 1544 1631 baptisma,
1564 1596 1598 1623 ad
1621 1603 1690 1631 quos
1711 1594 1812 1623 Paulus

1018 1643 1084 1670 dicit
1102 1652 1107 1668 :
1128 1642 1157 1669 Si
1181 1643 1415 1676 circumcidemini,
1431 1642 1550 1670 Christus
1574 1642 1645 1670 vobis
1666 1642 1733 1669 nihil
1750 1649 1814 1677 pro-

1018 1691 1074 1716 dest
1089 1689 1122 1716 ".
1137 1688 1275 1724 Accipiter
1290 1689 1360 1716 inter
1374 1696 1488 1723 rapaces
1507 1696 1572 1715 aves
1592 1693 1643 1720 est,
1659 1688 1740 1715 habet
1761 1695 1812 1716 auo

1019 1741 1074 1763 tem
1094 1735 1221 1771 quiddam
1238 1734 1323 1767 aliud,
1343 1739 1456 1770 propter
1472 1734 1544 1770 quod
1561 1743 1576 1762 a
1591 1735 1747 1770 legislature
1760 1743 1811 1770 po-

1019 1781 1087 1809 situs
1100 1786 1151 1814 est,
1170 1781 1337 1809 mansuescit
1360 1781 1471 1816 quippe,
1487 1785 1516 1809 et
1532 1785 1694 1816 cooperatur
1710 1781 1744 1808 ad
1766 1789 1812 1808 ra-

1019 1828 1175 1863 pacitaletn.
1193 1828 1279 1861 Quem
1296 1828 1438 1855 imitantur
1452 1827 1478 1854 lti
1493 1827 1538 1862 qui
1551 1826 1686 1854 mansueti
1700 1826 1811 1861 quidem

1019 1875 1147 1901 videntur
1163 1881 1232 1905 esse,
1249 1878 1276 1900 et
1292 1881 1374 1901 sensu
1397 1873 1547 1908 tranquilli,
1565 1877 1629 1900 sunt
1642 1877 1733 1899 autent
1747 1879 1812 1900 cum

1019 1921 1188 1955 potentibus,
1205 1924 1233 1946 et
1248 1919 1348 1952 avaris,
1363 1924 1446 1954 atque
1476 1919 1630 1954 rapacibus.
1651 1917 1812 1953 Nycticurax

1017 1966 1117 1993 animal
1133 1969 1185 1997 est,
1203 1965 1275 1999 quod
1293 1964 1321 1991 in
1337 1969 1418 1992 nocte
1436 1964 1625 1992 tantummodo
1644 1963 1715 1998 repit
1729 1967 1812 1998 atque

1018 2015 1173 2046 operatur:
1196 2011 1267 2037 sicut
1291 2014 1356 2037 sunt
1380 2014 1491 2046 gentes,
1515 2009 1699 2045 intelligiltilcs
1723 2011 1812 2036 noctis

1018 2057 1156 2093 operibus.
1174 2065 1234 2092 quae
1257 2062 1321 2085 sunt
1344 2057 1500 2089 fornicatio,
1519 2055 1702 2089 immunditia,
1721 2055 1813 2091 impu-

1018 2103 1121 2135 dicitia,
1137 2103 1271 2131 idolorum
1286 2103 1386 2135 cultus,
1401 2107 1429 2130 et
1444 2102 1487 2130 liis
1505 2102 1616 2129 similia.
1635 2101 1688 2129 Ibis
1704 2106 1733 2129 et
1747 2108 1812 2136 por-

1018 2151 1134 2186 pltyrion
1159 2155 1190 2178 et
1207 2158 1288 2186 quem
1309 2149 1487 2185 Septuaginta
1503 2149 1646 2176 nominant
1659 2148 1811 2184 pelieauus,

1017 2202 1045 2225 et
1067 2205 1180 2234 cycnus,
1205 2201 1234 2224 et
1259 2195 1400 2228 hcrodius,
1425 2200 1452 2223 et
1475 2195 1633 2228 charadius,
1651 2195 1723 2231 longi
1748 2201 1812 2223 esse

1019 2243 1092 2276 colli,
1108 2243 1273 2278 traltereque
1293 2242 1385 2269 cibum
1406 2249 1439 2268 ex
1456 2241 1602 2268 altitudine
1629 2245 1711 2268 terra
1729 2245 1811 2275 atque

172 2291 302 2318 vulturem
327 2291 406 2325 juxta
433 2299 629 2325 genus_suum.
662 2291 794 2325 Rapaces,
817 2295 843 2317 ct
872 2290 961 2317 cibum
980 2294 1001 2322 Ι)
1016 2298 1148 2325 aquarum
1171 2289 1323 2316 dicuntur:
1342 2295 1401 2322 quae
1417 2286 1546 2315 animalia
1569 2286 1669 2313 imitari
1690 2290 1810 2320 oportet,

173 2339 292 2366 alienum
327 2338 397 2365 male
431 2342 586 2372 sectantes,
620 2338 825 2373 quzestibusque
855 2338 964 2372 iniustis

173 2384 335 2419 gaudentes,
353 2392 401 2418 per
416 2384 542 2419 praedicta
561 2384 704 2419 signiﬁcat.
720 2382 788 2416 Quia
808 2382 882 2409 enitn
902 2382 965 2417 qui-

175 2430 233 2456 dam
252 2429 433 2457 inveniuntur
448 2430 475 2456 in
491 2429 630 2461 Ecclesiis,
646 2429 718 2456 inter
732 2436 780 2456 eos
798 2428 844 2463 qui
867 2433 965 2462 putan-

175 2479 216 2502 tur
239 2475 465 2510 contemplationi
490 2482 602 2510 operam
626 2475 701 2505 dare,
719 2474 767 2509 qui
789 2481 844 2501 non
867 2481 965 2508 quem-

174 2521 319 2549 admodum
342 2521 455 2554 debent,
475 2521 509 2549 ad
532 2522 585 2549 hoc
603 2528 710 2554 vacant,
732 2521 780 2548 sed
805 2521 906 2548 frustra
923 2520 967 2547 itt-

175 2567 281 2599 llantur.
301 2568 367 2595 audi
383 2567 496 2596 Paulum
512 2568 648 2596 dicentem
668 2576 674 2594 :
689 2567 718 2595 Si
732 2567 791 2602 quis
807 2566 862 2594 alia
880 2567 966 2597 ducet,

175 2618 195 2639 et
217 2623 268 2641 non
297 2614 441 2649 acquiescit
464 2615 538 2641 sanis
564 2613 725 2641 sermonibus
750 2613 858 2640 Domini
885 2612 967 2639 nostri

176 2659 230 2685 issu
246 2658 357 2690 Christi,
372 2664 396 2686 et
411 2660 434 2686 ei
449 2660 494 2694 qui
511 2659 654 2686 secundum
673 2660 798 2694 pietatem
815 2662 851 2685 est
867 2658 966 2685 doctri-

178 2713 221 2738 naz,
241 2706 370 2740 superbus
391 2711 440 2738 est,
462 2706 528 2733 nihil
554 2707 647 2738 sciens,
672 2705 716 2733 scd
744 2706 871 2741 languens
895 2705 965 2732 circa

178 2753 327 2783 quastione:
352 2757 376 2779 et
398 2761 501 2788 pugnas
521 2753 668 2784 verborum,
684 2761 716 2780 ex
733 2752 825 2787 quibus
845 2753 966 2779 oriuntur

178 2797 288 2831 incidite,
306 2799 492 2829 contentiones,
508 2799 685 2834 blaspltorttiw,
698 2799 860 2833 suspiciones
875 2797 964 2829 molat,

180 2844 382 2878 conﬂictatione;
394 2844 529 2871 hominum
543 2850 627 2871 mente
640 2850 834 2878 corruptormn,
849 2848 872 2870 ct
887 2843 931 2878 qui
949 2851 965 2869 τι

205 2920 226 2936 ’³
251 2932 260 2959 ι
281 2933 344 2960 Cor.
372 2941 399 2964 ν,
418 2933 459 2961 tl.
499 2933 629 2960 "lTim.
647 2933 771 2966 n.3,t.

811 2933 832 2948 "
848 2932 936 2960 Galat.
958 2940 984 2964 τ,
1002 2931 1029 2958 9.

1018 2345 1070 2364 nec
1081 2337 1115 2364 de
1128 2335 1302 2363 inferioribus
1310 2334 1428 2362 evellere
1435 2333 1537 2366 cibum,
1545 2333 1593 2360 sed
1602 2332 1635 2359 de
1643 2331 1810 2359 cmlestibus.

1019 2383 1067 2410 Ille
1080 2382 1216 2417 siquidem
1229 2380 1453 2416 contemplationi
1467 2385 1553 2412 vacat,
1565 2378 1611 2414 qui
1624 2378 1657 2405 ad
1669 2377 1812 2412 superiora

1019 2433 1113 2456 mente
1129 2427 1280 2459 contendit,
1299 2431 1327 2454 et
1346 2434 1402 2453 non
1427 2426 1514 2453 solum
1535 2423 1744 2459 intelligibilem,
1763 2423 1812 2450 sed

1022 2477 1050 2501 et
1065 2471 1222 2500 scnsibilem
1237 2470 1328 2498 cibum
1345 2479 1359 2496 a
1377 2470 1433 2497 Deo
1445 2472 1601 2504 exspectat:
1619 2467 1691 2495 unde
1704 2467 1744 2494 ait
1759 2466 1813 2493 Do-

1022 2519 1114 2546 minus
1126 2527 1133 2545 :
1147 2517 1235 2544 Nolite
1248 2516 1353 2543 solliciti
1366 2523 1421 2543 esse
1433 2516 1531 2543 animo
1543 2519 1647 2548 ucstra,
1661 2514 1724 2549 quid
1736 2521 1814 2541 mon-

1021 2564 1131 2595 ducctic,
1139 2561 1221 2598 neque
1233 2561 1348 2597 corpori,
1356 2561 1420 2595 quid
1432 2561 1583 2588 induamini
1596 2569 1605 2587 :
1616 2560 1666 2588 scit
1678 2559 1748 2586 enim
1758 2559 1814 2587 Po-

1021 2615 1061 2636 ter
1081 2614 1165 2636 uester
1180 2607 1298 2640 celestis,
1316 2607 1381 2642 quia
1404 2606 1525 2634 omnibus
1548 2606 1587 2633 Itis
1610 2613 1713 2633 necem
1732 2605 1814 2632 [tabc—

1020 2657 1054 2683 tic
1065 2656 1098 2682 κ.
1115 2655 1212 2690 Upupa
1226 2653 1341 2689 lugubre
1354 2653 1454 2680 animal
1468 2660 1618 2687 amansque
1631 2653 1736 2680 luctum
1751 2655 1792 2678 est
1804 2659 1812 2678 :

1020 2701 1112 2730 saeculi
1136 2704 1228 2728 autem
1255 2699 1365 2727 tristitia
1392 2703 1508 2726 mortem
1533 2702 1672 2733 operatur.
1698 2696 1814 2730 Propter

1019 2748 1092 2783 quod
1115 2751 1224 2782 oportet
1243 2753 1305 2773 eum
1329 2746 1374 2780 qui
1396 2745 1484 2780 diligit
1510 2744 1595 2772 Deum
1621 2751 1730 2777 semper
1747 2750 1814 2778 gau-

1020 2795 1095 2826 dere,
1112 2793 1171 2821 sine
1193 2792 1398 2820 iutcrtnissione
1417 2799 1506 2825 orare,
1524 2791 1552 2818 in
1570 2790 1697 2818 omnibus
1712 2788 1814 2824 gratias

1021 2849 1101 2877 agerc
1117 2850 1123 2867 :
1141 2840 1203 2875 quia
1223 2839 1353 2875 gaudium
1379 2838 1484 2866 fructus
1499 2841 1541 2866 est
1558 2836 1680 2872 spiritus.
1696 2834 1814 2869 Vesper-

1074 2931 1096 2946 "
1113 2929 1208 2957 Matth.
1223 2937 1260 2961 γι,
1276 2927 1321 2962 5|,
1337 2928 1384 2955 52.
