  <div class='ocr_page' id='page_1' title='image "/cluster/home/n/w/nwhite01/storage/ocr_20150623/93/njp.32101077772836/515.png"; bbox 0 0 2052 3146; ppageno 0'>
   <div class='ocr_carea' id='block_1_1' title="bbox 238 229 285 265">
    <p class='ocr_par' dir='ltr' id='par_1_1' title="bbox 238 229 285 265">
     <span class='ocr_line' id='line_1_1' title="bbox 238 229 285 265; baseline -0.085 -1"><span class='ocrx_word' id='word_1_1' title='bbox 238 229 285 265; x_wconf 75' lang='lat' dir='ltr'><strong>9i!</strong></span> 
     </span>
    </p>
   </div>
   <div class='ocr_carea' id='block_1_2' title="bbox 240 277 1068 320">
    <p class='ocr_par' dir='ltr' id='par_1_2' title="bbox 240 277 1068 320">
     <span class='ocr_line' id='line_1_2' title="bbox 240 277 1068 320; baseline -0.023 1"><span class='ocrx_word' id='word_1_2' title='bbox 240 294 347 320; x_wconf 88' lang='lat' dir='ltr'><strong>titiones</strong></span> <span class='ocrx_word' id='word_1_3' title='bbox 363 291 434 318; x_wconf 81' lang='lat' dir='ltr'><strong>circa</strong></span> <span class='ocrx_word' id='word_1_4' title='bbox 451 293 549 315; x_wconf 82' lang='lat' dir='ltr'><strong>terram</strong></span> <span class='ocrx_word' id='word_1_5' title='bbox 566 283 667 314; x_wconf 78' lang='lat' dir='ltr'><strong>volant,</strong></span> <span class='ocrx_word' id='word_1_6' title='bbox 680 282 716 309; x_wconf 90' lang='lat' dir='ltr'><strong>ita</strong></span> <span class='ocrx_word' id='word_1_7' title='bbox 731 285 762 308; x_wconf 91' lang='lat' dir='ltr'><strong>ut</strong></span> <span class='ocrx_word' id='word_1_8' title='bbox 773 281 872 316; x_wconf 87' lang='lat' dir='ltr'><strong>pennis</strong></span> <span class='ocrx_word' id='word_1_9' title='bbox 889 286 939 314; x_wconf 89' lang='lat' dir='ltr'><strong>pro</strong></span> <span class='ocrx_word' id='word_1_10' title='bbox 955 277 1030 312; x_wconf 87' lang='lat' dir='ltr'><strong>pedi-</strong></span> <span class='ocrx_word' id='word_1_11' title='bbox 1047 285 1068 312; x_wconf 66' lang='grc' dir='ltr'><strong>Α</strong></span> 
     </span>
    </p>
   </div>
   <div class='ocr_carea' id='block_1_3' title="bbox 239 325 1033 369">
    <p class='ocr_par' dir='ltr' id='par_1_3' title="bbox 239 325 1033 369">
     <span class='ocr_line' id='line_1_3' title="bbox 239 325 1033 369; baseline -0.023 -3"><span class='ocrx_word' id='word_1_12' title='bbox 239 340 290 366; x_wconf 87' lang='lat' dir='ltr'><strong>bus</strong></span> <span class='ocrx_word' id='word_1_13' title='bbox 305 341 415 365; x_wconf 82' lang='lat' dir='ltr'><strong>utantur</strong></span> <span class='ocrx_word' id='word_1_14' title='bbox 430 332 538 369; x_wconf 78' lang='lat' dir='ltr'><strong>quando</strong></span> <span class='ocrx_word' id='word_1_15' title='bbox 554 329 695 357; x_wconf 87' lang='lat' dir='ltr'><strong>ambulant</strong></span> <span class='ocrx_word' id='word_1_16' title='bbox 715 337 720 354; x_wconf 91' lang='lat'>:</span> <span class='ocrx_word' id='word_1_17' title='bbox 741 326 814 362; x_wconf 86' lang='lat' dir='ltr'><strong>quod</strong></span> <span class='ocrx_word' id='word_1_18' title='bbox 834 325 975 360; x_wconf 82' lang='lat' dir='ltr'><strong>indignum</strong></span> <span class='ocrx_word' id='word_1_19' title='bbox 991 327 1033 349; x_wconf 75' lang='lat' dir='ltr'><strong>cst</strong></span> 
     </span>
    </p>
   </div>
   <div class='ocr_carea' id='block_1_4' title="bbox 239 374 1032 420">
    <p class='ocr_par' dir='ltr' id='par_1_4' title="bbox 239 374 1032 417">
     <span class='ocr_line' id='line_1_4' title="bbox 239 374 1032 417; baseline -0.023 -5"><span class='ocrx_word' id='word_1_20' title='bbox 239 386 265 411; x_wconf 94' lang='lat' dir='ltr'><strong>in</strong></span> <span class='ocrx_word' id='word_1_21' title='bbox 289 384 330 411; x_wconf 84' lang='lat' dir='ltr'><strong>eis</strong></span> <span class='ocrx_word' id='word_1_22' title='bbox 354 382 401 417; x_wconf 87' lang='lat' dir='ltr'><strong>qui</strong></span> <span class='ocrx_word' id='word_1_23' title='bbox 420 376 645 412; x_wconf 88' lang='lat' dir='ltr'><strong>contemplationi</strong></span> <span class='ocrx_word' id='word_1_24' title='bbox 671 374 737 402; x_wconf 84' lang='lat' dir='ltr'><strong>dant</strong></span> <span class='ocrx_word' id='word_1_25' title='bbox 763 379 898 407; x_wconf 82' lang='lat' dir='ltr'><strong>operam:</strong></span> <span class='ocrx_word' id='word_1_26' title='bbox 917 375 1032 404; x_wconf 88' lang='lat' dir='ltr'><strong>quormn</strong></span> 
     </span>
    </p>
   </div>
   <div class='ocr_carea' id='block_1_5' title="bbox 239 419 1033 455">
    <p class='ocr_par' dir='ltr' id='par_1_5' title="bbox 239 419 1033 455">
     <span class='ocr_line' id='line_1_5' title="bbox 239 419 1033 455; baseline -0.021 1"><span class='ocrx_word' id='word_1_27' title='bbox 239 430 313 455; x_wconf 80' lang='lat' dir='ltr'><strong>enim</strong></span> <span class='ocrx_word' id='word_1_28' title='bbox 331 431 372 455; x_wconf 88' lang='lat' dir='ltr'><strong>est</strong></span> <span class='ocrx_word' id='word_1_29' title='bbox 397 426 503 454; x_wconf 79' lang='lat' dir='ltr'><strong>volatus</strong></span> <span class='ocrx_word' id='word_1_30' title='bbox 524 424 595 450; x_wconf 88' lang='lat' dir='ltr'><strong>circa</strong></span> <span class='ocrx_word' id='word_1_31' title='bbox 621 426 732 452; x_wconf 89' lang='lat' dir='ltr'><strong>tcrram,</strong></span> <span class='ocrx_word' id='word_1_32' title='bbox 749 419 847 445; x_wconf 91' lang='lat' dir='ltr'><strong>horum</strong></span> <span class='ocrx_word' id='word_1_33' title='bbox 864 419 947 443; x_wconf 88' lang='lat' dir='ltr'><strong>etiam</strong></span> <span class='ocrx_word' id='word_1_34' title='bbox 967 421 1033 440; x_wconf 88' lang='lat' dir='ltr'><strong>con-</strong></span> 
     </span>
    </p>
   </div>
   <div class='ocr_carea' id='block_1_6' title="bbox 240 461 1032 510">
    <p class='ocr_par' dir='ltr' id='par_1_6' title="bbox 240 461 1032 510">
     <span class='ocr_line' id='line_1_6' title="bbox 240 461 1032 510; baseline -0.023 -7"><span class='ocrx_word' id='word_1_35' title='bbox 240 474 381 510; x_wconf 86' lang='lat' dir='ltr'><strong>templatio</strong></span> <span class='ocrx_word' id='word_1_36' title='bbox 397 472 492 508; x_wconf 84' lang='lat' dir='ltr'><strong>procul</strong></span> <span class='ocrx_word' id='word_1_37' title='bbox 508 470 591 498; x_wconf 89' lang='lat' dir='ltr'><strong>dubio</strong></span> <span class='ocrx_word' id='word_1_38' title='bbox 612 468 639 494; x_wconf 97' lang='lat' dir='ltr'><strong>in</strong></span> <span class='ocrx_word' id='word_1_39' title='bbox 661 465 777 494; x_wconf 85' lang='lat' dir='ltr'><strong>terrenis</strong></span> <span class='ocrx_word' id='word_1_40' title='bbox 792 465 951 510; x_wconf 84' lang='lat' dir='ltr'><strong>occupatur.</strong></span> <span class='ocrx_word' id='word_1_41' title='bbox 968 461 1032 510; x_wconf 41' lang='lat' dir='ltr'><strong>‘l\on</strong></span> 
     </span>
    </p>
   </div>
   <div class='ocr_carea' id='block_1_7' title="bbox 240 506 1032 556">
    <p class='ocr_par' dir='ltr' id='par_1_7' title="bbox 240 506 1032 556">
     <span class='ocr_line' id='line_1_7' title="bbox 240 506 1032 556; baseline -0.021 -8"><span class='ocrx_word' id='word_1_42' title='bbox 240 506 306 556; x_wconf 75' lang='lat' dir='ltr'><strong>ergo</strong></span> <span class='ocrx_word' id='word_1_43' title='bbox 325 506 482 546; x_wconf 74' lang='lat' dir='ltr'><strong>incredulus</strong></span> <span class='ocrx_word' id='word_1_44' title='bbox 505 516 543 543; x_wconf 81' lang='lat' dir='ltr'><strong>sis</strong></span> <span class='ocrx_word' id='word_1_45' title='bbox 566 522 619 542; x_wconf 89' lang='lat' dir='ltr'><strong>nec</strong></span> <span class='ocrx_word' id='word_1_46' title='bbox 641 512 759 543; x_wconf 83' lang='lat' dir='ltr'><strong>dubites,</strong></span> <span class='ocrx_word' id='word_1_47' title='bbox 777 509 849 544; x_wconf 90' lang='lat' dir='ltr'><strong>quod</strong></span> <span class='ocrx_word' id='word_1_48' title='bbox 867 509 924 535; x_wconf 67' lang='lat' dir='ltr'><strong>haec.</strong></span> <span class='ocrx_word' id='word_1_49' title='bbox 939 506 1032 556; x_wconf 79' lang='lat' dir='ltr'><strong>etiam,</strong></span> 
     </span>
    </p>
   </div>
   <div class='ocr_carea' id='block_1_8' title="bbox 240 553 1033 600">
    <p class='ocr_par' dir='ltr' id='par_1_8' title="bbox 240 553 1033 600">
     <span class='ocr_line' id='line_1_8' title="bbox 240 553 1033 600; baseline -0.02 -8"><span class='ocrx_word' id='word_1_50' title='bbox 240 553 301 600; x_wconf 63' lang='lat' dir='ltr'><strong>quae</strong></span> <span class='ocrx_word' id='word_1_51' title='bbox 323 571 397 591; x_wconf 92' lang='lat' dir='ltr'><strong>nunc</strong></span> <span class='ocrx_word' id='word_1_52' title='bbox 414 563 587 590; x_wconf 82' lang='lat' dir='ltr'><strong>dinumerata</strong></span> <span class='ocrx_word' id='word_1_53' title='bbox 602 563 676 589; x_wconf 87' lang='lat' dir='ltr'><strong>sunt,</strong></span> <span class='ocrx_word' id='word_1_54' title='bbox 696 555 833 586; x_wconf 79' lang='lat' dir='ltr'><strong>animalia,</strong></span> <span class='ocrx_word' id='word_1_55' title='bbox 849 553 883 580; x_wconf 88' lang='lat' dir='ltr'><strong>ad</strong></span> <span class='ocrx_word' id='word_1_56' title='bbox 898 553 1033 580; x_wconf 87' lang='lat' dir='ltr'><strong>ostensio-</strong></span> 
     </span>
    </p>
   </div>
   <div class='ocr_carea' id='block_1_9' title="bbox 240 598 1034 646">
    <p class='ocr_par' dir='ltr' id='par_1_9' title="bbox 240 598 1034 646">
     <span class='ocr_line' id='line_1_9' title="bbox 240 598 1034 646; baseline -0.02 -7"><span class='ocrx_word' id='word_1_57' title='bbox 240 598 303 638; x_wconf 82' lang='lat' dir='ltr'><strong>nem</strong></span> <span class='ocrx_word' id='word_1_58' title='bbox 319 610 487 646; x_wconf 77' lang='lat' dir='ltr'><strong>ﬁguramque</strong></span> <span class='ocrx_word' id='word_1_59' title='bbox 501 614 608 638; x_wconf 90' lang='lat' dir='ltr'><strong>eorum,</strong></span> <span class='ocrx_word' id='word_1_60' title='bbox 624 612 638 631; x_wconf 91' lang='lat' dir='ltr'><strong>a</strong></span> <span class='ocrx_word' id='word_1_61' title='bbox 653 603 751 639; x_wconf 82' lang='lat' dir='ltr'><strong>quibus</strong></span> <span class='ocrx_word' id='word_1_62' title='bbox 772 601 910 628; x_wconf 89' lang='lat' dir='ltr'><strong>abstinere</strong></span> <span class='ocrx_word' id='word_1_63' title='bbox 932 598 1034 646; x_wconf 81' lang='lat' dir='ltr'><strong>debent</strong></span> 
     </span>
    </p>
   </div>
   <div class='ocr_carea' id='block_1_10' title="bbox 240 645 1033 691">
    <p class='ocr_par' dir='ltr' id='par_1_10' title="bbox 240 645 1033 691">
     <span class='ocr_line' id='line_1_10' title="bbox 240 645 1033 691; baseline -0.02 -5"><span class='ocrx_word' id='word_1_64' title='bbox 240 655 466 691; x_wconf 84' lang='lat' dir='ltr'><strong>contemplationi</strong></span> <span class='ocrx_word' id='word_1_65' title='bbox 485 656 623 684; x_wconf 82' lang='lat' dir='ltr'><strong>vacantes,</strong></span> <span class='ocrx_word' id='word_1_66' title='bbox 642 649 732 685; x_wconf 84' lang='lat' dir='ltr'><strong>posuit</strong></span> <span class='ocrx_word' id='word_1_67' title='bbox 751 647 898 683; x_wconf 80' lang='lat' dir='ltr'><strong>legislator.</strong></span> <span class='ocrx_word' id='word_1_68' title='bbox 922 645 974 672; x_wconf 85' lang='lat' dir='ltr'><strong>Sed</strong></span> <span class='ocrx_word' id='word_1_69' title='bbox 991 645 1033 691; x_wconf 41' lang='lat' dir='ltr'><strong>inf</strong></span> 
     </span>
    </p>
   </div>
   <div class='ocr_carea' id='block_1_11' title="bbox 240 690 1033 739">
    <p class='ocr_par' dir='ltr' id='par_1_11' title="bbox 240 690 1033 739">
     <span class='ocr_line' id='line_1_11' title="bbox 240 690 1033 739; baseline -0.019 -7"><span class='ocrx_word' id='word_1_70' title='bbox 240 705 319 739; x_wconf 85' lang='lat' dir='ltr'><strong>quies</strong></span> <span class='ocrx_word' id='word_1_71' title='bbox 334 712 340 730; x_wconf 89' lang='lat'>:</span> <span class='ocrx_word' id='word_1_72' title='bbox 354 690 502 736; x_wconf 18' lang='lat' dir='ltr'><strong>iQuomodo</strong></span> <span class='ocrx_word' id='word_1_73' title='bbox 519 701 616 727; x_wconf 89' lang='lat' dir='ltr'><strong>horum</strong></span> <span class='ocrx_word' id='word_1_74' title='bbox 633 695 790 724; x_wconf 79' lang='lat' dir='ltr'><strong>animalium</strong></span> <span class='ocrx_word' id='word_1_75' title='bbox 806 701 861 720; x_wconf 92' lang='lat' dir='ltr'><strong>non</strong></span> <span class='ocrx_word' id='word_1_76' title='bbox 877 692 964 723; x_wconf 85' lang='lat' dir='ltr'><strong>cibus,</strong></span> <span class='ocrx_word' id='word_1_77' title='bbox 985 690 1033 739; x_wconf 83' lang='lat' dir='ltr'><strong>sed</strong></span> 
     </span>
    </p>
   </div>
   <div class='ocr_carea' id='block_1_12' title="bbox 240 736 1032 784">
    <p class='ocr_par' dir='ltr' id='par_1_12' title="bbox 240 736 1032 784">
     <span class='ocr_line' id='line_1_12' title="bbox 240 736 1032 784; baseline -0.02 -6"><span class='ocrx_word' id='word_1_78' title='bbox 240 736 359 778; x_wconf 72' lang='lat' dir='ltr'><strong>imitatio</strong></span> <span class='ocrx_word' id='word_1_79' title='bbox 383 748 564 784; x_wconf 75' lang='lat' dir='ltr'><strong>prohibetur,</strong></span> <span class='ocrx_word' id='word_1_80' title='bbox 588 752 649 772; x_wconf 92' lang='lat' dir='ltr'><strong>cum</strong></span> <span class='ocrx_word' id='word_1_81' title='bbox 672 741 796 777; x_wconf 83' lang='lat' dir='ltr'><strong>pelicano</strong></span> <span class='ocrx_word' id='word_1_82' title='bbox 819 743 848 766; x_wconf 86' lang='lat' dir='ltr'><strong>et</strong></span> <span class='ocrx_word' id='word_1_83' title='bbox 869 736 1032 784; x_wconf 74' lang='lat' dir='ltr'><strong>nyeticoraci</strong></span> 
     </span>
    </p>
   </div>
   <div class='ocr_carea' id='block_1_13' title="bbox 241 783 1030 832">
    <p class='ocr_par' dir='ltr' id='par_1_13' title="bbox 241 783 1030 832">
     <span class='ocr_line' id='line_1_13' title="bbox 241 783 1030 832; baseline -0.022 -9"><span class='ocrx_word' id='word_1_84' title='bbox 241 796 326 823; x_wconf 79' lang='lat' dir='ltr'><strong>David</strong></span> <span class='ocrx_word' id='word_1_85' title='bbox 351 783 485 830; x_wconf 86' lang='lat' dir='ltr'><strong>propheta</strong></span> <span class='ocrx_word' id='word_1_86' title='bbox 509 790 687 824; x_wconf 85' lang='lat' dir='ltr'><strong>semetipsum</strong></span> <span class='ocrx_word' id='word_1_87' title='bbox 709 783 893 820; x_wconf 89' lang='lat' dir='ltr'><strong>comparavit,</strong></span> <span class='ocrx_word' id='word_1_88' title='bbox 915 783 1030 832; x_wconf 44' lang='lat' dir='ltr'><strong>dicens&#39;:</strong></span> 
     </span>
    </p>
   </div>
   <div class='ocr_carea' id='block_1_14' title="bbox 243 830 1033 875">
    <p class='ocr_par' dir='ltr' id='par_1_14' title="bbox 243 830 1033 875">
     <span class='ocr_line' id='line_1_14' title="bbox 243 830 1033 875; baseline -0.023 -6"><span class='ocrx_word' id='word_1_89' title='bbox 243 841 344 869; x_wconf 84' lang='lat' dir='ltr'><strong>Similis</strong></span> <span class='ocrx_word' id='word_1_90' title='bbox 362 842 448 875; x_wconf 80' lang='lat' dir='ltr'><strong>{actus</strong></span> <span class='ocrx_word' id='word_1_91' title='bbox 464 838 582 873; x_wconf 85' lang='lat' dir='ltr'><strong>pelicano</strong></span> <span class='ocrx_word' id='word_1_92' title='bbox 601 843 669 867; x_wconf 80' lang='lat' dir='ltr'><strong>sum,</strong></span> <span class='ocrx_word' id='word_1_93' title='bbox 686 835 771 869; x_wconf 76' lang='lat' dir='ltr'><strong>factus</strong></span> <span class='ocrx_word' id='word_1_94' title='bbox 791 839 849 857; x_wconf 82' lang='lat' dir='ltr'><strong>sum</strong></span> <span class='ocrx_word' id='word_1_95' title='bbox 869 830 1033 875; x_wconf 72' lang='lat' dir='ltr'><strong>sicutnycti-</strong></span> 
     </span>
    </p>
   </div>
   <div class='ocr_carea' id='block_1_15' title="bbox 243 874 1034 916">
    <p class='ocr_par' dir='ltr' id='par_1_15' title="bbox 243 874 1034 916">
     <span class='ocr_line' id='line_1_15' title="bbox 243 874 1034 916; baseline -0.02 -1"><span class='ocrx_word' id='word_1_96' title='bbox 243 895 323 916; x_wconf 75' lang='lat' dir='ltr'><strong>corna:</strong></span> <span class='ocrx_word' id='word_1_97' title='bbox 343 888 370 913; x_wconf 84' lang='lat' dir='ltr'><strong>in</strong></span> <span class='ocrx_word' id='word_1_98' title='bbox 390 884 522 912; x_wconf 86' lang='lat' dir='ltr'><strong>domicilio</strong></span> <span class='ocrx_word' id='word_1_99' title='bbox 535 884 576 909; x_wconf 78' lang='lat'><strong>’7‘!</strong></span> <span class='ocrx_word' id='word_1_100' title='bbox 600 881 652 908; x_wconf 84' lang='lat' dir='ltr'><strong>Per</strong></span> <span class='ocrx_word' id='word_1_101' title='bbox 674 879 790 915; x_wconf 83' lang='lat' dir='ltr'><strong>aquilam</strong></span> <span class='ocrx_word' id='word_1_102' title='bbox 817 881 907 904; x_wconf 90' lang='lat' dir='ltr'><strong>autem</strong></span> <span class='ocrx_word' id='word_1_103' title='bbox 929 874 1034 909; x_wconf 78' lang='lat' dir='ltr'><strong>Moyses</strong></span> 
     </span>
    </p>
   </div>
   <div class='ocr_carea' id='block_1_16' title="bbox 243 918 1033 968">
    <p class='ocr_par' dir='ltr' id='par_1_16' title="bbox 243 918 1033 968">
     <span class='ocr_line' id='line_1_16' title="bbox 243 918 1033 968; baseline -0.022 -8"><span class='ocrx_word' id='word_1_104' title='bbox 243 934 333 968; x_wconf 88' lang='lat' dir='ltr'><strong>ipsum</strong></span> <span class='ocrx_word' id='word_1_105' title='bbox 358 931 492 967; x_wconf 79' lang='lat' dir='ltr'><strong>signiﬁcat</strong></span> <span class='ocrx_word' id='word_1_106' title='bbox 516 929 612 959; x_wconf 90' lang='lat' dir='ltr'><strong>Deum,</strong></span> <span class='ocrx_word' id='word_1_107' title='bbox 628 927 766 953; x_wconf 86' lang='lat' dir='ltr'><strong>dicentem</strong></span> <span class='ocrx_word' id='word_1_108' title='bbox 788 923 821 950; x_wconf 89' lang='lat' dir='ltr'><strong>ad</strong></span> <span class='ocrx_word' id='word_1_109' title='bbox 842 920 951 968; x_wconf 38' lang='lat' dir='ltr'><strong>Israel:</strong></span> <span class='ocrx_word' id='word_1_110' title='bbox 963 918 1033 968; x_wconf 49' lang='lat' dir='ltr'><strong>Quo-</strong></span> 
     </span>
    </p>
   </div>
   <div class='ocr_carea' id='block_1_17' title="bbox 243 964 1034 1012">
    <p class='ocr_par' dir='ltr' id='par_1_17' title="bbox 243 964 1034 1012">
     <span class='ocr_line' id='line_1_17' title="bbox 243 964 1034 1012; baseline -0.02 -6"><span class='ocrx_word' id='word_1_111' title='bbox 243 964 319 1006; x_wconf 72' lang='lat' dir='ltr'><strong>modo</strong></span> <span class='ocrx_word' id='word_1_112' title='bbox 338 964 497 1012; x_wconf 73' lang='lat' dir='ltr'><strong>poricecrim</strong></span> <span class='ocrx_word' id='word_1_113' title='bbox 516 983 558 1001; x_wconf 75' lang='lat' dir='ltr'><strong>vos</strong></span> <span class='ocrx_word' id='word_1_114' title='bbox 575 981 654 1007; x_wconf 79' lang='lat' dir='ltr'><strong>super</strong></span> <span class='ocrx_word' id='word_1_115' title='bbox 672 971 731 998; x_wconf 84' lang='lat' dir='ltr'><strong>alus</strong></span> <span class='ocrx_word' id='word_1_116' title='bbox 747 969 900 1004; x_wconf 76' lang='lat' dir='ltr'><strong>aquilarum</strong></span> <span class='ocrx_word' id='word_1_117' title='bbox 914 965 953 992; x_wconf 68' lang='grc'><strong>³⁸7</strong></span> <span class='ocrx_word' id='word_1_118' title='bbox 967 964 1034 992; x_wconf 82' lang='lat' dir='ltr'><strong>Nam</strong></span> 
     </span>
    </p>
   </div>
   <div class='ocr_carea' id='block_1_18' title="bbox 241 1012 1032 1060">
    <p class='ocr_par' dir='ltr' id='par_1_18' title="bbox 241 1012 1032 1060">
     <span class='ocr_line' id='line_1_18' title="bbox 241 1012 1032 1060; baseline -0.021 -7"><span class='ocrx_word' id='word_1_119' title='bbox 241 1032 268 1053; x_wconf 81' lang='lat' dir='ltr'><strong>et</strong></span> <span class='ocrx_word' id='word_1_120' title='bbox 294 1024 434 1060; x_wconf 73' lang='lat' dir='ltr'><strong>prophetae</strong></span> <span class='ocrx_word' id='word_1_121' title='bbox 463 1022 570 1048; x_wconf 83' lang='lat' dir='ltr'><strong>leonem</strong></span> <span class='ocrx_word' id='word_1_122' title='bbox 592 1018 731 1045; x_wconf 76' lang='lat' dir='ltr'><strong>Christum</strong></span> <span class='ocrx_word' id='word_1_123' title='bbox 757 1014 905 1060; x_wconf 78' lang='lat' dir='ltr'><strong>appellant,</strong></span> <span class='ocrx_word' id='word_1_124' title='bbox 926 1012 1032 1060; x_wconf 78' lang='lat' dir='ltr'><strong>leonem</strong></span> 
     </span>
    </p>
   </div>
   <div class='ocr_carea' id='block_1_19' title="bbox 242 1058 1033 1097">
    <p class='ocr_par' dir='ltr' id='par_1_19' title="bbox 242 1058 1033 1097">
     <span class='ocr_line' id='line_1_19' title="bbox 242 1058 1033 1097; baseline -0.019 0"><span class='ocrx_word' id='word_1_125' title='bbox 242 1058 332 1097; x_wconf 82' lang='lat' dir='ltr'><strong>autem</strong></span> <span class='ocrx_word' id='word_1_126' title='bbox 346 1058 481 1096; x_wconf 83' lang='lat' dir='ltr'><strong>cdiverso</strong></span> <span class='ocrx_word' id='word_1_127' title='bbox 499 1073 559 1093; x_wconf 89' lang='lat' dir='ltr'><strong>esse</strong></span> <span class='ocrx_word' id='word_1_128' title='bbox 580 1065 676 1091; x_wconf 76' lang='lat' dir='ltr'><strong>Petrus</strong></span> <span class='ocrx_word' id='word_1_129' title='bbox 696 1061 832 1090; x_wconf 88' lang='lat' dir='ltr'><strong>diabolum</strong></span> <span class='ocrx_word' id='word_1_130' title='bbox 850 1058 965 1090; x_wconf 78' lang='lat' dir='ltr'><strong>dicit”;</strong></span> <span class='ocrx_word' id='word_1_131' title='bbox 982 1064 1033 1083; x_wconf 89' lang='lat' dir='ltr'><strong>nec</strong></span> 
     </span>
    </p>
   </div>
   <div class='ocr_carea' id='block_1_20' title="bbox 244 1102 1034 1144">
    <p class='ocr_par' dir='ltr' id='par_1_20' title="bbox 244 1102 1034 1144">
     <span class='ocr_line' id='line_1_20' title="bbox 244 1102 1034 1144; baseline -0.019 -1"><span class='ocrx_word' id='word_1_132' title='bbox 244 1122 332 1144; x_wconf 88' lang='lat' dir='ltr'><strong>tamen</strong></span> <span class='ocrx_word' id='word_1_133' title='bbox 350 1115 500 1142; x_wconf 87' lang='lat' dir='ltr'><strong>secundum</strong></span> <span class='ocrx_word' id='word_1_134' title='bbox 517 1113 568 1138; x_wconf 92' lang='lat' dir='ltr'><strong>hoc</strong></span> <span class='ocrx_word' id='word_1_135' title='bbox 583 1111 625 1137; x_wconf 85' lang='lat' dir='ltr'><strong>leo</strong></span> <span class='ocrx_word' id='word_1_136' title='bbox 649 1108 785 1138; x_wconf 85' lang='lat' dir='ltr'><strong>Christus,</strong></span> <span class='ocrx_word' id='word_1_137' title='bbox 798 1105 948 1133; x_wconf 84' lang='lat' dir='ltr'><strong>secundum</strong></span> <span class='ocrx_word' id='word_1_138' title='bbox 962 1102 1034 1137; x_wconf 89' lang='lat' dir='ltr'><strong>quod</strong></span> 
     </span>
    </p>
   </div>
   <div class='ocr_carea' id='block_1_21' title="bbox 242 1148 1033 1188">
    <p class='ocr_par' dir='ltr' id='par_1_21' title="bbox 242 1148 1033 1188">
     <span class='ocr_line' id='line_1_21' title="bbox 242 1148 1033 1188; baseline -0.02 0"><span class='ocrx_word' id='word_1_139' title='bbox 242 1160 365 1188; x_wconf 82' lang='lat' dir='ltr'><strong>diabolus</strong></span> <span class='ocrx_word' id='word_1_140' title='bbox 382 1159 490 1186; x_wconf 89' lang='lat' dir='ltr'><strong>dicitur.</strong></span> <span class='ocrx_word' id='word_1_141' title='bbox 508 1155 587 1184; x_wconf 81' lang='lat' dir='ltr'><strong>Absit</strong></span> <span class='ocrx_word' id='word_1_142' title='bbox 608 1163 623 1181; x_wconf 91' lang='lat' dir='ltr'><strong>a</strong></span> <span class='ocrx_word' id='word_1_143' title='bbox 656 1153 745 1184; x_wconf 84' lang='lat' dir='ltr'><strong>nobis,</strong></span> <span class='ocrx_word' id='word_1_144' title='bbox 765 1152 835 1178; x_wconf 77' lang='lat' dir='ltr'><strong>absit</strong></span> <span class='ocrx_word' id='word_1_145' title='bbox 862 1150 913 1176; x_wconf 83' lang='lat' dir='ltr'><strong>ista</strong></span> <span class='ocrx_word' id='word_1_146' title='bbox 937 1148 1033 1182; x_wconf 79' lang='lat' dir='ltr'><strong>impie-</strong></span> 
     </span>
    </p>
   </div>
   <div class='ocr_carea' id='block_1_22' title="bbox 245 1199 1034 1240">
    <p class='ocr_par' dir='ltr' id='par_1_22' title="bbox 245 1199 1034 1240">
     <span class='ocr_line' id='line_1_22' title="bbox 245 1199 1034 1240; baseline -0.018 -6"><span class='ocrx_word' id='word_1_147' title='bbox 245 1214 285 1234; x_wconf 88' lang='lat' dir='ltr'><strong>tas</strong></span> <span class='ocrx_word' id='word_1_148' title='bbox 302 1216 308 1233; x_wconf 71' lang='grc' dir='ltr'><strong><em>τ</em></strong></span> <span class='ocrx_word' id='word_1_149' title='bbox 325 1206 372 1233; x_wconf 84' lang='lat' dir='ltr'><strong>sed</strong></span> <span class='ocrx_word' id='word_1_150' title='bbox 389 1204 452 1240; x_wconf 83' lang='lat' dir='ltr'><strong>quia</strong></span> <span class='ocrx_word' id='word_1_151' title='bbox 473 1202 554 1230; x_wconf 83' lang='lat' dir='ltr'><strong>simul</strong></span> <span class='ocrx_word' id='word_1_152' title='bbox 575 1201 691 1236; x_wconf 80' lang='lat' dir='ltr'><strong>regium,</strong></span> <span class='ocrx_word' id='word_1_153' title='bbox 709 1206 817 1226; x_wconf 80' lang='lat' dir='ltr'><strong>necnon</strong></span> <span class='ocrx_word' id='word_1_154' title='bbox 842 1204 934 1231; x_wconf 75' lang='lat' dir='ltr'><strong>rapax,</strong></span> <span class='ocrx_word' id='word_1_155' title='bbox 954 1199 1034 1228; x_wconf 88' lang='lat' dir='ltr'><strong>atque</strong></span> 
     </span>
    </p>
   </div>
   <div class='ocr_carea' id='block_1_23' title="bbox 245 1242 1033 1282">
    <p class='ocr_par' dir='ltr' id='par_1_23' title="bbox 245 1242 1033 1282">
     <span class='ocr_line' id='line_1_23' title="bbox 245 1242 1033 1282; baseline -0.018 -1"><span class='ocrx_word' id='word_1_156' title='bbox 245 1254 348 1281; x_wconf 85' lang='lat' dir='ltr'><strong>immite</strong></span> <span class='ocrx_word' id='word_1_157' title='bbox 362 1256 402 1279; x_wconf 91' lang='lat' dir='ltr'><strong>est</strong></span> <span class='ocrx_word' id='word_1_158' title='bbox 416 1250 528 1282; x_wconf 86' lang='lat' dir='ltr'><strong>animal,</strong></span> <span class='ocrx_word' id='word_1_159' title='bbox 544 1254 660 1282; x_wconf 85' lang='lat' dir='ltr'><strong>cumque</strong></span> <span class='ocrx_word' id='word_1_160' title='bbox 677 1245 836 1280; x_wconf 79' lang='lat' dir='ltr'><strong>dignitatem</strong></span> <span class='ocrx_word' id='word_1_161' title='bbox 860 1242 1033 1271; x_wconf 88' lang='lat' dir='ltr'><strong>laudabilem,</strong></span> 
     </span>
    </p>
   </div>
   <div class='ocr_carea' id='block_1_24' title="bbox 245 1286 1036 1332">
    <p class='ocr_par' dir='ltr' id='par_1_24' title="bbox 245 1286 1036 1332">
     <span class='ocr_line' id='line_1_24' title="bbox 245 1286 1036 1332; baseline -0.018 -7"><span class='ocrx_word' id='word_1_162' title='bbox 245 1297 451 1332; x_wconf 83' lang='lat' dir='ltr'><strong>vituperabilem</strong></span> <span class='ocrx_word' id='word_1_163' title='bbox 472 1298 562 1321; x_wconf 83' lang='lat' dir='ltr'><strong>tamen</strong></span> <span class='ocrx_word' id='word_1_164' title='bbox 582 1292 769 1326; x_wconf 83' lang='lat' dir='ltr'><strong>operationem</strong></span> <span class='ocrx_word' id='word_1_165' title='bbox 786 1293 871 1324; x_wconf 70' lang='lat' dir='ltr'><strong>gerat,</strong></span> <span class='ocrx_word' id='word_1_166' title='bbox 888 1287 960 1322; x_wconf 89' lang='lat' dir='ltr'><strong>quod</strong></span> <span class='ocrx_word' id='word_1_167' title='bbox 975 1286 1036 1321; x_wconf 86' lang='lat' dir='ltr'><strong>qui-</strong></span> 
     </span>
    </p>
   </div>
   <div class='ocr_carea' id='block_1_25' title="bbox 244 1333 1035 1371">
    <p class='ocr_par' dir='ltr' id='par_1_25' title="bbox 244 1333 1035 1371">
     <span class='ocr_line' id='line_1_25' title="bbox 244 1333 1035 1371; baseline -0.014 -2"><span class='ocrx_word' id='word_1_168' title='bbox 244 1345 305 1369; x_wconf 89' lang='lat' dir='ltr'><strong>dem</strong></span> <span class='ocrx_word' id='word_1_169' title='bbox 328 1340 461 1368; x_wconf 88' lang='lat' dir='ltr'><strong>laudabile</strong></span> <span class='ocrx_word' id='word_1_170' title='bbox 485 1339 576 1371; x_wconf 80' lang='lat' dir='ltr'><strong>habet,</strong></span> <span class='ocrx_word' id='word_1_171' title='bbox 593 1339 644 1365; x_wconf 89' lang='lat' dir='ltr'><strong>hoc</strong></span> <span class='ocrx_word' id='word_1_172' title='bbox 663 1337 691 1364; x_wconf 91' lang='lat' dir='ltr'><strong>in</strong></span> <span class='ocrx_word' id='word_1_173' title='bbox 708 1335 808 1363; x_wconf 78' lang='lat' dir='ltr'><strong>Christi</strong></span> <span class='ocrx_word' id='word_1_174' title='bbox 833 1342 916 1369; x_wconf 73' lang='lat' dir='ltr'><strong>regno</strong></span> <span class='ocrx_word' id='word_1_175' title='bbox 935 1333 1035 1367; x_wconf 88' lang='lat' dir='ltr'><strong>accipi—</strong></span> 
     </span>
    </p>
   </div>
   <div class='ocr_carea' id='block_1_26' title="bbox 245 1380 1037 1422">
    <p class='ocr_par' dir='ltr' id='par_1_26' title="bbox 245 1380 1037 1422">
     <span class='ocr_line' id='line_1_26' title="bbox 245 1380 1037 1422; baseline -0.015 -6"><span class='ocrx_word' id='word_1_176' title='bbox 245 1395 299 1421; x_wconf 82' lang='lat' dir='ltr'><strong>tur,</strong></span> <span class='ocrx_word' id='word_1_177' title='bbox 318 1388 390 1422; x_wconf 88' lang='lat' dir='ltr'><strong>quod</strong></span> <span class='ocrx_word' id='word_1_178' title='bbox 405 1391 496 1414; x_wconf 77' lang='lat' dir='ltr'><strong>autent</strong></span> <span class='ocrx_word' id='word_1_179' title='bbox 511 1383 702 1420; x_wconf 72' lang='lat' dir='ltr'><strong>vituperabile,</strong></span> <span class='ocrx_word' id='word_1_180' title='bbox 719 1383 746 1409; x_wconf 91' lang='lat' dir='ltr'><strong>in</strong></span> <span class='ocrx_word' id='word_1_181' title='bbox 761 1380 880 1412; x_wconf 88' lang='lat' dir='ltr'><strong>diabolo,</strong></span> <span class='ocrx_word' id='word_1_182' title='bbox 896 1380 922 1406; x_wconf 89' lang='lat' dir='ltr'><strong>id</strong></span> <span class='ocrx_word' id='word_1_183' title='bbox 937 1383 979 1406; x_wconf 89' lang='lat' dir='ltr'><strong>est</strong></span> <span class='ocrx_word' id='word_1_184' title='bbox 993 1387 1037 1405; x_wconf 91' lang='lat' dir='ltr'><strong>ra-</strong></span> 
     </span>
    </p>
   </div>
   <div class='ocr_carea' id='block_1_27' title="bbox 245 1426 1037 1471">
    <p class='ocr_par' dir='ltr' id='par_1_27' title="bbox 245 1426 1037 1471">
     <span class='ocr_line' id='line_1_27' title="bbox 245 1426 1037 1471; baseline -0.015 -8"><span class='ocrx_word' id='word_1_185' title='bbox 245 1436 359 1471; x_wconf 79' lang='lat' dir='ltr'><strong>pacitas,</strong></span> <span class='ocrx_word' id='word_1_186' title='bbox 376 1431 609 1460; x_wconf 84' lang='lat' dir='ltr'><strong>iiumausuetudo.</strong></span> <span class='ocrx_word' id='word_1_187' title='bbox 633 1429 711 1463; x_wconf 85' lang='lat' dir='ltr'><strong>Quod</strong></span> <span class='ocrx_word' id='word_1_188' title='bbox 734 1433 762 1456; x_wconf 91' lang='lat' dir='ltr'><strong>et</strong></span> <span class='ocrx_word' id='word_1_189' title='bbox 788 1428 814 1455; x_wconf 93' lang='lat' dir='ltr'><strong>in</strong></span> <span class='ocrx_word' id='word_1_190' title='bbox 839 1426 928 1462; x_wconf 86' lang='lat' dir='ltr'><strong>aquila</strong></span> <span class='ocrx_word' id='word_1_191' title='bbox 949 1426 1037 1453; x_wconf 84' lang='lat' dir='ltr'><strong>consi—</strong></span> 
     </span>
    </p>
   </div>
   <div class='ocr_carea' id='block_1_28' title="bbox 245 1474 1038 1513">
    <p class='ocr_par' dir='ltr' id='par_1_28' title="bbox 245 1474 1038 1513">
     <span class='ocr_line' id='line_1_28' title="bbox 245 1474 1038 1513; baseline -0.015 -4"><span class='ocrx_word' id='word_1_192' title='bbox 245 1484 385 1513; x_wconf 58' lang='lat' dir='ltr'><strong>derantes,</strong></span> <span class='ocrx_word' id='word_1_193' title='bbox 402 1480 462 1507; x_wconf 86' lang='lat' dir='ltr'><strong>sine</strong></span> <span class='ocrx_word' id='word_1_194' title='bbox 479 1478 567 1513; x_wconf 86' lang='lat' dir='ltr'><strong>aliqua</strong></span> <span class='ocrx_word' id='word_1_195' title='bbox 589 1477 727 1504; x_wconf 79' lang='lat' dir='ltr'><strong>dubietate</strong></span> <span class='ocrx_word' id='word_1_196' title='bbox 746 1474 909 1510; x_wconf 89' lang='lat' dir='ltr'><strong>reperimus,</strong></span> <span class='ocrx_word' id='word_1_197' title='bbox 927 1476 1038 1507; x_wconf 85' lang='lat' dir='ltr'><strong>propter</strong></span> 
     </span>
    </p>
   </div>
   <div class='ocr_carea' id='block_1_29' title="bbox 245 1517 1036 1556">
    <p class='ocr_par' dir='ltr' id='par_1_29' title="bbox 245 1517 1036 1556">
     <span class='ocr_line' id='line_1_29' title="bbox 245 1517 1036 1556; baseline -0.016 -1"><span class='ocrx_word' id='word_1_198' title='bbox 245 1528 418 1556; x_wconf 84' lang='lat' dir='ltr'><strong>altitudinem</strong></span> <span class='ocrx_word' id='word_1_199' title='bbox 445 1525 519 1552; x_wconf 76' lang='lat' dir='ltr'><strong>enim</strong></span> <span class='ocrx_word' id='word_1_200' title='bbox 548 1523 654 1550; x_wconf 86' lang='lat' dir='ltr'><strong>volatus</strong></span> <span class='ocrx_word' id='word_1_201' title='bbox 680 1521 758 1555; x_wconf 86' lang='lat' dir='ltr'><strong>ejus,</strong></span> <span class='ocrx_word' id='word_1_202' title='bbox 787 1520 898 1555; x_wconf 77' lang='lat' dir='ltr'><strong>ﬁgurata</strong></span> <span class='ocrx_word' id='word_1_203' title='bbox 924 1518 984 1552; x_wconf 86' lang='lat' dir='ltr'><strong>ejus</strong></span> <span class='ocrx_word' id='word_1_204' title='bbox 1009 1517 1036 1543; x_wconf 86' lang='lat' dir='ltr'><strong>in</strong></span> 
     </span>
    </p>
   </div>
   <div class='ocr_carea' id='block_1_30' title="bbox 248 1563 1038 1606">
    <p class='ocr_par' dir='ltr' id='par_1_30' title="bbox 248 1563 1038 1606">
     <span class='ocr_line' id='line_1_30' title="bbox 248 1563 1038 1606; baseline -0.016 -5"><span class='ocrx_word' id='word_1_205' title='bbox 248 1576 332 1601; x_wconf 77' lang='lat' dir='ltr'><strong>Deum</strong></span> <span class='ocrx_word' id='word_1_206' title='bbox 359 1571 475 1606; x_wconf 68' lang='lat' dir='ltr'><strong>sumpsit</strong></span> <span class='ocrx_word' id='word_1_207' title='bbox 496 1569 616 1604; x_wconf 77' lang='lat' dir='ltr'><strong>Moyses;</strong></span> <span class='ocrx_word' id='word_1_208' title='bbox 637 1567 700 1602; x_wconf 85' lang='lat' dir='ltr'><strong>quia</strong></span> <span class='ocrx_word' id='word_1_209' title='bbox 731 1573 795 1593; x_wconf 87' lang='lat' dir='ltr'><strong>vero</strong></span> <span class='ocrx_word' id='word_1_210' title='bbox 821 1572 915 1599; x_wconf 85' lang='lat' dir='ltr'><strong>rapax,</strong></span> <span class='ocrx_word' id='word_1_211' title='bbox 938 1571 954 1590; x_wconf 84' lang='lat' dir='ltr'><strong>a</strong></span> <span class='ocrx_word' id='word_1_212' title='bbox 977 1563 1038 1590; x_wconf 91' lang='lat' dir='ltr'><strong>cibo</strong></span> 
     </span>
    </p>
   </div>
   <div class='ocr_carea' id='block_1_31' title="bbox 246 1609 1039 1655">
    <p class='ocr_par' dir='ltr' id='par_1_31' title="bbox 246 1609 1039 1655">
     <span class='ocr_line' id='line_1_31' title="bbox 246 1609 1039 1655; baseline -0.016 -8"><span class='ocrx_word' id='word_1_213' title='bbox 246 1621 306 1655; x_wconf 80' lang='lat' dir='ltr'><strong>ejus</strong></span> <span class='ocrx_word' id='word_1_214' title='bbox 319 1616 511 1645; x_wconf 85' lang='lat' dir='ltr'><strong>abstinendum</strong></span> <span class='ocrx_word' id='word_1_215' title='bbox 530 1615 608 1642; x_wconf 81' lang='lat' dir='ltr'><strong>dixit.</strong></span> <span class='ocrx_word' id='word_1_216' title='bbox 625 1612 759 1647; x_wconf 83' lang='lat' dir='ltr'><strong>Propheta</strong></span> <span class='ocrx_word' id='word_1_217' title='bbox 775 1615 866 1638; x_wconf 83' lang='lat' dir='ltr'><strong>autent</strong></span> <span class='ocrx_word' id='word_1_218' title='bbox 888 1609 981 1641; x_wconf 80' lang='lat' dir='ltr'><strong>David,</strong></span> <span class='ocrx_word' id='word_1_219' title='bbox 998 1609 1039 1635; x_wconf 94' lang='lat' dir='ltr'><strong>lu-</strong></span> 
     </span>
    </p>
   </div>
   <div class='ocr_carea' id='block_1_32' title="bbox 247 1650 1073 1698">
    <p class='ocr_par' dir='ltr' id='par_1_32' title="bbox 247 1650 1073 1698">
     <span class='ocr_line' id='line_1_32' title="bbox 247 1650 1073 1698; baseline -0.013 -8"><span class='ocrx_word' id='word_1_220' title='bbox 247 1650 314 1698; x_wconf 59' lang='lat' dir='ltr'><strong>gens</strong></span> <span class='ocrx_word' id='word_1_221' title='bbox 334 1661 472 1689; x_wconf 86' lang='lat' dir='ltr'><strong>hominem</strong></span> <span class='ocrx_word' id='word_1_222' title='bbox 497 1660 522 1686; x_wconf 93' lang='lat' dir='ltr'><strong>in</strong></span> <span class='ocrx_word' id='word_1_223' title='bbox 541 1663 652 1693; x_wconf 90' lang='lat' dir='ltr'><strong>peccato</strong></span> <span class='ocrx_word' id='word_1_224' title='bbox 670 1656 859 1687; x_wconf 87' lang='lat' dir='ltr'><strong>constitutum,</strong></span> <span class='ocrx_word' id='word_1_225' title='bbox 875 1653 1037 1689; x_wconf 85' lang='lat' dir='ltr'><strong>nycticoraci</strong></span> <span class='ocrx_word' id='word_1_226' title='bbox 1052 1650 1073 1678; x_wconf 92' lang='lat' dir='ltr'><strong>C</strong></span> 
     </span>
    </p>
   </div>
   <div class='ocr_carea' id='block_1_33' title="bbox 249 1698 1038 1739">
    <p class='ocr_par' dir='ltr' id='par_1_33' title="bbox 249 1698 1038 1739">
     <span class='ocr_line' id='line_1_33' title="bbox 249 1698 1038 1739; baseline -0.014 -4"><span class='ocrx_word' id='word_1_227' title='bbox 249 1709 334 1739; x_wconf 89' lang='lat' dir='ltr'><strong>hunc,</strong></span> <span class='ocrx_word' id='word_1_228' title='bbox 354 1707 425 1734; x_wconf 90' lang='lat' dir='ltr'><strong>sicut</strong></span> <span class='ocrx_word' id='word_1_229' title='bbox 444 1705 469 1731; x_wconf 90' lang='lat' dir='ltr'><strong>in</strong></span> <span class='ocrx_word' id='word_1_230' title='bbox 490 1708 570 1730; x_wconf 91' lang='lat' dir='ltr'><strong>nocte</strong></span> <span class='ocrx_word' id='word_1_231' title='bbox 586 1702 734 1733; x_wconf 82' lang='lat' dir='ltr'><strong>viventem,</strong></span> <span class='ocrx_word' id='word_1_232' title='bbox 752 1699 920 1734; x_wconf 84' lang='lat' dir='ltr'><strong>comparavit</strong></span> <span class='ocrx_word' id='word_1_233' title='bbox 936 1699 969 1725; x_wconf 72' lang='grc' dir='ltr'><strong>³ο.</strong></span> <span class='ocrx_word' id='word_1_234' title='bbox 988 1698 1038 1725; x_wconf 86' lang='lat' dir='ltr'><strong>Per</strong></span> 
     </span>
    </p>
   </div>
   <div class='ocr_carea' id='block_1_34' title="bbox 248 1743 1038 1787">
    <p class='ocr_par' dir='ltr' id='par_1_34' title="bbox 248 1743 1038 1787">
     <span class='ocr_line' id='line_1_34' title="bbox 248 1743 1038 1787; baseline -0.013 -7"><span class='ocrx_word' id='word_1_235' title='bbox 248 1753 403 1787; x_wconf 87' lang='lat' dir='ltr'><strong>pelieanum</strong></span> <span class='ocrx_word' id='word_1_236' title='bbox 429 1753 533 1781; x_wconf 86' lang='lat' dir='ltr'><strong>autem,</strong></span> <span class='ocrx_word' id='word_1_237' title='bbox 555 1751 648 1782; x_wconf 79' lang='lat' dir='ltr'><strong>utpote</strong></span> <span class='ocrx_word' id='word_1_238' title='bbox 669 1754 717 1781; x_wconf 88' lang='lat' dir='ltr'><strong>per</strong></span> <span class='ocrx_word' id='word_1_239' title='bbox 737 1745 836 1772; x_wconf 92' lang='lat' dir='ltr'><strong>animal</strong></span> <span class='ocrx_word' id='word_1_240' title='bbox 858 1751 952 1771; x_wconf 89' lang='lat' dir='ltr'><strong>amans</strong></span> <span class='ocrx_word' id='word_1_241' title='bbox 975 1743 1038 1771; x_wconf 87' lang='lat' dir='ltr'><strong>soli—</strong></span> 
     </span>
    </p>
   </div>
   <div class='ocr_carea' id='block_1_35' title="bbox 250 1790 1039 1831">
    <p class='ocr_par' dir='ltr' id='par_1_35' title="bbox 250 1790 1039 1831">
     <span class='ocr_line' id='line_1_35' title="bbox 250 1790 1039 1831; baseline -0.013 -5"><span class='ocrx_word' id='word_1_242' title='bbox 250 1798 383 1827; x_wconf 86' lang='lat' dir='ltr'><strong>tudinem,</strong></span> <span class='ocrx_word' id='word_1_243' title='bbox 402 1794 527 1831; x_wconf 79' lang='lat' dir='ltr'><strong>tiguravit</strong></span> <span class='ocrx_word' id='word_1_244' title='bbox 544 1801 617 1825; x_wconf 90' lang='lat' dir='ltr'><strong>eum,</strong></span> <span class='ocrx_word' id='word_1_245' title='bbox 632 1793 678 1827; x_wconf 92' lang='lat' dir='ltr'><strong>qui</strong></span> <span class='ocrx_word' id='word_1_246' title='bbox 702 1791 792 1819; x_wconf 80' lang='lat' dir='ltr'><strong>forsan</strong></span> <span class='ocrx_word' id='word_1_247' title='bbox 817 1790 912 1818; x_wconf 84' lang='lat' dir='ltr'><strong>amicis</strong></span> <span class='ocrx_word' id='word_1_248' title='bbox 933 1790 1039 1817; x_wconf 87' lang='lat' dir='ltr'><strong>desola-</strong></span> 
     </span>
    </p>
   </div>
   <div class='ocr_carea' id='block_1_36' title="bbox 249 1837 1037 1876">
    <p class='ocr_par' dir='ltr' id='par_1_36' title="bbox 249 1837 1037 1876">
     <span class='ocr_line' id='line_1_36' title="bbox 249 1837 1037 1876; baseline -0.011 -5"><span class='ocrx_word' id='word_1_249' title='bbox 249 1850 292 1872; x_wconf 74' lang='lat' dir='ltr'><strong>tus</strong></span> <span class='ocrx_word' id='word_1_250' title='bbox 309 1848 359 1875; x_wconf 87' lang='lat' dir='ltr'><strong>est,</strong></span> <span class='ocrx_word' id='word_1_251' title='bbox 374 1847 420 1869; x_wconf 92' lang='lat' dir='ltr'><strong>aut</strong></span> <span class='ocrx_word' id='word_1_252' title='bbox 432 1840 565 1876; x_wconf 75' lang='lat' dir='ltr'><strong>cognatis,</strong></span> <span class='ocrx_word' id='word_1_253' title='bbox 581 1839 751 1872; x_wconf 90' lang='lat' dir='ltr'><strong>aliorumque</strong></span> <span class='ocrx_word' id='word_1_254' title='bbox 764 1837 893 1864; x_wconf 87' lang='lat' dir='ltr'><strong>similium</strong></span> <span class='ocrx_word' id='word_1_255' title='bbox 909 1837 1037 1864; x_wconf 85' lang='lat' dir='ltr'><strong>societate</strong></span> 
     </span>
    </p>
   </div>
   <div class='ocr_carea' id='block_1_37' title="bbox 248 1890 405 1918">
    <p class='ocr_par' dir='ltr' id='par_1_37' title="bbox 248 1890 405 1918">
     <span class='ocr_line' id='line_1_37' title="bbox 248 1890 405 1918; baseline -0.019 0"><span class='ocrx_word' id='word_1_256' title='bbox 248 1890 405 1918; x_wconf 75' lang='lat' dir='ltr'><strong>destitutus.</strong></span> 
     </span>
    </p>
   </div>
   <div class='ocr_carea' id='block_1_38' title="bbox 285 1929 1039 1965">
    <p class='ocr_par' dir='ltr' id='par_1_38' title="bbox 285 1929 1039 1965">
     <span class='ocr_line' id='line_1_38' title="bbox 285 1929 1039 1965; baseline -0.008 -4"><span class='ocrx_word' id='word_1_257' title='bbox 285 1936 364 1963; x_wconf 69' lang='lat' dir='ltr'><strong>Vens.</strong></span> <span class='ocrx_word' id='word_1_258' title='bbox 381 1934 476 1962; x_wconf 70' lang='lat'><strong>&#39;20-‘22.</strong></span> <span class='ocrx_word' id='word_1_259' title='bbox 494 1944 502 1960; x_wconf 86' lang='grc'><em>‹</em></span> <span class='ocrx_word' id='word_1_260' title='bbox 521 1933 606 1961; x_wconf 91' lang='lat' dir='ltr'><strong>Omne</strong></span> <span class='ocrx_word' id='word_1_261' title='bbox 628 1931 661 1959; x_wconf 88' lang='lat' dir='ltr'><strong>de</strong></span> <span class='ocrx_word' id='word_1_262' title='bbox 680 1931 844 1960; x_wconf 81' lang='lat' dir='ltr'><strong>volucribus.</strong></span> <span class='ocrx_word' id='word_1_263' title='bbox 860 1930 932 1965; x_wconf 92' lang='lat' dir='ltr'><strong>quod</strong></span> <span class='ocrx_word' id='word_1_264' title='bbox 950 1929 1039 1964; x_wconf 80' lang='lat' dir='ltr'><strong>gradi—</strong></span> 
     </span>
    </p>
   </div>
   <div class='ocr_carea' id='block_1_39' title="bbox 248 1975 1037 2017">
    <p class='ocr_par' dir='ltr' id='par_1_39' title="bbox 248 1975 1037 2017">
     <span class='ocr_line' id='line_1_39' title="bbox 248 1975 1037 2017; baseline -0.011 -7"><span class='ocrx_word' id='word_1_265' title='bbox 248 1989 292 2010; x_wconf 84' lang='lat' dir='ltr'><strong>tur</strong></span> <span class='ocrx_word' id='word_1_266' title='bbox 315 1989 398 2017; x_wconf 85' lang='lat' dir='ltr'><strong>super</strong></span> <span class='ocrx_word' id='word_1_267' title='bbox 422 1985 537 2016; x_wconf 82' lang='lat' dir='ltr'><strong>quatuor</strong></span> <span class='ocrx_word' id='word_1_268' title='bbox 558 1979 650 2014; x_wconf 81' lang='lat' dir='ltr'><strong>pedes,</strong></span> <span class='ocrx_word' id='word_1_269' title='bbox 673 1977 855 2005; x_wconf 88' lang='lat' dir='ltr'><strong>abominabilc</strong></span> <span class='ocrx_word' id='word_1_270' title='bbox 875 1977 926 2003; x_wconf 88' lang='lat' dir='ltr'><strong>erit</strong></span> <span class='ocrx_word' id='word_1_271' title='bbox 949 1975 1037 2003; x_wconf 80' lang='lat' dir='ltr'><strong>vobis.</strong></span> 
     </span>
    </p>
   </div>
   <div class='ocr_carea' id='block_1_40' title="bbox 247 2023 1038 2064">
    <p class='ocr_par' dir='ltr' id='par_1_40' title="bbox 247 2023 1038 2064">
     <span class='ocr_line' id='line_1_40' title="bbox 247 2023 1038 2064; baseline -0.011 -8"><span class='ocrx_word' id='word_1_272' title='bbox 247 2028 384 2064; x_wconf 70' lang='lat' dir='ltr'><strong>Quidquid</strong></span> <span class='ocrx_word' id='word_1_273' title='bbox 406 2032 498 2054; x_wconf 84' lang='lat' dir='ltr'><strong>autem</strong></span> <span class='ocrx_word' id='word_1_274' title='bbox 515 2025 636 2053; x_wconf 83' lang='lat' dir='ltr'><strong>ambulat</strong></span> <span class='ocrx_word' id='word_1_275' title='bbox 648 2025 757 2059; x_wconf 79' lang='lat' dir='ltr'><strong>quidem</strong></span> <span class='ocrx_word' id='word_1_276' title='bbox 775 2031 858 2058; x_wconf 86' lang='lat' dir='ltr'><strong>super</strong></span> <span class='ocrx_word' id='word_1_277' title='bbox 875 2023 956 2058; x_wconf 82' lang='lat' dir='ltr'><strong>pedes</strong></span> <span class='ocrx_word' id='word_1_278' title='bbox 971 2030 1038 2056; x_wconf 86' lang='lat' dir='ltr'><strong>qua-</strong></span> 
     </span>
    </p>
   </div>
   <div class='ocr_carea' id='block_1_41' title="bbox 248 2068 1039 2108">
    <p class='ocr_par' dir='ltr' id='par_1_41' title="bbox 248 2068 1039 2108">
     <span class='ocr_line' id='line_1_41' title="bbox 248 2068 1039 2108; baseline -0.01 -6"><span class='ocrx_word' id='word_1_279' title='bbox 248 2081 318 2106; x_wconf 88' lang='lat' dir='ltr'><strong>tuor,</strong></span> <span class='ocrx_word' id='word_1_280' title='bbox 336 2074 383 2101; x_wconf 81' lang='lat' dir='ltr'><strong>sed</strong></span> <span class='ocrx_word' id='word_1_281' title='bbox 402 2074 484 2100; x_wconf 88' lang='lat' dir='ltr'><strong>habet</strong></span> <span class='ocrx_word' id='word_1_282' title='bbox 505 2073 618 2108; x_wconf 76' lang='lat' dir='ltr'><strong>largiora</strong></span> <span class='ocrx_word' id='word_1_283' title='bbox 638 2076 710 2099; x_wconf 86' lang='lat' dir='ltr'><strong>retro</strong></span> <span class='ocrx_word' id='word_1_284' title='bbox 729 2078 818 2102; x_wconf 87' lang='lat' dir='ltr'><strong>crura,</strong></span> <span class='ocrx_word' id='word_1_285' title='bbox 837 2077 884 2104; x_wconf 88' lang='lat' dir='ltr'><strong>per</strong></span> <span class='ocrx_word' id='word_1_286' title='bbox 898 2076 958 2103; x_wconf 64' lang='lat' dir='ltr'><strong>qua:</strong></span> <span class='ocrx_word' id='word_1_287' title='bbox 978 2068 1039 2095; x_wconf 83' lang='lat' dir='ltr'><strong>salit</strong></span> 
     </span>
    </p>
   </div>
   <div class='ocr_carea' id='block_1_42' title="bbox 247 2114 1038 2153">
    <p class='ocr_par' dir='ltr' id='par_1_42' title="bbox 247 2114 1038 2153">
     <span class='ocr_line' id='line_1_42' title="bbox 247 2114 1038 2153; baseline -0.008 -7"><span class='ocrx_word' id='word_1_288' title='bbox 247 2129 330 2153; x_wconf 68' lang='lat' dir='ltr'><strong>super</strong></span> <span class='ocrx_word' id='word_1_289' title='bbox 349 2126 459 2151; x_wconf 85' lang='lat' dir='ltr'><strong>terram,</strong></span> <span class='ocrx_word' id='word_1_290' title='bbox 474 2119 617 2146; x_wconf 82' lang='lat' dir='ltr'><strong>comedere</strong></span> <span class='ocrx_word' id='word_1_291' title='bbox 633 2117 747 2149; x_wconf 85' lang='lat' dir='ltr'><strong>debetis,</strong></span> <span class='ocrx_word' id='word_1_292' title='bbox 769 2121 799 2143; x_wconf 90' lang='lat' dir='ltr'><strong>ut</strong></span> <span class='ocrx_word' id='word_1_293' title='bbox 816 2120 857 2142; x_wconf 83' lang='lat' dir='ltr'><strong>est</strong></span> <span class='ocrx_word' id='word_1_294' title='bbox 874 2114 994 2142; x_wconf 86' lang='lat' dir='ltr'><strong>bruchus</strong></span> <span class='ocrx_word' id='word_1_295' title='bbox 1011 2114 1038 2140; x_wconf 93' lang='lat' dir='ltr'><strong>in</strong></span> 
     </span>
    </p>
   </div>
   <div class='ocr_carea' id='block_1_43' title="bbox 247 2160 1036 2200">
    <p class='ocr_par' dir='ltr' id='par_1_43' title="bbox 247 2160 1036 2200">
     <span class='ocr_line' id='line_1_43' title="bbox 247 2160 1036 2200; baseline -0.009 -8"><span class='ocrx_word' id='word_1_296' title='bbox 247 2172 347 2200; x_wconf 70' lang='lat' dir='ltr'><strong>genere</strong></span> <span class='ocrx_word' id='word_1_297' title='bbox 362 2172 421 2196; x_wconf 81' lang='lat' dir='ltr'><strong>suo,</strong></span> <span class='ocrx_word' id='word_1_298' title='bbox 437 2169 553 2196; x_wconf 83' lang='lat' dir='ltr'><strong>attacus,</strong></span> <span class='ocrx_word' id='word_1_299' title='bbox 565 2168 645 2198; x_wconf 88' lang='lat' dir='ltr'><strong>atque</strong></span> <span class='ocrx_word' id='word_1_300' title='bbox 662 2162 861 2197; x_wconf 87' lang='lat' dir='ltr'><strong>ophiomaehus</strong></span> <span class='ocrx_word' id='word_1_301' title='bbox 876 2168 907 2186; x_wconf 89' lang='lat' dir='ltr'><strong>ac</strong></span> <span class='ocrx_word' id='word_1_302' title='bbox 923 2160 1036 2200; x_wconf 81' lang='lat' dir='ltr'><strong>locusta,</strong></span> 
     </span>
    </p>
   </div>
   <div class='ocr_carea' id='block_1_44' title="bbox 248 2211 677 2246">
    <p class='ocr_par' dir='ltr' id='par_1_44' title="bbox 248 2211 677 2246">
     <span class='ocr_line' id='line_1_44' title="bbox 248 2211 677 2246; baseline -0.007 -9"><span class='ocrx_word' id='word_1_303' title='bbox 248 2211 351 2246; x_wconf 72' lang='lat' dir='ltr'><strong>singula</strong></span> <span class='ocrx_word' id='word_1_304' title='bbox 364 2211 439 2244; x_wconf 82' lang='lat' dir='ltr'><strong>juxta</strong></span> <span class='ocrx_word' id='word_1_305' title='bbox 456 2217 541 2244; x_wconf 78' lang='lat' dir='ltr'><strong>genus</strong></span> <span class='ocrx_word' id='word_1_306' title='bbox 557 2217 648 2236; x_wconf 81' lang='lat' dir='ltr'><strong>suum.</strong></span> <span class='ocrx_word' id='word_1_307' title='bbox 669 2218 677 2234; x_wconf 85' lang='grc' dir='ltr'><strong>ι</strong></span> 
     </span>
    </p>
   </div>
   <div class='ocr_carea' id='block_1_45' title="bbox 282 2252 1038 2289">
    <p class='ocr_par' dir='ltr' id='par_1_45' title="bbox 282 2252 1038 2289">
     <span class='ocr_line' id='line_1_45' title="bbox 282 2252 1038 2289; baseline -0.007 -5"><span class='ocrx_word' id='word_1_308' title='bbox 282 2258 324 2284; x_wconf 80' lang='lat' dir='ltr'><strong>Ab</strong></span> <span class='ocrx_word' id='word_1_309' title='bbox 350 2257 423 2284; x_wconf 92' lang='lat' dir='ltr'><strong>omni</strong></span> <span class='ocrx_word' id='word_1_310' title='bbox 449 2256 564 2283; x_wconf 87' lang='lat' dir='ltr'><strong>mundos</strong></span> <span class='ocrx_word' id='word_1_311' title='bbox 587 2263 646 2282; x_wconf 49' lang='lat' dir='ltr'><strong>esse</strong></span> <span class='ocrx_word' id='word_1_312' title='bbox 676 2259 803 2289; x_wconf 87' lang='lat' dir='ltr'><strong>peccato,</strong></span> <span class='ocrx_word' id='word_1_313' title='bbox 828 2259 909 2288; x_wconf 85' lang='lat' dir='ltr'><strong>atque</strong></span> <span class='ocrx_word' id='word_1_314' title='bbox 931 2252 1038 2280; x_wconf 87' lang='lat' dir='ltr'><strong>actione</strong></span> 
     </span>
    </p>
   </div>
   <div class='ocr_carea' id='block_1_46' title="bbox 247 2299 1035 2338">
    <p class='ocr_par' dir='ltr' id='par_1_46' title="bbox 247 2299 1035 2338">
     <span class='ocr_line' id='line_1_46' title="bbox 247 2299 1035 2338; baseline -0.008 -7"><span class='ocrx_word' id='word_1_315' title='bbox 247 2304 366 2337; x_wconf 75' lang='lat' dir='ltr'><strong>sordida,</strong></span> <span class='ocrx_word' id='word_1_316' title='bbox 383 2311 430 2330; x_wconf 85' lang='lat' dir='ltr'><strong>eos</strong></span> <span class='ocrx_word' id='word_1_317' title='bbox 444 2303 490 2338; x_wconf 89' lang='lat' dir='ltr'><strong>qui</strong></span> <span class='ocrx_word' id='word_1_318' title='bbox 508 2302 746 2336; x_wconf 86' lang='lat' dir='ltr'><strong>contemplativam</strong></span> <span class='ocrx_word' id='word_1_319' title='bbox 764 2301 846 2327; x_wconf 88' lang='lat' dir='ltr'><strong>vitam</strong></span> <span class='ocrx_word' id='word_1_320' title='bbox 865 2299 1035 2334; x_wconf 86' lang='lat' dir='ltr'><strong>pollicentur.</strong></span> 
     </span>
    </p>
   </div>
   <div class='ocr_carea' id='block_1_47' title="bbox 247 2345 1037 2384">
    <p class='ocr_par' dir='ltr' id='par_1_47' title="bbox 247 2345 1037 2384">
     <span class='ocr_line' id='line_1_47' title="bbox 247 2345 1037 2384; baseline -0.008 -8"><span class='ocrx_word' id='word_1_321' title='bbox 247 2355 365 2384; x_wconf 87' lang='lat' dir='ltr'><strong>oportet.</strong></span> <span class='ocrx_word' id='word_1_322' title='bbox 387 2349 533 2384; x_wconf 76' lang='lat' dir='ltr'><strong>Propterea</strong></span> <span class='ocrx_word' id='word_1_323' title='bbox 560 2347 715 2382; x_wconf 81' lang='lat' dir='ltr'><strong>quicunque</strong></span> <span class='ocrx_word' id='word_1_324' title='bbox 744 2345 852 2380; x_wconf 88' lang='lat' dir='ltr'><strong>quidem</strong></span> <span class='ocrx_word' id='word_1_325' title='bbox 883 2345 1037 2371; x_wconf 87' lang='lat' dir='ltr'><strong>volatilibus</strong></span> 
     </span>
    </p>
   </div>
   <div class='ocr_carea' id='block_1_48' title="bbox 247 2390 1038 2428">
    <p class='ocr_par' dir='ltr' id='par_1_48' title="bbox 247 2390 1038 2428">
     <span class='ocr_line' id='line_1_48' title="bbox 247 2390 1038 2428; baseline -0.008 -7"><span class='ocrx_word' id='word_1_326' title='bbox 247 2395 350 2421; x_wconf 75' lang='lat' dir='ltr'><strong>suniles</strong></span> <span class='ocrx_word' id='word_1_327' title='bbox 367 2398 441 2427; x_wconf 85' lang='lat' dir='ltr'><strong>sunt,</strong></span> <span class='ocrx_word' id='word_1_328' title='bbox 456 2400 638 2428; x_wconf 85' lang='lat' dir='ltr'><strong>supernorum</strong></span> <span class='ocrx_word' id='word_1_329' title='bbox 654 2391 780 2418; x_wconf 77' lang='lat' dir='ltr'><strong>videlicet</strong></span> <span class='ocrx_word' id='word_1_330' title='bbox 793 2390 899 2424; x_wconf 82' lang='lat' dir='ltr'><strong>assequi</strong></span> <span class='ocrx_word' id='word_1_331' title='bbox 915 2394 1038 2416; x_wconf 86' lang='lat' dir='ltr'><strong>contem-</strong></span> 
     </span>
    </p>
   </div>
   <div class='ocr_carea' id='block_1_49' title="bbox 230 2435 1038 2473">
    <p class='ocr_par' dir='ltr' id='par_1_49' title="bbox 230 2435 1038 2473">
     <span class='ocr_line' id='line_1_49' title="bbox 230 2435 1038 2473; baseline -0.005 -8"><span class='ocrx_word' id='word_1_332' title='bbox 230 2440 395 2473; x_wconf 89' lang='lat' dir='ltr'><strong>-platioucm</strong></span> <span class='ocrx_word' id='word_1_333' title='bbox 411 2439 616 2473; x_wconf 81' lang='lat' dir='ltr'><strong>promittentes,</strong></span> <span class='ocrx_word' id='word_1_334' title='bbox 641 2445 701 2472; x_wconf 76' lang='lat' dir='ltr'><strong>qua:</strong></span> <span class='ocrx_word' id='word_1_335' title='bbox 726 2436 802 2464; x_wconf 87' lang='lat' dir='ltr'><strong>ducit</strong></span> <span class='ocrx_word' id='word_1_336' title='bbox 823 2436 855 2463; x_wconf 90' lang='lat' dir='ltr'><strong>ad</strong></span> <span class='ocrx_word' id='word_1_337' title='bbox 878 2436 972 2467; x_wconf 76' lang='lat' dir='ltr'><strong>caelos,</strong></span> <span class='ocrx_word' id='word_1_338' title='bbox 991 2435 1038 2462; x_wconf 88' lang='lat' dir='ltr'><strong>scd</strong></span> 
     </span>
    </p>
   </div>
   <div class='ocr_carea' id='block_1_50' title="bbox 249 2484 1037 2520">
    <p class='ocr_par' dir='ltr' id='par_1_50' title="bbox 249 2484 1037 2520">
     <span class='ocr_line' id='line_1_50' title="bbox 249 2484 1037 2520; baseline -0.004 -10"><span class='ocrx_word' id='word_1_339' title='bbox 249 2485 391 2519; x_wconf 79' lang='lat' dir='ltr'><strong>rcptilibus</strong></span> <span class='ocrx_word' id='word_1_340' title='bbox 407 2490 611 2520; x_wconf 80' lang='lat' dir='ltr'><strong>comparantur,</strong></span> <span class='ocrx_word' id='word_1_341' title='bbox 635 2484 697 2519; x_wconf 88' lang='lat' dir='ltr'><strong>quia</strong></span> <span class='ocrx_word' id='word_1_342' title='bbox 720 2484 904 2518; x_wconf 82' lang='lat' dir='ltr'><strong>depascuutur</strong></span> <span class='ocrx_word' id='word_1_343' title='bbox 928 2487 1037 2512; x_wconf 83' lang='lat' dir='ltr'><strong>terram,</strong></span> 
     </span>
    </p>
   </div>
   <div class='ocr_carea' id='block_1_51' title="bbox 247 2529 1040 2566">
    <p class='ocr_par' dir='ltr' id='par_1_51' title="bbox 247 2529 1040 2566">
     <span class='ocr_line' id='line_1_51' title="bbox 247 2529 1040 2566; baseline -0.006 -7"><span class='ocrx_word' id='word_1_344' title='bbox 247 2536 277 2559; x_wconf 77' lang='lat' dir='ltr'><strong>et</strong></span> <span class='ocrx_word' id='word_1_345' title='bbox 292 2531 520 2566; x_wconf 83' lang='lat' dir='ltr'><strong>concupiscentiis</strong></span> <span class='ocrx_word' id='word_1_346' title='bbox 536 2539 648 2566; x_wconf 75' lang='lat' dir='ltr'><strong>operarii</strong></span> <span class='ocrx_word' id='word_1_347' title='bbox 665 2532 741 2562; x_wconf 89' lang='lat' dir='ltr'><strong>dant,</strong></span> <span class='ocrx_word' id='word_1_348' title='bbox 756 2529 863 2556; x_wconf 79' lang='lat' dir='ltr'><strong>etiamsi</strong></span> <span class='ocrx_word' id='word_1_349' title='bbox 881 2529 907 2555; x_wconf 88' lang='lat' dir='ltr'><strong>in</strong></span> <span class='ocrx_word' id='word_1_350' title='bbox 923 2532 1040 2563; x_wconf 86' lang='lat' dir='ltr'><strong>quatuor</strong></span> 
     </span>
    </p>
   </div>
   <div class='ocr_carea' id='block_1_52' title="bbox 249 2575 1041 2613">
    <p class='ocr_par' dir='ltr' id='par_1_52' title="bbox 249 2575 1041 2613">
     <span class='ocr_line' id='line_1_52' title="bbox 249 2575 1041 2613; baseline -0.008 -7"><span class='ocrx_word' id='word_1_351' title='bbox 249 2579 391 2607; x_wconf 82' lang='lat' dir='ltr'><strong>ambulant</strong></span> <span class='ocrx_word' id='word_1_352' title='bbox 407 2578 501 2613; x_wconf 82' lang='lat' dir='ltr'><strong>pedes,</strong></span> <span class='ocrx_word' id='word_1_353' title='bbox 518 2578 543 2605; x_wconf 81' lang='lat' dir='ltr'><strong>id</strong></span> <span class='ocrx_word' id='word_1_354' title='bbox 560 2583 612 2611; x_wconf 80' lang='lat' dir='ltr'><strong>est,</strong></span> <span class='ocrx_word' id='word_1_355' title='bbox 630 2577 682 2604; x_wconf 79' lang='lat' dir='ltr'><strong>etsi</strong></span> <span class='ocrx_word' id='word_1_356' title='bbox 702 2577 887 2611; x_wconf 75' lang='lat' dir='ltr'><strong>evangelicam</strong></span> <span class='ocrx_word' id='word_1_357' title='bbox 910 2575 1041 2602; x_wconf 78' lang='lat' dir='ltr'><strong>simulant</strong></span> 
     </span>
    </p>
   </div>
   <div class='ocr_carea' id='block_1_53' title="bbox 250 2622 1037 2662">
    <p class='ocr_par' dir='ltr' id='par_1_53' title="bbox 250 2622 1037 2662">
     <span class='ocr_line' id='line_1_53' title="bbox 250 2622 1037 2662; baseline -0.008 -9"><span class='ocrx_word' id='word_1_358' title='bbox 250 2624 483 2662; x_wconf 71' lang='lat' dir='ltr'><strong>praedicationem,</strong></span> <span class='ocrx_word' id='word_1_359' title='bbox 501 2633 561 2659; x_wconf 74' lang='lat' dir='ltr'><strong>qua:</strong></span> <span class='ocrx_word' id='word_1_360' title='bbox 579 2624 647 2651; x_wconf 64' lang='lat' dir='ltr'><strong>dixit</strong></span> <span class='ocrx_word' id='word_1_361' title='bbox 662 2633 668 2649; x_wconf 87' lang='lat'>:</span> <span class='ocrx_word' id='word_1_362' title='bbox 685 2624 743 2650; x_wconf 78' lang='lat' dir='ltr'><strong>Non</strong></span> <span class='ocrx_word' id='word_1_363' title='bbox 760 2623 816 2649; x_wconf 73' lang='lat' dir='ltr'><strong>veni</strong></span> <span class='ocrx_word' id='word_1_364' title='bbox 838 2629 930 2649; x_wconf 79' lang='lat' dir='ltr'><strong>uocare</strong></span> <span class='ocrx_word' id='word_1_365' title='bbox 940 2622 1037 2656; x_wconf 74' lang='lat' dir='ltr'><strong>justas,</strong></span> 
     </span>
    </p>
   </div>
   <div class='ocr_carea' id='block_1_54' title="bbox 248 2667 1039 2707">
    <p class='ocr_par' dir='ltr' id='par_1_54' title="bbox 248 2667 1039 2707">
     <span class='ocr_line' id='line_1_54' title="bbox 248 2667 1039 2707; baseline -0.009 -7"><span class='ocrx_word' id='word_1_366' title='bbox 248 2675 292 2701; x_wconf 65' lang='lat' dir='ltr'><strong>sed</strong></span> <span class='ocrx_word' id='word_1_367' title='bbox 307 2677 455 2707; x_wconf 72' lang='lat' dir='ltr'><strong>peccatores</strong></span> <span class='ocrx_word' id='word_1_368' title='bbox 473 2672 507 2698; x_wconf 86' lang='lat' dir='ltr'><strong>ad</strong></span> <span class='ocrx_word' id='word_1_369' title='bbox 531 2670 710 2705; x_wconf 76' lang='lat' dir='ltr'><strong>ptenitcntium</strong></span> <span class='ocrx_word' id='word_1_370' title='bbox 727 2670 759 2700; x_wconf 58' lang='lat'><strong>3&#39;,</strong></span> <span class='ocrx_word' id='word_1_371' title='bbox 782 2674 810 2696; x_wconf 89' lang='lat' dir='ltr'><strong>ct</strong></span> <span class='ocrx_word' id='word_1_372' title='bbox 832 2678 838 2695; x_wconf 88' lang='lat'>:</span> <span class='ocrx_word' id='word_1_373' title='bbox 865 2668 925 2694; x_wconf 68' lang='lat' dir='ltr'><strong>Non</strong></span> <span class='ocrx_word' id='word_1_374' title='bbox 945 2667 1039 2694; x_wconf 74' lang='lat' dir='ltr'><strong>habent</strong></span> 
     </span>
    </p>
   </div>
   <div class='ocr_carea' id='block_1_55' title="bbox 248 2715 1039 2750">
    <p class='ocr_par' dir='ltr' id='par_1_55' title="bbox 248 2715 1039 2750">
     <span class='ocr_line' id='line_1_55' title="bbox 248 2715 1039 2750; baseline -0.008 -4"><span class='ocrx_word' id='word_1_375' title='bbox 248 2727 349 2746; x_wconf 70' lang='lat' dir='ltr'><strong>necesse</strong></span> <span class='ocrx_word' id='word_1_376' title='bbox 368 2717 427 2744; x_wconf 81' lang='lat' dir='ltr'><strong>sani</strong></span> <span class='ocrx_word' id='word_1_377' title='bbox 445 2717 542 2743; x_wconf 86' lang='lat' dir='ltr'><strong>medica</strong></span> <span class='ocrx_word' id='word_1_378' title='bbox 553 2736 560 2749; x_wconf 90' lang='lat'><strong>,</strong></span> <span class='ocrx_word' id='word_1_379' title='bbox 578 2716 623 2742; x_wconf 77' lang='lat' dir='ltr'><strong>sed</strong></span> <span class='ocrx_word' id='word_1_380' title='bbox 644 2716 688 2750; x_wconf 77' lang='lat' dir='ltr'><strong>qui</strong></span> <span class='ocrx_word' id='word_1_381' title='bbox 710 2715 777 2742; x_wconf 83' lang='lat' dir='ltr'><strong>male</strong></span> <span class='ocrx_word' id='word_1_382' title='bbox 793 2715 888 2742; x_wconf 81' lang='lat' dir='ltr'><strong>lmhent</strong></span> <span class='ocrx_word' id='word_1_383' title='bbox 905 2715 937 2746; x_wconf 69' lang='grc'><strong>³³,</strong></span> <span class='ocrx_word' id='word_1_384' title='bbox 954 2723 968 2740; x_wconf 91' lang='lat' dir='ltr'><strong>a</strong></span> <span class='ocrx_word' id='word_1_385' title='bbox 985 2721 1039 2749; x_wconf 89' lang='lat' dir='ltr'><strong>quo</strong></span> 
     </span>
    </p>
   </div>
   <div class='ocr_carea' id='block_1_56' title="bbox 247 2760 1038 2795">
    <p class='ocr_par' dir='ltr' id='par_1_56' title="bbox 247 2760 1038 2795">
     <span class='ocr_line' id='line_1_56' title="bbox 247 2760 1038 2795; baseline -0.005 -4"><span class='ocrx_word' id='word_1_386' title='bbox 247 2767 315 2791; x_wconf 81' lang='lat' dir='ltr'><strong>latro</strong></span> <span class='ocrx_word' id='word_1_387' title='bbox 337 2763 456 2790; x_wconf 78' lang='lat' dir='ltr'><strong>salvatus</strong></span> <span class='ocrx_word' id='word_1_388' title='bbox 470 2767 520 2794; x_wconf 89' lang='lat' dir='ltr'><strong>est,</strong></span> <span class='ocrx_word' id='word_1_389' title='bbox 537 2766 564 2789; x_wconf 88' lang='lat' dir='ltr'><strong>et</strong></span> <span class='ocrx_word' id='word_1_390' title='bbox 583 2762 703 2789; x_wconf 87' lang='lat' dir='ltr'><strong>adultera</strong></span> <span class='ocrx_word' id='word_1_391' title='bbox 721 2761 866 2795; x_wconf 85' lang='lat' dir='ltr'><strong>justilicata</strong></span> <span class='ocrx_word' id='word_1_392' title='bbox 883 2766 935 2792; x_wconf 79' lang='lat' dir='ltr'><strong>est,</strong></span> <span class='ocrx_word' id='word_1_393' title='bbox 950 2765 977 2787; x_wconf 88' lang='lat' dir='ltr'><strong>et</strong></span> <span class='ocrx_word' id='word_1_394' title='bbox 993 2760 1038 2795; x_wconf 83' lang='lat' dir='ltr'><strong>qui</strong></span> 
     </span>
    </p>
   </div>
   <div class='ocr_carea' id='block_1_57' title="bbox 245 2808 1036 2847">
    <p class='ocr_par' dir='ltr' id='par_1_57' title="bbox 245 2808 1036 2847">
     <span class='ocr_line' id='line_1_57' title="bbox 245 2808 1036 2847; baseline -0.006 -9"><span class='ocrx_word' id='word_1_395' title='bbox 245 2812 307 2847; x_wconf 85' lang='lat' dir='ltr'><strong>plus</strong></span> <span class='ocrx_word' id='word_1_396' title='bbox 326 2810 474 2843; x_wconf 84' lang='lat' dir='ltr'><strong>debebant,</strong></span> <span class='ocrx_word' id='word_1_397' title='bbox 488 2810 549 2846; x_wconf 81' lang='lat' dir='ltr'><strong>plus</strong></span> <span class='ocrx_word' id='word_1_398' title='bbox 561 2809 672 2844; x_wconf 74' lang='lat' dir='ltr'><strong>diligere</strong></span> <span class='ocrx_word' id='word_1_399' title='bbox 688 2809 873 2843; x_wconf 64' lang='lat' dir='ltr'><strong>lgnOit‘Clllcltl</strong></span> <span class='ocrx_word' id='word_1_400' title='bbox 892 2808 1036 2841; x_wconf 84' lang='lat' dir='ltr'><strong>dicuntur;</strong></span> 
     </span>
    </p>
   </div>
   <div class='ocr_carea' id='block_1_58' title="bbox 1054 969 1072 995">
    <p class='ocr_par' dir='ltr' id='par_1_58' title="bbox 1054 969 1072 995">
     <span class='ocr_line' id='line_1_58' title="bbox 1054 969 1072 995; baseline 0 0"><span class='ocrx_word' id='word_1_401' title='bbox 1054 969 1072 995; x_wconf 72' lang='grc' dir='ltr'>Β</span> 
     </span>
    </p>
   </div>
   <div class='ocr_carea' id='block_1_59' title="bbox 293 2900 834 2931">
    <p class='ocr_par' dir='ltr' id='par_1_59' title="bbox 293 2900 834 2931">
     <span class='ocr_line' id='line_1_59' title="bbox 293 2900 834 2931; baseline -0.002 -5"><span class='ocrx_word' id='word_1_402' title='bbox 293 2901 400 2928; x_wconf 50' lang='lat' dir='ltr'><strong>“Paul.</strong></span> <span class='ocrx_word' id='word_1_403' title='bbox 429 2908 463 2931; x_wconf 73' lang='lat' dir='ltr'><strong>CI,</strong></span> <span class='ocrx_word' id='word_1_404' title='bbox 493 2901 517 2927; x_wconf 90' lang='lat'><strong>7.</strong></span> <span class='ocrx_word' id='word_1_405' title='bbox 572 2901 595 2915; x_wconf 78' lang='lat'><strong>”‘</strong></span> <span class='ocrx_word' id='word_1_406' title='bbox 627 2900 713 2926; x_wconf 65' lang='lat' dir='ltr'><strong>Exod.</strong></span> <span class='ocrx_word' id='word_1_407' title='bbox 732 2908 785 2928; x_wconf 72' lang='lat' dir='ltr'><strong>xiv,</strong></span> <span class='ocrx_word' id='word_1_408' title='bbox 808 2902 834 2928; x_wconf 60' lang='grc' dir='ltr'><strong>εἱ.</strong></span> 
     </span>
    </p>
   </div>
   <div class='ocr_carea' id='block_1_60' title="bbox 345 2934 799 2967">
    <p class='ocr_par' dir='ltr' id='par_1_60' title="bbox 345 2934 799 2967">
     <span class='ocr_line' id='line_1_60' title="bbox 345 2934 799 2967; baseline -0.004 -4"><span class='ocrx_word' id='word_1_409' title='bbox 345 2938 367 2952; x_wconf 73' lang='grc'><em>³³</em></span> <span class='ocrx_word' id='word_1_410' title='bbox 386 2937 436 2963; x_wconf 71' lang='lat' dir='ltr'><strong>lsa.</strong></span> <span class='ocrx_word' id='word_1_411' title='bbox 455 2944 511 2966; x_wconf 85' lang='lat' dir='ltr'><strong>LIII,</strong></span> <span class='ocrx_word' id='word_1_412' title='bbox 530 2935 562 2965; x_wconf 78' lang='lat'><strong>9;</strong></span> <span class='ocrx_word' id='word_1_413' title='bbox 593 2934 692 2961; x_wconf 71' lang='lat' dir='ltr'><strong>Il’clr.</strong></span> <span class='ocrx_word' id='word_1_414' title='bbox 707 2943 737 2967; x_wconf 78' lang='lat' dir='ltr'><strong>tl,</strong></span> <span class='ocrx_word' id='word_1_415' title='bbox 755 2936 799 2963; x_wconf 64' lang='lat'><strong>2‘2.</strong></span> 
     </span>
    </p>
   </div>
   <div class='ocr_carea' id='block_1_61' title="bbox 393 2970 689 3006">
    <p class='ocr_par' dir='ltr' id='par_1_61' title="bbox 393 2970 689 3006">
     <span class='ocr_line' id='line_1_61' title="bbox 393 2970 689 3006; baseline 0 -8"><span class='ocrx_word' id='word_1_416' title='bbox 393 2972 424 2987; x_wconf 76' lang='grc'><strong>³⁷⁹</strong></span> <span class='ocrx_word' id='word_1_417' title='bbox 441 2971 534 2999; x_wconf 74' lang='lat' dir='ltr'><strong>.liattlt.</strong></span> <span class='ocrx_word' id='word_1_418' title='bbox 556 2978 632 3006; x_wconf 70' lang='lat' dir='ltr'><strong>nlv,</strong></span> <span class='ocrx_word' id='word_1_419' title='bbox 650 2970 689 2998; x_wconf 73' lang='lat' dir='ltr'><strong>l2.</strong></span> 
     </span>
    </p>
   </div>
   <div class='ocr_carea' id='block_1_62' title="bbox 249 2938 288 2964">
    <p class='ocr_par' dir='ltr' id='par_1_62' title="bbox 249 2938 288 2964">
     <span class='ocr_line' id='line_1_62' title="bbox 249 2938 288 2964; baseline 0.026 -1"><span class='ocrx_word' id='word_1_420' title='bbox 249 2938 288 2964; x_wconf 74' lang='lat' dir='ltr'><strong>l&#39;l.</strong></span> 
     </span>
    </p>
   </div>
   <div class='ocr_carea' id='block_1_63' title="bbox 241 2974 344 3007">
    <p class='ocr_par' dir='ltr' id='par_1_63' title="bbox 241 2974 344 3007">
     <span class='ocr_line' id='line_1_63' title="bbox 241 2974 344 3007; baseline -0.019 -7"><span class='ocrx_word' id='word_1_421' title='bbox 241 2981 286 3007; x_wconf 71' lang='lat' dir='ltr'><strong>du,</strong></span> <span class='ocrx_word' id='word_1_422' title='bbox 304 2974 344 3000; x_wconf 68' lang='grc' dir='ltr'><em>Ν.</em></span> 
     </span>
    </p>
   </div>
   <div class='ocr_carea' id='block_1_64' title="bbox 855 2935 1071 2967">
    <p class='ocr_par' dir='ltr' id='par_1_64' title="bbox 855 2935 1071 2967">
     <span class='ocr_line' id='line_1_64' title="bbox 855 2935 1071 2967; baseline 0.005 -6"><span class='ocrx_word' id='word_1_423' title='bbox 855 2936 875 2950; x_wconf 65' lang='grc'><strong>³³</strong></span> <span class='ocrx_word' id='word_1_424' title='bbox 893 2935 971 2961; x_wconf 73' lang='lat' dir='ltr'><strong>Cant.</strong></span> <span class='ocrx_word' id='word_1_425' title='bbox 999 2943 1030 2967; x_wconf 85' lang='lat' dir='ltr'><strong>tt,</strong></span> <span class='ocrx_word' id='word_1_426' title='bbox 1046 2938 1071 2962; x_wconf 76' lang='grc' dir='ltr'><strong>ὃ.</strong></span> 
     </span>
    </p>
   </div>
   <div class='ocr_carea' id='block_1_65' title="bbox 834 221 1269 256">
    <p class='ocr_par' dir='ltr' id='par_1_65' title="bbox 834 221 1269 256">
     <span class='ocr_line' id='line_1_65' title="bbox 834 221 1269 256; baseline -0.014 0"><span class='ocrx_word' id='word_1_427' title='bbox 834 224 1017 256; x_wconf 77' lang='lat' dir='ltr'><strong>IIESYCH-l&#39;l</strong></span> <span class='ocrx_word' id='word_1_428' title='bbox 1035 221 1269 252; x_wconf 63' lang='lat' dir='ltr'><strong>PRESBYTERI</strong></span> 
     </span>
    </p>
   </div>
   <div class='ocr_carea' id='block_1_66' title="bbox 886 2899 1108 2931">
    <p class='ocr_par' dir='ltr' id='par_1_66' title="bbox 886 2899 1108 2931">
     <span class='ocr_line' id='line_1_66' title="bbox 886 2899 1108 2931; baseline 0.005 -6"><span class='ocrx_word' id='word_1_429' title='bbox 886 2900 908 2915; x_wconf 71' lang='grc'><strong>²⁰</strong></span> <span class='ocrx_word' id='word_1_430' title='bbox 926 2899 932 2925; x_wconf 94' lang='lat' dir='ltr'><strong>l</strong></span> <span class='ocrx_word' id='word_1_431' title='bbox 951 2899 1022 2925; x_wconf 62' lang='grc' dir='ltr'><strong>Ρυιγ.</strong></span> <span class='ocrx_word' id='word_1_432' title='bbox 1039 2910 1064 2931; x_wconf 79' lang='lat' dir='ltr'><strong>v,</strong></span> <span class='ocrx_word' id='word_1_433' title='bbox 1083 2901 1108 2926; x_wconf 64' lang='grc'><strong>8.</strong></span> 
     </span>
    </p>
   </div>
   <div class='ocr_carea' id='block_1_67' title="bbox 1821 224 1875 255">
    <p class='ocr_par' dir='ltr' id='par_1_67' title="bbox 1821 224 1875 255">
     <span class='ocr_line' id='line_1_67' title="bbox 1821 224 1875 255; baseline 0 0"><span class='ocrx_word' id='word_1_434' title='bbox 1821 224 1875 255; x_wconf 77' lang='grc'><strong>912</strong></span> 
     </span>
    </p>
   </div>
   <div class='ocr_carea' id='block_1_68' title="bbox 1083 275 1877 310">
    <p class='ocr_par' dir='ltr' id='par_1_68' title="bbox 1083 275 1877 310">
     <span class='ocr_line' id='line_1_68' title="bbox 1083 275 1877 310; baseline 0.004 -7"><span class='ocrx_word' id='word_1_435' title='bbox 1083 276 1130 303; x_wconf 84' lang='lat' dir='ltr'><strong>sed</strong></span> <span class='ocrx_word' id='word_1_436' title='bbox 1146 281 1247 304; x_wconf 81' lang='lat' dir='ltr'><strong>tamen,</strong></span> <span class='ocrx_word' id='word_1_437' title='bbox 1261 276 1323 310; x_wconf 85' lang='lat' dir='ltr'><strong>quia</strong></span> <span class='ocrx_word' id='word_1_438' title='bbox 1339 283 1393 302; x_wconf 91' lang='lat' dir='ltr'><strong>nou</strong></span> <span class='ocrx_word' id='word_1_439' title='bbox 1410 275 1559 303; x_wconf 76' lang='lat' dir='ltr'><strong>secundum</strong></span> <span class='ocrx_word' id='word_1_440' title='bbox 1577 276 1717 304; x_wconf 89' lang='lat' dir='ltr'><strong>veritatem</strong></span> <span class='ocrx_word' id='word_1_441' title='bbox 1728 299 1734 310; x_wconf 91' lang='lat'><strong>,</strong></span> <span class='ocrx_word' id='word_1_442' title='bbox 1748 278 1877 306; x_wconf 88' lang='lat' dir='ltr'><strong>socialem</strong></span> 
     </span>
    </p>
   </div>
   <div class='ocr_carea' id='block_1_69' title="bbox 1084 323 1879 359">
    <p class='ocr_par' dir='ltr' id='par_1_69' title="bbox 1084 323 1879 359">
     <span class='ocr_line' id='line_1_69' title="bbox 1084 323 1879 359; baseline 0.005 -9"><span class='ocrx_word' id='word_1_443' title='bbox 1084 323 1286 358; x_wconf 85' lang='lat' dir='ltr'><strong>amplectuntur</strong></span> <span class='ocrx_word' id='word_1_444' title='bbox 1304 323 1401 355; x_wconf 86' lang='lat' dir='ltr'><strong>vitam,</strong></span> <span class='ocrx_word' id='word_1_445' title='bbox 1421 323 1571 350; x_wconf 90' lang='lat' dir='ltr'><strong>abutuntur</strong></span> <span class='ocrx_word' id='word_1_446' title='bbox 1583 327 1674 350; x_wconf 90' lang='lat' dir='ltr'><strong>autem</strong></span> <span class='ocrx_word' id='word_1_447' title='bbox 1691 327 1879 359; x_wconf 79' lang='lat' dir='ltr'><strong>compastione</strong></span> 
     </span>
    </p>
   </div>
   <div class='ocr_carea' id='block_1_70' title="bbox 1084 367 1880 403">
    <p class='ocr_par' dir='ltr' id='par_1_70' title="bbox 1084 367 1880 403">
     <span class='ocr_line' id='line_1_70' title="bbox 1084 367 1880 403; baseline 0.008 -10"><span class='ocrx_word' id='word_1_448' title='bbox 1084 367 1287 400; x_wconf 77' lang='lat' dir='ltr'><strong>przcdieationis</strong></span> <span class='ocrx_word' id='word_1_449' title='bbox 1303 375 1353 402; x_wconf 89' lang='lat' dir='ltr'><strong>pro</strong></span> <span class='ocrx_word' id='word_1_450' title='bbox 1377 368 1434 395; x_wconf 89' lang='lat' dir='ltr'><strong>suis</strong></span> <span class='ocrx_word' id='word_1_451' title='bbox 1449 368 1645 403; x_wconf 85' lang='lat' dir='ltr'><strong>voluptatibus,</strong></span> <span class='ocrx_word' id='word_1_452' title='bbox 1661 369 1793 398; x_wconf 89' lang='lat' dir='ltr'><strong>immundi</strong></span> <span class='ocrx_word' id='word_1_453' title='bbox 1814 377 1880 399; x_wconf 88' lang='lat' dir='ltr'><strong>sunt</strong></span> 
     </span>
    </p>
   </div>
   <div class='ocr_carea' id='block_1_71' title="bbox 1083 412 1879 447">
    <p class='ocr_par' dir='ltr' id='par_1_71' title="bbox 1083 412 1879 447">
     <span class='ocr_line' id='line_1_71' title="bbox 1083 412 1879 447; baseline 0.006 -9"><span class='ocrx_word' id='word_1_454' title='bbox 1083 417 1164 446; x_wconf 86' lang='lat' dir='ltr'><strong>atque</strong></span> <span class='ocrx_word' id='word_1_455' title='bbox 1189 412 1397 444; x_wconf 82' lang='lat' dir='ltr'><strong>abominabiles,</strong></span> <span class='ocrx_word' id='word_1_456' title='bbox 1423 417 1517 447; x_wconf 84' lang='lat' dir='ltr'><strong>utpote</strong></span> <span class='ocrx_word' id='word_1_457' title='bbox 1542 413 1588 447; x_wconf 88' lang='lat' dir='ltr'><strong>qui</strong></span> <span class='ocrx_word' id='word_1_458' title='bbox 1615 414 1640 439; x_wconf 90' lang='lat' dir='ltr'><strong>iu</strong></span> <span class='ocrx_word' id='word_1_459' title='bbox 1665 414 1710 441; x_wconf 85' lang='lat' dir='ltr'><strong>tali</strong></span> <span class='ocrx_word' id='word_1_460' title='bbox 1731 422 1879 443; x_wconf 80' lang='lat' dir='ltr'><strong>conversa-</strong></span> 
     </span>
    </p>
   </div>
   <div class='ocr_carea' id='block_1_72' title="bbox 1084 457 1880 499">
    <p class='ocr_par' dir='ltr' id='par_1_72' title="bbox 1084 457 1880 499">
     <span class='ocr_line' id='line_1_72' title="bbox 1084 457 1880 499; baseline 0.006 -15"><span class='ocrx_word' id='word_1_461' title='bbox 1084 457 1168 490; x_wconf 77' lang='lat' dir='ltr'><strong>tione,</strong></span> <span class='ocrx_word' id='word_1_462' title='bbox 1190 462 1218 485; x_wconf 91' lang='lat' dir='ltr'><strong>et</strong></span> <span class='ocrx_word' id='word_1_463' title='bbox 1240 457 1266 484; x_wconf 92' lang='lat' dir='ltr'><strong>in</strong></span> <span class='ocrx_word' id='word_1_464' title='bbox 1289 458 1334 484; x_wconf 89' lang='lat' dir='ltr'><strong>tali</strong></span> <span class='ocrx_word' id='word_1_465' title='bbox 1355 458 1480 491; x_wconf 85' lang='lat' dir='ltr'><strong>scientia,</strong></span> <span class='ocrx_word' id='word_1_466' title='bbox 1494 463 1600 494; x_wconf 90' lang='lat' dir='ltr'><strong>turpem</strong></span> <span class='ocrx_word' id='word_1_467' title='bbox 1620 461 1765 499; x_wconf 70' lang='lat' dir='ltr'><strong>quamdam</strong></span> <span class='ocrx_word' id='word_1_468' title='bbox 1787 462 1880 497; x_wconf 75' lang='lat' dir='ltr'><strong>ingre-</strong></span> 
     </span>
    </p>
   </div>
   <div class='ocr_carea' id='block_1_73' title="bbox 1083 503 1878 536">
    <p class='ocr_par' dir='ltr' id='par_1_73' title="bbox 1083 503 1878 536">
     <span class='ocr_line' id='line_1_73' title="bbox 1083 503 1878 536; baseline 0.006 -7"><span class='ocrx_word' id='word_1_469' title='bbox 1083 503 1197 530; x_wconf 90' lang='lat' dir='ltr'><strong>diuntur</strong></span> <span class='ocrx_word' id='word_1_470' title='bbox 1221 508 1249 530; x_wconf 88' lang='lat' dir='ltr'><strong>et</strong></span> <span class='ocrx_word' id='word_1_471' title='bbox 1270 503 1437 531; x_wconf 87' lang='lat' dir='ltr'><strong>immundam</strong></span> <span class='ocrx_word' id='word_1_472' title='bbox 1464 504 1558 531; x_wconf 88' lang='lat' dir='ltr'><strong>vitam.</strong></span> <span class='ocrx_word' id='word_1_473' title='bbox 1579 504 1684 536; x_wconf 84' lang='lat' dir='ltr'><strong>Quibus</strong></span> <span class='ocrx_word' id='word_1_474' title='bbox 1706 510 1798 533; x_wconf 77' lang='lat' dir='ltr'><strong>autem</strong></span> <span class='ocrx_word' id='word_1_475' title='bbox 1814 511 1878 534; x_wconf 86' lang='lat' dir='ltr'><strong>sunt</strong></span> 
     </span>
    </p>
   </div>
   <div class='ocr_carea' id='block_1_74' title="bbox 1084 550 1880 585">
    <p class='ocr_par' dir='ltr' id='par_1_74' title="bbox 1084 550 1880 585">
     <span class='ocr_line' id='line_1_74' title="bbox 1084 550 1880 585; baseline 0.004 -8"><span class='ocrx_word' id='word_1_476' title='bbox 1084 558 1164 578; x_wconf 85' lang='lat' dir='ltr'><strong>crura</strong></span> <span class='ocrx_word' id='word_1_477' title='bbox 1187 550 1346 582; x_wconf 86' lang='lat' dir='ltr'><strong>excelsiora,</strong></span> <span class='ocrx_word' id='word_1_478' title='bbox 1364 554 1394 577; x_wconf 89' lang='lat' dir='ltr'><strong>ut</strong></span> <span class='ocrx_word' id='word_1_479' title='bbox 1415 558 1463 585; x_wconf 90' lang='lat' dir='ltr'><strong>per</strong></span> <span class='ocrx_word' id='word_1_480' title='bbox 1483 558 1514 577; x_wconf 89' lang='lat' dir='ltr'><strong>ea</strong></span> <span class='ocrx_word' id='word_1_481' title='bbox 1533 551 1660 578; x_wconf 80' lang='lat' dir='ltr'><strong>exsiliant</strong></span> <span class='ocrx_word' id='word_1_482' title='bbox 1680 558 1694 577; x_wconf 90' lang='lat' dir='ltr'><strong>a</strong></span> <span class='ocrx_word' id='word_1_483' title='bbox 1712 555 1795 582; x_wconf 79' lang='lat' dir='ltr'><strong>terra,</strong></span> <span class='ocrx_word' id='word_1_484' title='bbox 1807 552 1880 580; x_wconf 86' lang='lat' dir='ltr'><strong>inter</strong></span> 
     </span>
    </p>
   </div>
   <div class='ocr_carea' id='block_1_75' title="bbox 1084 596 1878 631">
    <p class='ocr_par' dir='ltr' id='par_1_75' title="bbox 1084 596 1878 631">
     <span class='ocr_line' id='line_1_75' title="bbox 1084 596 1878 631; baseline 0.003 -8"><span class='ocrx_word' id='word_1_485' title='bbox 1084 596 1186 624; x_wconf 90' lang='lat' dir='ltr'><strong>munda</strong></span> <span class='ocrx_word' id='word_1_486' title='bbox 1199 601 1341 631; x_wconf 89' lang='lat' dir='ltr'><strong>propterea</strong></span> <span class='ocrx_word' id='word_1_487' title='bbox 1352 597 1579 631; x_wconf 88' lang='lat' dir='ltr'><strong>ponuntur,quia,</strong></span> <span class='ocrx_word' id='word_1_488' title='bbox 1590 604 1653 624; x_wconf 88' lang='lat' dir='ltr'><strong>cum</strong></span> <span class='ocrx_word' id='word_1_489' title='bbox 1669 597 1724 624; x_wconf 88' lang='lat' dir='ltr'><strong>sint</strong></span> <span class='ocrx_word' id='word_1_490' title='bbox 1740 598 1766 624; x_wconf 92' lang='lat' dir='ltr'><strong>in</strong></span> <span class='ocrx_word' id='word_1_491' title='bbox 1783 606 1878 631; x_wconf 76' lang='lat' dir='ltr'><strong>carne,</strong></span> 
     </span>
    </p>
   </div>
   <div class='ocr_carea' id='block_1_76' title="bbox 1084 643 1879 675">
    <p class='ocr_par' dir='ltr' id='par_1_76' title="bbox 1084 643 1879 675">
     <span class='ocr_line' id='line_1_76' title="bbox 1084 643 1879 675; baseline 0 -5"><span class='ocrx_word' id='word_1_492' title='bbox 1084 651 1139 671; x_wconf 90' lang='lat' dir='ltr'><strong>non</strong></span> <span class='ocrx_word' id='word_1_493' title='bbox 1159 644 1309 670; x_wconf 87' lang='lat' dir='ltr'><strong>secundum</strong></span> <span class='ocrx_word' id='word_1_494' title='bbox 1324 650 1436 670; x_wconf 83' lang='lat' dir='ltr'><strong>carnem</strong></span> <span class='ocrx_word' id='word_1_495' title='bbox 1458 643 1584 675; x_wconf 83' lang='lat' dir='ltr'><strong>militant,</strong></span> <span class='ocrx_word' id='word_1_496' title='bbox 1601 644 1648 670; x_wconf 88' lang='lat' dir='ltr'><strong>sed</strong></span> <span class='ocrx_word' id='word_1_497' title='bbox 1664 651 1679 670; x_wconf 91' lang='lat' dir='ltr'><strong>a</strong></span> <span class='ocrx_word' id='word_1_498' title='bbox 1694 644 1811 671; x_wconf 89' lang='lat' dir='ltr'><strong>sordidis</strong></span> <span class='ocrx_word' id='word_1_499' title='bbox 1831 652 1879 672; x_wconf 84' lang='lat' dir='ltr'><strong>ex-</strong></span> 
     </span>
    </p>
   </div>
   <div class='ocr_carea' id='block_1_77' title="bbox 1085 688 1880 722">
    <p class='ocr_par' dir='ltr' id='par_1_77' title="bbox 1085 688 1880 722">
     <span class='ocr_line' id='line_1_77' title="bbox 1085 688 1880 722; baseline 0.001 -7"><span class='ocrx_word' id='word_1_500' title='bbox 1085 689 1180 716; x_wconf 86' lang='lat' dir='ltr'><strong>siliunt</strong></span> <span class='ocrx_word' id='word_1_501' title='bbox 1201 688 1368 721; x_wconf 82' lang='lat' dir='ltr'><strong>actionibus,</strong></span> <span class='ocrx_word' id='word_1_502' title='bbox 1397 693 1424 715; x_wconf 91' lang='lat' dir='ltr'><strong>et</strong></span> <span class='ocrx_word' id='word_1_503' title='bbox 1451 689 1627 716; x_wconf 76' lang='lat' dir='ltr'><strong>saecularibus</strong></span> <span class='ocrx_word' id='word_1_504' title='bbox 1660 689 1827 722; x_wconf 86' lang='lat' dir='ltr'><strong>hominibus,</strong></span> <span class='ocrx_word' id='word_1_505' title='bbox 1850 696 1880 716; x_wconf 91' lang='lat' dir='ltr'><strong>ut</strong></span> 
     </span>
    </p>
   </div>
   <div class='ocr_carea' id='block_1_78' title="bbox 1085 735 1881 770">
    <p class='ocr_par' dir='ltr' id='par_1_78' title="bbox 1085 735 1881 770">
     <span class='ocr_line' id='line_1_78' title="bbox 1085 735 1881 770; baseline 0.001 -8"><span class='ocrx_word' id='word_1_506' title='bbox 1085 735 1202 762; x_wconf 88' lang='lat' dir='ltr'><strong>doceant</strong></span> <span class='ocrx_word' id='word_1_507' title='bbox 1217 742 1264 762; x_wconf 87' lang='lat' dir='ltr'><strong>eos</strong></span> <span class='ocrx_word' id='word_1_508' title='bbox 1280 739 1361 769; x_wconf 88' lang='lat' dir='ltr'><strong>atque</strong></span> <span class='ocrx_word' id='word_1_509' title='bbox 1380 735 1525 768; x_wconf 87' lang='lat' dir='ltr'><strong>instruant,</strong></span> <span class='ocrx_word' id='word_1_510' title='bbox 1550 735 1751 770; x_wconf 84' lang='lat' dir='ltr'><strong>permiscentur</strong></span> <span class='ocrx_word' id='word_1_511' title='bbox 1767 745 1773 762; x_wconf 75' lang='grc' dir='ltr'><strong>ε</strong></span> <span class='ocrx_word' id='word_1_512' title='bbox 1790 737 1825 763; x_wconf 87' lang='lat' dir='ltr'><strong>ita</strong></span> <span class='ocrx_word' id='word_1_513' title='bbox 1850 742 1881 764; x_wconf 85' lang='lat' dir='ltr'><strong>ut</strong></span> 
     </span>
    </p>
   </div>
   <div class='ocr_carea' id='block_1_79' title="bbox 1087 781 1879 817">
    <p class='ocr_par' dir='ltr' id='par_1_79' title="bbox 1087 781 1879 817">
     <span class='ocr_line' id='line_1_79' title="bbox 1087 781 1879 817; baseline 0.001 -9"><span class='ocrx_word' id='word_1_514' title='bbox 1087 785 1190 808; x_wconf 86' lang='lat' dir='ltr'><strong>etcum</strong></span> <span class='ocrx_word' id='word_1_515' title='bbox 1207 781 1338 808; x_wconf 85' lang='lat' dir='ltr'><strong>adulteris</strong></span> <span class='ocrx_word' id='word_1_516' title='bbox 1357 781 1513 816; x_wconf 85' lang='lat' dir='ltr'><strong>aliquando,</strong></span> <span class='ocrx_word' id='word_1_517' title='bbox 1533 786 1560 808; x_wconf 90' lang='lat' dir='ltr'><strong>et</strong></span> <span class='ocrx_word' id='word_1_518' title='bbox 1576 789 1638 809; x_wconf 90' lang='lat' dir='ltr'><strong>cum</strong></span> <span class='ocrx_word' id='word_1_519' title='bbox 1658 782 1812 817; x_wconf 77' lang='lat' dir='ltr'><strong>publicanis</strong></span> <span class='ocrx_word' id='word_1_520' title='bbox 1829 783 1879 809; x_wconf 71' lang='lat' dir='ltr'><strong>ba~</strong></span> 
     </span>
    </p>
   </div>
   <div class='ocr_carea' id='block_1_80' title="bbox 1085 828 1879 860">
    <p class='ocr_par' dir='ltr' id='par_1_80' title="bbox 1085 828 1879 860">
     <span class='ocr_line' id='line_1_80' title="bbox 1085 828 1879 860; baseline 0 -6"><span class='ocrx_word' id='word_1_521' title='bbox 1085 828 1183 860; x_wconf 88' lang='lat' dir='ltr'><strong>bitent,</strong></span> <span class='ocrx_word' id='word_1_522' title='bbox 1196 833 1224 854; x_wconf 81' lang='lat' dir='ltr'><strong>et</strong></span> <span class='ocrx_word' id='word_1_523' title='bbox 1236 833 1325 854; x_wconf 88' lang='lat' dir='ltr'><strong>tamen</strong></span> <span class='ocrx_word' id='word_1_524' title='bbox 1342 828 1490 855; x_wconf 89' lang='lat' dir='ltr'><strong>immundis</strong></span> <span class='ocrx_word' id='word_1_525' title='bbox 1504 835 1599 855; x_wconf 90' lang='lat' dir='ltr'><strong>eorum</strong></span> <span class='ocrx_word' id='word_1_526' title='bbox 1613 836 1667 855; x_wconf 92' lang='lat' dir='ltr'><strong>non</strong></span> <span class='ocrx_word' id='word_1_527' title='bbox 1681 829 1879 856; x_wconf 79' lang='lat' dir='ltr'><strong>commiscean-</strong></span> 
     </span>
    </p>
   </div>
   <div class='ocr_carea' id='block_1_81' title="bbox 1085 871 1877 907">
    <p class='ocr_par' dir='ltr' id='par_1_81' title="bbox 1085 871 1877 907">
     <span class='ocr_line' id='line_1_81' title="bbox 1085 871 1877 907; baseline 0.003 -7"><span class='ocrx_word' id='word_1_528' title='bbox 1085 879 1129 900; x_wconf 89' lang='lat' dir='ltr'><strong>tur</strong></span> <span class='ocrx_word' id='word_1_529' title='bbox 1144 874 1298 900; x_wconf 84' lang='lat' dir='ltr'><strong>actionibus</strong></span> <span class='ocrx_word' id='word_1_530' title='bbox 1317 882 1323 900; x_wconf 89' lang='lat'>:</span> <span class='ocrx_word' id='word_1_531' title='bbox 1343 874 1466 901; x_wconf 88' lang='lat' dir='ltr'><strong>resiliunt</strong></span> <span class='ocrx_word' id='word_1_532' title='bbox 1488 871 1561 901; x_wconf 88' lang='lat' dir='ltr'><strong>enim</strong></span> <span class='ocrx_word' id='word_1_533' title='bbox 1577 875 1610 901; x_wconf 87' lang='lat' dir='ltr'><strong>ab</strong></span> <span class='ocrx_word' id='word_1_534' title='bbox 1629 875 1679 906; x_wconf 67' lang='lat' dir='ltr'><strong>eis,</strong></span> <span class='ocrx_word' id='word_1_535' title='bbox 1705 879 1734 901; x_wconf 88' lang='lat' dir='ltr'><strong>et</strong></span> <span class='ocrx_word' id='word_1_536' title='bbox 1757 876 1877 907; x_wconf 84' lang='lat' dir='ltr'><strong>avolant,</strong></span> 
     </span>
    </p>
   </div>
   <div class='ocr_carea' id='block_1_82' title="bbox 1085 919 1879 955">
    <p class='ocr_par' dir='ltr' id='par_1_82' title="bbox 1085 919 1879 955">
     <span class='ocr_line' id='line_1_82' title="bbox 1085 919 1879 955; baseline 0.001 -9"><span class='ocrx_word' id='word_1_537' title='bbox 1085 923 1112 946; x_wconf 87' lang='lat' dir='ltr'><strong>et</strong></span> <span class='ocrx_word' id='word_1_538' title='bbox 1127 927 1189 945; x_wconf 83' lang='lat' dir='ltr'><strong>cum</strong></span> <span class='ocrx_word' id='word_1_539' title='bbox 1207 919 1365 946; x_wconf 84' lang='lat' dir='ltr'><strong>societatem</strong></span> <span class='ocrx_word' id='word_1_540' title='bbox 1387 920 1492 953; x_wconf 86' lang='lat' dir='ltr'><strong>peccati</strong></span> <span class='ocrx_word' id='word_1_541' title='bbox 1508 919 1629 954; x_wconf 85' lang='lat' dir='ltr'><strong>ip5urum</strong></span> <span class='ocrx_word' id='word_1_542' title='bbox 1653 919 1800 955; x_wconf 75' lang='lat' dir='ltr'><strong>refugiant,</strong></span> <span class='ocrx_word' id='word_1_543' title='bbox 1814 928 1879 955; x_wconf 86' lang='lat' dir='ltr'><strong>pec-</strong></span> 
     </span>
    </p>
   </div>
   <div class='ocr_carea' id='block_1_83' title="bbox 1085 966 1879 1000">
    <p class='ocr_par' dir='ltr' id='par_1_83' title="bbox 1085 966 1879 1000">
     <span class='ocr_line' id='line_1_83' title="bbox 1085 966 1879 1000; baseline -0.001 -7"><span class='ocrx_word' id='word_1_544' title='bbox 1085 966 1224 994; x_wconf 81' lang='lat' dir='ltr'><strong>eatOrihus</strong></span> <span class='ocrx_word' id='word_1_545' title='bbox 1244 969 1345 998; x_wconf 80' lang='lat' dir='ltr'><strong>tamen,</strong></span> <span class='ocrx_word' id='word_1_546' title='bbox 1361 970 1390 992; x_wconf 75' lang='lat' dir='ltr'><strong>ut</strong></span> <span class='ocrx_word' id='word_1_547' title='bbox 1406 972 1454 992; x_wconf 73' lang='lat' dir='ltr'><strong>eos</strong></span> <span class='ocrx_word' id='word_1_548' title='bbox 1472 973 1486 992; x_wconf 90' lang='lat' dir='ltr'><strong>a</strong></span> <span class='ocrx_word' id='word_1_549' title='bbox 1504 971 1677 1000; x_wconf 86' lang='lat' dir='ltr'><strong>peccatorum</strong></span> <span class='ocrx_word' id='word_1_550' title='bbox 1698 966 1826 993; x_wconf 76' lang='lat' dir='ltr'><strong>sordibus</strong></span> <span class='ocrx_word' id='word_1_551' title='bbox 1846 966 1879 992; x_wconf 75' lang='lat' dir='ltr'><strong>li-</strong></span> 
     </span>
    </p>
   </div>
   <div class='ocr_carea' id='block_1_84' title="bbox 1085 1010 1877 1045">
    <p class='ocr_par' dir='ltr' id='par_1_84' title="bbox 1085 1010 1877 1045">
     <span class='ocr_line' id='line_1_84' title="bbox 1085 1010 1877 1045; baseline -0.001 -8"><span class='ocrx_word' id='word_1_552' title='bbox 1085 1011 1182 1038; x_wconf 77' lang='lat' dir='ltr'><strong>herent</strong></span> <span class='ocrx_word' id='word_1_553' title='bbox 1216 1015 1296 1045; x_wconf 87' lang='lat' dir='ltr'><strong>atque</strong></span> <span class='ocrx_word' id='word_1_554' title='bbox 1330 1014 1479 1043; x_wconf 86' lang='lat' dir='ltr'><strong>revocent,</strong></span> <span class='ocrx_word' id='word_1_555' title='bbox 1508 1010 1670 1045; x_wconf 87' lang='lat' dir='ltr'><strong>plerumque</strong></span> <span class='ocrx_word' id='word_1_556' title='bbox 1697 1010 1877 1038; x_wconf 85' lang='lat' dir='ltr'><strong>cobabitaut:</strong></span> 
     </span>
    </p>
   </div>
   <div class='ocr_carea' id='block_1_85' title="bbox 1085 1057 1880 1092">
    <p class='ocr_par' dir='ltr' id='par_1_85' title="bbox 1085 1057 1880 1092">
     <span class='ocr_line' id='line_1_85' title="bbox 1085 1057 1880 1092; baseline -0.003 -7"><span class='ocrx_word' id='word_1_557' title='bbox 1085 1058 1155 1085; x_wconf 86' lang='lat' dir='ltr'><strong>sicut</strong></span> <span class='ocrx_word' id='word_1_558' title='bbox 1178 1057 1328 1089; x_wconf 89' lang='lat' dir='ltr'><strong>Dominus,</strong></span> <span class='ocrx_word' id='word_1_559' title='bbox 1355 1057 1400 1091; x_wconf 86' lang='lat' dir='ltr'><strong>qui</strong></span> <span class='ocrx_word' id='word_1_560' title='bbox 1420 1061 1556 1090; x_wconf 72' lang='lat' dir='ltr'><strong>peccaturi:</strong></span> <span class='ocrx_word' id='word_1_561' title='bbox 1574 1065 1624 1083; x_wconf 87' lang='lat' dir='ltr'><strong>non</strong></span> <span class='ocrx_word' id='word_1_562' title='bbox 1643 1058 1713 1092; x_wconf 76' lang='lat' dir='ltr'><strong>fecit,</strong></span> <span class='ocrx_word' id='word_1_563' title='bbox 1731 1065 1776 1083; x_wconf 82' lang='lat' dir='ltr'><strong>nec</strong></span> <span class='ocrx_word' id='word_1_564' title='bbox 1793 1057 1820 1083; x_wconf 83' lang='lat' dir='ltr'><strong>in</strong></span> <span class='ocrx_word' id='word_1_565' title='bbox 1835 1065 1880 1084; x_wconf 76' lang='lat' dir='ltr'><strong>ore</strong></span> 
     </span>
    </p>
   </div>
   <div class='ocr_carea' id='block_1_86' title="bbox 1085 1102 1880 1138">
    <p class='ocr_par' dir='ltr' id='par_1_86' title="bbox 1085 1102 1880 1138">
     <span class='ocr_line' id='line_1_86' title="bbox 1085 1102 1880 1138; baseline 0.003 -9"><span class='ocrx_word' id='word_1_566' title='bbox 1085 1104 1142 1138; x_wconf 83' lang='lat' dir='ltr'><strong>ejus</strong></span> <span class='ocrx_word' id='word_1_567' title='bbox 1157 1103 1232 1130; x_wconf 82' lang='lat' dir='ltr'><strong>dolus</strong></span> <span class='ocrx_word' id='word_1_568' title='bbox 1247 1103 1296 1138; x_wconf 74' lang='lat' dir='ltr'><strong>fuit</strong></span> <span class='ocrx_word' id='word_1_569' title='bbox 1313 1102 1345 1134; x_wconf 79' lang='grc'><strong>³³,</strong></span> <span class='ocrx_word' id='word_1_570' title='bbox 1367 1110 1428 1130; x_wconf 92' lang='lat' dir='ltr'><strong>eum</strong></span> <span class='ocrx_word' id='word_1_571' title='bbox 1451 1103 1643 1137; x_wconf 88' lang='lat' dir='ltr'><strong>peccatoribus</strong></span> <span class='ocrx_word' id='word_1_572' title='bbox 1664 1103 1824 1131; x_wconf 83' lang='lat' dir='ltr'><strong>comedebat</strong></span> <span class='ocrx_word' id='word_1_573' title='bbox 1853 1109 1880 1131; x_wconf 85' lang='lat' dir='ltr'><strong>et</strong></span> 
     </span>
    </p>
   </div>
   <div class='ocr_carea' id='block_1_87' title="bbox 1086 1149 1881 1184">
    <p class='ocr_par' dir='ltr' id='par_1_87' title="bbox 1086 1149 1881 1184">
     <span class='ocr_line' id='line_1_87' title="bbox 1086 1149 1881 1184; baseline 0.001 -8"><span class='ocrx_word' id='word_1_574' title='bbox 1086 1150 1204 1179; x_wconf 84' lang='lat' dir='ltr'><strong>bibebat,</strong></span> <span class='ocrx_word' id='word_1_575' title='bbox 1221 1149 1343 1176; x_wconf 88' lang='lat' dir='ltr'><strong>doctrina</strong></span> <span class='ocrx_word' id='word_1_576' title='bbox 1360 1156 1407 1176; x_wconf 88' lang='lat' dir='ltr'><strong>eos</strong></span> <span class='ocrx_word' id='word_1_577' title='bbox 1427 1149 1654 1184; x_wconf 88' lang='lat' dir='ltr'><strong>institutioneque</strong></span> <span class='ocrx_word' id='word_1_578' title='bbox 1676 1150 1838 1184; x_wconf 83' lang='lat' dir='ltr'><strong>justiticans,</strong></span> <span class='ocrx_word' id='word_1_579' title='bbox 1853 1155 1881 1178; x_wconf 87' lang='lat' dir='ltr'><strong>ct</strong></span> 
     </span>
    </p>
   </div>
   <div class='ocr_carea' id='block_1_88' title="bbox 1086 1195 1882 1231">
    <p class='ocr_par' dir='ltr' id='par_1_88' title="bbox 1086 1195 1882 1231">
     <span class='ocr_line' id='line_1_88' title="bbox 1086 1195 1882 1231; baseline 0.003 -9"><span class='ocrx_word' id='word_1_580' title='bbox 1086 1196 1118 1222; x_wconf 92' lang='lat' dir='ltr'><strong>ad</strong></span> <span class='ocrx_word' id='word_1_581' title='bbox 1140 1196 1180 1222; x_wconf 86' lang='lat' dir='ltr'><strong>sui</strong></span> <span class='ocrx_word' id='word_1_582' title='bbox 1199 1203 1349 1230; x_wconf 84' lang='lat' dir='ltr'><strong>provocans</strong></span> <span class='ocrx_word' id='word_1_583' title='bbox 1367 1195 1581 1227; x_wconf 82' lang='lat' dir='ltr'><strong>:emulationem,</strong></span> <span class='ocrx_word' id='word_1_584' title='bbox 1607 1196 1675 1222; x_wconf 91' lang='lat' dir='ltr'><strong>nihil</strong></span> <span class='ocrx_word' id='word_1_585' title='bbox 1702 1204 1797 1224; x_wconf 90' lang='lat' dir='ltr'><strong>eorum</strong></span> <span class='ocrx_word' id='word_1_586' title='bbox 1822 1197 1882 1231; x_wconf 64' lang='lat' dir='ltr'><strong>ipso</strong></span> 
     </span>
    </p>
   </div>
   <div class='ocr_carea' id='block_1_89' title="bbox 1088 1241 1882 1277">
    <p class='ocr_par' dir='ltr' id='par_1_89' title="bbox 1088 1241 1882 1277">
     <span class='ocr_line' id='line_1_89' title="bbox 1088 1241 1882 1277; baseline 0.004 -10"><span class='ocrx_word' id='word_1_587' title='bbox 1088 1241 1207 1273; x_wconf 86' lang='lat' dir='ltr'><strong>imitans,</strong></span> <span class='ocrx_word' id='word_1_588' title='bbox 1223 1249 1274 1268; x_wconf 88' lang='lat' dir='ltr'><strong>nec</strong></span> <span class='ocrx_word' id='word_1_589' title='bbox 1289 1241 1323 1268; x_wconf 86' lang='lat' dir='ltr'><strong>ab</strong></span> <span class='ocrx_word' id='word_1_590' title='bbox 1336 1241 1376 1268; x_wconf 89' lang='lat' dir='ltr'><strong>eis</strong></span> <span class='ocrx_word' id='word_1_591' title='bbox 1393 1241 1561 1276; x_wconf 87' lang='lat' dir='ltr'><strong>inquinatus.</strong></span> <span class='ocrx_word' id='word_1_592' title='bbox 1580 1241 1696 1276; x_wconf 84' lang='lat' dir='ltr'><strong>Propter</strong></span> <span class='ocrx_word' id='word_1_593' title='bbox 1713 1243 1784 1277; x_wconf 88' lang='lat' dir='ltr'><strong>quod</strong></span> <span class='ocrx_word' id='word_1_594' title='bbox 1804 1244 1882 1270; x_wconf 80' lang='lat' dir='ltr'><strong>dixe-</strong></span> 
     </span>
    </p>
   </div>
   <div class='ocr_carea' id='block_1_90' title="bbox 1088 1286 1882 1326">
    <p class='ocr_par' dir='ltr' id='par_1_90' title="bbox 1088 1286 1882 1326">
     <span class='ocr_line' id='line_1_90' title="bbox 1088 1286 1882 1326; baseline 0.003 -14"><span class='ocrx_word' id='word_1_595' title='bbox 1088 1291 1151 1326; x_wconf 78' lang='lat' dir='ltr'><strong>runt</strong></span> <span class='ocrx_word' id='word_1_596' title='bbox 1165 1286 1276 1314; x_wconf 85' lang='lat' dir='ltr'><strong>Cantica</strong></span> <span class='ocrx_word' id='word_1_597' title='bbox 1292 1287 1462 1314; x_wconf 87' lang='lat' dir='ltr'><strong>canticorum</strong></span> <span class='ocrx_word' id='word_1_598' title='bbox 1478 1296 1483 1313; x_wconf 92' lang='lat'>:</span> <span class='ocrx_word' id='word_1_599' title='bbox 1499 1286 1566 1314; x_wconf 69' lang='lat' dir='ltr'><strong>Ecce</strong></span> <span class='ocrx_word' id='word_1_600' title='bbox 1587 1288 1635 1314; x_wconf 83' lang='lat' dir='ltr'><strong>istc</strong></span> <span class='ocrx_word' id='word_1_601' title='bbox 1650 1288 1719 1314; x_wconf 75' lang='lat' dir='ltr'><strong>venit</strong></span> <span class='ocrx_word' id='word_1_602' title='bbox 1734 1287 1832 1314; x_wconf 74' lang='lat' dir='ltr'><strong>saliens</strong></span> <span class='ocrx_word' id='word_1_603' title='bbox 1853 1289 1882 1314; x_wconf 81' lang='lat' dir='ltr'><strong>in</strong></span> 
     </span>
    </p>
   </div>
   <div class='ocr_carea' id='block_1_91' title="bbox 1088 1332 1883 1368">
    <p class='ocr_par' dir='ltr' id='par_1_91' title="bbox 1088 1332 1883 1368">
     <span class='ocr_line' id='line_1_91' title="bbox 1088 1332 1883 1368; baseline -0.001 -9"><span class='ocrx_word' id='word_1_604' title='bbox 1088 1333 1228 1364; x_wconf 72' lang='lat' dir='ltr'><strong>moruibus,</strong></span> <span class='ocrx_word' id='word_1_605' title='bbox 1250 1333 1379 1360; x_wconf 75' lang='lat' dir='ltr'><strong>transiens</strong></span> <span class='ocrx_word' id='word_1_606' title='bbox 1409 1341 1488 1367; x_wconf 86' lang='lat' dir='ltr'><strong>super</strong></span> <span class='ocrx_word' id='word_1_607' title='bbox 1516 1332 1594 1359; x_wconf 72' lang='lat' dir='ltr'><strong>colles</strong></span> <span class='ocrx_word' id='word_1_608' title='bbox 1616 1333 1648 1360; x_wconf 73' lang='lat'><strong>“.</strong></span> <span class='ocrx_word' id='word_1_609' title='bbox 1675 1334 1788 1368; x_wconf 84' lang='lat' dir='ltr'><strong>Oportet</strong></span> <span class='ocrx_word' id='word_1_610' title='bbox 1817 1342 1883 1368; x_wconf 76' lang='lat' dir='ltr'><strong>ergo</strong></span> 
     </span>
    </p>
   </div>
   <div class='ocr_carea' id='block_1_92' title="bbox 1089 1379 1883 1415">
    <p class='ocr_par' dir='ltr' id='par_1_92' title="bbox 1089 1379 1883 1415">
     <span class='ocr_line' id='line_1_92' title="bbox 1089 1379 1883 1415; baseline 0.003 -10"><span class='ocrx_word' id='word_1_611' title='bbox 1089 1387 1139 1406; x_wconf 85' lang='lat' dir='ltr'><strong>nos</strong></span> <span class='ocrx_word' id='word_1_612' title='bbox 1162 1379 1263 1406; x_wconf 81' lang='lat' dir='ltr'><strong>habere</strong></span> <span class='ocrx_word' id='word_1_613' title='bbox 1287 1387 1367 1406; x_wconf 89' lang='lat' dir='ltr'><strong>crura</strong></span> <span class='ocrx_word' id='word_1_614' title='bbox 1390 1379 1550 1407; x_wconf 88' lang='lat' dir='ltr'><strong>sublimiora</strong></span> <span class='ocrx_word' id='word_1_615' title='bbox 1573 1380 1700 1414; x_wconf 87' lang='lat' dir='ltr'><strong>pedibus,</strong></span> <span class='ocrx_word' id='word_1_616' title='bbox 1717 1388 1772 1406; x_wconf 91' lang='lat' dir='ltr'><strong>non</strong></span> <span class='ocrx_word' id='word_1_617' title='bbox 1790 1381 1883 1415; x_wconf 81' lang='lat' dir='ltr'><strong>qualia</strong></span> 
     </span>
    </p>
   </div>
   <div class='ocr_carea' id='block_1_93' title="bbox 1088 1425 1883 1461">
    <p class='ocr_par' dir='ltr' id='par_1_93' title="bbox 1088 1425 1883 1461">
     <span class='ocr_line' id='line_1_93' title="bbox 1088 1425 1883 1461; baseline 0.001 -9"><span class='ocrx_word' id='word_1_618' title='bbox 1088 1425 1245 1452; x_wconf 70' lang='lat' dir='ltr'><strong>.ludzeorum</strong></span> <span class='ocrx_word' id='word_1_619' title='bbox 1265 1426 1348 1460; x_wconf 87' lang='lat' dir='ltr'><strong>pedes</strong></span> <span class='ocrx_word' id='word_1_620' title='bbox 1366 1426 1476 1458; x_wconf 82' lang='lat' dir='ltr'><strong>habent,</strong></span> <span class='ocrx_word' id='word_1_621' title='bbox 1493 1425 1539 1460; x_wconf 90' lang='lat' dir='ltr'><strong>qui</strong></span> <span class='ocrx_word' id='word_1_622' title='bbox 1560 1425 1587 1452; x_wconf 89' lang='lat' dir='ltr'><strong>in</strong></span> <span class='ocrx_word' id='word_1_623' title='bbox 1604 1426 1746 1460; x_wconf 87' lang='lat' dir='ltr'><strong>utriusque</strong></span> <span class='ocrx_word' id='word_1_624' title='bbox 1763 1426 1883 1461; x_wconf 79' lang='lat' dir='ltr'><strong>vestigiis</strong></span> 
     </span>
    </p>
   </div>
   <div class='ocr_carea' id='block_1_94' title="bbox 1089 1472 1883 1507">
    <p class='ocr_par' dir='ltr' id='par_1_94' title="bbox 1089 1472 1883 1507">
     <span class='ocr_line' id='line_1_94' title="bbox 1089 1472 1883 1507; baseline 0 -8"><span class='ocrx_word' id='word_1_625' title='bbox 1089 1473 1158 1504; x_wconf 86' lang='lat' dir='ltr'><strong>suis,</strong></span> <span class='ocrx_word' id='word_1_626' title='bbox 1175 1473 1202 1500; x_wconf 94' lang='lat' dir='ltr'><strong>in</strong></span> <span class='ocrx_word' id='word_1_627' title='bbox 1220 1472 1279 1507; x_wconf 78' lang='lat' dir='ltr'><strong>lege</strong></span> <span class='ocrx_word' id='word_1_628' title='bbox 1295 1472 1421 1499; x_wconf 86' lang='lat' dir='ltr'><strong>videlicet</strong></span> <span class='ocrx_word' id='word_1_629' title='bbox 1436 1476 1463 1499; x_wconf 89' lang='lat' dir='ltr'><strong>et</strong></span> <span class='ocrx_word' id='word_1_630' title='bbox 1478 1472 1630 1507; x_wconf 86' lang='lat' dir='ltr'><strong>prophetis,</strong></span> <span class='ocrx_word' id='word_1_631' title='bbox 1647 1472 1819 1505; x_wconf 84' lang='lat' dir='ltr'><strong>claudicant;</strong></span> <span class='ocrx_word' id='word_1_632' title='bbox 1834 1473 1883 1499; x_wconf 68' lang='grc' dir='ltr'><strong>θρα</strong></span> 
     </span>
    </p>
   </div>
   <div class='ocr_carea' id='block_1_95' title="bbox 1089 1517 1884 1552">
    <p class='ocr_par' dir='ltr' id='par_1_95' title="bbox 1089 1517 1884 1552">
     <span class='ocr_line' id='line_1_95' title="bbox 1089 1517 1884 1552; baseline 0 -8"><span class='ocrx_word' id='word_1_633' title='bbox 1089 1518 1177 1552; x_wconf 88' lang='lat' dir='ltr'><strong>qualia</strong></span> <span class='ocrx_word' id='word_1_634' title='bbox 1195 1518 1297 1544; x_wconf 83' lang='lat' dir='ltr'><strong>habent</strong></span> <span class='ocrx_word' id='word_1_635' title='bbox 1317 1525 1359 1551; x_wconf 88' lang='lat' dir='ltr'><strong>ea,</strong></span> <span class='ocrx_word' id='word_1_636' title='bbox 1380 1525 1441 1552; x_wconf 72' lang='lat' dir='ltr'><strong>quae</strong></span> <span class='ocrx_word' id='word_1_637' title='bbox 1457 1517 1587 1544; x_wconf 89' lang='lat' dir='ltr'><strong>dicuntur</strong></span> <span class='ocrx_word' id='word_1_638' title='bbox 1604 1517 1763 1550; x_wconf 88' lang='lat' dir='ltr'><strong>Cherubim,</strong></span> <span class='ocrx_word' id='word_1_639' title='bbox 1778 1519 1811 1545; x_wconf 89' lang='lat' dir='ltr'><strong>de</strong></span> <span class='ocrx_word' id='word_1_640' title='bbox 1823 1518 1884 1552; x_wconf 86' lang='lat' dir='ltr'><strong>qui-</strong></span> 
     </span>
    </p>
   </div>
   <div class='ocr_carea' id='block_1_96' title="bbox 1090 1563 1887 1599">
    <p class='ocr_par' dir='ltr' id='par_1_96' title="bbox 1090 1563 1887 1599">
     <span class='ocr_line' id='line_1_96' title="bbox 1090 1563 1887 1599; baseline -0.001 -7"><span class='ocrx_word' id='word_1_641' title='bbox 1090 1565 1141 1592; x_wconf 89' lang='lat' dir='ltr'><strong>bus</strong></span> <span class='ocrx_word' id='word_1_642' title='bbox 1155 1565 1257 1592; x_wconf 91' lang='lat' dir='ltr'><strong>dictum</strong></span> <span class='ocrx_word' id='word_1_643' title='bbox 1273 1569 1314 1592; x_wconf 82' lang='lat' dir='ltr'><strong>est</strong></span> <span class='ocrx_word' id='word_1_644' title='bbox 1327 1573 1334 1590; x_wconf 79' lang='lat' dir='ltr'><em>z</em></span> <span class='ocrx_word' id='word_1_645' title='bbox 1349 1563 1383 1590; x_wconf 89' lang='lat' dir='ltr'><strong>Et</strong></span> <span class='ocrx_word' id='word_1_646' title='bbox 1397 1572 1474 1591; x_wconf 81' lang='lat' dir='ltr'><strong>crura</strong></span> <span class='ocrx_word' id='word_1_647' title='bbox 1491 1572 1580 1591; x_wconf 82' lang='lat' dir='ltr'><strong>eorum</strong></span> <span class='ocrx_word' id='word_1_648' title='bbox 1597 1573 1673 1591; x_wconf 85' lang='lat' dir='ltr'><strong>crura</strong></span> <span class='ocrx_word' id='word_1_649' title='bbox 1689 1570 1769 1596; x_wconf 80' lang='lat' dir='ltr'><strong>recta,</strong></span> <span class='ocrx_word' id='word_1_650' title='bbox 1782 1570 1806 1591; x_wconf 81' lang='lat' dir='ltr'><strong>et</strong></span> <span class='ocrx_word' id='word_1_651' title='bbox 1820 1573 1887 1599; x_wconf 76' lang='lat' dir='ltr'><strong>pcn—</strong></span> 
     </span>
    </p>
   </div>
   <div class='ocr_carea' id='block_1_97' title="bbox 1092 1610 1885 1645">
    <p class='ocr_par' dir='ltr' id='par_1_97' title="bbox 1092 1610 1885 1645">
     <span class='ocr_line' id='line_1_97' title="bbox 1092 1610 1885 1645; baseline 0.003 -9"><span class='ocrx_word' id='word_1_652' title='bbox 1092 1611 1148 1637; x_wconf 85' lang='lat' dir='ltr'><strong>nati</strong></span> <span class='ocrx_word' id='word_1_653' title='bbox 1168 1611 1245 1645; x_wconf 78' lang='lat' dir='ltr'><strong>pedes</strong></span> <span class='ocrx_word' id='word_1_654' title='bbox 1267 1618 1367 1643; x_wconf 77' lang='lat' dir='ltr'><strong>eorum,</strong></span> <span class='ocrx_word' id='word_1_655' title='bbox 1390 1614 1463 1637; x_wconf 88' lang='lat' dir='ltr'><strong>recte</strong></span> <span class='ocrx_word' id='word_1_656' title='bbox 1481 1615 1507 1637; x_wconf 89' lang='lat' dir='ltr'><strong>et</strong></span> <span class='ocrx_word' id='word_1_657' title='bbox 1522 1610 1747 1638; x_wconf 82' lang='lat' dir='ltr'><strong>indeclinabiliter</strong></span> <span class='ocrx_word' id='word_1_658' title='bbox 1761 1611 1786 1637; x_wconf 92' lang='lat' dir='ltr'><strong>in</strong></span> <span class='ocrx_word' id='word_1_659' title='bbox 1801 1618 1885 1638; x_wconf 85' lang='lat' dir='ltr'><strong>evan—</strong></span> 
     </span>
    </p>
   </div>
   <div class='ocr_carea' id='block_1_98' title="bbox 1091 1656 1886 1691">
    <p class='ocr_par' dir='ltr' id='par_1_98' title="bbox 1091 1656 1886 1691">
     <span class='ocr_line' id='line_1_98' title="bbox 1091 1656 1886 1691; baseline 0 -7"><span class='ocrx_word' id='word_1_660' title='bbox 1091 1657 1184 1691; x_wconf 69' lang='lat' dir='ltr'><strong>gelicis</strong></span> <span class='ocrx_word' id='word_1_661' title='bbox 1211 1656 1326 1691; x_wconf 88' lang='lat' dir='ltr'><strong>pedibus</strong></span> <span class='ocrx_word' id='word_1_662' title='bbox 1352 1666 1357 1683; x_wconf 93' lang='lat'><strong>:</strong></span> <span class='ocrx_word' id='word_1_663' title='bbox 1381 1657 1414 1684; x_wconf 83' lang='lat' dir='ltr'><strong>de</strong></span> <span class='ocrx_word' id='word_1_664' title='bbox 1438 1657 1536 1691; x_wconf 91' lang='lat' dir='ltr'><strong>quibus</strong></span> <span class='ocrx_word' id='word_1_665' title='bbox 1559 1657 1660 1684; x_wconf 87' lang='lat' dir='ltr'><strong>dictum</strong></span> <span class='ocrx_word' id='word_1_666' title='bbox 1681 1662 1722 1684; x_wconf 86' lang='lat' dir='ltr'><strong>cst</strong></span> <span class='ocrx_word' id='word_1_667' title='bbox 1740 1667 1747 1684; x_wconf 84' lang='lat'>:</span> <span class='ocrx_word' id='word_1_668' title='bbox 1765 1657 1886 1685; x_wconf 66' lang='lat' dir='ltr'><strong>Calceati</strong></span> 
     </span>
    </p>
   </div>
   <div class='ocr_carea' id='block_1_99' title="bbox 1090 1702 1886 1738">
    <p class='ocr_par' dir='ltr' id='par_1_99' title="bbox 1090 1702 1886 1738">
     <span class='ocr_line' id='line_1_99' title="bbox 1090 1702 1886 1738; baseline 0.001 -9"><span class='ocrx_word' id='word_1_669' title='bbox 1090 1704 1166 1737; x_wconf 67' lang='lat' dir='ltr'><strong>pedes</strong></span> <span class='ocrx_word' id='word_1_670' title='bbox 1177 1703 1204 1729; x_wconf 86' lang='lat' dir='ltr'><strong>in</strong></span> <span class='ocrx_word' id='word_1_671' title='bbox 1223 1703 1419 1738; x_wconf 69' lang='lat' dir='ltr'><strong>prmpuratioae</strong></span> <span class='ocrx_word' id='word_1_672' title='bbox 1432 1702 1570 1738; x_wconf 75' lang='lat' dir='ltr'><strong>Evangelii</strong></span> <span class='ocrx_word' id='word_1_673' title='bbox 1587 1704 1659 1737; x_wconf 80' lang='lat' dir='ltr'><strong>pacis</strong></span> <span class='ocrx_word' id='word_1_674' title='bbox 1667 1704 1698 1730; x_wconf 81' lang='lat'><strong>”.</strong></span> <span class='ocrx_word' id='word_1_675' title='bbox 1716 1703 1774 1733; x_wconf 77' lang='lat' dir='ltr'><strong>llic.</strong></span> <span class='ocrx_word' id='word_1_676' title='bbox 1788 1712 1886 1738; x_wconf 83' lang='lat' dir='ltr'><strong>quant—</strong></span> 
     </span>
    </p>
   </div>
   <div class='ocr_carea' id='block_1_100' title="bbox 1091 1749 1885 1784">
    <p class='ocr_par' dir='ltr' id='par_1_100' title="bbox 1091 1749 1885 1784">
     <span class='ocr_line' id='line_1_100' title="bbox 1091 1749 1885 1784; baseline -0.001 -8"><span class='ocrx_word' id='word_1_677' title='bbox 1091 1749 1131 1776; x_wconf 85' lang='lat' dir='ltr'><strong>vis</strong></span> <span class='ocrx_word' id='word_1_678' title='bbox 1147 1756 1231 1784; x_wconf 86' lang='lat' dir='ltr'><strong>super</strong></span> <span class='ocrx_word' id='word_1_679' title='bbox 1251 1753 1350 1776; x_wconf 88' lang='lat' dir='ltr'><strong>terram</strong></span> <span class='ocrx_word' id='word_1_680' title='bbox 1368 1749 1500 1782; x_wconf 88' lang='lat' dir='ltr'><strong>ambulet,</strong></span> <span class='ocrx_word' id='word_1_681' title='bbox 1527 1749 1652 1784; x_wconf 85' lang='lat' dir='ltr'><strong>quamvis</strong></span> <span class='ocrx_word' id='word_1_682' title='bbox 1672 1756 1733 1776; x_wconf 90' lang='lat' dir='ltr'><strong>cum</strong></span> <span class='ocrx_word' id='word_1_683' title='bbox 1757 1753 1885 1783; x_wconf 81' lang='lat' dir='ltr'><strong>peceato-</strong></span> 
     </span>
    </p>
   </div>
   <div class='ocr_carea' id='block_1_101' title="bbox 1091 1795 1886 1830">
    <p class='ocr_par' dir='ltr' id='par_1_101' title="bbox 1091 1795 1886 1830">
     <span class='ocr_line' id='line_1_101' title="bbox 1091 1795 1886 1830; baseline 0.001 -9"><span class='ocrx_word' id='word_1_684' title='bbox 1091 1795 1166 1822; x_wconf 88' lang='lat' dir='ltr'><strong>ribus</strong></span> <span class='ocrx_word' id='word_1_685' title='bbox 1183 1795 1398 1830; x_wconf 84' lang='lat' dir='ltr'><strong>dispensationis</strong></span> <span class='ocrx_word' id='word_1_686' title='bbox 1424 1795 1565 1830; x_wconf 80' lang='lat' dir='ltr'><strong>cujusdam</strong></span> <span class='ocrx_word' id='word_1_687' title='bbox 1581 1795 1665 1830; x_wconf 81' lang='lat' dir='ltr'><strong>gratia</strong></span> <span class='ocrx_word' id='word_1_688' title='bbox 1681 1795 1886 1830; x_wconf 85' lang='lat' dir='ltr'><strong>juvaminisque</strong></span> 
     </span>
    </p>
   </div>
   <div class='ocr_carea' id='block_1_102' title="bbox 1090 1841 1885 1876">
    <p class='ocr_par' dir='ltr' id='par_1_102' title="bbox 1090 1841 1885 1876">
     <span class='ocr_line' id='line_1_102' title="bbox 1090 1841 1885 1876; baseline 0.003 -9"><span class='ocrx_word' id='word_1_689' title='bbox 1090 1846 1280 1873; x_wconf 84' lang='lat' dir='ltr'><strong>conversetur,</strong></span> <span class='ocrx_word' id='word_1_690' title='bbox 1295 1841 1360 1868; x_wconf 90' lang='lat' dir='ltr'><strong>illud</strong></span> <span class='ocrx_word' id='word_1_691' title='bbox 1378 1841 1493 1876; x_wconf 86' lang='lat' dir='ltr'><strong>implens</strong></span> <span class='ocrx_word' id='word_1_692' title='bbox 1507 1841 1687 1876; x_wconf 86' lang='lat' dir='ltr'><strong>apostolicum</strong></span> <span class='ocrx_word' id='word_1_693' title='bbox 1706 1850 1711 1867; x_wconf 95' lang='lat'><strong>:</strong></span> <span class='ocrx_word' id='word_1_694' title='bbox 1727 1841 1755 1868; x_wconf 88' lang='lat' dir='ltr'><strong>Si</strong></span> <span class='ocrx_word' id='word_1_695' title='bbox 1769 1842 1827 1876; x_wconf 86' lang='lat' dir='ltr'><strong>quis</strong></span> <span class='ocrx_word' id='word_1_696' title='bbox 1841 1850 1885 1869; x_wconf 71' lang='lat' dir='ltr'><strong>ras</strong></span> 
     </span>
    </p>
   </div>
   <div class='ocr_carea' id='block_1_103' title="bbox 1089 1887 1887 1922">
    <p class='ocr_par' dir='ltr' id='par_1_103' title="bbox 1089 1887 1887 1922">
     <span class='ocr_line' id='line_1_103' title="bbox 1089 1887 1887 1922; baseline 0.001 -10"><span class='ocrx_word' id='word_1_697' title='bbox 1089 1892 1164 1913; x_wconf 79' lang='lat' dir='ltr'><strong>rocat</strong></span> <span class='ocrx_word' id='word_1_698' title='bbox 1186 1887 1333 1922; x_wconf 79' lang='lat' dir='ltr'><strong>inﬁdelium</strong></span> <span class='ocrx_word' id='word_1_699' title='bbox 1352 1888 1386 1914; x_wconf 81' lang='lat' dir='ltr'><strong>ad</strong></span> <span class='ocrx_word' id='word_1_700' title='bbox 1406 1896 1516 1919; x_wconf 68' lang='lat' dir='ltr'><strong>cernam,</strong></span> <span class='ocrx_word' id='word_1_701' title='bbox 1529 1892 1552 1914; x_wconf 86' lang='lat' dir='ltr'><strong>ct</strong></span> <span class='ocrx_word' id='word_1_702' title='bbox 1570 1887 1647 1914; x_wconf 75' lang='lat' dir='ltr'><strong>vultis</strong></span> <span class='ocrx_word' id='word_1_703' title='bbox 1665 1888 1712 1921; x_wconf 82' lang='lat' dir='ltr'><strong>ire,</strong></span> <span class='ocrx_word' id='word_1_704' title='bbox 1726 1896 1802 1914; x_wconf 82' lang='lat' dir='ltr'><strong>omne</strong></span> <span class='ocrx_word' id='word_1_705' title='bbox 1817 1889 1887 1922; x_wconf 85' lang='lat' dir='ltr'><strong>quod</strong></span> 
     </span>
    </p>
   </div>
   <div class='ocr_carea' id='block_1_104' title="bbox 1090 1934 1885 1969">
    <p class='ocr_par' dir='ltr' id='par_1_104' title="bbox 1090 1934 1885 1969">
     <span class='ocr_line' id='line_1_104' title="bbox 1090 1934 1885 1969; baseline 0 -9"><span class='ocrx_word' id='word_1_706' title='bbox 1090 1934 1159 1960; x_wconf 68' lang='lat' dir='ltr'><strong>voltis</strong></span> <span class='ocrx_word' id='word_1_707' title='bbox 1177 1934 1325 1968; x_wconf 84' lang='lat' dir='ltr'><strong>appositum</strong></span> <span class='ocrx_word' id='word_1_708' title='bbox 1345 1935 1434 1969; x_wconf 78' lang='lat' dir='ltr'><strong>fuerit,</strong></span> <span class='ocrx_word' id='word_1_709' title='bbox 1454 1934 1590 1966; x_wconf 69' lang='lat' dir='ltr'><strong>convertite,</strong></span> <span class='ocrx_word' id='word_1_710' title='bbox 1608 1934 1673 1960; x_wconf 75' lang='lat' dir='ltr'><strong>nillil</strong></span> <span class='ocrx_word' id='word_1_711' title='bbox 1691 1934 1885 1969; x_wconf 75' lang='lat' dir='ltr'><strong>interrogantes</strong></span> 
     </span>
    </p>
   </div>
   <div class='ocr_carea' id='block_1_105' title="bbox 1090 1980 1887 2015">
    <p class='ocr_par' dir='ltr' id='par_1_105' title="bbox 1090 1980 1887 2015">
     <span class='ocr_line' id='line_1_105' title="bbox 1090 1980 1887 2015; baseline 0.001 -9"><span class='ocrx_word' id='word_1_712' title='bbox 1090 1985 1197 2015; x_wconf 75' lang='lat' dir='ltr'><strong>propter</strong></span> <span class='ocrx_word' id='word_1_713' title='bbox 1208 1980 1396 2007; x_wconf 73' lang='lat' dir='ltr'><strong>conscientiam</strong></span> <span class='ocrx_word' id='word_1_714' title='bbox 1409 1980 1431 1996; x_wconf 74' lang='grc' dir='ltr'><strong>³ο</strong></span> <span class='ocrx_word' id='word_1_715' title='bbox 1445 1989 1451 2006; x_wconf 93' lang='lat'><strong>:</strong></span> <span class='ocrx_word' id='word_1_716' title='bbox 1472 1985 1562 2007; x_wconf 88' lang='lat' dir='ltr'><strong>tamen</strong></span> <span class='ocrx_word' id='word_1_717' title='bbox 1580 1980 1689 2007; x_wconf 75' lang='lat' dir='ltr'><strong>volatile</strong></span> <span class='ocrx_word' id='word_1_718' title='bbox 1705 1985 1847 2015; x_wconf 84' lang='lat' dir='ltr'><strong>permanet</strong></span> <span class='ocrx_word' id='word_1_719' title='bbox 1859 1986 1887 2008; x_wconf 81' lang='lat' dir='ltr'><strong>et</strong></span> 
     </span>
    </p>
   </div>
   <div class='ocr_carea' id='block_1_106' title="bbox 1090 2026 1885 2062">
    <p class='ocr_par' dir='ltr' id='par_1_106' title="bbox 1090 2026 1885 2062">
     <span class='ocr_line' id='line_1_106' title="bbox 1090 2026 1885 2062; baseline 0.003 -10"><span class='ocrx_word' id='word_1_720' title='bbox 1090 2026 1208 2053; x_wconf 90' lang='lat' dir='ltr'><strong>mundus</strong></span> <span class='ocrx_word' id='word_1_721' title='bbox 1225 2030 1276 2058; x_wconf 79' lang='lat' dir='ltr'><strong>est,</strong></span> <span class='ocrx_word' id='word_1_722' title='bbox 1297 2027 1386 2053; x_wconf 84' lang='lat' dir='ltr'><strong>sciens</strong></span> <span class='ocrx_word' id='word_1_723' title='bbox 1401 2034 1415 2053; x_wconf 89' lang='lat' dir='ltr'><strong>a</strong></span> <span class='ocrx_word' id='word_1_724' title='bbox 1432 2032 1502 2054; x_wconf 86' lang='lat' dir='ltr'><strong>terra</strong></span> <span class='ocrx_word' id='word_1_725' title='bbox 1527 2027 1646 2054; x_wconf 84' lang='lat' dir='ltr'><strong>emicare</strong></span> <span class='ocrx_word' id='word_1_726' title='bbox 1665 2032 1746 2062; x_wconf 86' lang='lat' dir='ltr'><strong>atque</strong></span> <span class='ocrx_word' id='word_1_727' title='bbox 1763 2027 1885 2059; x_wconf 62' lang='lat' dir='ltr'><strong>exsilire,</strong></span> 
     </span>
    </p>
   </div>
   <div class='ocr_carea' id='block_1_107' title="bbox 1090 2072 1886 2101">
    <p class='ocr_par' dir='ltr' id='par_1_107' title="bbox 1090 2072 1886 2101">
     <span class='ocr_line' id='line_1_107' title="bbox 1090 2072 1886 2101; baseline 0.003 -2"><span class='ocrx_word' id='word_1_728' title='bbox 1090 2078 1116 2099; x_wconf 89' lang='lat' dir='ltr'><strong>et</strong></span> <span class='ocrx_word' id='word_1_729' title='bbox 1131 2080 1185 2099; x_wconf 86' lang='lat' dir='ltr'><strong>non</strong></span> <span class='ocrx_word' id='word_1_730' title='bbox 1202 2072 1343 2100; x_wconf 75' lang='lat' dir='ltr'><strong>adhaerere</strong></span> <span class='ocrx_word' id='word_1_731' title='bbox 1363 2073 1541 2100; x_wconf 76' lang='lat' dir='ltr'><strong>stecularibus</strong></span> <span class='ocrx_word' id='word_1_732' title='bbox 1557 2073 1722 2100; x_wconf 86' lang='lat' dir='ltr'><strong>actionibus.</strong></span> <span class='ocrx_word' id='word_1_733' title='bbox 1744 2072 1817 2100; x_wconf 89' lang='lat' dir='ltr'><strong>Bene</strong></span> <span class='ocrx_word' id='word_1_734' title='bbox 1837 2081 1886 2101; x_wconf 89' lang='lat' dir='ltr'><strong>au-</strong></span> 
     </span>
    </p>
   </div>
   <div class='ocr_carea' id='block_1_108' title="bbox 1091 2118 1886 2153">
    <p class='ocr_par' dir='ltr' id='par_1_108' title="bbox 1091 2118 1886 2153">
     <span class='ocr_line' id='line_1_108' title="bbox 1091 2118 1886 2153; baseline 0.001 -8"><span class='ocrx_word' id='word_1_735' title='bbox 1091 2123 1144 2145; x_wconf 91' lang='lat' dir='ltr'><strong>tem</strong></span> <span class='ocrx_word' id='word_1_736' title='bbox 1165 2119 1258 2145; x_wconf 90' lang='lat' dir='ltr'><strong>talium</strong></span> <span class='ocrx_word' id='word_1_737' title='bbox 1282 2118 1440 2145; x_wconf 86' lang='lat' dir='ltr'><strong>animalium</strong></span> <span class='ocrx_word' id='word_1_738' title='bbox 1462 2119 1543 2145; x_wconf 48' lang='lat' dir='ltr'><strong>etiam</strong></span> <span class='ocrx_word' id='word_1_739' title='bbox 1564 2119 1694 2146; x_wconf 87' lang='lat' dir='ltr'><strong>vocabula</strong></span> <span class='ocrx_word' id='word_1_740' title='bbox 1716 2120 1829 2153; x_wconf 88' lang='lat' dir='ltr'><strong>protulit</strong></span> <span class='ocrx_word' id='word_1_741' title='bbox 1847 2120 1886 2146; x_wconf 83' lang='lat' dir='ltr'><strong>le—</strong></span> 
     </span>
    </p>
   </div>
   <div class='ocr_carea' id='block_1_109' title="bbox 1091 2164 1886 2200">
    <p class='ocr_par' dir='ltr' id='par_1_109' title="bbox 1091 2164 1886 2200">
     <span class='ocr_line' id='line_1_109' title="bbox 1091 2164 1886 2200; baseline 0.003 -10"><span class='ocrx_word' id='word_1_742' title='bbox 1091 2164 1211 2199; x_wconf 78' lang='lat' dir='ltr'><strong>gislator,</strong></span> <span class='ocrx_word' id='word_1_743' title='bbox 1241 2164 1395 2197; x_wconf 86' lang='lat' dir='ltr'><strong>brucbum,</strong></span> <span class='ocrx_word' id='word_1_744' title='bbox 1421 2164 1606 2197; x_wconf 84' lang='lat' dir='ltr'><strong>etlocustam,</strong></span> <span class='ocrx_word' id='word_1_745' title='bbox 1639 2169 1775 2196; x_wconf 76' lang='lat' dir='ltr'><strong>attacum,</strong></span> <span class='ocrx_word' id='word_1_746' title='bbox 1803 2170 1886 2200; x_wconf 87' lang='lat' dir='ltr'><strong>atque</strong></span> 
     </span>
    </p>
   </div>
   <div class='ocr_carea' id='block_1_110' title="bbox 1091 2209 1886 2246">
    <p class='ocr_par' dir='ltr' id='par_1_110' title="bbox 1091 2209 1886 2246">
     <span class='ocr_line' id='line_1_110' title="bbox 1091 2209 1886 2246; baseline 0.004 -10"><span class='ocrx_word' id='word_1_747' title='bbox 1091 2209 1304 2244; x_wconf 89' lang='lat' dir='ltr'><strong>ophiomacbum</strong></span> <span class='ocrx_word' id='word_1_748' title='bbox 1327 2211 1482 2238; x_wconf 87' lang='lat' dir='ltr'><strong>nominans.</strong></span> <span class='ocrx_word' id='word_1_749' title='bbox 1503 2210 1588 2244; x_wconf 82' lang='lat' dir='ltr'><strong>Cujus</strong></span> <span class='ocrx_word' id='word_1_750' title='bbox 1609 2216 1700 2238; x_wconf 88' lang='lat' dir='ltr'><strong>autem</strong></span> <span class='ocrx_word' id='word_1_751' title='bbox 1717 2212 1886 2246; x_wconf 68' lang='lat' dir='ltr'><strong>operationis</strong></span> 
     </span>
    </p>
   </div>
   <div class='ocr_carea' id='block_1_111' title="bbox 1091 2255 1884 2291">
    <p class='ocr_par' dir='ltr' id='par_1_111' title="bbox 1091 2255 1884 2291">
     <span class='ocr_line' id='line_1_111' title="bbox 1091 2255 1884 2291; baseline 0.001 -9"><span class='ocrx_word' id='word_1_752' title='bbox 1091 2256 1156 2286; x_wconf 77' lang='lat' dir='ltr'><strong>sint,</strong></span> <span class='ocrx_word' id='word_1_753' title='bbox 1173 2255 1230 2282; x_wconf 85' lang='lat' dir='ltr'><strong>sive</strong></span> <span class='ocrx_word' id='word_1_754' title='bbox 1254 2256 1372 2288; x_wconf 82' lang='lat' dir='ltr'><strong>virtutis,</strong></span> <span class='ocrx_word' id='word_1_755' title='bbox 1386 2255 1493 2282; x_wconf 88' lang='lat' dir='ltr'><strong>Nahum</strong></span> <span class='ocrx_word' id='word_1_756' title='bbox 1508 2256 1640 2290; x_wconf 85' lang='lat' dir='ltr'><strong>propheta</strong></span> <span class='ocrx_word' id='word_1_757' title='bbox 1663 2256 1729 2283; x_wconf 86' lang='lat' dir='ltr'><strong>satis</strong></span> <span class='ocrx_word' id='word_1_758' title='bbox 1745 2257 1884 2291; x_wconf 76' lang='lat' dir='ltr'><strong>explanat,</strong></span> 
     </span>
    </p>
   </div>
   <div class='ocr_carea' id='block_1_112' title="bbox 1091 2301 1886 2336">
    <p class='ocr_par' dir='ltr' id='par_1_112' title="bbox 1091 2301 1886 2336">
     <span class='ocr_line' id='line_1_112' title="bbox 1091 2301 1886 2336; baseline 0.003 -8"><span class='ocrx_word' id='word_1_759' title='bbox 1091 2301 1128 2328; x_wconf 84' lang='lat' dir='ltr'><strong>ait</strong></span> <span class='ocrx_word' id='word_1_760' title='bbox 1147 2302 1218 2327; x_wconf 84' lang='lat' dir='ltr'><strong>enim</strong></span> <span class='ocrx_word' id='word_1_761' title='bbox 1237 2311 1243 2327; x_wconf 87' lang='lat'>:</span> <span class='ocrx_word' id='word_1_762' title='bbox 1265 2301 1384 2328; x_wconf 83' lang='lat' dir='ltr'><strong>Brucltus</strong></span> <span class='ocrx_word' id='word_1_763' title='bbox 1397 2309 1529 2336; x_wconf 71' lang='lat' dir='ltr'><strong>expensus</strong></span> <span class='ocrx_word' id='word_1_764' title='bbox 1539 2307 1589 2332; x_wconf 62' lang='lat' dir='ltr'><strong>est,</strong></span> <span class='ocrx_word' id='word_1_765' title='bbox 1608 2307 1631 2328; x_wconf 86' lang='lat' dir='ltr'><strong>et</strong></span> <span class='ocrx_word' id='word_1_766' title='bbox 1646 2303 1760 2329; x_wconf 78' lang='lat' dir='ltr'><strong>avolavit</strong></span> <span class='ocrx_word' id='word_1_767' title='bbox 1776 2311 1784 2329; x_wconf 95' lang='lat'><strong><em>:</em></strong></span> <span class='ocrx_word' id='word_1_768' title='bbox 1798 2309 1886 2330; x_wconf 78' lang='lat' dir='ltr'><strong>custo—</strong></span> 
     </span>
    </p>
   </div>
   <div class='ocr_carea' id='block_1_113' title="bbox 1090 2348 1887 2384">
    <p class='ocr_par' dir='ltr' id='par_1_113' title="bbox 1090 2348 1887 2384">
     <span class='ocr_line' id='line_1_113' title="bbox 1090 2348 1887 2384; baseline 0.004 -11"><span class='ocrx_word' id='word_1_769' title='bbox 1090 2348 1133 2374; x_wconf 75' lang='lat' dir='ltr'><strong>des</strong></span> <span class='ocrx_word' id='word_1_770' title='bbox 1151 2348 1189 2374; x_wconf 85' lang='lat' dir='ltr'><strong>tui</strong></span> <span class='ocrx_word' id='word_1_771' title='bbox 1203 2348 1280 2382; x_wconf 79' lang='lat' dir='ltr'><strong>quasi</strong></span> <span class='ocrx_word' id='word_1_772' title='bbox 1301 2348 1408 2374; x_wconf 71' lang='grc' dir='ltr'><strong>Ιοειιδιίε</strong></span> <span class='ocrx_word' id='word_1_773' title='bbox 1428 2348 1600 2379; x_wconf 71' lang='lat' dir='ltr'><strong>locustarum,</strong></span> <span class='ocrx_word' id='word_1_774' title='bbox 1625 2356 1683 2383; x_wconf 68' lang='lat' dir='ltr'><strong>qua:</strong></span> <span class='ocrx_word' id='word_1_775' title='bbox 1703 2349 1838 2384; x_wconf 75' lang='lat' dir='ltr'><strong>conﬁdunt</strong></span> <span class='ocrx_word' id='word_1_776' title='bbox 1860 2351 1887 2376; x_wconf 85' lang='lat' dir='ltr'><strong>in</strong></span> 
     </span>
    </p>
   </div>
   <div class='ocr_carea' id='block_1_114' title="bbox 1089 2393 1886 2430">
    <p class='ocr_par' dir='ltr' id='par_1_114' title="bbox 1089 2393 1886 2430">
     <span class='ocr_line' id='line_1_114' title="bbox 1089 2393 1886 2430; baseline 0.004 -11"><span class='ocrx_word' id='word_1_777' title='bbox 1089 2393 1203 2427; x_wconf 70' lang='lat' dir='ltr'><strong>srpibus,</strong></span> <span class='ocrx_word' id='word_1_778' title='bbox 1228 2393 1255 2419; x_wconf 76' lang='lat' dir='ltr'><strong>in</strong></span> <span class='ocrx_word' id='word_1_779' title='bbox 1279 2393 1321 2419; x_wconf 87' lang='lat' dir='ltr'><strong>die</strong></span> <span class='ocrx_word' id='word_1_780' title='bbox 1347 2393 1454 2428; x_wconf 70' lang='lat' dir='ltr'><strong>frigoris</strong></span> <span class='ocrx_word' id='word_1_781' title='bbox 1469 2393 1502 2420; x_wconf 82' lang='grc'><strong>³⁷.</strong></span> <span class='ocrx_word' id='word_1_782' title='bbox 1527 2393 1576 2420; x_wconf 80' lang='lat' dir='ltr'><strong>Vel</strong></span> <span class='ocrx_word' id='word_1_783' title='bbox 1597 2394 1667 2421; x_wconf 86' lang='lat' dir='ltr'><strong>sicut</strong></span> <span class='ocrx_word' id='word_1_784' title='bbox 1687 2394 1886 2430; x_wconf 82' lang='lat' dir='ltr'><strong>Septuaginta,</strong></span> 
     </span>
    </p>
   </div>
   <div class='ocr_carea' id='block_1_115' title="bbox 1091 2438 1886 2471">
    <p class='ocr_par' dir='ltr' id='par_1_115' title="bbox 1091 2438 1886 2471">
     <span class='ocr_line' id='line_1_115' title="bbox 1091 2438 1886 2471; baseline 0.004 -7"><span class='ocrx_word' id='word_1_785' title='bbox 1091 2438 1207 2464; x_wconf 72' lang='lat' dir='ltr'><strong>Emicuit</strong></span> <span class='ocrx_word' id='word_1_786' title='bbox 1224 2438 1290 2464; x_wconf 82' lang='lat' dir='ltr'><strong>sicut</strong></span> <span class='ocrx_word' id='word_1_787' title='bbox 1306 2443 1411 2465; x_wconf 76' lang='lat' dir='ltr'><strong>attacns</strong></span> <span class='ocrx_word' id='word_1_788' title='bbox 1440 2439 1591 2465; x_wconf 69' lang='lat' dir='ltr'><strong>(animistus</strong></span> <span class='ocrx_word' id='word_1_789' title='bbox 1619 2440 1676 2471; x_wconf 81' lang='lat' dir='ltr'><strong>tibi,</strong></span> <span class='ocrx_word' id='word_1_790' title='bbox 1695 2440 1763 2466; x_wconf 81' lang='lat' dir='ltr'><strong>sicut</strong></span> <span class='ocrx_word' id='word_1_791' title='bbox 1785 2441 1886 2467; x_wconf 72' lang='lat' dir='ltr'><strong>[crusta</strong></span> 
     </span>
    </p>
   </div>
   <div class='ocr_carea' id='block_1_116' title="bbox 1090 2484 1887 2521">
    <p class='ocr_par' dir='ltr' id='par_1_116' title="bbox 1090 2484 1887 2521">
     <span class='ocr_line' id='line_1_116' title="bbox 1090 2484 1887 2521; baseline 0.005 -12"><span class='ocrx_word' id='word_1_792' title='bbox 1090 2492 1147 2518; x_wconf 69' lang='lat' dir='ltr'><strong>qua:</strong></span> <span class='ocrx_word' id='word_1_793' title='bbox 1175 2484 1337 2510; x_wconf 73' lang='lat' dir='ltr'><strong>transcendit</strong></span> <span class='ocrx_word' id='word_1_794' title='bbox 1361 2484 1513 2517; x_wconf 80' lang='lat' dir='ltr'><strong>ntaterium,</strong></span> <span class='ocrx_word' id='word_1_795' title='bbox 1530 2484 1558 2511; x_wconf 81' lang='lat' dir='ltr'><strong>in</strong></span> <span class='ocrx_word' id='word_1_796' title='bbox 1579 2485 1621 2511; x_wconf 81' lang='lat' dir='ltr'><strong>die</strong></span> <span class='ocrx_word' id='word_1_797' title='bbox 1641 2485 1757 2520; x_wconf 73' lang='lat' dir='ltr'><strong>frigotis.</strong></span> <span class='ocrx_word' id='word_1_798' title='bbox 1773 2486 1811 2513; x_wconf 78' lang='lat' dir='ltr'><strong>Ex</strong></span> <span class='ocrx_word' id='word_1_799' title='bbox 1827 2487 1887 2521; x_wconf 91' lang='lat' dir='ltr'><strong>qui—</strong></span> 
     </span>
    </p>
   </div>
   <div class='ocr_carea' id='block_1_117' title="bbox 1093 2530 1886 2565">
    <p class='ocr_par' dir='ltr' id='par_1_117' title="bbox 1093 2530 1886 2565">
     <span class='ocr_line' id='line_1_117' title="bbox 1093 2530 1886 2565; baseline 0.005 -9"><span class='ocrx_word' id='word_1_800' title='bbox 1093 2531 1144 2556; x_wconf 81' lang='lat' dir='ltr'><strong>bus</strong></span> <span class='ocrx_word' id='word_1_801' title='bbox 1159 2531 1248 2558; x_wconf 89' lang='lat' dir='ltr'><strong>cernis</strong></span> <span class='ocrx_word' id='word_1_802' title='bbox 1265 2530 1340 2564; x_wconf 87' lang='lat' dir='ltr'><strong>quia,</strong></span> <span class='ocrx_word' id='word_1_803' title='bbox 1364 2530 1413 2557; x_wconf 80' lang='lat' dir='ltr'><strong>etsi</strong></span> <span class='ocrx_word' id='word_1_804' title='bbox 1438 2531 1628 2565; x_wconf 84' lang='lat' dir='ltr'><strong>peccatoribus</strong></span> <span class='ocrx_word' id='word_1_805' title='bbox 1646 2532 1886 2565; x_wconf 82' lang='lat' dir='ltr'><strong>commisceamur,</strong></span> 
     </span>
    </p>
   </div>
   <div class='ocr_carea' id='block_1_118' title="bbox 1090 2576 1888 2612">
    <p class='ocr_par' dir='ltr' id='par_1_118' title="bbox 1090 2576 1888 2612">
     <span class='ocr_line' id='line_1_118' title="bbox 1090 2576 1888 2612; baseline 0.006 -10"><span class='ocrx_word' id='word_1_806' title='bbox 1090 2576 1140 2602; x_wconf 76' lang='lat' dir='ltr'><strong>t‘lsi</strong></span> <span class='ocrx_word' id='word_1_807' title='bbox 1165 2577 1191 2602; x_wconf 95' lang='lat' dir='ltr'><strong>in</strong></span> <span class='ocrx_word' id='word_1_808' title='bbox 1216 2577 1259 2603; x_wconf 89' lang='lat' dir='ltr'><strong>die</strong></span> <span class='ocrx_word' id='word_1_809' title='bbox 1284 2576 1344 2611; x_wconf 73' lang='lat' dir='ltr'><strong>gelu</strong></span> <span class='ocrx_word' id='word_1_810' title='bbox 1366 2576 1422 2604; x_wconf 86' lang='lat' dir='ltr'><strong>sive</strong></span> <span class='ocrx_word' id='word_1_811' title='bbox 1447 2577 1622 2612; x_wconf 58' lang='lat' dir='ltr'><strong>pruinae,“</strong></span> <span class='ocrx_word' id='word_1_812' title='bbox 1649 2583 1690 2605; x_wconf 89' lang='lat' dir='ltr'><strong>est</strong></span> <span class='ocrx_word' id='word_1_813' title='bbox 1713 2579 1888 2607; x_wconf 68' lang='lat' dir='ltr'><strong>abundantite</strong></span> 
     </span>
    </p>
   </div>
   <div class='ocr_carea' id='block_1_119' title="bbox 1090 2623 1886 2660">
    <p class='ocr_par' dir='ltr' id='par_1_119' title="bbox 1090 2623 1886 2660">
     <span class='ocr_line' id='line_1_119' title="bbox 1090 2623 1886 2660; baseline 0.006 -12"><span class='ocrx_word' id='word_1_814' title='bbox 1090 2623 1210 2656; x_wconf 83' lang='lat' dir='ltr'><strong>peccati,</strong></span> <span class='ocrx_word' id='word_1_815' title='bbox 1232 2623 1298 2650; x_wconf 82' lang='lat' dir='ltr'><strong>Cum</strong></span> <span class='ocrx_word' id='word_1_816' title='bbox 1316 2624 1382 2650; x_wconf 76' lang='lat' dir='ltr'><strong>enim</strong></span> <span class='ocrx_word' id='word_1_817' title='bbox 1397 2643 1404 2655; x_wconf 89' lang='lat'><strong>,</strong></span> <span class='ocrx_word' id='word_1_818' title='bbox 1425 2624 1530 2658; x_wconf 85' lang='lat' dir='ltr'><strong>inquit,</strong></span> <span class='ocrx_word' id='word_1_819' title='bbox 1548 2624 1722 2652; x_wconf 72' lang='lat' dir='ltr'><strong>abundaverit</strong></span> <span class='ocrx_word' id='word_1_820' title='bbox 1737 2631 1886 2660; x_wconf 67' lang='lat' dir='ltr'><strong>peccatum,</strong></span> 
     </span>
    </p>
   </div>
   <div class='ocr_carea' id='block_1_120' title="bbox 1089 2671 1887 2705">
    <p class='ocr_par' dir='ltr' id='par_1_120' title="bbox 1089 2671 1887 2705">
     <span class='ocr_line' id='line_1_120' title="bbox 1089 2671 1887 2705; baseline 0.005 -9"><span class='ocrx_word' id='word_1_821' title='bbox 1089 2671 1234 2705; x_wconf 66' lang='lat' dir='ltr'><strong>refrigescit</strong></span> <span class='ocrx_word' id='word_1_822' title='bbox 1251 2671 1368 2698; x_wconf 71' lang='lat' dir='ltr'><strong>Charitas</strong></span> <span class='ocrx_word' id='word_1_823' title='bbox 1386 2672 1529 2698; x_wconf 82' lang='lat' dir='ltr'><strong>multorum</strong></span> <span class='ocrx_word' id='word_1_824' title='bbox 1542 2672 1585 2703; x_wconf 66' lang='lat'><strong>’7&#39;,</strong></span> <span class='ocrx_word' id='word_1_825' title='bbox 1603 2673 1788 2700; x_wconf 82' lang='lat' dir='ltr'><strong>transiliamus</strong></span> <span class='ocrx_word' id='word_1_826' title='bbox 1801 2680 1887 2702; x_wconf 78' lang='lat' dir='ltr'><strong>matc-</strong></span> 
     </span>
    </p>
   </div>
   <div class='ocr_carea' id='block_1_121' title="bbox 1090 2717 1888 2753">
    <p class='ocr_par' dir='ltr' id='par_1_121' title="bbox 1090 2717 1888 2753">
     <span class='ocr_line' id='line_1_121' title="bbox 1090 2717 1888 2753; baseline 0.006 -11"><span class='ocrx_word' id='word_1_827' title='bbox 1090 2717 1316 2751; x_wconf 75' lang='lat' dir='ltr'><strong>riam,spinosam</strong></span> <span class='ocrx_word' id='word_1_828' title='bbox 1348 2718 1474 2745; x_wconf 87' lang='lat' dir='ltr'><strong>videlicet</strong></span> <span class='ocrx_word' id='word_1_829' title='bbox 1500 2722 1674 2753; x_wconf 87' lang='lat' dir='ltr'><strong>peccatorum</strong></span> <span class='ocrx_word' id='word_1_830' title='bbox 1701 2720 1888 2747; x_wconf 75' lang='lat' dir='ltr'><strong>cxaccrbatio—</strong></span> 
     </span>
    </p>
   </div>
   <div class='ocr_carea' id='block_1_122' title="bbox 1095 2762 1888 2800">
    <p class='ocr_par' dir='ltr' id='par_1_122' title="bbox 1095 2762 1888 2800">
     <span class='ocr_line' id='line_1_122' title="bbox 1095 2762 1888 2800; baseline 0.008 -13"><span class='ocrx_word' id='word_1_831' title='bbox 1095 2771 1166 2794; x_wconf 80' lang='lat' dir='ltr'><strong>netu,</strong></span> <span class='ocrx_word' id='word_1_832' title='bbox 1185 2771 1238 2788; x_wconf 88' lang='lat' dir='ltr'><strong>non</strong></span> <span class='ocrx_word' id='word_1_833' title='bbox 1257 2762 1360 2790; x_wconf 83' lang='lat' dir='ltr'><strong>similes</strong></span> <span class='ocrx_word' id='word_1_834' title='bbox 1377 2763 1466 2790; x_wconf 81' lang='lat' dir='ltr'><strong>cli’ccti</strong></span> <span class='ocrx_word' id='word_1_835' title='bbox 1493 2764 1541 2795; x_wconf 86' lang='lat' dir='ltr'><strong>eis,</strong></span> <span class='ocrx_word' id='word_1_836' title='bbox 1564 2765 1611 2791; x_wconf 84' lang='lat' dir='ltr'><strong>sed</strong></span> <span class='ocrx_word' id='word_1_837' title='bbox 1641 2765 1819 2800; x_wconf 86' lang='lat' dir='ltr'><strong>subjicientes</strong></span> <span class='ocrx_word' id='word_1_838' title='bbox 1840 2773 1888 2793; x_wconf 88' lang='lat' dir='ltr'><strong>eos</strong></span> 
     </span>
    </p>
   </div>
   <div class='ocr_carea' id='block_1_123' title="bbox 1093 2810 1890 2846">
    <p class='ocr_par' dir='ltr' id='par_1_123' title="bbox 1093 2810 1890 2846">
     <span class='ocr_line' id='line_1_123' title="bbox 1093 2810 1890 2846; baseline 0.004 -10"><span class='ocrx_word' id='word_1_839' title='bbox 1093 2810 1182 2840; x_wconf 67' lang='lat' dir='ltr'><strong>nobis,</strong></span> <span class='ocrx_word' id='word_1_840' title='bbox 1206 2814 1234 2836; x_wconf 89' lang='lat' dir='ltr'><strong>ut</strong></span> <span class='ocrx_word' id='word_1_841' title='bbox 1257 2811 1322 2836; x_wconf 86' lang='lat' dir='ltr'><strong>liant</strong></span> <span class='ocrx_word' id='word_1_842' title='bbox 1345 2810 1476 2838; x_wconf 65' lang='lat' dir='ltr'><strong>doctrinm</strong></span> <span class='ocrx_word' id='word_1_843' title='bbox 1493 2811 1664 2843; x_wconf 62' lang='lat' dir='ltr'><strong>ohe-dientes,</strong></span> <span class='ocrx_word' id='word_1_844' title='bbox 1685 2816 1778 2846; x_wconf 84' lang='lat' dir='ltr'><strong>aperte</strong></span> <span class='ocrx_word' id='word_1_845' title='bbox 1798 2811 1890 2839; x_wconf 81' lang='lat' dir='ltr'><strong>salva-</strong></span> 
     </span>
    </p>
   </div>
   <div class='ocr_carea' id='block_1_124' title="bbox 1163 2901 1366 2931">
    <p class='ocr_par' dir='ltr' id='par_1_124' title="bbox 1163 2901 1366 2931">
     <span class='ocr_line' id='line_1_124' title="bbox 1163 2901 1366 2931; baseline 0.01 -4"><span class='ocrx_word' id='word_1_846' title='bbox 1163 2901 1183 2915; x_wconf 77' lang='grc'><strong>³¹¹</strong></span> <span class='ocrx_word' id='word_1_847' title='bbox 1200 2901 1267 2927; x_wconf 75' lang='lat' dir='ltr'><strong>Psal.</strong></span> <span class='ocrx_word' id='word_1_848' title='bbox 1288 2910 1324 2931; x_wconf 70' lang='grc' dir='ltr'><strong>(ιι,</strong></span> <span class='ocrx_word' id='word_1_849' title='bbox 1342 2903 1366 2929; x_wconf 78' lang='grc'>7.</span> 
     </span>
    </p>
   </div>
   <div class='ocr_carea' id='block_1_125' title="bbox 1128 2937 1378 2972">
    <p class='ocr_par' dir='ltr' id='par_1_125' title="bbox 1128 2937 1378 2972">
     <span class='ocr_line' id='line_1_125' title="bbox 1128 2937 1378 2972; baseline 0.016 -11"><span class='ocrx_word' id='word_1_850' title='bbox 1128 2937 1148 2952; x_wconf 43' lang='grc' dir='ltr'><strong>³η</strong></span> <span class='ocrx_word' id='word_1_851' title='bbox 1165 2937 1264 2972; x_wconf 64' lang='lat' dir='ltr'><strong>iipbcs.</strong></span> <span class='ocrx_word' id='word_1_852' title='bbox 1281 2946 1317 2967; x_wconf 86' lang='lat' dir='ltr'><strong>\t,</strong></span> <span class='ocrx_word' id='word_1_853' title='bbox 1339 2938 1378 2966; x_wconf 62' lang='lat' dir='ltr'><strong>lii.</strong></span> 
     </span>
    </p>
   </div>
   <div class='ocr_carea' id='block_1_126' title="bbox 1698 2903 1895 2967">
    <p class='ocr_par' dir='ltr' id='par_1_126' title="bbox 1698 2903 1895 2967">
     <span class='ocr_line' id='line_1_126' title="bbox 1698 2903 1895 2967; baseline 0.005 -36"><span class='ocrx_word' id='word_1_854' title='bbox 1698 2905 1720 2920; x_wconf 90' lang='lat'>&quot;</span> <span class='ocrx_word' id='word_1_855' title='bbox 1849 2912 1873 2932; x_wconf 64' lang='lat' dir='ltr'><strong>tv</strong></span> <span class='ocrx_word' id='word_1_856' title='bbox 1889 2936 1895 2943; x_wconf 48' lang='lat'><em>.</em></span> 
     </span>
     <span class='ocr_line' id='line_1_127' title="bbox 1750 2948 1887 2967; baseline 0.007 -1"><span class='ocrx_word' id='word_1_857' title='bbox 1750 2949 1754 2955; x_wconf 82' lang='lat'><strong>‘</strong></span> <span class='ocrx_word' id='word_1_858' title='bbox 1779 2954 1788 2966; x_wconf 76' lang='grc' dir='ltr'>ι</span> <span class='ocrx_word' id='word_1_859' title='bbox 1803 2949 1816 2967; x_wconf 74' lang='lat'><strong>:1</strong></span> <span class='ocrx_word' id='word_1_860' title='bbox 1833 2948 1887 2967; x_wconf 60' lang='lat' dir='ltr'><strong>illa:</strong></span> 
     </span>
    </p>
   </div>
   <div class='ocr_carea' id='block_1_127' title="bbox 1750 2948 1887 2968">
    <p class='ocr_par' dir='ltr' id='par_1_127' title="bbox 1750 2948 1887 2968">
     <span class='ocr_line' id='line_1_128' title="bbox 1750 2948 1887 2968; baseline 0.007 -2"><span class='ocrx_word' id='word_1_861' title='bbox 1750 2949 1754 2955; x_wconf 82' lang='lat'><strong>‘</strong></span> <span class='ocrx_word' id='word_1_862' title='bbox 1779 2948 1887 2968; x_wconf 62' lang='lat' dir='ltr'><strong>nam“:</strong></span> 
     </span>
    </p>
   </div>
   <div class='ocr_carea' id='block_1_128' title="bbox 1421 2903 1651 2935">
    <p class='ocr_par' dir='ltr' id='par_1_128' title="bbox 1421 2903 1651 2935">
     <span class='ocr_line' id='line_1_129' title="bbox 1421 2903 1651 2935; baseline 0 -5"><span class='ocrx_word' id='word_1_863' title='bbox 1421 2903 1441 2918; x_wconf 74' lang='lat'>“</span> <span class='ocrx_word' id='word_1_864' title='bbox 1478 2903 1544 2930; x_wconf 78' lang='lat' dir='ltr'><strong>an.</strong></span> <span class='ocrx_word' id='word_1_865' title='bbox 1566 2912 1591 2935; x_wconf 67' lang='grc' dir='ltr'><strong>γ,</strong></span> <span class='ocrx_word' id='word_1_866' title='bbox 1607 2904 1651 2930; x_wconf 74' lang='lat'><strong>32.</strong></span> 
     </span>
    </p>
   </div>
   <div class='ocr_carea' id='block_1_129' title="bbox 1437 2939 1681 2971">
    <p class='ocr_par' dir='ltr' id='par_1_129' title="bbox 1437 2939 1681 2971">
     <span class='ocr_line' id='line_1_130' title="bbox 1437 2939 1681 2971; baseline 0.012 -7"><span class='ocrx_word' id='word_1_867' title='bbox 1437 2939 1458 2955; x_wconf 58' lang='grc' dir='ltr'><strong>³θ</strong></span> <span class='ocrx_word' id='word_1_868' title='bbox 1474 2939 1481 2965; x_wconf 97' lang='lat' dir='ltr'><strong>l</strong></span> <span class='ocrx_word' id='word_1_869' title='bbox 1499 2939 1560 2965; x_wconf 65' lang='lat' dir='ltr'><strong>(Lor.</strong></span> <span class='ocrx_word' id='word_1_870' title='bbox 1587 2948 1612 2971; x_wconf 67' lang='grc' dir='ltr'>χ,</span> <span class='ocrx_word' id='word_1_871' title='bbox 1637 2939 1681 2967; x_wconf 69' lang='lat'><strong>25.</strong></span> 
     </span>
    </p>
   </div>
  </div>
