2052 3146
206 172 259 205 913

782 172 822 202 IN
840 172 1058 202 LEVITICUM.
1072 186 1106 191 -
1124 175 1197 204 LIB.
1223 175 1279 204 III.

1796 176 1846 209 91';

207 236 280 259 mus,
299 232 326 254 ct
346 228 520 260 salvabimur,
538 227 610 254 unde
630 226 667 252 ait
685 225 784 252 Paulus
801 234 807 252 :
826 225 924 253 Factus
943 235 1001 252 sunt
1017 229 1038 256 Λ
1056 226 1082 254 Si
1101 227 1174 255 enim
1191 229 1308 257 aliorum
1326 231 1472 266 participes
1486 231 1643 264 eﬂiciamur.
1659 238 1848 268 peccatorum,

206 273 308 300 Judazis
322 273 388 299 sicut
401 273 518 303 Judcrus,
535 273 574 298 his
589 273 634 307 qui
649 273 695 299 sub
714 273 768 306 iege
782 278 853 305 sntit,
866 274 941 307 quasi
955 274 1000 299 sub

208 319 263 352 tege
282 327 382 350 essent,
402 327 460 344 cum
480 319 534 352 ipse
557 319 603 345 sub
624 319 677 353 lcgc
697 327 747 345 mm
772 326 851 345 essent
871 327 879 345 :
898 319 937 345 Itis
957 319 1001 353 qui

207 365 262 390 sine
275 364 331 399 lege
350 369 420 396 sunt,
440 364 517 398 quasi
537 365 592 390 sine
612 364 666 398 lege!
690 372 780 396 esscnr,
800 372 860 390 cum
878 365 932 398 ipse
947 365 1001 390 sine

208 410 263 441 leae
283 409 330 436 Dei
347 418 397 436 non
416 418 506 441 essent,
523 411 567 436 sed
585 410 631 436 sub
647 411 699 445 lege
717 418 796 436 essent
813 409 922 436 Christi.
939 409 1002 437 0m—

209 457 284 482 nibus
305 456 393 482 omnia
414 457 500 490 [hctus
525 465 592 488 sunt,
612 461 639 482 tt!
659 464 746 482 omnes
767 455 947 491 lucrifacrrem
967 456 1000 482 ⁸⁸.

208 502 262 528 Sed
286 506 377 528 tamen
403 502 430 528 in
457 510 559 529 morem
585 502 691 534 bruchi,
712 502 842 536 impetum
865 502 954 530 facere
975 507 1002 529 et

209 547 318 574 evolare
335 555 448 574 llCCt‘SSc
466 548 607 581 habemus,
624 553 653 575 ut
668 549 739 575 sicut
754 549 870 581 locusta,
889 549 945 575 sive
961 553 1002 575 at-

214 597 292 619 taeus
324 600 401 623 esse,
427 593 473 626 qui
500 601 549 628 pro
570 594 725 627 huiusmodi
752 598 870 620 attacum
896 594 1000 626 dicunt,

208 639 319 666 exsilire
341 639 478 674 possimus
505 644 532 666 ct
553 641 682 666 emicare.
706 640 750 666 Sic
768 641 840 666 cnim
860 645 921 674 apte
938 648 1003 667 eon—

208 686 310 717 veniet,
323 686 433 719 quodin
446 686 542 712 eodem
560 687 693 721 propheta
710 687 832 721 sequitur
848 696 854 713 :
870 687 916 714 Sol
931 693 1002 714 ortus

207 731 356 758 etclecutus
372 737 418 764 cst,
436 737 459 758 et
475 741 525 758 non
542 737 578 759 est
593 733 711 759 int-cutus
725 733 795 759 locus
811 734 867 767 ejus
883 734 918 763 '9:
935 742 1003 768 quo-

207 779 293 811 niam,
311 783 371 805 orto
389 779 503 813 iustitia:
522 778 594 811 Sole,
614 780 659 814 qui
681 779 816 806 illuminat
832 779 1003 813 abscondita,

207 825 328 851 emicant
355 830 436 859 atque
455 825 583 852 exsiliunt
609 826 634 852 lii
666 825 711 860 qui
731 834 792 852 cum
815 827 1003 860 peccatoribus

207 876 416 903 convcrsautur,
432 871 465 898 ad
487 872 612 898 solatium
630 872 754 906 justitite,
772 876 798 898 et
816 880 867 900 non
889 873 943 906 jam
963 873 1003 898 lo-

207 926 258 945 cus
280 918 386 944 illorum
412 918 456 945 ille
483 925 542 945 esse
571 918 755 950 cognoscitur,
777 926 855 952 ctqus
882 917 1001 944 habitum

209 965 315 1000 pridem
334 966 568 997 demonstrabant,
586 973 647 991 cum
672 965 873 999 quodammodo
891 969 1002 991 uteren-

210 1017 263 1044 tur,
281 1019 349 1046 quos
378 1016 405 1038 et
422 1016 481 1038 erat
500 1019 611 1038 necesse
631 1011 738 1037 Salv-ari.
757 1010 935 1045 Ophioniacbi
954 1018 1002 1036 au-

210 1062 264 1083 tem
288 1057 321 1083 ab
344 1056 527 1091 appellatione
551 1056 741 1085 manifestatur
761 1059 788 1082 ct
808 1056 904 1087 virtus,
921 1062 1001 1089 quem

209 1103 310 1130 imitari
341 1103 444 1129 bonum
476 1107 527 1134 est,
548 1107 575 1129 et
608 1102 823 1137 intclligibilibus
852 1110 1002 1137 repugnare

209 1150 385 1184 serpentibus
409 1159 415 1176 :
442 1150 649 1176 reminiscentes
684 1149 766 1184 quod,
798 1157 846 1175 non
871 1150 903 1175 sit
932 1150 1002 1175 nobis

209 1195 362 1222 Colluctatio
385 1195 511 1222 adversus
533 1203 638 1222 carnem
662 1200 686 1222 ct
710 1196 874 1230 sanguinem,
896 1195 940 1221 sed
955 1196 1003 1221 ad-

208 1250 298 1268 versus
312 1242 453 1276 principes,
470 1246 494 1268 et
510 1246 660 1275 potestates,
675 1243 799 1268 adversus
816 1242 904 1268 mundi
921 1247 1004 1268 recto-

208 1295 250 1313 res
275 1287 443 1314 tenebrarth
467 1287 573 1318 Irarum,
596 1292 688 1313 contra
710 1286 862 1320 spiritualia
881 1288 1004 1322 nequitia:

209 1334 236 1359 in
249 1334 393 1360 cwlestibus
408 1333 442 1359 '5“.
459 1333 490 1360 Ili
505 1337 568 1360 sunt
580 1333 680 1369 quippe
694 1333 876 1369 intelligibilcs
892 1342 1004 1368 serpen-

209 1384 296 1412 tes,et
312 1380 437 1407 venenati
453 1380 599 1407 dracones.

246 1426 325 1453 Vsus.
343 1426 438 1453 23-96.
456 1435 463 1450 ι
482 1425 619 1460 Quidquid
639 1432 672 1452 ex
700 1425 858 1453 volucribus
886 1431 1007 1459 quatuor

210 1476 316 1498 tantum
334 1471 417 1498 habet
443 1471 538 1505 pedes,
562 1470 732 1497 exsecrabile
760 1471 814 1498 erit
842 1470 945 1498 vobis:
976 1475 1004 1498 ct

210 1517 368 1552 quicunque
377 1517 520 1545 morticina
544 1524 640 1544 eorum
664 1516 794 1552 tetigerit,
811 1517 958 1552 polluetur,
976 1522 1004 1544 ct

1055 274 1189 302 immundi
1211 283 1298 311 usque
1315 277 1348 304 ad
1359 284 1501 312 vesperam
1527 286 1731 313 permanemus,
1753 280 1779 307 id
1794 284 1848 311 est.

1054 328 1140 355 usque
1154 321 1217 349 dum
1234 330 1346 357 agamus
1362 323 1561 357 pmnitentiam.
1576 324 1651 352 lianc
1662 325 1734 352 enim
1749 333 1846 360 vespe—

1054 375 1112 394 ram
1128 366 1275 395 Davidait:
1295 368 1335 395 Ad
1354 377 1486 403 vesperam
1514 371 1693 398 demorabitur
1703 371 1790 407 fletus,
1822 376 1846 398 et

1053 415 1088 440 ad
1098 416 1260 442 matutinum
1288 415 1425 443 latitia”.
1452 415 1599 451 Propterea
1628 417 1712 444 lavari
1739 425 1847 452 quoque

1054 459 1216 486 vestimenta
1236 460 1375 495 lcgislator
1389 462 1527 496 prtccepit,
1541 468 1634 497 aperte
1645 464 1845 497 demonstrans,

1053 506 1125 540 quod
1142 505 1275 533 immundi
1292 514 1398 539 sumus,
1411 514 1496 541 usque
1514 507 1579 534 dum
1605 508 1728 536 actiones
1736 512 1848 536 nostras

1054 552 1180 586 lacrymis
1190 552 1337 579 diluamus.

1092 597 1171 625 Vens.
1188 598 1233 631 27,
1248 599 1292 626 28.
1315 609 1324 623 ‹
1344 598 1422 632 Quod
1438 600 1560 628 ambulat
1576 608 1657 635 super
1675 607 1783 633 manus,
1812 607 1846 627 ex

1055 645 1161 671 cunctis
1176 644 1362 672 animantibus
1374 647 1418 680 qui
1435 646 1567 673 incedunt
1582 648 1780 681 quadrnpedia,
1793 647 1846 673 im-

1055 692 1186 718 mnndutn
1199 692 1261 719 erit.
1275 692 1325 726 Qui
1341 693 1459 727 tetigerit
1473 693 1616 720 morticina
1628 700 1733 724 eorum,
1748 692 1845 727 pollui-

1056 742 1099 764 tur
1111 745 1195 773 usque
1209 738 1242 765 ad
1255 746 1408 773 vesperum.
1430 739 1461 766 Et
1486 738 1530 773 qui
1551 738 1701 773 portaverit
1718 739 1846 772 hujusce-

1056 783 1128 810 modi
1143 785 1286 817 cadavera,
1311 785 1410 811 lavabit
1428 785 1590 812 vestimenta
1607 792 1665 816 sua,
1682 788 1708 811 et
1726 783 1847 810 immun-

1056 830 1106 857 dus
1122 831 1271 865 critusque
1287 831 1319 857 ad
1337 838 1489 865 vesperam,
1513 831 1576 865 quia
1603 830 1695 858 omnia
1716 830 1774 858 haec
1798 830 1846 857 itu-

1057 876 1157 903 munda
1171 880 1236 902 sunt
1248 877 1334 903 vobis.
1354 886 1362 901 ι

1090 921 1251 948 Nullumlex
1268 921 1348 948 tacite
1364 921 1487 956 pra-terit
1516 925 1669 956 peccatum.
1699 921 1747 949 sed
1771 929 1846 956 qua:-

1055 975 1162 1001 cnnque
1177 967 1299 994 actiones
1316 975 1363 1002 per
1377 967 1564 1003 evangelicum
1574 970 1769 994 testamentum
1782 975 1845 1002 pro-

1055 1013 1146 1039 hibita:
1160 1017 1235 1043 sunt,
1251 1013 1316 1039 texit
1334 1013 1382 1039 has
1394 1013 1470 1047 prius
1487 1012 1685 1048 :euigmatibus,
1699 1017 1727 1039 ut
1742 1013 1846 1038 utrius«

1053 1068 1107 1094 que
1129 1060 1278 1087 sanctionis
1306 1061 1514 1087 consonantiam
1550 1060 1663 1091 dicens,
1689 1059 1846 1086 conﬁtearis

1055 1105 1150 1135 Deum.
1170 1106 1216 1139 qui
1240 1105 1265 1132 in
1293 1106 1332 1132 eis
1348 1105 1453 1132 locutus
1477 1109 1530 1137 est,
1557 1104 1712 1138 timensque
1735 1103 1846 1130 recedas

1054 1152 1088 1178 al)
1099 1152 1227 1178 omnibus
1254 1160 1314 1186 qua:
1340 1151 1550 1186 prohibuerunt.
1584 1150 1613 1178 In
1637 1155 1754 1185 quatuor
1779 1158 1846 1182 ergo

1057 1198 1165 1229 incedit,
1182 1198 1227 1232 qui
1243 1198 1275 1224 ad
1291 1198 1473 1232 evangelicam
1492 1197 1728 1224 conversationem
1739 1197 1844 1231 migrat.

1056 1245 1180 1271 Ambulat
1199 1249 1290 1271 autetu
1304 1244 1330 1271 in
1346 1245 1480 1277 manibus,
1495 1244 1539 1278 qui
1550 1248 1670 1278 quaestus
1681 1251 1739 1270 eam
1752 1250 1844 1275 causa,

1057 1291 1177 1325 luerique
1191 1291 1277 1325 turpis
1288 1290 1458 1324 adipiscitur,
1488 1290 1614 1317 ntattibus
1626 1289 1680 1316 cito
1691 1289 1845 1323 ituponens,

1057 1340 1086 1361 ut
1100 1342 1132 1361 ex
1148 1342 1179 1369 ea
1195 1334 1334 1369 quidpiam
1363 1334 1461 1369 capiat.
1491 1333 1641 1361 Commode
1661 1334 1704 1360 hic
1719 1332 1847 1360 omnibus

1057 1385 1131 1408 recte
1146 1385 1359 1407 connumeratur
1383 1386 1464 1415 atque
1478 1385 1653 1414 comparatur
1667 1379 1772 1406 bestiis.
1784 1378 1847 1406 Sive

1056 1427 1131 1454 enim
1145 1426 1300 1453 adulterum
1318 1425 1404 1458 dicas,
1419 1426 1475 1452 sive
1492 1433 1615 1457 avarum,
1646 1425 1705 1452 sive
1732 1423 1849 1451 homici-

1057 1474 1130 1506 dam,
1151 1473 1210 1500 sive
1223 1474 1417 1505 detractorem,
1433 1472 1491 1498 sive
1517 1471 1720 1505 blasphemum,
1748 1469 1775 1496 in
1804 1469 1848 1496 lus

1057 1520 1185 1547 omnibus
1198 1524 1250 1551 est,
1272 1523 1366 1554 utpote
1402 1518 1523 1545 euntium
1552 1517 1672 1552 peccatis
1694 1515 1848 1543 communi-

211 1564 264 1590 erit
281 1563 440 1590 immundus
459 1572 545 1598 usque
561 1565 594 1591 ad
608 1571 764 1599 vesperum.
781 1564 816 1591 Et
843 1564 865 1590 si
891 1572 1003 1591 necessc
1019 1577 1040 1604 ρ
1057 1573 1132 1598 cans,
1154 1573 1205 1600 per
1230 1565 1361 1599 injustam
1391 1571 1488 1590 manus
1519 1562 1732 1597 impositionem.
1762 1560 1850 1595 Hujus

209 1610 303 1642 fuerit,
322 1616 350 1637 ut
365 1614 456 1644 portet
469 1610 608 1645 quidpiam
625 1610 724 1637 horum
738 1614 887 1642 mortuttm,
904 1611 1005 1637 lavabit

210 1656 374 1682 vestimenta
389 1663 449 1686 sua,
467 1660 494 1682 et
507 1655 665 1682 immundus
681 1655 734 1682 erit
761 1663 848 1689 usque
871 1656 904 1682 ad
936 1656 1003 1682 solis

209 1708 350 1728 occasum.
362 1700 450 1728 Omne
468 1701 568 1727 animal
582 1701 655 1736 quod
678 1701 762 1730 habet
788 1701 898 1736 quidem
916 1709 1005 1737 ungu-

208 1745 274 1778 lam,
291 1745 338 1772 sed
353 1753 408 1772 non
420 1745 518 1772 dividit
530 1752 601 1777 eam,
616 1753 668 1773 nec
682 1745 812 1775 ruminat,
830 1746 1004 1773 immundum

208 1793 271 1823 erit.
289 1799 316 1819 et
331 1792 463 1827 quidquid
487 1792 607 1827 tetigerit
632 1791 709 1824 illud,
730 1792 975 1820 coutaminabitur.
994 1802 1002 1817 ι

245 1839 323 1871 Quod
338 1839 465 1873 reptibilc
483 1839 635 1865 volatilium
648 1847 708 1873 quas
733 1839 760 1866 in
777 1844 895 1874 quatuor
907 1839 1006 1867 ambu-

210 1886 266 1912 lant
280 1886 374 1920 pedes,
391 1893 439 1913 eos
458 1885 504 1920 qui
538 1885 690 1913 abutuntur
714 1886 870 1922 evangeliea
889 1887 953 1918 vita,
979 1892 1006 1914 et

210 1932 293 1958 vitam
307 1936 446 1959 sectantur
463 1924 576 1958 stolidam
587 1936 614 1959 et
629 1932 809 1964 immundam,
829 1932 1002 1967 signiﬁcent;

211 1976 335 2003 dividere
350 1981 441 2003 autent
470 1976 609 2011 ungulam,
641 1977 712 2003 sicut
747 1975 792 2003 hic
823 1975 1003 2010 Septuaginta

210 2022 316 2054 dicunt,
331 2022 377 2049 sed
391 2030 444 2049 non
462 2022 611 2055 ruminare,
625 2021 650 2048 id
661 2027 704 2049 cst
715 2022 811 2057 legem,
825 2022 1005 2056 quemadmo-

211 2067 276 2094 dum
295 2072 414 2101 oportct.
448 2067 585 2100 meditari,
614 2071 642 2094 et
670 2067 790 2094 litteram
821 2067 945 2094 dividere
971 2067 1005 2094 ab

211 2113 319 2148 spiritu,
332 2113 378 2140 sed
395 2121 449 2140 non
465 2121 497 2140 ea
518 2121 579 2148 qua:
599 2113 627 2140 in
647 2121 679 2140 ea
691 2114 793 2149 scripta
808 2117 873 2140 sunt
884 2114 1004 2148 operari,

212 2168 303 2196 neque
326 2161 362 2188 ita
393 2161 602 2193 conversari,in
626 2162 793 2196 praecedenti
821 2161 1004 2189 Ostendimus.

211 2206 288 2234 [inde
301 2208 456 2234 necessarie
471 2215 566 2235 eorum
597 2208 753 2240 morticina,
772 2208 799 2235 id
814 2213 855 2235 est
870 2207 1003 2240 actiones,

1057 1611 1200 1638 morticina
1213 1614 1277 1637 sunt
1294 1610 1321 1636 hi
1344 1609 1444 1644 quibus
1478 1608 1605 1636 manibus
1640 1607 1780 1643 imposuit,
1820 1607 1846 1634 in

1057 1658 1124 1692 ipsis
1140 1657 1212 1684 enim
1230 1656 1331 1691 patitur
1349 1655 1453 1691 peccati
1470 1661 1598 1682 mortem.
1614 1654 1664 1686 Qui
1681 1661 1746 1689 ergo
1763 1653 1849 1688 tangit

1056 1711 1100 1736 ea,
1110 1706 1137 1731 et
1150 1703 1195 1738 qui
1211 1702 1341 1730 levaverit
1357 1709 1388 1728 ex
1402 1702 1452 1734 eis,
1481 1706 1555 1728 recte
1566 1700 1710 1735 polluitur;
1730 1699 1775 1734 qui
1790 1700 1849 1734 qui-

1057 1750 1118 1777 dem
1136 1749 1275 1785 tangitea,
1292 1748 1319 1776 id
1336 1753 1388 1780 est,
1409 1748 1454 1782 qui
1470 1750 1660 1778 conversatur,
1674 1746 1758 1779 dicit;
1786 1746 1849 1781 quia

1056 1796 1216 1823 nullatenus
1259 1798 1449 1829 competenter
1477 1793 1639 1828 dignitatem
1661 1792 1846 1826 arripuerunt,

1057 1847 1138 1874 quam
1151 1842 1339 1873 cauponantes
1354 1837 1419 1864 olim
1438 1836 1607 1868 omnimodo,
1622 1843 1671 1871 per
1687 1836 1849 1870 hancjusti-

1058 1885 1128 1912 ticati
1139 1888 1218 1916 sunt,
1231 1884 1254 1911 si
1272 1884 1400 1918 posthaec
1414 1883 1440 1910 in
1455 1883 1575 1917 antiquis
1594 1882 1848 1916 iuiquitatibusnon

1058 1931 1246 1962 permaneant.
1260 1927 1313 1954 Sed
1323 1927 1402 1962 ctqui
1420 1927 1569 1962 portaverit
1581 1935 1614 1953 ex
1630 1927 1681 1959 his,
1695 1926 1777 1954 veluti
1787 1934 1850 1960 por-

1058 1979 1119 2002 tans
1136 1974 1233 2001 falsum
1255 1974 1454 2006 testimonium,
1467 1974 1640 2009 perhibendo
1669 1977 1696 2000 et
1724 1974 1849 2000 docendo

1057 2020 1181 2054 dignum,
1197 2021 1245 2055 qui
1264 2021 1393 2055 indignus
1404 2024 1456 2047 est.

1093 2067 1249 2094 Immundas
1264 2067 1403 2102 eritusque
1415 2067 1450 2093 ad
1460 2074 1605 2101 uesper/Im,
1617 2065 1704 2099 Quam
1722 2066 1849 2100 superius

1057 2113 1178 2140 diximus
1202 2112 1404 2148 paenitentiam.
1431 2112 1538 2140 Lavaus
1567 2117 1659 2140 autem
1687 2111 1849 2140 vestimenta

1057 2159 1246 2187 inundabitur.

1092 2204 1174 2232 Vnus.
1190 2204 1285 2232 29—51.
1302 2213 1312 2229 ‹
1330 2204 1388 2232 Hoc
1403 2212 1511 2240 quoque
1525 2203 1597 2232 inter
1608 2204 1709 2238 polluta
1741 2207 1851 2237 reputa-

213 2256 238 2281 in
257 2255 358 2288 quibus
369 2255 474 2290 peccati
488 2259 575 2282 morte
591 2255 737 2287 intereunt,
752 2255 847 2291 fugere
861 2255 1003 2290 praecepit,
1021 2244 1043 2271 θ
1058 2251 1142 2283 hitur,
1157 2252 1190 2279 de
1207 2252 1250 2279 his
1269 2259 1330 2286 qua:
1356 2254 1503 2278 moventur
1521 2250 1548 2276 iu
1566 2255 1647 2281 terra,
1666 2249 1795 2280 mustela,
1822 2252 1851 2275 et

210 2305 238 2326 ct
254 2300 330 2327 nullo
347 2300 427 2327 modo
441 2300 598 2335 participari
619 2300 731 2333 talibus,
759 2308 810 2328 nec
842 2301 1004 2336 contingere

209 2354 253 2372 ca.
274 2345 334 2372 Non
352 2345 439 2372 solum
450 2349 543 2372 autem
570 2350 724 2380 tangentes.
742 2346 789 2373 sed
808 2351 835 2373 ct
848 2350 1002 2381 portantes,

211 2396 258 2418 aut
272 2392 440 2426 accipientes
460 2391 599 2426 quidpiam
612 2400 645 2419 ex
673 2391 713 2419 eis
728 2393 899 2426 polluuntur.
913 2392 1007 2421 Portat

211 2440 302 2462 autem
315 2440 436 2470 peccata,
451 2437 496 2471 qui
508 2437 574 2463 dicit
594 2437 695 2464 malum
712 2436 824 2469 bonum,
837 2441 866 2464 et
880 2445 1004 2465 amarqu

211 2481 302 2513 dulce,
318 2486 346 2509 et
359 2482 487 2509 tenebras
501 2482 600 2514 lucem,
624 2483 697 2517 quod
713 2481 788 2510 Isaia:
803 2484 945 2517 prophetae
960 2492 1004 2510 re-

213 2528 394 2562 prehenditur
407 2536 474 2555 voce
494 2528 527 2561 “,
546 2529 608 2563 quia
635 2537 682 2563 per
699 2529 751 2555 hoc
768 2536 899 2556 exercens
922 2529 1004 2556 alium

212 2574 245 2600 ad
263 2574 450 2608 iniquitatem,
467 2575 622 2602 etinvilaus
637 2575 670 2601 ad
696 2575 797 2602 malum
815 2583 829 2602 a
846 2583 900 2610 quo
917 2576 1006 2610 prohi-

213 2619 277 2646 bere
285 2618 429 2651 debuerat,
448 2627 531 2654 super
544 2620 722 2654 semetipsum
742 2620 944 2654 quodannuodo
960 2629 1006 2647 su-

213 2665 292 2700 scipit
306 2665 413 2700 jngum.
430 2665 489 2692 Non
508 2670 599 2692 autem
630 2670 738 2700 oportet
764 2667 920 2702 quempiam
940 2675 1005 2701 pec-

213 2715 304 2738 catqu
326 2711 439 2738 alterius
460 2711 486 2738 in
509 2711 685 2746 semetipsum
709 2713 858 2740 transferre
875 2721 881 2738 :
899 2713 934 2740 ob
955 2713 1006 2740 hoc

213 2757 287 2784 enim
304 2761 331 2784 et
347 2757 431 2784 David
449 2758 487 2784 ait
505 2765 511 2783 :
536 2757 570 2784 Et
586 2758 617 2785 ab
633 2758 727 2785 alienis
742 2767 820 2792 parce
830 2766 902 2786 servo
914 2764 957 2785 tuo
973 2760 1007 2786 ".

249 2857 270 2872 “
283 2858 291 2884 l
305 2859 368 2884 (lor.
386 2867 422 2888 Ix,
437 2859 481 2891 20,
491 2859 535 2885 c2|.

575 2859 596 2873 ³⁸³
610 2859 714 2887 Nahum
730 2869 770 2894 tn,
790 2861 829 2888 17.

216 2901 287 2926 xxix,
306 2894 332 2920 ϐ.

372 2895 392 2908 ⁸³
407 2894 485 2921 Prov.
504 2903 566 2927 xxx,
585 2895 628 2922 Qui.

871 2861 891 2876 λθ
908 2861 1007 2896 Ephes.
1028 2870 1062 2893 τι,
1081 2859 1120 2887 ῐ2.

1058 2306 1130 2330 mus,
1151 2302 1179 2325 et
1211 2298 1376 2328 crocodilus,
1411 2296 1518 2332 singula
1543 2295 1619 2330 juxta
1643 2303 1729 2330 genus
1758 2302 1849 2327 suum,

1060 2344 1168 2378 μυγά).η
1185 2342 1540 2374 etchammleon,etstellio,
1556 2348 1588 2368 ac
1602 2340 1713 2371 lacerta,
1725 2345 1751 2367 et
1769 2340 1840 2375 talpa

1060 2390 1152 2417 mutila
1172 2389 1393 2423 hmc_immunda
1408 2393 1483 2416 sunt.
1505 2387 1556 2421 Qui
1575 2386 1693 2422 tetigerit
1706 2387 1853 2414 morticina

1060 2445 1168 2468 eorum,
1181 2437 1339 2463 immundus
1353 2436 1405 2463 erit
1417 2442 1504 2470 usque
1520 2435 1553 2462 ad
1573 2441 1730 2468 vesperum.
1751 2443 1760 2459 ι

1098 2483 1152 2510 Nec
1172 2490 1246 2509 nunc
1282 2482 1328 2509 Dei
1360 2485 1513 2517 creaturam
1542 2480 1680 2515 legislator
1706 2487 1851 2513 accusans,

1063 2529 1202 2556 immunda
1219 2527 1315 2554 haberi
1331 2528 1388 2554 haec
1406 2526 1536 2561 prmcepit
1553 2524 1692 2557 animalia;
1708 2531 1771 2551 nam
1783 2532 1854 2558 quot

1063 2574 1144 2601 tuodo
1160 2582 1190 2600 ea
1211 2574 1264 2601 alio
1280 2573 1381 2600 divina:
1394 2572 1543 2606 Scriptura:
1567 2571 1626 2598 loco
1646 2569 1767 2605 reperies
1792 2578 1853 2596 esse

1061 2621 1168 2648 laudata
1183 2621 1195 2647 ?
1214 2620 1342 2647 Salomon
1356 2619 1457 2653 quippe
1473 2619 1499 2645 in
1513 2616 1670 2644 Proverbiis
1683 2616 1749 2643 dicit
1761 2615 1854 2648 τριτα-

1063 2674 1122 2694 tuor
1149 2671 1208 2693 sunt
1233 2666 1344 2693 minima
1373 2670 1461 2695 terras,
1479 2669 1503 2691 et
1531 2665 1586 2690 lucc
1602 2668 1664 2690 sunt
1691 2664 1855 2698 sapientiora

1062 2711 1353 2747 snpicntibus“.lntcr
1366 2719 1426 2745 quae
1456 2711 1589 2745 leporem,
1617 2710 1674 2736 sive
1703 2708 1853 2736 secundum

1064 2759 1254 2794 Septuaginta,
1288 2758 1447 2785 erinaceum
1459 2761 1485 2784 ct
1502 2757 1655 2786 stellionem
1668 2753 1852 2790 computavit:

1748 2854 1769 2870 ⁸³
1781 2852 1851 2881 Prii.

1160 2861 1180 2876 “
1195 2860 1246 2888 isa.
1268 2868 1291 2892 v,
1303 2867 1310 2886 ι
1323 2866 1397 2893 seqq.
1439 2858 1460 2873 "
1473 2856 1544 2884 Psal.
1561 2864 1639 2889 xvtn,
1658 2855 1699 2883 Ην,
