2052 3146
216 200 272 235 915

811 203 991 233 IIESYCUII
1014 202 1252 234 PRESBYTERI

1798 195 1853 228 916

216 267 335 296 quorum
347 249 431 287 unum
447 259 574 295 superius
593 267 655 287 cum
688 259 793 287 camelo
806 264 834 287 et
850 260 953 294 lepore,
979 264 1007 287 ut
1022 262 1044 291 Α
1058 265 1196 287 caecantur
1211 259 1293 287 oeuli.
1321 259 1389 293 Quia
1406 266 1471 294 ergo
1492 259 1520 285 in
1536 257 1579 285 his
1587 258 1684 285 anima:
1716 255 1853 292 contingit

217 305 402 338 immundum,
418 305 460 333 lex
478 306 627 333 accusavit.
656 305 795 333 Stellionis
821 311 913 333 autem
935 313 1008 333 nunc

217 353 387 380 mentionem
398 351 474 380 fecit.
491 352 552 380 Non
561 360 626 388 ergo
641 358 737 380 natura
759 361 854 380 eorum
869 353 1008 380 immunda

216 405 269 431 est,
294 400 342 426 sed
356 407 407 427 nec
419 400 510 427 omnis
529 401 621 434 actio;
635 408 698 428 nam
715 401 853 436 quomodo
882 407 1009 436 poterant

217 445 268 472 ista
283 444 407 472 laudari?
422 444 476 473 Sed
495 446 619 481 quaedam
633 446 705 473 circa
724 447 783 481 ipsa
801 451 866 474 sunt
884 447 1008 474 actiones

217 495 288 524 aptat
309 489 546 518 irrationabilibus
569 491 736 518 animalibus
759 496 785 518 et
813 499 874 526 quae
904 491 1007 518 nullum

216 533 350 568 judicium
373 534 496 570 exigunt,
519 542 581 570 qua:
614 543 666 562 nec
679 535 758 563 nobis
769 541 840 571 apta:
857 541 932 570 sunt,
958 544 1009 563 nec

217 579 328 614 pr0prie
343 585 444 607 nostra:
456 585 537 608 sunt:
552 585 635 616 atque
651 587 794 617 propterea
810 583 942 618 quandoa
957 590 1009 609 no-

219 624 261 652 bis
269 625 476 661 continguntur,
486 626 642 655 immundos
655 635 706 655 n05
720 628 834 656 faciunt.
847 629 899 656 I’er
909 634 1008 656 terram

220 677 285 697 vero
301 678 408 705 repere,
422 678 477 698 non
490 675 533 699 est
561 672 715 705 hominum,
731 673 833 708 quibus
848 681 1008 701 concessum

219 722 261 743 est
277 722 306 744 ut
320 717 387 744 rec-ti
409 717 550 750 incedant.
575 719 729 754 omiumque
746 720 913 755 respiciant:
934 720 1007 754 quia,

220 770 304 797 super
320 767 419 790 terram
437 771 532 798 repere
544 785 551 797 ,
568 769 610 792 est
627 765 735 793 sordida
751 773 833 800 opera
848 770 1009 800 terrenaque

220 817 327 843 gerere.
343 808 409 842 Qua:
420 817 468 844 per
483 809 665 838 diﬂ'erentiam
677 812 845 844 animalium,
861 820 922 847 qua:
937 821 1009 840 nunc

220 855 390 882 dinumerala
401 860 464 882 sunt
474 856 611 891 legislator
621 857 781 893 signiﬁcavit
792 867 800 892 ;
812 859 849 885 ait
864 859 936 886 enim
951 859 990 887 sic
1002 868 1007 886 :

255 900 312 927 [Ioc
329 909 431 936 quoque
445 902 512 928 inter
527 903 630 936 polluta
647 903 824 938 reputabitur,
839 905 871 931 de
887 905 926 931 Itis
952 913 1010 940 qua:

219 952 356 973 moventur
371 947 398 974 in
410 953 491 975 terra.
509 947 567 975 Non
594 949 657 984 quia
687 951 777 985 aliqua
791 951 913 986 repentia
943 957 1008 978 sum

218 991 328 1024 munda,
345 999 427 1019 omne
446 994 519 1020 enim
537 1001 606 1028 opus
618 995 690 1029 quod
703 1003 754 1030 per
776 1001 875 1023 terram
897 997 967 1032 repit
982 1002 1009 1024 et

218 1037 346 1068 trahitur,
362 1038 421 1065 sine
439 1038 523 1066 dubio
539 1039 711 1068 immundum
727 1046 780 1068 est.
795 1042 912 1077 Propter
935 1045 1008 1078 quod

217 1082 317 1109 l‘aulus
331 1082 394 1109 talia
409 1083 443 1111 de
457 1084 499 1111 his
519 1086 566 1119 qui
581 1091 667 1121 agunt
679 1095 721 1119 ea.
739 1087 849 1115 dicebat
863 1098 869 1114 :
884 1088 1002 1120 Quorum

216 1127 287 1153 Deus
304 1132 394 1154 venter
416 1134 464 1160 est,
479 1135 503 1155 et
523 1131 609 1165 gloria
626 1132 652 1158 in
669 1133 820 1167 confusione
834 1141 934 1167 eorum,
963 1136 1008 1168 qui

217 1177 321 1199 terrena
344 1175 497 1208 sapiunt“.
527 1176 567 1203 Ad
602 1177 683 1212 hujus
697 1183 788 1205 autem
818 1180 1007 1214 probationum

216 1218 298 1252 paulo
311 1224 372 1253 post
391 1220 515 1248 invenies
525 1221 707 1256 lcgislutorem
725 1223 864 1252 dicentem
881 1235 886 1251 :

252 1263 334 1292 Omne
344 1267 412 1300 quod
422 1271 507 1300 reptat
529 1276 607 1302 super
633 1273 741 1302 terram,
756 1270 933 1298 abontinabile
946 1274 1006 1304 eril,

217 1319 264 1337 nec
274 1312 424 1339 adsumitur
437 1314 464 1339 in
475 1313 571 1341 cibum.
584 1313 654 1350 Ergo
663 1323 763 1351 genera
779 1325 853 1344 nunc
868 1319 1006 1352 reptilittm

217 1357 414 1392 dinumeravit,
427 1366 482 1386 non
496 1359 568 1395 quod
587 1361 638 1387 alia
668 1361 847 1395 sintmunda,
879 1363 932 1391 alia
954 1366 1007 1391 im-

215 1403 329 1435 munda,
350 1404 400 1431 sed
416 1409 445 1431 ut
453 1412 501 1440 per
510 1406 567 1433 haec
580 1412 782 1441 consequenter
794 1409 901 1443 reptilia
912 1411 1007 1445 respui

216 1447 365 1480 discamus,
381 1456 415 1476 ex
436 1449 534 1477 horum
550 1451 604 1478 vita
617 1459 699 1479 omne
726 1461 814 1488 genus
827 1454 1007 1489 conjicientes

216 1493 365 1529 reptilium.
389 1495 504 1523 Mustela
516 1498 589 1525 enim
616 1499 716 1526 animal
743 1504 785 1527 est
814 1500 949 1534 dolosum,
981 1507 1008 1529 cl

216 1540 294 1567 valde
309 1540 390 1569 furtis
408 1549 518 1570 vacans.
535 1543 595 1570 Mus
619 1549 734 1579 propter
747 1546 851 1573 ventris
861 1546 1007 1582 ingluviem

215 1585 302 1612 multa
316 1587 437 1621 quotidie
452 1587 573 1622 pericula
605 1590 733 1617 sustinet.
761 1589 921 1618 Croeodilus
947 1591 1006 1619 duri

221 1631 300 1663 t'orii,
318 1637 345 1658 et
355 1633 507 1660 malitiosus
532 1639 583 1666 cst,
604 1634 716 1669 lutoque
740 1636 870 1670 pascitur.
892 1637 1007 1673 Μυγάλη

215 1676 317 1704 animal
330 1682 373 1705 est
386 1679 579 1713 compositum,
595 1688 650 1707 non
674 1686 781 1715 natura,
798 1683 845 1710 sed
866 1683 927 1710 vit-.e
941 1691 1007 1710 con-

216 1723 320 1751 ditione
332 1724 364 1751 ad
379 1724 557 1752 deridendum
568 1731 672 1761 aptum,
687 1727 712 1755 id
725 1733 777 1759 est,
793 1729 907 1756 utdolos
916 1729 1006 1761 faciat,

219 1775 246 1796 et
262 1769 360 1804 rapiat,
373 1774 552 1806 ventremque
567 1772 672 1806 repleat
685 1783 689 1798 :
715 1779 825 1809 propter
839 1775 911 1809 quod
932 1783 1007 1802 cont-

217 1815 334 1850 positnm
359 1823 459 1844 nomen
480 1819 586 1852 accepit
622 1826 656 1845 ex
689 1824 804 1854 utroque
823 1821 945 1853 animali,
976 1829 1008 1848 ex

216 1868 270 1894 quo
287 1861 346 1888 haec
363 1861 444 1889 habet
461 1863 538 1890 vilia.
552 1863 718 1891 Chameleon
743 1865 770 1891 iu
793 1865 865 1892 malo
894 1865 1008 1892 misere-

216 1907 279 1939 util,
293 1912 321 1934 et
332 1915 387 1942 prze
402 1907 560 1936 infirmitate
578 1914 753 1937 inausuetum
779 1918 839 1938 esse
861 1919 890 1938 se
919 1912 1006 1947 tingit,

215 1961 277 1980 cum
295 1953 333 1979 sit
349 1953 562 1981 immansuetum
576 1955 686 1982 animal.
697 1955 801 1989 Stellio,
819 1957 843 1983 id
853 1962 905 1988 est,
919 1957 1007 1984 ἀσκα-

213 1997 349 2032 λςιῦώτης,
363 1997 446 2025 nimis
465 1998 575 2032 quidem
600 2000 742 2034 parvulus,
763 2002 806 2028 vel
824 2002 1006 2033 miserrimus,

215 2052 370 2072 venenosus
398 2050 488 2072 tamen
503 2051 554 2072 est.
576 2045 688 2073 Lacerta
705 2046 731 2072 in
746 2047 879 2081 sepulcris
892 2048 1005 2074 habitat.

215 2090 299 2125 'l‘alpa
318 2099 421 2119 caecum
437 2097 479 2119 est
494 2091 596 2118 animal
612 2092 684 2126 quod
700 2092 733 2119 de
749 2098 820 2119 terra
833 2098 980 2127 generatur
998 2103 1003 2119 :

215 2137 312 2163 dicunt
329 2136 402 2163 enim
420 2144 481 2162 eam
503 2136 538 2163 de
554 2141 624 2163 terra
648 2137 728 2163 simul
751 2142 778 2163 et
795 2137 884 2171 pluvia
920 2138 1006 2164 creari

215 2186 344 2215 corrupto
370 2181 438 2213 luto,
461 2189 523 2208 cum
548 2182 625 2216 prius
657 2182 778 2216 pluviam
801 2182 927 2216 suscipit.
943 2182 1006 2209 “:I'C

214 2235 280 2262 ergo
296 2226 435 2254 immunda
453 2233 515 2254 sunt
531 2227 564 2254 de
583 2228 712 2255 omnibus
737 2236 797 2262 quae
814 2234 1006 2263 repuntsupcr

1059 314 1142 338 mors,
1158 306 1303 334 morticina
1316 311 1390 333 recte
1404 305 1580 333 nominantur
1593 314 1598 331 :
1614 309 1642 331 et
1655 312 1701 338 qm
1710 311 1742 330 ea
1753 303 1848 338 tangit,

1060 354 1085 380 id
1121 358 1172 385 est,
1200 353 1246 388 qui
1277 353 1304 380 in
1316 353 1358 381 eis
1372 353 1514 388 polluitur,
1529 352 1600 380 sicut
1617 351 1755 378 etPaulus
1786 351 1824 378 ait
1842 360 1850 377 :

1059 397 1161 425 Bonum
1181 404 1218 426 est
1242 399 1342 426 homini
1354 399 1490 426 mulierem
1505 407 1557 425 non
1578 403 1688 432 tangere
1706 398 1739 430 δ’,
1755 397 1851 432 procul

1059 444 1143 471 dubio
1163 444 1321 472 immundus
1337 449 1389 472 est.
1403 444 1476 471 Nihil
1491 443 1566 471 enim
1586 443 1627 470 sic
1637 443 1776 470 hominem
1793 440 1852 476 pol-

1061 489 1121 521 luit,
1143 495 1172 516 ut
1188 495 1342 524 peccatum.
1365 489 1456 525 Usque
1471 490 1537 516 dum
1570 496 1684 523 vespera
1713 488 1849 519 veniente,
1892 496 1894 498 ·

1060 536 1093 562 de
1114 544 1166 570 qua
1181 536 1263 563 David
1274 536 1406 564 diccbat:
1435 537 1476 562 Ad
1507 543 1644 570 vesperum
1671 534 1851 561 demorabitur

1059 583 1190 616 [lt-tus";
1217 583 1256 610 ait
1287 589 1379 610 autem
1415 583 1448 610 de
1480 582 1642 618 poenitentia
1663 580 1847 616 intelligibili:

1061 629 1250 664 puriﬁcatione
1265 629 1412 657 diluamus.

1098 674 1176 702 Vens.
1192 674 1237 706 5‘2,
1255 675 1299 702 35.
1314 685 1323 700 ι
1335 675 1365 701 Ει
1382 683 1465 710 super
1479 675 1551 709 quod
1566 673 1852 708 cecideritquidquam

1061 722 1094 748 de
1113 721 1264 748 morticinis
1279 728 1386 752 eorum,
1397 720 1539 755 polluitur,
1559 724 1613 746 tam
1635 727 1680 746 vas
1692 719 1810 753 ligneum
1825 722 1853 744 et

1062 767 1267 799 vestimentum,
1284 773 1365 799 quam
1382 766 1460 800 pellis
1484 771 1511 792 et
1526 765 1647 792 cilicium
1669 773 1674 790 ε
1693 769 1721 791 et
1738 764 1764 790 in
1783 771 1853 798 quo-

1061 820 1170 847 cunquc
1196 811 1225 838 lit
1240 819 1319 846 opus,
1343 812 1482 846 tingeutur
1514 818 1584 845 aqua
1604 815 1632 837 et
1649 810 1751 845 polluta
1769 814 1851 836 erunt

1063 866 1148 893 usque
1160 859 1193 884 ad
1213 865 1367 892 vesperam,
1381 863 1409 884 et
1441 858 1481 884 sic
1494 863 1589 892 postea
1628 856 1850 893 mupdahuntur.

1063 904 1116 932 Vas
1130 910 1221 931 autem
1239 904 1332 935 lictile,
1349 904 1376 930 in
1395 903 1467 938 quod
1492 904 1589 930 horum
1605 903 1752 938 quidquam
1781 902 1854 928 intro

1062 950 1204 981 ceciderit,
1219 950 1368 985 polluetur,
1401 954 1426 976 et
1444 949 1548 976 idcirco
1572 948 1754 983 frangendum
1768 952 1818 973 ρει.
1841 956 1851 971 ι

1097 995 1258 1023 Admirabili
1280 995 1505 1023 divisioneetiam
1524 1003 1596 1022 nunc
1607 993 1852 1028 utiturlcgislator;

1067 1041 1130 1076 quia
1164 1041 1238 1068 enim
1268 1040 1415 1075 aliquando
1444 1048 1478 1067 ex
1502 1039 1679 1074 negligentia,
1705 1037 1854 1072 aliquando

1061 1095 1207 1122 peccamus
1222 1094 1256 1113 ex
1269 1094 1352 1121 opere
1381 1078 1567 1119 malorumque
1589 1085 1693 1116 studio,
1720 1085 1791 1111 sicut
1815 1084 1854 1110 illi

1060 1134 1094 1159 de
1112 1132 1212 1167 quibus
1226 1131 1354 1158 Salomon
1372 1131 1399 1158 in
1419 1130 1572 1158 Proverbiis
1583 1130 1691 1158 dicebat
1709 1138 1716 1156 :
1732 1129 1781 1157 Cui
1799 1140 1828 1157 ru
1841 1131 1854 1156 Ρ

1060 1179 1142 1213 Cujus
1156 1179 1228 1212 patri
1246 1179 1304 1204 t‘t'L’?
1324 1178 1366 1204 cui
1383 1178 1450 1204 inc?
1466 1177 1507 1204 cui
1526 1178 1590 1204 rixtc
1602 1178 1615 1204 ἐν’
1630 1178 1672 1203 cui
1689 1178 1745 1204 sine
1770 1185 1852 1203 causa

1061 1224 1240 1251 vulmrai’cui
1253 1224 1361 1258 stt/fusio
1384 1224 1520 1250 oculorum
1534 1225 1546 1250 ἱ)
1561 1223 1658 1250 Nonne
1677 1224 1716 1250 his
1736 1224 1780 1256 qni
1795 1228 1852 1249 stu-

1060 1270 1120 1296 dent
1135 1271 1193 1296 vino
1213 1275 1236 1296 et
1247 1275 1340 1296 cacant
1358 1269 1487 1296 culicibus
1502 1269 1689 1304 cpolundis“?
1709 1269 1791 1295 liccte
1803 1269 1853 1295 llos

1063 1317 1135 1343 inter
1149 1323 1196 1342 eos
1215 1316 1262 1350 qui
1279 1321 1393 1350 tangunt
1406 1315 1560 1344 morticina.
1575 1315 1678 1350 posuit.
1699 1314 1750 1347 Qui
1787 1322 1852 1341 vero

1062 1370 1110 1397 per
1127 1361 1300 1388 evcnieutcm
1316 1361 1414 1389 anima:
1438 1361 1643 1397 negligentiam,
1660 1366 1686 1388 cl
1704 1361 1739 1387 ob
1756 1366 1852 1394 s'upu-

1062 1416 1118 1435 rem
1138 1408 1330 1442 defectumque
1342 1407 1472 1434 virtutum
1490 1408 1662 1442 delinquunt,
1675 1407 1852 1442 quemadmo-

1062 1454 1127 1481 dum
1167 1454 1250 1480 David
1284 1460 1399 1488 surgens
1430 1453 1540 1480 meridie
1560 1453 1593 1479 de
1626 1457 1711 1479 strato
1730 1460 1792 1484 suo,
1826 1457 1855 1478 et

1061 1497 1204 1524 ambulans
1223 1497 1250 1523 in
1274 1497 1384 1528 solario.
1405 1502 1432 1525 et
1451 1497 1522 1524 Uria:
1542 1505 1654 1524 uxorem
1669 1497 1803 1524 lavantem
1823 1506 1855 1522 se

1062 1543 1166 1573 videns.
1187 1548 1310 1578 captusa
1326 1543 1441 1570 muliere
1472 1549 1524 1575 est,
1545 1551 1606 1578 qum
1636 1543 1717 1570 nimis
1739 1543 1852 1578 pulchra

1061 1595 1128 1622 crat,
1144 1589 1363 1623 quiadulterium
1381 1589 1461 1616 simul
1487 1589 1719 1624 homicidiumque
1737 1589 1853 1616 commi-

1061 1636 1106 1667 sit,
1125 1635 1151 1662 in
1169 1635 1218 1662 hos
1233 1635 1331 1662 cadere
1346 1635 1490 1661 morticina
1511 1635 1650 1662 dicuntur.
1670 1634 1762 1669 Neque
1778 1635 1852 1661 enim

1061 1682 1110 1716 ipsi
1132 1682 1165 1708 ad
1181 1681 1548 1716 peccatumfestinaverunt,
1563 1681 1611 1709 sed
1636 1681 1796 1708 inciderunt
1825 1681 1855 1709 in

1060 1728 1110 1758 eis,
1127 1731 1154 1753 et
1169 1726 1369 1761 quodammodo
1406 1733 1490 1760 super
1521 1734 1550 1752 se
1579 1726 1680 1753 cadens
1708 1731 1852 1761 peccatum

1061 1773 1223 1807 suscipiunt.
1238 1771 1305 1805 Quia
1321 1777 1412 1798 autem
1431 1772 1545 1798 omnino
1554 1777 1746 1807 susceperunt,
1761 1777 1852 1799 etnon

1060 1819 1230 1849 restiterunt,
1246 1823 1390 1853 propterea
1406 1824 1479 1845 recte
1497 1819 1632 1846 immundi
1645 1823 1720 1849 sunt,
1740 1824 1792 1846 tam
1804 1828 1853 1847 vas

1061 1866 1185 1900 ligneum
1206 1870 1233 1891 et
1251 1865 1456 1895 vestimentum,
1478 1872 1560 1899 quant
1572 1865 1652 1899 pellis
1669 1870 1694 1892 et
1710 1865 1848 1892 cilicium:

1061 1910 1086 1936 id
1104 1914 1155 1940 est,
1170 1909 1226 1936 sive
1241 1917 1315 1935 oram
1346 1909 1435 1936 levem
1457 1909 1602 1943 quamdam
1633 1914 1660 1936 ct
1682 1910 1848 1936 mediocrem

1060 1954 1168 1986 habent,
1185 1953 1247 1980 talia
1263 1957 1328 1980 sunt
1344 1953 1417 1979 enim
1432 1961 1494 1980 vasa
1507 1953 1605 1987 lignea,
1624 1959 1669 1980 aut
1687 1954 1721 1980 ad
1743 1954 1852 1988 tingi-n-

1059 2000 1122 2026 dum
1156 1998 1346 2029 sullicicntem,
1382 1998 1453 2025 sicut
1474 2003 1516 2024 est
1547 1998 1756 2030 vestimentum,
1792 1998 1851 2025 sive

1058 2046 1222 2080 patientem,
1236 2051 1317 2078 quam
1336 2043 1414 2078 pellis
1428 2043 1575 2078 significat,
1587 2043 1644 2070 sivc
1655 2051 1715 2070 eam
1735 2051 1795 2078 qum
1809 2048 1852 2070 est

1058 2090 1229 2126 patientium,
1251 2090 1319 2116 hanc
1337 2089 1409 2116 enim
1425 2088 1554 2120 cilicium,
1570 2088 1846 2123 sivesaccussiguiﬁ-

1058 2142 1112 2164 cat.
1131 2135 1250 2163 Omnino
1264 2139 1355 2162 autem
1371 2142 1418 2162 vas
1435 2140 1488 2167 est,
1510 2135 1536 2162 in
1553 2143 1608 2170 quo
1623 2143 1692 2169 opus
1704 2135 1790 2170 possit
1807 2136 1849 2170 agi

1065 2182 1188 2214 \irtutis;
1209 2181 1248 2207 sic
1266 2180 1478 2216 cuimintclligis
1502 2181 1528 2207 in
1545 2188 1709 2215 quocunque
1723 2180 1750 2207 ﬁt
1768 2189 1846 2216 opus.

1093 2226 1200 2253 Polluta
1215 2232 1289 2252 erunt
1305 2234 1385 2260 usque
1404 2227 1440 2252 ad
1456 2235 1599 2260 vesperum.
1624 2226 1651 2253 Id
1681 2234 1732 2258 cst,
1765 2236 1852 2262 usque

216 2278 328 2306 terram,
340 2280 395 2301 non
407 2273 470 2308 quia
490 2273 541 2300 alia
565 2282 619 2300 non
638 2278 711 2300 sunt.
730 2273 845 2308 Propter
863 2273 935 2309 quod
950 2275 1006 2309 pol-
1021 2272 1045 2300 Ι)
1060 2276 1167 2306 tempus
1177 2271 1354 2305 ptenitcntiw.
1379 2271 1511 2306 Tingctur
1548 2276 1640 2298 autent
1654 2280 1724 2307 aqua
1735 2273 1849 2304 lavacri,

214 2320 346 2347 lutionem
363 2320 493 2355 majorem
511 2320 622 2352 habent,
647 2320 705 2346 sive
722 2319 863 2346 malitiam.

249 2365 340 2393 Omnis
361 2367 405 2402 qui
435 2366 549 2401 tetigerit
572 2366 711 2392 morticina
733 2373 833 2398 eorum,
854 2366 1006 2392 iniiiutmlus

215 2413 265 2439 erit
280 2421 361 2448 itaque
372 2414 406 2439 ad
418 2421 561 2447 vesperum.
587 2412 658 2439 liene
678 2419 743 2447 ergo
762 2412 859 2446 probat
875 2412 1005 2439 intentio-

216 2457 458 2493 ncmlegislatoris
484 2458 542 2493 ipsa
561 2458 660 2485 littera.
696 2456 722 2484 Si
758 2456 831 2484 enim
864 2458 1004 2484 immunda

197 2528 199 2530 _
216 2505 315 2528 natura
329 2506 420 2528 essent
446 2509 477 2529 ea
501 2509 563 2536 qua:
578 2510 651 2529 nunc
668 2502 740 2529 dicta
770 2506 834 2528 sunt
864 2502 1004 2534 animalia,

215 2550 355 2581 oporteret
369 2545 540 2573 immundum
555 2553 615 2573 esse
634 2552 661 2573 et
683 2547 730 2580 qui
752 2553 784 2573 ea
804 2546 924 2573 viventia
947 2551 1005 2573 tan-

215 2595 311 2627 geret.
331 2597 405 2618 nunc
428 2595 520 2618 autem
533 2591 578 2626 qui
599 2591 718 2626 tetigerit
753 2590 896 2618 morticina
912 2599 1006 2618 eorum

215 2637 276 2672 ipse
293 2635 368 2663 solus
381 2635 539 2663 immundus
548 2641 600 2664 est.
622 2635 770 2664 Morticina
785 2640 878 2663 autem
899 2643 1004 2668 eorum,

216 2687 281 2711 sunt
315 2682 450 2718 praedictae
480 2682 619 2715 actiones,
643 2682 670 2709 id
702 2688 743 2710 est
771 2683 861 2715 dolus,
891 2683 1004 2716 furtum,

217 2728 375 2763 duplicitas,
391 2728 449 2756 sive
473 2728 571 2760 ironia,
605 2734 633 2756 et
665 2729 737 2757 circa
762 2730 815 2757 alia
848 2731 1003 2765 occupatio,

216 2778 325 2801 necnon
347 2773 419 2801 circa
440 2777 548 2802 terrena
575 2774 715 2802 festinatio
738 2783 744 2801 :
774 2783 805 2802 cx
824 2783 876 2809 qua
905 2776 1006 2803 utentis

246 2877 269 2890 ⁵⁵
303 2880 418 2915 Philipp.
445 2891 499 2916 ιιι,
528 2884 571 2911 19.

220 2923 289 2948 nni,
310 2918 349 2943 ll).

639 2882 690 2908 “l
718 2882 781 2909 Cor.
810 2890 870 2914 vn,
900 2882 932 2910 1..

990 2882 1010 2896 ’τ
1037 2880 1107 2908 Psal.
1141 2888 1228 2912 χχιι,
1255 2880 1282 2905 6.

1059 2318 1100 2345 vel
1120 2318 1309 2351 laerymarnm,
1330 2321 1358 2343 et
1384 2317 1569 2344 inundabitur.
1586 2317 1640 2344 Vas
1655 2323 1745 2345 autem
1756 2318 1848 2352 ﬁctile.

1057 2365 1102 2400 qui
1121 2367 1193 2390 totus
1213 2367 1336 2389 terrenus
1348 2367 1399 2393 est,
1421 2363 1447 2389 id
1462 2367 1513 2395 est,
1531 2364 1588 2390 luto
1604 2364 1695 2391 smeuli
1716 2372 1849 2398 consper-

1058 2417 1115 2436 sus.
1147 2408 1175 2435 in
1197 2409 1248 2435 hoe
1272 2409 1295 2435 si
1334 2407 1461 2434 inciderit
1494 2408 1679 2440 morticinum,
1706 2415 1849 2444 peccatum

1057 2454 1130 2490 quod
1141 2455 1173 2482 ad
1190 2460 1304 2481 mortem
1335 2458 1387 2486 cst,
1417 2453 1587 2490 interiusque
1621 2464 1683 2482 eum
1710 2461 1848 2491 penetret.

1059 2501 1268 2535 domineturque
1286 2500 1321 2532 ei,
1338 2499 1409 2526 sicut
1442 2500 1526 2527 vavid
1542 2501 1649 2528 dicebat
1666 2512 1673 2528 :
1708 2501 1740 2528 Et
1763 2502 1850 2528 induit

1058 2556 1085 2573 te
1102 2546 1310 2572 nmledictionem
1325 2546 1392 2572 sicut
1408 2546 1600 2579 vestimentum,
1618 2552 1641 2573 et
1655 2548 1763 2574 in'rurit
1782 2548 1852 2574 sicut

1059 2601 1129 2627 aqua
1148 2593 1175 2618 in
1189 2593 1317 2618 interiora
1339 2592 1441 2626 ejus",
1470 2593 1515 2626 qni
1546 2601 1600 2619 non
1631 2593 1718 2620 solum
1745 2593 1852 2628 ingredi

1059 2639 1290 2668 maledictionem.
1306 2639 1354 2665 sed
1368 2643 1395 2665 et
1422 2638 1556 2666 dominari
1580 2640 1608 2666 in
1626 2648 1667 2672 eo,
1687 2640 1713 2666 in
1728 2648 1781 2675 quo
1809 2641 1852 2667 in-

1060 2693 1151 2721 gressa
1165 2689 1217 2723 est,
1237 2685 1303 2712 dicit
1316 2692 1321 2710 :
1341 2685 1494 2711 necessarie
1509 2685 1575 2712 illud
1589 2687 1694 2712 conteri
1707 2687 1850 2721 prmcepit.

1061 2731 1154 2765 Neque
1164 2729 1235 2757 enim
1253 2729 1312 2764 ejus
1325 2729 1497 2756 immundilia
1522 2729 1594 2756 sicut
1619 2729 1745 2760 aliorum,
1771 2729 1851 2757 facile

1061 2774 1168 2810 purgari
1183 2778 1282 2809 potest,
1294 2773 1386 2801 labore
1401 2773 1502 2808 quippe
1518 2773 1615 2805 multo,
1632 2779 1659 2800 et
1672 2773 1849 2806 contritione,

1352 2876 1374 2892 “
1390 2877 1470 2904 Prov.
1496 2885 1583 2911 mn,
1619 2877 1664 2904 29.
1744 2876 1848 2903 "Paul.
