2052 3146
240 232 296 267 919

840 234 1021 264 HESYCHII
1043 235 1280 266 PRESBYTERI

1819 237 1876 270 920

242 288 324 324 Moysi
340 288 462 315 nedmmt
480 287 577 314 Scriba?
586 292 609 314 et
627 287 765 315 P/tttristei.
788 288 884 315 Omnia
909 297 1033 323 qna'tmt-
1048 292 1069 319 Α
1085 291 1212 324 medelis,
1227 292 1290 326 quia
1307 292 1489 320 abotuiuabile
1506 297 1558 320 est.
1577 292 1666 320 Nolite
1687 293 1874 321 contaminare

241 344 292 371 que
309 335 397 362 dicunt
411 335 492 366 vobis,
509 334 589 368 facile
601 340 624 362 et
635 337 929 367 custoditc;sccnndtmt
944 342 1031 364 autem

241 389 320 416 opera
337 388 428 407 eorum
438 380 518 406 nolite
529 381 616 415 facere
623 382 646 397 ‘°
657 402 662 407 .

278 424 357 452 Vnus.
368 425 413 456 5'1,
427 425 471 452 38.
489 435 498 450 ‹
517 425 544 452 Si
561 426 687 453 ceciderit
702 434 785 462 super
802 434 962 460 sementem),
976 437 1030 455 non

240 470 338 505 polluit
353 478 425 498 eam.
454 470 499 498 Sin
517 476 608 499 autem
628 473 762 507 quispiam
783 482 852 508 aqua
881 480 1030 502 sementem

241 516 393 550 perfuderit
403 522 431 544 et
450 521 544 552 postea
569 518 722 546 morticinis
737 524 805 546 tacta
833 520 925 553 fuerit,
959 520 1031 548 illico

242 562 387 596 polluetur.
408 572 418 587 ι

277 607 348 634 Nihil
364 608 548 636 indiseussum
564 610 691 645 relinquit
711 611 857 645 legislator,
874 613 922 639 sed
939 613 1029 639 omnia

242 654 268 680 in
289 654 466 689 subsequenti
479 656 600 689 discutit,
619 657 813 692 perfectionem
837 659 903 693 legis
922 660 1030 693 spirita-

242 701 294 727 lem
310 701 425 735 probare
444 702 613 734 desiderans,
639 704 688 731 etsi
711 704 868 738 imperfecta
887 706 926 732 eis
955 707 1028 733 vide-

242 746 322 773 batur
335 748 445 781 quando
461 747 545 774 solam
559 748 735 775 intuebantur
753 749 883 776 litteram.
897 750 1031 777 Ditfereu-

244 793 308 819 tiam
339 793 422 827 igitur
440 793 484 820 hic
512 793 672 824 infidelium,
689 795 734 829 qui
757 795 873 822 necdum
902 795 1029 831 baptizati

242 843 307 865 sunt
319 839 440 873 exponit,
457 844 485 866 ct
499 847 592 866 semen
618 845 748 875 utrosque
773 842 903 875 appeltat,
935 847 1030 876 utpote

241 884 288 919 qui
314 891 492 919 susceperunt
521 886 595 920 regni
613 887 844 920 praedicationem.
867 887 904 914 De
932 889 1030 923 quibus

243 929 373 957 Dominus
397 931 552 965 parabolam
574 931 875 967 seminis-proponens.
904 934 1027 961 dicebat:

240 975 344 1003 Bonum
356 985 453 1009 semen,
467 977 516 1011 ﬁlii
535 982 596 1004 sunt
616 979 697 1013 regni,
714 980 760 1006 sed
776 987 863 1006 semen
881 981 950 1014 quod
970 988 1028 1007 nec-

241 1022 304 1048 dum
321 1022 481 1058 “minatum
496 1024 560 1050 est”
570 1044 577 1056 ,
595 1024 668 1051 unde
678 1024 855 1060 Septuaginta
871 1025 1026 1053 ediderunt:

241 1067 335 1094 Semen
350 1069 464 1095 satiatem
482 1070 551 1104 quod
574 1070 759 1103 seminabiiur,
776 1071 803 1097 id
815 1077 862 1104 est,
885 1073 953 1107 quod
970 1081 1027 1099 nec-

241 1114 303 1139 dum
317 1114 477 1140 scminatnm
494 1119 542 1147 est,
571 1116 762 1143 sentinandum
783 1122 874 1144 autem
901 1123 952 1150 est,
970 1118 1029 1145 illus

225 1157 287 1192 ~qui
305 1159 420 1186 necdum
439 1159 567 1194 baptizati
583 1166 656 1193 sunt,
678 1161 833 1196 baptizandi
845 1168 935 1190 autent
954 1169 1027 1195 sunt,

240 1209 317 1232 recte
335 1205 491 1239 appellavit,
515 1214 596 1239 super
620 1207 670 1234 ltos
694 1208 716 1234 si
743 1208 807 1242 quid
836 1209 1028 1242 praedictorum

241 1251 449 1278 morticinorum
466 1252 555 1284 cadat,
577 1253 638 1286 quia
667 1254 783 1280 necdum
798 1255 932 1281 cautelam
959 1263 1028 1290 mys-

241 1295 371 1322 teriorum
387 1301 562 1331 acceperunt,
580 1305 632 1324 nec
647 1298 779 1333 integram
796 1298 843 1325 Dei
861 1300 1028 1334 agnitionem

241 1342 476 1376 conquisiverunt.
497 1343 628 1378 quasillos
647 1344 731 1376 possit
745 1352 886 1372 removere
901 1353 914 1372 a
932 1353 1028 1381 super-

239 1387 415 1414 venientibus
442 1396 473 1415 ex
503 1389 668 1424 negligentia
693 1391 821 1424 peccatis,
848 1391 941 1418 mundi
967 1399 1028 1419 esse

239 1432 378 1466 dicuntur,
397 1439 509 1468 propter
534 1435 692 1469 praedictam
712 1443 822 1463 causam
841 1437 918 1463 venia
943 1437 1026 1472 digni.

239 1477 327 1512 Super
339 1485 409 1512 quos
422 1486 487 1506 vero
514 1479 573 1506 fusa
600 1479 682 1507 fuerit
709 1488 788 1514 aqua,
805 1480 933 1508 videlicet
963 1482 1028 1517 bap-

239 1523 366 1557 tismatis,
384 1524 412 1551 lti
430 1525 586 1552 necessario
605 1526 737 1553 immundi
755 1526 834 1559 ﬁunt,
852 1527 873 1554 si
897 1535 980 1554 untttn
996 1536 1028 1554 cx

239 1569 292 1601 his,
307 1577 367 1604 quat
382 1571 526 1598 morticina
538 1576 612 1604 sunt,
628 1580 710 1607 super
720 1580 767 1599 eos
784 1572 926 1599 inciderit:
945 1581 1027 1608 opor-

1083 337 1188 364 anituas
1216 343 1333 370 vestras,
1363 346 1414 366 nec
1429 338 1546 374 tangatis
1561 338 1709 373 quidquam
1729 346 1823 366 eorum
1837 347 1874 367 ne

1083 382 1217 409 immundi
1230 383 1298 410 sitis.
1319 393 1328 408 ι
1464 381 1466 383 ’

1117 427 1177 455 Jam
1198 434 1225 455 et
1241 430 1297 456 haec
1320 430 1448 464 superius
1474 429 1610 464 legislator
1632 429 1767 464 exposuit.
1795 428 1875 457 Nunc

1083 478 1171 500 autem
1190 474 1253 502 ideo
1278 475 1388 509 repetit,
1411 480 1439 501 ut
1467 474 1603 509 frcqttcttti
1633 475 1810 502 meditatione
1839 476 1874 503 ad

1083 521 1291 548 custodiendam
1308 522 1394 557 legem
1411 527 1520 549 moveat
1542 523 1710 549 auditorem.
1733 521 1874 555 Quamob-

1083 573 1140 592 rem
1157 571 1207 592 eta
1222 566 1301 593 nobis
1318 567 1520 602 recapitulanda
1537 573 1610 600 sunt,
1625 567 1688 602 quia
1702 572 1728 594 et
1744 568 1873 602 quiddam

1083 612 1145 639 novi
1163 612 1268 639 addidit
1295 613 1423 646 praesenti
1446 612 1592 644 sanctioni,
1625 613 1807 640 necessariam
1833 613 1875 641 eis

1082 658 1215 692 adjiciens
1228 658 1363 685 actionem
1380 658 1573 685 meditationis.
1589 658 1655 690 Quae
1678 663 1786 694 reptant
1809 667 1875 695 ergo

1083 712 1165 738 super
1182 708 1292 735 terram,
1310 704 1336 730 lti
1363 708 1427 730 sunt
1442 703 1487 738 qui
1509 709 1614 730 terrena
1631 704 1759 738 sapiunt:
1783 709 1811 731 et
1827 705 1874 739 qui

1083 750 1225 776 lutulentis
1243 754 1395 784 pascuntur
1409 750 1573 781 actionibus,
1601 758 1684 784 super
1698 755 1803 785 pectus,
1815 751 1874 778 sive

1083 802 1165 829 super
1187 799 1309 821 ventrem
1334 794 1459 821 similiter
1486 795 1658 830 gradiuntur,
1677 796 1875 832 gastrimargite

1082 848 1194 874 operam
1215 840 1322 868 dantes.
1351 839 1378 866 ltt
1397 845 1516 875 quatuor
1540 842 1701 876 gradiuntur
1720 851 1802 877 super
1819 847 1875 871 ter-

1082 894 1138 912 ram
1153 906 1160 918 ,
1186 886 1234 920 qui
1259 885 1451 920 praedicatione
1475 886 1693 921 evangelicorum
1716 887 1847 914 librorum
1865 909 1873 920 ,

1083 939 1133 966 pro
1148 938 1181 958 eo
1197 931 1268 965 qttod
1288 930 1362 957 salus
1383 930 1408 956 in
1427 930 1466 956 eis
1491 934 1669 964 peccatorum
1699 931 1871 965 prmdicatur,

1082 977 1233 1004 abutuntur
1251 977 1277 1002 in
1293 976 1461 1003 luxuriosam
1487 975 1585 1002 vitam:
1599 983 1653 1001 tton
1678 975 1872 1010 intelligcnlcs,

1080 1024 1147 1058 quia.
1158 1027 1327 1057 peccatores,
1344 1029 1397 1048 tton
1414 1025 1443 1048 ut
1457 1026 1585 1048 maneant
1601 1026 1768 1055 peccatores,
1783 1021 1830 1048 sed
1845 1027 1874 1048 ut

1080 1073 1190 1097 cessent
1205 1077 1219 1095 a
1236 1068 1366 1104 peccatis,
1382 1072 1509 1102 provocat
1522 1067 1693 1101 praedicatio.
1709 1067 1761 1094 Sed
1775 1067 1815 1094 cis
1826 1067 1876 1102 qui

1081 1116 1107 1142 iu
1121 1119 1238 1149 quatuor
1265 1113 1414 1145 ambulant,
1447 1112 1561 1145 addidit,
1593 1117 1621 1139 et
1643 1113 1743 1140 multos
1770 1113 1874 1139 habent

1080 1161 1175 1195 pedes,
1191 1160 1351 1190 ostendens,
1364 1159 1427 1194 quia
1444 1159 1507 1186 licet
1523 1159 1546 1186 si
1565 1167 1618 1186 non
1631 1158 1718 1185 solum
1734 1166 1767 1184 ex
1789 1165 1873 1184 etan-

1081 1206 1176 1241 gelicis
1188 1206 1274 1236 libris.
1292 1206 1338 1232 sed
1356 1213 1390 1232 ex
1401 1205 1461 1231 aliis
1471 1204 1630 1239 Scripturis,
1645 1208 1727 1238 atque
1738 1211 1770 1230 ex
1785 1203 1872 1234 varia,

1081 1253 1151 1279 sicut
1168 1251 1359 1286 ipsisvidetur,
1376 1251 1500 1278 doctrina
1511 1251 1563 1277 hoc
1576 1250 1737 1277 confirmare
1745 1249 1872 1284 cupiunt,

1081 1302 1161 1324 erunt
1174 1301 1201 1324 et
1217 1295 1257 1323 sic
1273 1296 1419 1323 immundi.
1432 1295 1464 1323 Et
1481 1301 1509 1322 ut
1525 1295 1644 1323 breviter
1659 1295 1776 1326 dicatur,
1790 1303 1874 1321 omtte

1080 1343 1151 1377 quod
1185 1347 1275 1377 reptat
1303 1349 1385 1376 super
1413 1347 1523 1373 terram,
1551 1341 1576 1368 id
1611 1345 1663 1374 cst,
1688 1341 1733 1375 qui
1764 1345 1874 1367 terrena

1081 1389 1201 1423 sapiunt,
1219 1388 1356 1415 declinare
1369 1396 1420 1415 nos
1438 1393 1546 1422 oportet
1568 1392 1596 1414 et
1620 1387 1759 1421 refugere,
1780 1386 1874 1412 scicn-

1080 1440 1131 1466 tcs,
1150 1434 1212 1469 quia
1229 1441 1322 1460 eorum
1343 1433 1557 1461 communicatio
1577 1432 1684 1468 polluit,
1701 1436 1728 1458 ct
1746 1431 1874 1458 similiter

1081 1480 1239 1508 immundus
1249 1484 1289 1506 est
1304 1487 1402 1515 agens,
1416 1479 1563 1514 agentique
1585 1485 1765 1505 concurrens.

1116 1526 1196 1554 Vnus.
1213 1526 1257 1558 44,
1275 1526 1320 1552 45.
1340 1534 1349 1551 t
1362 1525 1419 1560 Ego
1431 1524 1572 1551 cnimsutn
1580 1523 1711 1550 Domitius
1726 1522 1798 1549 Deus
1823 1529 1873 1548 ve-

1080 1577 1146 1600 ster.
1162 1572 1255 1600 Sancti
1275 1576 1372 1603 estote,
1393 1571 1522 1606 quoniam
1539 1575 1565 1597 et
1592 1577 1643 1605 ego
1663 1574 1775 1596 sanctus
1800 1576 1874 1594 sum.

240 1618 330 1641 tuerat
345 1615 446 1650 quippe
463 1616 530 1642 tanti
545 1616 768 1652 participatione,
789 1617 860 1644 dona
876 1618 909 1644 ad
934 1627 1027 1645 corqu
1043 1622 1064 1650 c
1080 1619 1118 1645 Ne
1134 1618 1261 1653 polluatis
1278 1618 1384 1644 anitnas
1409 1620 1514 1644 vestras
1534 1617 1561 1643 in
1573 1616 1648 1643 omni
1676 1615 1776 1649 rcptili,
1801 1614 1875 1648 quod

239 1660 379 1693 pertinere
394 1661 556 1688 custodiam.
586 1661 682 1689 Terret
711 1663 791 1698 igitur
820 1663 890 1690 Deus
914 1664 1026 1699 spiritus

239 1711 288 1730 eos
309 1704 355 1738 qui
381 1705 445 1732 olim
476 1712 660 1741 perceperunt
682 1708 826 1742 baptistna,
855 1714 885 1735 ut
910 1717 963 1735 non
994 1718 1026 1737 ex

241 1749 402 1784 negligentia
417 1754 563 1784 peccantes
583 1752 716 1780 immundi
739 1752 815 1780 fiant.

279 1795 356 1823 Vnus.
375 1796 420 1829 59,
436 1796 480 1824 40.
491 1806 509 1822 ιι
525 1797 553 1824 Si
567 1802 703 1825 mortuum
718 1799 800 1827 fuerit
824 1801 935 1833 animal,
955 1802 1026 1836 quod

240 1841 302 1868 licet
321 1842 399 1870 vobis
423 1843 575 1876 comedere,
592 1845 638 1879 qui
666 1845 783 1873 cadaver
813 1846 872 1881 ejus
897 1847 1026 1882 tetigerit,

239 1887 397 1915 immundus
412 1888 465 1915 erit
481 1896 568 1924 usque
580 1890 611 1916 ad
629 1897 782 1925 vesperam.
797 1892 829 1918 Et
841 1892 885 1926 qui
900 1893 1026 1919 comede—

239 1935 274 1960 rit
290 1942 322 1961 ex
339 1941 371 1961 eo
379 1935 530 1970 quidpiam,
548 1941 629 1971 atque
650 1938 810 1972 portaverit,
827 1938 927 1965 Iavabit
944 1939 1027 1966 vesti-

239 1985 332 2008 menta
344 1988 403 2014 sua,
419 1987 446 2008 et
463 1982 620 2010 immundus
635 1983 686 2010 erit
698 1991 783 2019 usque
797 1985 830 2011 ad
847 1993 997 2020 vesperam.
1017 1995 1025 2010 ι

273 2026 506 2058 Quemadmodum
527 2033 687 2063 peccatores
704 2036 897 2064 permanentes
917 2031 943 2057 in
963 2039 1028 2065 pec-

239 2072 317 2106 catis,
328 2073 502 2101 abominandi
518 2080 591 2107 sunt,
608 2083 779 2111 nequaquam
790 2082 881 2104 autem
897 2078 1027 2105 receden-

244 2124 285 2145 tes
300 2126 332 2146 ac
354 2120 536 2154 pcenitentes:
555 2120 590 2148 ita
608 2122 690 2156 justis
704 2123 778 2150 omni
803 2123 894 2150 studio
910 2131 1028 2151 concur-

242 2165 357 2191 rendum
372 2170 422 2196 est,
450 2166 599 2194 scientibus
614 2168 694 2195 nobis
715 2169 777 2203 quia
793 2176 825 2196 ex
843 2170 883 2196 eis
909 2171 1028 2197 sanctiﬁ-

240 2217 344 2237 carnur.
376 2210 405 2236 Si
435 2215 525 2238 autent
555 2213 654 2240 mortui
683 2213 784 2240 fuerint
822 2216 895 2250 gravi
923 2216 1027 2250 peccati

241 2261 338 2287 morte,
356 2264 410 2283 non
432 2257 564 2285 debemus
591 2263 701 2293 tangere
725 2259 831 2286 illorutu
859 2261 952 2293 vitam,
977 2269 1028 2288 nec

241 2310 336 2330 eorum
353 2304 569 2331 conversationis
583 2312 644 2331 esse
659 2305 814 2340 participes,
827 2307 944 2333 scientes
957 2308 1031 2342 quud
1048 2302 1068 2329 ο

241 2349 262 2375 si
277 2349 338 2383 quis
364 2350 493 2385 tetigerit,
511 2350 666 2377 immundus
694 2351 756 2383 erit,
782 2359 924 2387 nsquequo
948 2354 1029 2380 etiam

241 2397 304 2430 ipse
317 2396 459 2430 pteniteat.
474 2397 527 2424 Sed
547 2402 573 2424 et
595 2397 639 2431 qui
657 2397 807 2425 comederit
821 2398 854 2425 de
879 2400 1030 2428 morticinis

241 2449 347 2475 eorum,
362 2443 452 2476 idest,
470 2443 516 2478 qui
533 2451 581 2471 eos
607 2443 770 2477 defenderit,
788 2445 865 2478 quasi
881 2445 1029 2474 advocatus

243 2492 417 2522 peccatorum
441 2489 574 2523 ipsorum,
593 2489 635 2516 vel
659 2489 813 2523 auxiliator,
829 2495 856 2517 et
884 2496 1027 2526 propterea

242 2533 351 2560 illorum
368 2534 395 2560 in
424 2542 454 2561 se
478 2541 591 2570 peccata
613 2536 777 2571 suscipiens,
806 2545 920 2565 necesse
949 2539 1031 2566 habet

243 2580 334 2606 lavare
353 2580 515 2608 vestimenta
545 2589 604 2614 sua,
620 2582 745 2610 videlicet
768 2584 901 2616 actiones,
925 2585 986 2619 quia
1004 2590 1031 2610 ct

244 2626 301 2659 ipse
317 2633 402 2660 usque
418 2626 450 2653 ad
469 2634 624 2661 vesperum,
640 2628 666 2654 id
680 2633 732 2660 est,
750 2637 836 2663 usque
857 2630 922 2658 dum
944 2630 1031 2665 putui-

244 2674 308 2704 teat,
325 2671 482 2698 immundus
498 2672 560 2700 erit.

282 2717 361 2745 Vnus.
382 2718 478 2745 “~45.
501 2728 510 2744 ι
524 2718 611 2746 Omne
625 2720 697 2754 quod
715 2726 802 2756 reptat
818 2730 900 2756 super
919 2727 1030 2755 terram.

243 2764 427 2793 abominabilc
440 2765 501 2798 erit,
518 2772 569 2792 nec
595 2771 751 2794 assutuetur
769 2768 795 2794 in
824 2769 926 2795 cibatu.
943 2769 1031 2802 Quid-

243 2811 307 2847 quid
321 2811 509 2846 quadrupedis
523 2820 605 2847 super
616 2817 711 2848 pectus
736 2813 867 2849 graditur,
891 2820 919 2842 et
932 2815 1033 2843 multos

244 2856 326 2886 habet
336 2857 429 2892 pedes,
443 2857 501 2885 sive
516 2865 598 2893 super
618 2858 731 2885 humtun
758 2859 886 2892 trahitur,
903 2867 958 2887 non
987 2869 1035 2888 co-

292 2950 315 2969 “
331 2949 425 2980 Matth.
441 2959 516 2983 utu,
533 2950 560 2982 9.,
658 2951 679 2965 ’⁸⁷
698 2950 779 2977 Matth
808 2958 865 2982 χιιι,
893 2951 939 2978 58.

1080 1670 1205 1692 movetur
1224 1672 1307 1699 super
1319 1669 1431 1691 terram.
1450 1663 1505 1697 Ego
1518 1663 1649 1689 Dominus
1665 1661 1711 1696 qui
1729 1661 1809 1687 eduxi
1825 1668 1877 1687 vos

1079 1711 1113 1738 de
1132 1715 1203 1737 terra
1217 1709 1377 1745 Egypti,ut
1385 1716 1474 1735 essem
1488 1707 1564 1734 vobis
1580 1707 1660 1734 Deus.
1678 1705 1768 1732 Sancti
1785 1705 1875 1736 eritis,

1081 1757 1143 1791 qttia
1163 1761 1190 1783 el
1203 1763 1254 1791 ego
1270 1761 1382 1782 sanctus
1397 1762 1468 1782 Sllm.
1487 1764 1495 1779 ι

1116 1801 1234 1828 Otnnino
1250 1800 1378 1835 proltibet
1393 1807 1453 1826 esse
1469 1806 1519 1825 nos
1536 1798 1624 1825 socios
1640 1803 1734 1824 eorum
1754 1795 1799 1829 qui
1820 1799 1878 1821 ter-

1082 1855 1145 1874 rena
1161 1847 1269 1881 sapiunt
1282 1855 1288 1872 :
1304 1853 1356 1873 nec.
1368 1845 1389 1872 si
1402 1849 1528 1879 potentes
1539 1844 1648 1879 quidam
1658 1843 1723 1873 sint,
1735 1849 1787 1868 nec
1801 1841 1823 1868 si
1834 1841 1878 1875 ju-

1082 1893 1183 1920 stitiam
1197 1896 1244 1919 aut
1251 1891 1413 1926 sapientiam
1426 1890 1539 1925 ﬁngant,
1549 1897 1600 1916 ttec
1611 1889 1633 1916 si
1643 1888 1713 1916 forte
1723 1887 1878 1915 sacerdotio

1082 1939 1124 1966 vel
1147 1938 1302 1973 aliqualibet
1320 1937 1484 1964 amiciantur
1498 1935 1645 1970 dignitate.
1659 1934 1736 1961 Unde
1754 1933 1878 1960 breviter

1081 1986 1202 2012 omnium
1230 1984 1384 2019 repentiqu
1399 1991 1459 2017 quae
1488 1989 1571 2016 super
1594 1985 1693 2008 terram
1718 1983 1875 2009 1110\‘6Dlul',

1082 2032 1249 2059 mentionem
1260 2030 1398 2060 fecit.non
1413 2028 1572 2063 simpliciter
1581 2028 1632 2054 hoc
1646 2027 1768 2061 quodest
1778 2032 1876 2059 repere

1082 2085 1227 2112 respuens,
1245 2076 1293 2103 sed
1310 2083 1393 2110 super
1407 2079 1506 2102 terram
1525 2081 1639 2108 repere;
1655 2080 1718 2099 nam
1736 2070 1878 2098 humiliari

1081 2124 1191 2159 quidem
1219 2122 1320 2149 bonum
1349 2125 1406 2153 est,
1438 2125 1467 2146 ut
1499 2124 1590 2146 autent
1603 2118 1636 2145 ad
1669 2122 1806 2144 terrenam
1827 2116 1876 2143 dc-

1082 2170 1199 2197 clittetttr
1223 2167 1403 2202 sapientiam,
1417 2173 1471 2192 non
1488 2169 1531 2192 est
1553 2165 1665 2195 bonum,
1679 2170 1731 2189 nec
1747 2161 1821 2188 utilis
1833 2165 1876 2188 est

1081 2216 1225 2244 animabus
1241 2215 1300 2242 talis
1313 2213 1464 2246 humilitas,
1475 2221 1491 2240 a
1505 2221 1558 2248 qua
1576 2212 1692 2239 liberare
1708 2210 1820 2238 volens:

1118 2263 1174 2298 Ego
1184 2271 1253 2293 sunt,
1270 2261 1369 2295 inquit,
1385 2260 1513 2287 Dominus
1531 2259 1598 2286 Deus
1615 2262 1708 2285 crater.
1730 2256 1758 2284 Id
1772 2260 1824 2287 est,
1841 2255 1875 2282 ad

1082 2309 1160 2343 cujus
1170 2308 1315 2343 imaginem
1326 2306 1390 2333 facti
1406 2307 1481 2338 estis,
1498 2310 1528 2332 ut
1540 2304 1661 2332 coelestia
1677 2302 1798 2337 sapiatis,
1811 2309 1876 2328 eum

1080 2355 1126 2390 qui
1146 2355 1173 2381 in
1187 2353 1264 2381 ccelis
1287 2352 1391 2380 habitat
1408 2351 1546 2378 imitantes
1561 2360 1566 2377 :
1581 2355 1694 2385 propter
1714 2348 1786 2383 quod
1809 2347 1871 2374 sub-

1080 2400 1163 2429 didit:

1115 2447 1206 2473 Sancti
1221 2445 1305 2476 eritis,
1322 2445 1383 2478 quia
1399 2448 1506 2470 sanctus
1518 2451 1585 2470 sum.
1597 2442 1649 2474 Qui
1661 2449 1715 2468 non
1726 2441 1778 2468 hoc
1790 2440 1862 2467 adde

1081 2497 1131 2524 ret,
1145 2499 1234 2526 neque
1250 2491 1403 2525 duplicaret
1420 2490 1447 2516 in
1457 2489 1535 2516 nobis
1546 2489 1802 2519 oauctiiicationcut.
1823 2487 1876 2513 nisi

1083 2539 1143 2571 ejus
1153 2545 1277 2565 essemus
1292 2537 1438 2572 participes
1464 2541 1493 2564 et,
1510 2540 1652 2564 consortes
1677 2535 1738 2569 ejus
1755 2534 1873 2562 sanctiﬁ-

1083 2584 1197 2612 cationis
1220 2584 1322 2616 eti’ecti,
1350 2583 1488 2611 custodire
1505 2590 1564 2610 eam
1589 2589 1637 2617 per
1662 2580 1874 2616 philosophiam,

1083 2636 1109 2657 ct
1127 2635 1246 2658 sanctam
1264 2629 1501 2658 conversationem
1517 2635 1585 2662 opus
1602 2627 1765 2654 haberemus
1783 2634 1789 2652 :
1806 2625 1878 2652 unde

1083 2677 1136 2703 ait:

1119 2723 1158 2750 Ne
1168 2723 1292 2757 polluatis
1307 2723 1411 2749 animus
1426 2726 1532 2748 rastros.
1548 2720 1668 2746 Primum
1682 2719 1803 2754 quidem,
1815 2718 1877 2753 quia

1085 2770 1215 2797 donatum
1239 2773 1281 2796 est
1305 2768 1412 2799 animae,
1437 2775 1500 2794 esse
1523 2766 1557 2793 ad
1585 2765 1730 2801 imaginem
1758 2764 1822 2791 Dei:
1851 2769 1878 2790 ct

1086 2815 1204 2842 maxime
1222 2815 1250 2842 in
1266 2822 1297 2841 ea
1322 2821 1382 2841 esse
1413 2812 1657 2840 sanctiﬁcationem
1686 2809 1754 2843 vult,
1783 2814 1877 2844 utpote

1087 2870 1146 2899 qua-
1161 2860 1343 2897 principatum
1358 2867 1441 2895 super
1457 2867 1538 2901 omne
1554 2857 1653 2886 animal
1670 2861 1755 2884 tenet.
1773 2855 1876 2884 Deinde
