2052 3146
234 189 287 223 923

237 255 333 276 semen
348 246 501 281 suscipiens
516 250 558 273 est
571 242 759 281 mulier,'qua:
779 247 829 273 viri
846 247 967 281 concipit
995 254 1028 274 ex
1044 250 1066 277 Α

238 294 354 322 semine.
372 293 447 320 Hanc
460 297 565 327 septem
583 292 681 319 diebus
697 300 757 319 esse
771 293 938 320 immttndatn
960 293 1035 332 dicit.

237 344 266 368 et
279 339 473 375 quamobrem?
487 339 613 366 videlicet
624 338 688 373 quia
707 344 782 366 sator
799 340 956 366 immundus
982 345 1034 376 est,

239 389 336 420 utpote
364 385 451 411 haeres
466 384 563 416 Adam,
580 384 626 418 qui
644 392 693 416 per
712 385 957 418 transgressionem
985 385 1037 411 itu-

237 431 358 458 mundus
374 430 478 461 factus,
492 435 574 464 atque
594 431 629 457 ita
655 429 716 457 Εγξυ
730 431 837 462 mistus,
857 439 937 457 omne
950 439 1036 466 genus

238 477 389 504 humanum
416 476 480 503 fecit
499 476 684 502 immundum.
702 477 803 510 Aperte
826 481 917 502 autem
936 477 987 504 hoc
1007 477 1034 503 in

238 527 314 547 sacra
330 519 472 554 Scriptura
495 519 640 554 legitur",
657 520 728 553 quod
750 525 895 554 postquam
914 521 980 547 exiit
1001 521 1034 547 de

238 565 376 600 paradiso,
396 565 538 592 ntuliereln
557 573 634 592 suam
649 565 734 592 Adam
747 566 885 600 cognovit,
899 570 980 600 atque
997 566 1033 592 ita

237 611 334 639 deduci
347 611 590 645 cmpithutnanum
607 620 701 646 genus.
720 612 830 646 Septem
858 617 948 639 autem
976 613 1034 639 dies

238 655 302 683 ideo
328 656 471 682 mulierem
502 663 563 682 esse
599 657 728 691 praecepit
757 656 945 690 immundam,
969 657 1032 692 quia

237 702 336 734 Adam,
347 709 395 736 per
412 702 490 735 cujus
501 710 594 728 semen
605 703 727 737 suscepit
741 703 953 736 immunditiam,
969 712 1031 731 cum

238 756 340 783 genere
352 748 433 774 vitam
452 752 573 775 nostram
590 749 695 783 pollttit.
725 749 835 784 Septem
855 750 960 777 dierum
981 759 1032 777 nu-

239 802 330 822 merus
350 793 483 829 significat
509 802 557 828 per
580 803 662 829 quem
693 800 815 830 tempora
839 796 1029 824 revolvuntur.

238 840 354 874 l‘ropter
367 840 438 874 quod
468 840 549 866 etiam
565 841 625 874 eius
643 842 751 876 requies
777 835 893 876 septima
907 843 976 875 dies,
1004 843 1030 870 id

238 893 292 917 est,
329 885 496 920 iltlt‘lligibile
529 892 655 920 speratur
691 888 851 914 Sallbatum.
888 887 1029 921 Quomodo

238 937 329 958 autent
351 936 472 958 tIOstram
492 931 587 965 polluit
603 932 705 959 vitam?
719 933 854 960 lndnccns
866 934 888 960 ei
903 934 1032 962 tnalrdic-
1048 926 1068 953 Β

240 978 340 1004 tionem
356 982 383 1003 et
403 977 570 1004 transferens
586 979 619 1005 ad
633 979 782 1012 miseriam,
801 988 859 1006 eam
877 989 957 1015 quain
973 988 1032 1007 sor-

239 1023 280 1049 titi
297 1023 436 1049 fueramus
456 1023 490 1050 ab
512 1023 591 1050 initio
612 1024 823 1052 beatitudinem.
845 1026 922 1057 Quod
946 1026 1032 1052 inani-

237 1070 338 1096 fcstum
354 1074 394 1096 est
409 1076 441 1095 ex
458 1069 511 1101 his,
528 1078 587 1104 quae
604 1071 674 1098 Deus
689 1071 723 1098 ad
744 1071 828 1098 Adam
845 1072 929 1099 dicit;
950 1072 1033 1099 Male-

237 1116 308 1143 dicta
339 1121 410 1142 terra
438 1117 465 1142 in
493 1117 612 1150 operibus
638 1119 708 1150 tuis,
738 1119 844 1152 spinas,
874 1124 898 1145 et
924 1119 1032 1145 tribulos

237 1162 397 1196 germinabit
421 1162 468 1189 tibi
480 1163 520 1189 θ’.
553 1163 700 1198 Propterea
733 1169 761 1191 et
790 1172 865 1192 nuttc
895 1165 1032 1200 legislator

236 1208 305 1236 dixit
321 1217 327 1234 :

274 1255 426 1281 Secundum
441 1254 497 1281 dies
513 1255 689 1288 scpm'ationis
715 1260 855 1282 menstrui:
871 1264 880 1282 :
895 1257 938 1283 vel
961 1257 1032 1285 sicut

237 1298 433 1334 Septuaginta:
451 1299 602 1326 Secundum
621 1301 676 1327 dies
699 1302 865 1336 purgationis
891 1308 1032 1330 menstrua:

237 1346 375 1372 immunda
390 1347 449 1373 erit.
463 1346 533 1379 Quid
557 1352 647 1373 autem
660 1347 713 1374 hoc
730 1347 775 1380 sit,
797 1348 842 1374 alii
868 1348 1031 1383 interpretes

236 1391 346 1426 planius
378 1391 523 1419 ediderunt
543 1401 548 1418 :
572 1393 753 1428 Symmachus
781 1394 891 1428 quidem
925 1394 1030 1428 dicens,

235 1438 380 1464 secundum
409 1439 464 1465 dies
495 1439 691 1473 seper-alienis,
721 1439 882 1474 aﬂiictionis:
919 1439 1026 1475 Apuila,

235 1485 411 1518 upurationis
429 1505 436 1516 ,
465 1486 598 1516 miserim;
625 1485 814 1520 leeodotion,
842 1489 1030 1524 “partitionis,

236 1530 334 1556 doloris
358 1531 425 1565 ejus.
450 1530 558 1558 Misi-ria
580 1536 683 1562 autem,
711 1536 739 1560 et
763 1533 883 1561 alllictto.
902 1539 929 1560 et
955 1534 1032 1562 dolor

237 1579 304 1603 tunc
328 1583 388 1602 esse
412 1577 506 1611 coepit,
534 1582 676 1612 postquam
702 1584 844 1613 separatus
874 1587 889 1606 a
906 1580 1031 1614 paradiso

237 1621 334 1653 Adam,
355 1626 476 1648 nostram
495 1623 608 1649 sortitus
618 1629 660 1650 est
684 1625 778 1655 vitam,
792 1625 855 1660 quia
882 1625 908 1652 in
932 1626 1031 1654 sudore

236 1666 327 1692 vultus
342 1667 486 1694 Comederc
504 1676 601 1702 panem
628 1670 805 1696 cmulemnati
831 1678 935 1698 sutnus.
962 1671 1032 1700 lluic

237 1712 328 1739 sensui
344 1712 495 1747 planiorem
531 1718 557 1740 el
580 1715 786 1742 indubitabilem
808 1716 912 1744 addidit
934 1717 1032 1752 proba-

238 1757 353 1790 tionem,
367 1765 429 1784 eum
447 1759 531 1786 dicit:

273 1802 322 1829 Die
342 1808 434 1829 artano
456 1804 657 1831 rirt'umcidt'tm'
684 1806 846 1840 infantulus.
871 1807 932 1834 Dies
957 1808 1030 1834 enim

236 1852 359 1880 octavas,
373 1848 500 1883 quoniam
512 1850 635 1884 septima:
647 1851 699 1878 diei
713 1873 720 1884 ,
733 1860 794 1887 quae
807 1852 895 1888 imago
909 1857 950 1879 est
962 1861 1031 1887 pra:-

234 1894 321 1920 sentis
340 1894 411 1927 vitm,
425 1895 558 1928 succedit,
572 1895 683 1930 figurati)
699 1899 767 1932 gerit
781 1898 965 1925 futurisalculi
979 1920 985 1932 ,
1003 1898 1030 1925 in

234 1945 288 1972 quo
311 1945 421 1964 carnem
439 1939 564 1973 pra-polii
591 1940 814 1968 circntncidimus
825 1963 832 1974 ,
845 1949 927 1977 opera
940 1943 1030 1970 carnis

233 1984 324 2010 omnia
333 1985 516 2019 deponentes:
526 1990 588 2013 tunc
601 1986 701 2021 quippe
711 1995 765 2013 non
775 1987 862 2014 solum
873 1996 927 2015 non
938 1996 1032 2023 pecca-

236 2028 298 2061 turi,
311 2029 357 2055 sed
370 2037 420 2056 nec
436 2030 594 2062 contesturi,
609 2037 655 2058 aut
672 2031 793 2065 bihituri,
807 2037 853 2059 aut
864 2033 974 2068 nupturi
985 2042 1030 2060 su-

234 2082 304 2101 mus.
317 2074 424 2102 Erimus
444 2080 534 2102 autent
549 2077 825 2110 proculdubio,sicut
837 2079 1027 2110 aitDominus.

233 2127 265 2145 ac
279 2120 491 2154 carruptibilibus
512 2123 736 2157 incorruptibiles,
754 2124 825 2152 sicut
848 2126 936 2160 angi-li
950 2127 986 2152 ‘7:
1002 2132 1029 2153 et

233 2163 326 2190 nnmdi
362 2165 449 2191 modis
483 2167 620 2199 omnibus,
643 2176 676 2194 ex
704 2169 853 2196 immundis
883 2170 1025 2198 etlicimur.

233 2208 386 2236 Semiuatur
408 2211 498 2245 igitur,
513 2213 550 2238 ait
574 2213 684 2246 Paulus,
717 2215 743 2240 in
763 2216 932 2250 corruptione
942 2217 982 2249 ⁶⁸;
1005 2218 1026 2243 si

232 2254 315 2289 igitur
335 2257 361 2282 in
381 2259 558 2292 corruptione
589 2259 746 2287 seminatur
770 2269 871 2296 corpus
894 2262 1022 2295 animale,

232 2300 318 2336 surgit
334 2309 434 2337 corpus
444 2303 582 2337 spiritale;
600 2312 665 2340 ergo
680 2305 725 2332 hic
737 2310 777 2332 est
788 2306 885 2334 modus
913 2312 1024 2342 propter

231 2355 311 2382 quem
325 2347 457 2376 infantem
469 2355 566 2377 octavo
584 2351 627 2377 die
646 2351 724 2386 jubet
753 2351 922 2380 circumcidi.
938 2353 1020 2380 lncir-

231 2394 381 2422 cumcisum
395 2400 488 2423 autent
507 2397 598 2431 perire
627 2398 660 2424 de
687 2398 787 2433 populo
816 2407 865 2426 suo
891 2400 1021 2432 ostendit,

230 2439 294 2473 quia
307 2444 370 2467 ante
384 2441 632 2476 eireumcisionem,
647 2443 856 2472 abominabilem
871 2444 952 2472 habet
963 2453 1022 2472 car-

231 2491 293 2510 nem
310 2489 337 2511 et
355 2485 535 2520 immundam,
557 2493 666 2523 propter
693 2497 789 2516 causas
804 2489 930 2516 videlicet
954 2497 1023 2525 quas

231 2530 359 2565 superius
370 2531 498 2560 diximus.
513 2533 661 2561 lliundatur
683 2540 774 2562 autem
802 2543 851 2570 per
878 2536 1023 2563 circumci-

231 2575 348 2609 sionem,
366 2584 426 2610 qua:
447 2577 592 2613 imaginem
615 2581 684 2615 gerit
711 2582 921 2610 resurrectionis
950 2590 1023 2609 mor—

231 2626 349 2648 tuorutn.
360 2621 425 2649 Illud
438 2629 528 2651 autem
545 2626 627 2653 nimis
640 2628 878 2662 qumrcndumest,
890 2629 1022 2664 quamob-

235 2675 293 2694 rem
325 2667 484 2697 circumcidi
517 2671 560 2698 lex
596 2673 768 2707 pra-eipiens,
805 2674 889 2708 ipsius
912 2675 1021 2710 quidem

230 2713 431 2741 innnunditiam
444 2720 524 2749 tacet,
545 2722 659 2745 matrem
674 2723 763 2746 autem
782 2720 949 2747 immtmdam
961 2729 1021 2748 esse

231 2756 307 2788 dicit,
330 2765 415 2792 usque
428 2760 461 2787 ad
472 2759 546 2788 diem
572 2762 666 2797 inquo
686 2764 775 2791 infans
794 2765 1018 2792 circumciditur:

229 2807 326 2830 octavo
357 2804 456 2840 quippe
484 2809 612 2843 prmisepit
645 2810 688 2837 die
718 2811 887 2843 eiteunteidi,
917 2817 1019 2846 St'plt‘m

1045 1594 1066 1622 C

265 2902 287 2917 “
312 2903 381 2931 Gen.
398 2913 433 2938 tv,
453 2907 474 2934 Ι.
524 2909 544 2923 "
561 2909 630 2936 Gen.
650 2917 688 2942 ιιι,
711 2909 751 2938 17,
776 2909 816 2935 l3.

835 188 1016 220 HESYClIlI
1037 189 1275 220 PRESLITERI

857 2910 877 2924 θ’
893 2908 987 2936 Matth.
1007 2919 1071 2943 xui,

1832 185 1883 218 92$

1081 250 1171 274 autem
1198 246 1296 273 diebus
1313 246 1351 272 ait
1379 250 1493 274 matrem
1520 253 1579 273 esse
1609 245 1778 272 immundam
1827 247 1880 274 Aut

1090 293 1160 320 forte
1180 293 1242 328 quia
1255 292 1447 320 inobedientiie
1459 300 1540 320 causa
1557 291 1611 318 Eva
1637 290 1749 318 seducta
1763 293 1879 325 eXstitit,

1090 339 1271 376 transgressio
1284 344 1387 372 autem,
1404 339 1462 366 sive
1479 339 1663 367 inobedientia
1681 339 1881 367 immunditiam

1089 386 1167 412 nobis
1203 385 1368 420 sordemth
1396 385 1542 417 contraxit,
1571 385 1633 412 ideo
1663 384 1714 412 hoe
1743 384 1815 420 quod
1839 392 1882 412 εει

1087 431 1214 465 amplius,
1236 430 1376 464 legislator
1389 430 1416 456 in
1448 430 1588 457 mulierem
1608 431 1755 458 convertit.
1774 431 1826 458 Sed
1853 436 1882 461 ct

1086 477 1262 511 qumrendntn
1283 481 1325 504 est
1353 484 1401 504 cur
1424 476 1505 510 hujus
1521 477 1557 503 rei
1573 477 1670 511 gratia,
1695 477 1721 503 in
1748 478 1880 513 sanguine

1087 521 1287 556 puritlcationis
1302 529 1358 548 suae
1374 529 1484 548 manere
1499 522 1640 548 mulierem
1660 522 1798 556 prtem-pit,
1825 531 1879 551 non

1085 567 1216 601 sanguine
1231 568 1353 600 sordido,
1366 567 1413 594 sed
1436 568 1462 594 in
1488 568 1620 603 sanguine
1641 568 1754 600 mundo,
1776 568 1802 595 id
1826 574 1878 602 est,

1085 612 1283 647 puriticationis
1305 612 1377 647 ejus,
1403 612 1475 640 sicut
1499 613 1525 639 in
1551 613 1603 646 his,
1631 621 1692 648 quae
1709 618 1875 648 sequuntur,

1085 659 1250 686 ostenditur.

1121 703 1185 731 "(ec
1198 713 1274 730 omne
1287 709 1408 730 sanctum
1426 713 1476 731 non
1507 705 1603 739 tangit,
1625 709 1648 731 et
1670 705 1697 731 in
1725 707 1879 732 sanrtuario

1084 759 1133 776 non
1154 751 1301 784 ingreditur
1321 759 1402 785 usque
1415 750 1477 776 dum
1491 750 1673 784 witty/cantur
1685 751 1740 778 dies
1752 751 1879 786 puri/ica-

1083 794 1159 820 tiouis
1179 794 1246 829 ejus.
1263 794 1290 820 Si
1304 802 1368 829 ergo
1383 794 1408 820 in
1426 794 1558 829 sanguine
1581 795 1682 822 mundo
1699 795 1808 830 triginta
1825 800 1879 823 tres

1082 840 1141 867 dies
1153 843 1180 866 et
1198 847 1279 866 omne
1295 845 1419 866 sanctum
1438 848 1493 867 non
1511 841 1606 875 tangit,
1627 845 1655 868 et
1671 841 1697 868 in
1723 842 1879 869 sanctuarii)

1082 894 1135 912 non
1152 886 1314 921 ingreditur,
1338 886 1410 912 unde
1434 886 1590 920 hujusmodi
1619 894 1741 920 causam,
1764 887 1817 914 nisi
1844 896 1877 915 ex

1084 931 1189 958 dierum
1205 932 1424 966 perscrutatione
1438 932 1626 966 reperiemus?
1641 932 1762 967 Triginta
1774 934 1878 969 quippe

1084 982 1110 1005 et
1123 982 1177 1005 tres
1190 977 1247 1004 dies
1265 977 1326 1004 ideo
1339 978 1458 1009 tradidit,
1474 982 1500 1004 ut
1521 977 1637 1012 adjectis
1653 983 1769 1013 septem,
1783 981 1878 1007 cuncti

1083 1023 1260 1058 quadraginta
1291 1023 1366 1050 fiant.
1394 1023 1474 1050 Aliud
1501 1030 1566 1058 ergo
1594 1031 1645 1058 per
1675 1024 1727 1051 hoc
1740 1025 1880 1060 legislator

1083 1070 1229 1106 significat.
1248 1069 1318 1102 Quia
1332 1077 1397 1104 ergo
1414 1070 1440 1096 in
1459 1070 1554 1097 diebus
1570 1071 1749 1106 quadraginta
1771 1079 1879 1099 mascu-

1083 1116 1125 1142 lus
1145 1116 1248 1143 dicitur
1268 1116 1358 1143 infans
1380 1115 1502 1148 formari,
1518 1116 1572 1143 duo
1595 1117 1653 1144 haec
1677 1125 1726 1152 per
1750 1126 1792 1150 ea,
1817 1126 1879 1153 qua:

1083 1162 1234 1189 dictasunt
1244 1162 1409 1196 probantur:
1429 1162 1454 1188 id
1473 1167 1524 1194 est,
1541 1162 1604 1197 quia
1620 1162 1677 1197 ipse
1691 1163 1800 1197 quidem
1815 1165 1879 1192 sub-

1083 1208 1188 1236 stantia
1211 1208 1321 1243 generis
1348 1208 1461 1235 humani
1487 1208 1588 1234 niunda
1613 1213 1664 1241 est,
1695 1209 1767 1236 sicut
1790 1217 1804 1236 a
1824 1209 1879 1238 lteo

1083 1259 1186 1282 creata:
1210 1253 1304 1281 Omnia
1326 1254 1412 1286 enim,
1439 1261 1497 1288 qute
1515 1254 1576 1290 fecit
1595 1254 1675 1287 Deus,
1700 1260 1774 1281 erant
1802 1256 1879 1282 valde

1083 1301 1150 1327 bona
1160 1301 1181 1316 ⁸⁹
1192 1321 1199 1332 ,
1215 1304 1242 1327 et
1262 1300 1348 1327 ntulto
1367 1299 1453 1335 magis
1467 1299 1559 1326 homo.
1574 1299 1689 1334 Propter
1708 1301 1780 1336 quod
1796 1301 1832 1328 ait
1850 1302 1877 1328 in

1083 1347 1216 1380 sanguine
1257 1345 1376 1377 mundo,
1408 1345 1465 1373 sire
1503 1345 1703 1380 puriﬁcationis
1734 1347 1878 1374 mulierem

1083 1393 1187 1420 sedere.
1200 1391 1269 1425 Quia
1283 1396 1373 1419 autem
1386 1399 1435 1426 per
1446 1391 1650 1419 successionem
1663 1391 1726 1419 Adae
1741 1396 1878 1427 transgre-

1083 1438 1182 1466 dientis
1202 1438 1283 1465 laesus
1301 1442 1351 1470 est,
1372 1437 1526 1465 necessarie
1545 1445 1606 1472 qua:
1630 1445 1724 1465 semen
1746 1438 1876 1473 susrepit,

1083 1491 1108 1512 et
1123 1485 1258 1519 concepit,
1272 1492 1353 1512 omne
1373 1489 1498 1511 sanctum
1514 1491 1571 1510 non
1589 1484 1684 1518 tangit,
1709 1489 1735 1510 et
1755 1484 1781 1510 in
1799 1491 1879 1511 sanc-

1083 1531 1171 1558 tuario
1184 1539 1237 1558 non
1251 1530 1426 1566 ingredietur,
1440 1537 1526 1564 usque
1538 1529 1601 1556 dum
1615 1530 1806 1564 compleantur
1819 1530 1880 1556 dies

1083 1577 1281 1613 purificationis
1305 1577 1380 1610 ejus:
1403 1577 1428 1604 id
1447 1581 1499 1609 est,
1522 1584 1608 1611 ttsque
1624 1576 1688 1603 dum
1715 1575 1877 1610 complean-

1084 1627 1127 1649 tur
1141 1623 1199 1650 dies
1214 1623 1404 1658 quadraginta,
1418 1621 1444 1649 in
1461 1623 1559 1657 quibus
1576 1630 1645 1657 puer
1659 1622 1800 1649 formatur.
1818 1621 1878 1656 Ipsa

1082 1667 1184 1702 quippe
1208 1667 1296 1702 imago
1323 1667 1381 1700 Dei,
1411 1667 1552 1694 inundatio
1573 1672 1615 1694 est
1636 1672 1741 1694 natura:
1764 1672 1878 1697 nostrae.

1082 1713 1206 1747 quamvis
1218 1711 1299 1739 fuerit
1317 1712 1467 1739 sordidata.
1488 1712 1557 1747 Ergo
1576 1719 1746 1748 nequaquam
1772 1712 1878 1747 ingredi

1083 1758 1109 1784 in
1128 1759 1293 1791 sanctuario,
1309 1765 1360 1785 nec
1374 1765 1456 1785 omne
1469 1763 1593 1785 sanctum
1610 1763 1720 1792 tangere
1748 1758 1878 1792 pra-capti

1083 1805 1233 1835 fueramus,
1265 1804 1318 1831 nisi
1343 1804 1431 1839 imago
1466 1803 1512 1831 Dei
1546 1804 1632 1832 semel
1659 1803 1758 1831 donata
1784 1809 1878 1830 nostro

1083 1850 1188 1884 generi,
1214 1854 1373 1877 sanctorum
1400 1850 1480 1877 nobis
1510 1850 1684 1885 przestitisset
1712 1849 1877 1884 ingressum.

1083 1896 1197 1930 Propter
1224 1903 1304 1931 quam
1327 1895 1485 1923 salvandam
1506 1896 1690 1930 ipsequcque
1717 1895 1878 1922 incarnatus

1082 1946 1120 1968 est
1138 1941 1278 1973 Dominus,
1299 1949 1376 1968 suain
1395 1941 1540 1976 imaginem
1570 1941 1678 1967 salvarc
1695 1940 1798 1967 volens.
1821 1941 1877 1967 Sed

1082 1986 1108 2012 in
1139 1986 1317 2021 quadraginta
1347 1986 1444 2013 diebus
1470 1986 1503 2013 ad
1527 1986 1626 2014 coelum
1661 1994 1721 2013 eam
1755 1985 1875 2018 sustulit,

1081 2032 1232 2060 secundum
1243 2032 1315 2067 quod
1328 2040 1388 2060 cam
1402 2033 1543 2060 hominem
1571 2033 1718 2067 plasmatis,
1738 2032 1764 2058 in
1795 2032 1877 2059 vulva

1081 2078 1174 2110 donat,
1191 2082 1217 2105 et
1231 2083 1296 2105 tunc
1314 2079 1347 2105 ad
1363 2087 1458 2106 verum
1482 2079 1670 2106 sanctuarium
1700 2083 1796 2106 natura
1825 2086 1877 2104 n0-

1081 2131 1136 2152 stra
1151 2125 1310 2160 ingreditur.
1328 2127 1429 2159 Aperte
1448 2129 1538 2152 autem
1553 2125 1612 2152 hinc
1623 2125 1772 2159 probantur
1784 2132 1877 2159 perea

1080 2177 1140 2204 qua:
1167 2170 1201 2196 de
1223 2177 1323 2204 genere
1354 2169 1474 2197 femineo
1503 2170 1676 2197 sanciuntur.
1707 2169 1775 2202 Quia
1800 2170 1875 2197 enim

1079 2216 1244 2251 octogesima
1259 2217 1304 2243 die
1319 2216 1430 2244 formari
1453 2216 1482 2242 in
1503 2221 1582 2243 utero
1605 2216 1713 2243 femina:
1732 2216 1874 2245 dicuntur.

1078 2262 1247 2289 tantumdem
1263 2270 1407 2289 numerum
1424 2262 1457 2288 ad
1470 2261 1659 2296 itnpletionetn
1677 2262 1784 2289 dierum
1798 2262 1876 2295 puri-

1078 2307 1213 2335 ficationis
1226 2315 1332 2340 earum,
1350 2315 1410 2342 qua:
1424 2314 1519 2334 semen
1534 2306 1702 2341 suscipiunt,
1733 2307 1874 2341 pr:ecepil,

1078 2354 1115 2381 ait
1131 2353 1204 2381 cnitn
1225 2354 1279 2380 sic:

1112 2399 1142 2427 Si
1168 2400 1290 2432 (annnam
1306 2399 1416 2434 peperit,
1444 2399 1581 2426 immunda
1595 2398 1755 2425 critdunbns
1774 2397 1875 2424 Italida-

1077 2446 1197 2473 mudibus
1212 2455 1216 2471 :
1231 2446 1310 2481 juxta
1328 2447 1408 2472 ritunt
1431 2447 1519 2480 [Imus
1549 2447 1685 2473 titenstrui.

1111 2492 1144 2519 Et
1171 2501 1232 2519 Clltlt
1260 2496 1368 2526 oportet
1391 2493 1597 2526 quatuordecim
1625 2493 1733 2524 dicere,
1752 2500 1807 2519 non
1833 2492 1874 2520 sic

1074 2537 1162 2568 dicit,
1189 2536 1236 2563 sed
1273 2537 1380 2563 duabus
1410 2536 1637 2566 hebdomadibus.
1666 2537 1742 2570 juxta
1781 2538 1866 2564 ritum

1075 2582 1162 2610 ﬂuxus
1182 2583 1326 2609 menstrui.
1339 2583 1454 2616 Propter
1466 2583 1537 2617 qttod
1554 2583 1587 2609 ad
1604 2583 1678 2610 illum
1708 2590 1758 2610 nos
1785 2587 1874 2611 trans-

1078 2628 1160 2655 tnittit
1188 2635 1310 2659 sensum,
1341 2628 1367 2655 id
1383 2633 1434 2659 est,
1449 2633 1478 2655 ut
1508 2628 1534 2655 in
1561 2634 1665 2663 septem
1689 2629 1800 2664 quidem
1816 2629 1874 2656 die-

1076 2675 1127 2702 bus
1151 2683 1210 2701 essc
1225 2675 1372 2701 humanam
1397 2675 1479 2702 vitam
1494 2684 1500 2701 :
1513 2674 1601 2702 fluxus
1622 2681 1713 2702 autem
1738 2676 1874 2702 menstrui

1075 2720 1248 2747 all‘lietionem
1274 2721 1343 2755 ejus,
1368 2725 1395 2748 et
1427 2720 1560 2751 dolorem,
1574 2725 1601 2747 et
1627 2721 1763 2748 miseriam
1789 2721 1872 2748 intel-

1075 2767 1199 2802 ligamus.
1213 2766 1282 2793 Dixit
1303 2771 1392 2793 autem
1413 2766 1518 2793 dttabus
1543 2766 1759 2794 hebdoumdibus
1785 2772 1870 2798 recte,

1076 2813 1137 2846 quia
1167 2813 1249 2846 duplo
1281 2820 1366 2847 genus
1392 2812 1524 2838 muliebre
1555 2812 1696 2838 multatum
1735 2812 1871 2846 estrquia

1453 2913 1473 2926 “"
1487 2911 1553 2938 Gen.
1574 2919 1593 2943 l,
1605 2912 1650 2939 Gl.

1088 2912 1130 2937 an.
1172 2911 1349 2943 "‘ll,‘.or.1\\',
1373 2903 1432 2938 tt.’
