2052 3146
153 206 208 238 925

147 316 189 343 sui
218 314 386 342 manducans
410 320 507 347 panem
537 319 628 338 suum.
651 311 738 338 llabet
764 312 845 338 etiam
883 312 940 346 ipsa

149 367 260 389 terram,
281 359 382 394 spinas.
394 362 421 385 et
441 357 553 384 tribulos
573 356 781 391 germinantem,
798 364 858 390 qua:
879 364 941 382 cum

148 416 180 435 ex
211 413 282 433 terra
311 410 369 432 orta
404 404 448 436 sit,
479 403 506 429 in
531 407 631 429 terram
676 402 829 429 revertitur.
857 401 943 428 [labet

147 453 230 480 etiam
245 459 353 486 poenam
378 450 523 485 specialem
545 457 551 475 :
573 448 724 475 lutriatitia
750 448 837 482 paries
862 447 941 481 filios,

148 505 172 526 et
195 502 230 525 ad
254 499 339 525 virum
362 504 436 523 tmtm
466 495 597 522 conversio
621 499 676 525 (tm,
709 499 732 520 ct
758 495 812 528 ipse
834 494 872 520 lui
897 494 943 520 do-

147 545 291 572 minabitur
301 543 334 570 ".
356 543 388 569 Et
411 547 553 576 propterea
576 540 690 570 duabus,
715 540 814 574 inquit,
840 540 944 566 hebdo-

147 590 273 617 madibus
298 588 435 615 immunda
460 587 522 619 erit,
544 586 619 621 juxta
644 586 725 613 ritum
751 585 839 612 ﬂuxus
867 594 944 612 Incu-

148 635 490 669 strui.Sexagintaautcm
507 638 533 660 et
558 641 605 659 sex
629 633 724 659 diebus
754 633 780 658 iu
812 632 945 666 sanguine

147 681 261 713 tumido,
288 680 314 707 id
328 685 377 710 est,
395 680 422 705 in
438 679 627 713 puriﬁcatione
652 677 767 710 sedebit,
783 683 875 704 sancta
891 686 944 704 non

148 733 262 762 tangens
276 748 283 757 ,
301 733 385 759 usque
414 725 478 751 dum
496 725 685 758 compleantur
710 723 768 750 dies
795 723 943 757 octoginta.

146 773 270 803 Quatuor
283 769 355 796 enim
368 773 394 795 et
417 769 520 798 decem,
538 776 620 802 super
638 766 776 801 sexaginta
788 774 831 793 sex
844 767 944 798 addita,

146 818 286 851 octoginta
303 816 407 842 faciunt
420 835 426 845 ,
438 815 464 841 in
483 815 581 849 quibus
602 814 701 841 femina
719 814 861 841 formatur.
878 813 945 847 lftgo

147 865 207 890 sine
242 862 331 896 aliqua
361 861 530 888 dubitatione
565 861 701 895 lcgislator
722 860 849 889 ostendit.
883 860 945 894 quia

143 909 290 937 itumuudu
304 917 318 934 ιι
347 908 449 933 factum
472 907 617 933 maledicto
639 911 869 941 nostrumgcnua.
895 914 944 932 ne-

145 962 282 988 quaquam
310 953 425 980 intraret
451 953 477 979 iu
503 953 615 982 sanctis.
647 953 697 979 nisi
726 961 774 987 per
799 952 942 987 imaginem

147 999 204 1029 Dei,
229 1006 308 1032 quam
325 997 408 1024 semel
431 997 556 1023 sortitum
586 1001 638 1028 est,
668 1002 694 1023 et
722 1001 865 1031 propterea
896 1005 941 1022 su-

145 1046 296 1079 scipiemcs
317 1051 410 1071 senum
438 1043 575 1072 mulieres.
599 1042 869 1069 dicbusformationis
896 1051 944 1077 pa-

145 1089 304 1115 rion-lorum
332 1087 516 1122 parvulorum,
535 1087 568 1114 de
591 1087 692 1114 sanctis
710 1091 844 1114 vetantur.
866 1087 943 1120 Quod

145 1134 166 1160 si
184 1133 253 1159 dicis
266 1141 272 1158 :
285 1132 466 1164 Quamobrem
482 1139 536 1158 non
560 1132 645 1167 magis
657 1132 683 1158 in
700 1137 776 1159 utero
803 1132 942 1163 habentes,

145 1180 244 1206 diebus
266 1177 447 1208 formationis,
467 1178 500 1204 de
517 1179 618 1205 sanctis
638 1183 738 1205 matres
751 1179 944 1210 prohibentur?

145 1225 246 1251 frustra
265 1225 318 1251 hoc
334 1225 484 1260 interrogas
501 1234 507 1251 :
524 1225 657 1251 incertum
681 1229 723 1250 eat
739 1225 812 1250 enim
830 1225 865 1256 ci,
882 1232 943 1259 qua:

145 1270 255 1304 gravida
282 1274 438 1302 est,utrum
464 1278 567 1296 marem
588 1277 638 1296 seu
664 1269 792 1296 feminam
823 1271 943 1304 peritura

145 1321 197 1342 est:
217 1320 245 1342 et
262 1316 334 1342 unde
352 1315 523 1343 manifestum
539 1323 599 1342 esse
618 1320 724 1350 poterat
740 1316 943 1350 quotqnotdie-

145 1359 197 1386 bus
214 1360 357 1394 oportebat
372 1368 430 1386 eam
444 1360 477 1386 de
494 1359 596 1386 salictis
605 1360 749 1394 prohibere
763 1360 774 1386 ?
792 1360 862 1395 Ergo
884 1369 942 1387 ma-

145 1406 244 1433 t.ifcsta
260 1410 302 1433 est
318 1413 397 1433 causa
414 1414 462 1440 pro
477 1414 530 1440 qua
546 1407 603 1434 [nec
618 1406 757 1441 legislator
774 1406 802 1433 in
818 1407 870 1434 illis
887 1407 941 1434 dis~

146 1451 251 1486 posuit.

179 1497 263 1525 Vens.
271 1498 328 1525 6-8.
341 1508 350 1523 ι
362 1498 483 1533 Cumque
491 1499 588 1533 expleti
599 1499 699 1526 fuerint
711 1499 768 1526 dies
778 1498 943 1534 puriﬁcatio-

146 1543 188 1570 uis
197 1544 397 1578 ejus.protilio,
418 1545 474 1571 sive
492 1553 540 1579 pro
558 1545 621 1576 ﬁlia,
636 1545 740 1572 deferat
751 1553 849 1580 agnum
865 1545 944 1571 allui-

145 1589 238 1615 culum
256 1589 492 1621 inbolocaustnm,
504 1594 531 1616 et
548 1590 650 1624 pullutn
669 1590 809 1622 columbae,
819 1590 876 1616 sive
887 1594 943 1616 tur-

147 1639 235 1661 tarem
245 1642 294 1668 pro
309 1639 430 1669 peccato,
440 1636 473 1661 ad
485 1635 583 1662 ostium
595 1635 761 1662 tabernaculi
781 1635 941 1667 testimonii,

147 1686 174 1707 et
195 1681 283 1707 tradat
303 1680 448 1711 sacerdoti.
469 1682 514 1715 qui
535 1681 631 1708 otlerat
652 1681 694 1708 illa
704 1689 794 1708 coram
816 1682 940 1713 Domino,

147 1731 175 1752 ct
194 1731 269 1760 roget
293 1734 342 1760 pro
360 1734 401 1758 ea,
415 1731 442 1753 et
453 1727 492 1754 sic
508 1727 682 1754 mundabitur
701 1735 716 1754 a
731 1727 864 1762 profluvio
881 1735 943 1754 san-

147 1772 239 1805 guinis
269 1772 322 1798 sui.
357 1771 408 1810 Ista
430 1777 471 1799 est
501 1773 542 1800 lex
573 1773 703 1807 parientis
729 1773 940 1804 masculum,ac

147 1817 287 1843 feminam.
304 1818 382 1849 Quod
410 1817 433 1844 si
456 1826 511 1844 non
537 1818 671 1845 invenerit
692 1826 789 1845 manus
804 1819 874 1853 ejus,
889 1827 940 1846 nec

147 1863 247 1896 pulerit
269 1863 368 1889 offerre
379 1871 489 1898 agnum,
507 1868 596 1890 sumat
619 1864 687 1890 duos
715 1869 833 1891 turtures
854 1865 940 1899 pullos

145 1908 292 1941 columine,
310 1917 394 1936 unum
417 1909 444 1935 in
469 1909 658 1936 bolocaudaut
681 1930 687 1940 ,
708 1916 735 1936 et
749 1910 863 1936 alterum
892 1917 942 1944 pro

146 1958 269 1989 peccato,
292 1955 433 1990 orabitque
460 1963 509 1989 pro
536 1963 568 1982 eo
589 1955 726 1986 sacerdos,
745 1960 771 1982 et
795 1954 835 1982 sic
860 1963 941 1980 umn-

147 2000 281 2027 dabitnra

178 2046 275 2073 Totam
300 2047 342 2073 hic
368 2047 547 2074 intentionem
566 2055 641 2074 suam
671 2047 807 2082 legislator
819 2047 936 2082 aperuit,

147 2092 210 2125 quia
226 2092 404 2125 pollutionem
421 2101 475 2120 non
497 2099 587 2120 motus
600 2094 738 2120 naturales
759 2093 879 2120 faciunt:
892 2094 939 2121 sed

148 2139 303 2167 peceatum.
327 2135 360 2161 de
381 2143 435 2169 quo
471 2135 554 2162 David
584 2135 691 2162 tlichat
710 2143 716 2161 :
737 2135 801 2161 Ecce
828 2135 896 2162 enim
913 2135 940 2161 in

148 2180 333 2213 iniquitatibus
365 2187 501 2216 conceptus
527 2187 634 2214 suimet
663 2181 691 2208 iu
711 2181 812 2208 delictis
842 2182 940 2216 peperit

149 2233 190 2251 me
218 2231 303 2253 mater
318 2236 375 2254 mea
396 2228 429 2254 ⁷¹.
449 2228 508 2255 Non
530 2236 586 2255 suae
613 2228 709 2256 matris
733 2232 873 2263 peccatum
893 2227 943 2254 ali-

714 209 754 239 IN
774 209 993 239 LEVITICUM-
1012 221 1047 227 -·-
1063 211 1137 241 LIB.
1158 211 1207 242 IV.

147 270 222 297 enim
248 273 276 296 et
301 267 386 295 Adam
417 267 647 296 maledictiouem.
678 265 704 292 in
720 266 819 293 sudore
843 267 935 293 vultus
953 267 1059 302 Aquod
1079 275 1224 299 accusans,
1255 268 1303 294 sed
1328 273 1441 295 matrem

962 949 1048 979 litalc
1077 952 1150 979 aliud
1181 953 1208 979 in
1242 954 1385 984 sacrificio,

957 1613 979 1643 ρ
995 1602 1106 1629 [luvium
1143 1601 1292 1636 sanguinis,
1318 1601 1528 1628 inobedicutiam
1569 1601 1661 1627 dicens
1682 1609 1688 1627 :

1736 212 1792 244 996

1487 274 1550 296 natu
1556 277 1613 296 ram
1647 270 1767 305 appeilat
1779 278 1786 297 :

993 311 1191 338 inunlmditiant
1216 311 1317 346 peccati
1338 313 1401 338 Adat
1417 317 1443 339 et
1461 312 1524 339 Eva:
1548 313 1574 339 in
1597 320 1678 340 omne
1700 321 1788 348 genus

994 362 1116 384 nostrum
1131 357 1302 384 descendisse
1311 357 1475 392 significans.
1486 358 1517 385 Et
1532 363 1676 393 propterea
1697 367 1786 393 quatt-

994 403 1028 429 do
1057 403 1183 436 completi
1200 402 1310 429 fuerunt
1324 403 1381 430 dies
1404 403 1610 437 puriﬁcationis,
1637 404 1788 431 scentulum

996 448 1154 482 prazdictum
1175 448 1296 480 modum,
1325 449 1488 476 sacriﬁcium
1518 458 1568 484 pro
1579 456 1690 484 peccato
1711 450 1790 484 jubet

996 493 1096 520 offerri.
1112 493 1180 526 Quia
1206 498 1233 520 et
1255 502 1354 529 agnum
1374 494 1531 521 anniculntn
1555 495 1582 521 in
1599 494 1789 522 holocaustum

996 542 1061 565 tunc
1081 538 1212 565 imtmlari
1242 539 1380 574 princepit,
1407 539 1550 567 evidenter
1568 540 1632 567 illud
1657 541 1788 573 ostendit,

995 590 1022 611 et
1036 585 1167 619 approbat
1183 585 1378 618 consideranti,
1409 587 1471 621 quia
1504 586 1548 613 Dei
1582 587 1670 622 imago
1699 587 1790 622 perfe-

996 631 1112 657 (:tionem
1137 631 1229 664 generi
1249 636 1343 658 nostro
1372 632 1476 659 tribuit.
1505 632 1572 660 Nam
1599 633 1789 659 formationem

996 676 1105 710 qualem
1122 677 1179 703 dics
1198 678 1345 704 Ostendunt
1372 678 1567 711 tnnndatiouis,
1594 678 1789 713 perfectionem

996 727 1087 748 autem
1111 722 1271 750 sacriﬁcium
1294 724 1643 751 ltoloeausti.Manifestum
1654 729 1695 751 est
1704 725 1790 758 enim,

998 769 1058 802 quia
1075 769 1204 803 integrann
1224 774 1249 796 et
1268 770 1415 804 perfectam
1430 770 1666 797 conversationem
1681 770 1790 798 denun-

1000 815 1045 840 tiat
1060 815 1254 841 holocaustum.
1279 815 1330 842 Sed
1354 821 1381 842 et
1402 824 1499 850 agnum
1516 816 1672 842 anniculttm
1694 817 1791 842 inin-a-

998 862 1117 887 t-nlatum
1140 862 1273 888 sacriﬁcio
1292 863 1442 896 deputavit,
1457 871 1488 889 ωλ
1502 868 1616 897 utroque
1642 864 1789 899 desxgnans

999 906 1285 940 perfectionemQuid
1301 908 1373 934 enim
1406 912 1447 934 est
1481 916 1590 942 agnum,
1619 913 1663 935 aut
1688 909 1788 943 aliquid

1420 954 1489 980 forte
1512 962 1566 980 non
1603 953 1788 981 invenientem

996 1000 1160 1030 columbam,
1181 1004 1227 1026 aut
1249 1004 1394 1031 turturem,
1412 1000 1522 1032 offerre,
1538 1001 1665 1027 (tcurad
1687 1001 1787 1027 ostium

997 1047 1160 1074 tabernaculi
1180 1048 1338 1081 testimonii,
1363 1049 1396 1075 ad
1420 1050 1588 1076 sacerdotem
1623 1049 1786 1076 sacriﬁcium

994 1095 1113 1126 ducitur,
1134 1100 1161 1122 et
1178 1096 1313 1129 tummodo
1336 1099 1398 1122 ante
1412 1095 1556 1122 Dominum
1579 1095 1704 1126 offertur,
1718 1105 1787 1129 quo—

995 1141 1075 1167 modo
1092 1141 1175 1167 etiam
1202 1140 1359 1175 propitiatio
1385 1148 1433 1175 per
1451 1141 1618 1168 sacerdotem
1649 1141 1787 1167 obtinctur

994 1186 1134 1221 ctagitur,
1168 1186 1194 1212 in
1228 1186 1322 1213 multis
1348 1186 1491 1213 sacriﬁciis
1520 1186 1622 1213 dictum
1653 1190 1705 1219 est,
1727 1195 1787 1220 qum

995 1240 1044 1265 pro
1082 1232 1200 1266 peccatis
1230 1232 1391 1259 oil'eruntur.
1422 1232 1475 1258 Sed
1514 1231 1558 1258 hic
1589 1237 1699 1266 propter
1737 1232 1788 1258 hoc

994 1277 1103 1304 interim
1135 1277 1296 1312 legislatoris
1329 1278 1488 1312 sapientiam
1516 1278 1693 1312 obstupesce,
1725 1278 1787 1311 quia

994 1323 1103 1350 evenire
1144 1328 1250 1358 poterat
1286 1329 1314 1350 ut
1351 1325 1491 1351 studentes
1522 1324 1607 1358 legem
1644 1323 1786 1350 dicerent:

994 1367 1072 1400 Quali
1091 1368 1282 1402 deprecatione
1300 1369 1408 1403 pariens
1429 1368 1559 1395 infantem
1575 1375 1643 1402 opus
1659 1367 1787 1398 habebat.

994 1422 1054 1449 qua:
1076 1415 1131 1448 ipsa
1149 1423 1202 1441 non
1219 1415 1358 1449 peccavit?
1375 1423 1429 1442 non
1445 1414 1517 1441 enim
1540 1422 1572 1441 ex
1598 1414 1787 1446 fornicatione,

994 1462 1041 1488 sed
1063 1462 1096 1489 de
1121 1461 1222 1496 nuptiis
1232 1461 1379 1497 generavit.
1402 1461 1574 1496 interpretari
1598 1460 1787 1487 necessitatem

995 1510 1075 1544 hujus
1096 1510 1294 1545 deprecationis
1318 1510 1420 1540 volens,
1446 1509 1571 1536 addidit:

1029 1556 1063 1583 Et
1077 1556 1211 1583 mundolu't
1226 1565 1284 1583 eam
1305 1564 1321 1582 α
1347 1554 1619 1590 profhwiosonguinis
1642 1555 1694 1581 sui.
1717 1553 1787 1580 l'ro-

1715 1601 1787 1626 unde

994 1647 1174 1678 inmunditia,
1200 1652 1229 1674 et
1257 1655 1334 1681 ptuua
1358 1647 1417 1681 ejus
1452 1647 1478 1673 in
1503 1651 1589 1673 totum
1623 1653 1709 1680 genus
1736 1645 1788 1672 bu-

994 1701 1103 1720 manum
1124 1693 1212 1724 fluxit,
1231 1701 1312 1728 quam
1327 1698 1355 1720 ct
1378 1701 1428 1720 nos
1457 1693 1634 1727 deponamus,
1656 1692 1788 1718 sacrificia

992 1748 1042 1774 pro
1059 1740 1137 1767 nobis
1152 1748 1213 1774 quae
1241 1740 1312 1767 dicta
1332 1744 1403 1770 sunt,
1419 1739 1563 1766 offerentes
1578 1748 1584 1765 :
1603 1739 1672 1765 duos
1699 1743 1788 1764 turtu-

992 1794 1036 1813 res
1053 1791 1100 1813 aut
1128 1787 1196 1813 duos
1211 1786 1297 1820 pullos
1321 1786 1519 1817 columbarum,
1540 1785 1606 1820 legis
1633 1785 1787 1812 meditatio-

995 1840 1057 1859 nem
1078 1832 1401 1866 contemplationemquc.
1433 1836 1460 1858 et
1481 1831 1633 1864 scientiam,
1659 1831 1715 1857 sive
1742 1839 1787 1857 ρος

995 1867 1144 1914 gititionem
1160 1887 1167 1905 :
1183 1879 1279 1905 ltorunt
1301 1877 1373 1904 enim
1399 1877 1499 1904 habere
1520 1876 1633 1911 ﬁgurant
1659 1875 1786 1910 praedicta

995 1924 1120 1950 animalia
1137 1924 1351 1950 demonstratum
1366 1928 1417 1950 est.
1434 1923 1502 1955 Quia
1518 1927 1608 1949 autem
1624 1921 1786 1955 negligentia

995 1969 1061 2003 legis
1087 1969 1284 1995 immunditiam
1304 1968 1458 1995 hominibus
1476 1966 1635 1997 introduxit.
1648 1965 1788 1992 meditatio

995 2020 1022 2040 et
1041 2013 1155 2041 scicntia
1182 2021 1231 2047 per
1246 2022 1327 2047 quam
1341 2013 1483 2040 manifeste
1495 2010 1630 2038 correctio
1648 2010 1784 2044 provenit,

993 2059 1124 2085 mundare
1148 2059 1316 2092 liberareqne
1342 2066 1391 2085 nos
1423 2057 1456 2084 ab
1482 2057 1553 2084 illata
1577 2055 1680 2090 pridem
1705 2063 1787 2089 pugna

993 2104 1101 2139 poterit,
1127 2104 1154 2131 in
1165 2104 1274 2132 Christo
1290 2104 1353 2131 Jesu
1369 2103 1482 2131 Domino
1501 2108 1606 2132 nostro,
1640 2109 1686 2136 per
1703 2109 1787 2136 quem

992 2156 1019 2178 et
1034 2159 1095 2178 cum
1115 2158 1168 2185 quo
1183 2151 1267 2186 gloria
1284 2150 1368 2183 Patri,
1382 2155 1409 2177 et
1435 2150 1513 2182 Filio,
1528 2153 1557 2176 ct
1566 2148 1678 2184 Spiritui
1690 2152 1790 2175 sancto

994 2196 1022 2223 in
1039 2196 1136 2223 smcula
1158 2196 1329 2223 smcnlorum.
1358 2196 1456 2223 Amen.

183 2324 282 2330 _s__
302 2325 1760 2342 W

703 2423 880 2467 LIBER
934 2423 1224 2476 QUARTUS.

443 2604 653 2635 PRIEFATIO.

186 2655 420 2689 Importunitatem
446 2654 502 2681 ﬁcri
522 2655 643 2690 plerique
678 2655 870 2682 festivitatibus
885 2664 936 2690 pu-

154 2706 219 2732 tant,
245 2701 292 2727 sed
312 2701 437 2727 nesciunt
456 2701 527 2734 quod
543 2708 658 2734 sunnne,
671 2703 727 2728 sive
749 2701 869 2736 capitulo
898 2700 938 2728 fe—

154 2745 280 2771 stivitatis
305 2745 486 2777 invideant,et
506 2746 539 2772 ad
554 2745 689 2773 deteriora
703 2746 862 2773 festivitates
883 2750 938 2772 tra-

155 2787 237 2815 hunt:
255 2797 308 2816 non
327 2789 418 2816 animo
429 2789 538 2823 quippe,
557 2791 603 2816 sed
623 2798 734 2824 corpore
752 2791 860 2817 student
874 2790 941 2817 festa

157 2833 306 2861 celebrare:
325 2835 395 2862 unde
415 2842 475 2861 non
490 2835 656 2870 negligenter
675 2844 704 2863 ea
731 2837 829 2868 [rm-9,
851 2837 898 2863 sed
910 2845 941 2863 cx

190 2933 211 2950 "
227 2934 294 2962 ficu.
311 2943 320 2962 ι
335 2944 352 2965 ι,
371 2936 412 2963 ιδ.
462 2939 481 2953 ⁷¹
497 2937 567 2965 l‘sal.
582 2943 607 2967 ι..
621 2937 646 2964 7.

953 2607 974 2634 D
989 2614 1070 2640 opere
1100 2606 1238 2633 festinant.
1260 2604 1317 2632 lloc
1338 2605 1417 2632 etiam
1442 2609 1591 2640 patiuntur,
1615 2605 1661 2640 qui
1688 2605 1784 2639 ianuas

989 2653 1015 2679 in
1040 2652 1083 2679 die
1102 2653 1256 2686 nuptiarum
1288 2651 1444 2678 cantoribus
1467 2656 1511 2678 aut
1533 2651 1690 2679 citbartedis
1709 2651 1783 2678 clau-

991 2702 1095 2728 serunt,
1128 2697 1173 2731 qui
1203 2697 1310 2731 plausu,
1335 2701 1361 2724 et
1383 2704 1547 2731 organorum
1568 2701 1661 2729 cantu,
1679 2696 1785 2731 lampa-

992 2743 1123 2776 dibusquc
1140 2742 1305 2776 nuptialibus
1337 2742 1464 2769 destituta
1491 2743 1626 2776 sponsalia
1656 2748 1782 2776 carpenta

994 2788 1168 2822 pra-mittunt,
1204 2788 1303 2823 quique
1340 2797 1370 2815 se
1396 2788 1497 2816 amicos
1530 2789 1623 2823 sponsi
1649 2788 1781 2819 dicentes.

995 2836 1119 2863 Clll‘:li:ll$
1141 2836 1233 2868 θυι-νίς,
1252 2842 1275 2863 ct
1291 2837 1370 2870 tubis,
1397 2838 1469 2864 cultu
1485 2838 1645 2865 festivitates
1663 2837 1781 2872 prhant,
