2052 3146
245 203 296 235 9‘37

843 200 1024 230 HESYCIIII
1046 198 1280 227 PltESBYTEltl

1831 190 1886 222 928

243 265 305 294 qua:
333 258 382 285 sibi
409 256 541 288 exhiberi,
569 260 596 282 et
614 255 718 288 nuptiis
738 261 855 288 sponsre,
876 259 968 290 utpote
989 253 1033 280 cui
1049 252 1135 284 Adit,
1161 252 1208 279 sed
1238 256 1264 278 et
1285 258 1365 277 sanos
1388 250 1415 276 iu
1437 249 1542 276 fervore
1567 244 1751 282 aegritudinis,
1773 247 1799 269 et
1814 248 1885 269 szeva

244 305 391 332 favendum
412 308 481 335 erat,
505 310 567 329 cum
592 302 664 329 domi
690 301 879 335 susciperetur
894 322 900 334 ,
921 304 1038 334 optaret.

245 351 297 377 Sed
329 349 454 376 Christus
484 356 538 374 non
568 348 624 374 ita:
655 355 718 374 nam
749 347 883 374 exsistcns
904 345 1038 377 Verbum,

245 395 406 423 festivitates
426 394 546 428 implicat
557 393 675 427 eloquio.
694 393 724 419 lit
743 392 788 418 alii
807 391 916 426 quidem
930 391 1040 422 vitulos,

245 445 293 468 aut
312 441 395 468 boves
420 462 426 471 ,
454 445 500 467 aut
527 447 601 472 ores,
628 439 736 472 arietes,
764 439 862 470 hircos,
886 442 912 464 et
935 445 1039 470 capras,

246 491 377 520 turtures,
394 491 440 514 aut
454 486 609 513 columbas:
630 485 674 520 qui
699 489 789 511 autem
811 485 868 510 lucc
883 492 937 510 non
958 483 1044 510 habe-

247 531 324 564 bant,
340 531 472 563 crustula,
491 535 516 556 et
528 530 632 563 lagano,
663 535 691 556 et
712 529 829 556 similam
846 537 894 563 pro
909 528 1043 555 sacriticio

248 577 280 603 ad
307 577 490 603 sanctuarimn
524 576 685 602 olim-ebant.
715 575 774 609 Ipse
799 580 889 602 autem
911 574 1042 606 doctrina,

248 619 319 647 sicut
333 620 487 653 oportebat,
512 619 614 645 hostias
636 619 767 645 variabat.
791 618 822 644 Et
840 625 912 644 nunc
924 617 1043 651 quidem,

250 665 321 691 sicut
347 665 460 691 vitulmn
489 665 625 690 novellum
670 671 771 690 cormia
805 663 987 697 proferentem
1019 669 1046 690 et

251 712 375 746 ungulas,
404 719 453 745 per
485 711 647 745 theologiam
679 709 797 737 Verbum
824 709 967 740 ventilatis,
997 709 1044 736 ad—

251 753 388 780 versarios
423 753 589 783 immolabat,
628 760 700 778 nunc
725 757 816 778 autem
840 759 890 786 pro
922 751 1045 778 columba

254 800 441 826 mediatoriam
479 799 628 826 doctrinam
661 798 831 832 explauabat,
861 802 889 824 et
912 805 961 832 pro
990 798 1045 832 pari

212 859 216 863 -
255 849 390 871 turturum
422 843 646 878 legesindieebat
680 843 777 868 animm
810 841 1047 876 contemplationis

253 894 280 915 et
304 888 444 916 castitatis.
476 887 539 914 lirat
563 892 652 924 autem
678 887 734 920 ipse
769 886 840 912 aries
869 887 901 912 ad
944 887 1049 913 sacrili-

253 935 324 961 cium
339 942 472 960 coronans
489 933 612 960 laudibus
627 933 724 966 justus,
742 937 768 958 et
783 933 873 959 hircos
892 936 1048 966 peceatores

253 989 286 1007 ex
306 988 399 1007 errore
423 980 573 1006 venientes.
603 979 650 1005 llis
668 987 731 1013 ergo
749 984 775 1005 et
800 987 850 1005 nos
871 978 1047 1005 festivitatem

253 1030 393 1053 cruentus,
435 1022 494 1055 ipso
536 1022 562 1047 in
596 1021 731 1047 sacrificio
766 1021 895 1049 cultrum,
930 1020 1048 1054 linguam

254 1063 381 1090 videlicet
410 1063 538 1097 praesenti
561 1062 682 1089 materia:
721 1062 766 1096 qui
804 1061 964 1093 immolavit,
988 1061 1049 1087 talia

254 1114 384 1143 tantaque
409 1113 561 1134 mutuanlc.
591 1108 637 1134 list
656 1112 746 1133 autent
770 1107 831 1134 brec
859 1107 945 1141 lepra,
969 1114 1050 1141 quam

256 1155 360 1190 Moyses
381 1155 518 1189 legislator
537 1154 686 1188 proposuit,
715 1154 844 1188 plurimas
876 1153 935 1187 ejus
960 1153 1051 1188 profc-

255 1209 319 1227 rens
336 1201 452 1235 Species,
465 1200 640 1234 multiplicem
653 1199 734 1234 hujus
750 1200 907 1226 varietatem
919 1199 1052 1233 passionis

257 1256 405 1282 evponens,
425 1255 475 1273 nec
493 1247 579 1273 solum
596 1246 697 1280 lepram
711 1253 770 1279 quae
783 1245 809 1271 in
829 1246 948 1276 homine,
965 1245 1010 1271 sed
1027 1249 1053 1271 et

257 1302 318 1326 (pne
335 1293 360 1319 in
380 1293 458 1327 lignis
476 1297 502 1319 ct
521 1293 546 1318 in
558 1293 642 1326 petris
656 1296 708 1323 est,
724 1296 808 1318 trama
822 1298 939 1325 quoque,
957 1295 983 1317 et
1000 1295 1054 1317 sta-

258 1339 342 1369 mine,
353 1343 379 1364 et
394 1338 518 1372 pellibus,
532 1337 558 1363 in
573 1337 670 1371 quibus
689 1337 796 1371 operari
811 1341 908 1371 potest,
921 1337 967 1363 sed
985 1341 1010 1363 et
1028 1337 1053 1362 in

258 1383 339 1408 domo
365 1382 481 1415 integra.
507 1381 688 1414 similiterque
709 1380 883 1407 accedentem
922 1380 1054 1411 vestibus,

258 1436 319 1455 cum
353 1427 379 1454 in
406 1428 479 1453 nulla
508 1427 559 1453 alia
572 1427 623 1453 hoc
651 1426 813 1453 custodisset
835 1425 1005 1460 aegritudine,
1029 1430 1058 1452 ut

259 1475 340 1500 etiam
367 1473 500 1508 pigriores
526 1473 687 1507 intelligant,
705 1472 887 1506 legislatorem
919 1472 1056 1506 quidpiam

259 1520 401 1550 sublimius
417 1519 526 1550 intueri,
556 1524 636 1553 atque
654 1518 785 1550 divinius,
808 1517 958 1551 meliusque
977 1524 1058 1551 quam

259 1567 355 1593 littera:
387 1566 477 1600 prodit
507 1570 644 1598 aspectus.
678 1564 730 1590 Sed
775 1568 803 1590 et
830 1571 891 1589 eum
924 1563 1058 1590 sacerdoti

260 1611 411 1638 servaverit
434 1610 628 1637 discretionem
645 1619 650 1636 :
669 1617 720 1635 nec
735 1609 807 1635 hanc
827 1612 907 1640 tacet,
933 1608 980 1634 sed
996 1615 1057 1641 quae
1071 1601 1092 1628 ε

261 1657 295 1683 ad
324 1656 394 1682 hanc
422 1660 485 1682 sunt
506 1655 671 1685 necessaria,
696 1661 744 1688 per
770 1653 894 1680 ordinem
918 1653 1058 1684 describit,

263 1707 293 1727 nt
320 1705 372 1727 tam
403 1700 491 1734 ipsum
518 1699 664 1726 constituat
689 1698 810 1730 modum,
835 1706 889 1732 quo
912 1698 1004 1724 volens
1028 1698 1061 1724 de

263 1747 307 1774 his
333 1746 455 1780 judicare
479 1745 585 1777 debeat,
610 1752 690 1779 quam
717 1745 818 1779 absque
843 1744 995 1775 inimicitia,
1019 1743 1061 1771 vel

264 1791 354 1827 gratia:
380 1791 536 1825 suspicione
566 1790 591 1816 iu
620 1789 723 1824 judicio
741 1797 902 1816 conservare
924 1797 997 1820 eum,
1017 1789 1061 1823 qui

265 1838 386 1866 incidere
415 1837 492 1864 laeile
519 1837 544 1863 in
572 1836 728 1871 bujusmodi
751 1840 857 1870 poterat
883 1834 1063 1862 existimatio-

264 1892 339 1915 nem.
359 1888 386 1911 et
411 1883 485 1910 hunc
508 1882 617 1917 quidem
641 1891 690 1917 per
723 1881 894 1908 inimicitiam
935 1880 1063 1912 retinere,

265 1931 347 1957 alium
378 1935 469 1957 autem
499 1929 591 1964 gratia:
611 1937 693 1955 causa
722 1936 736 1955 a
761 1928 888 1963 passione
917 1927 1064 1958 resolvere,

265 1982 294 2003 et
322 1976 448 2002 llllilClLllB
474 1975 658 2010 suspicionem
682 1975 756 2007 dare,
785 1974 836 2001 nisi
857 1974 927 2001 forte
958 1974 1066 2009 planam

265 2023 300 2050 de
326 2023 365 2049 eis
390 2021 547 2057 protulisset
570 2021 666 2055 legem,
693 2029 762 2055 quos
784 2025 922 2055 oporteret
947 2020 1066 2055 separari

266 2076 280 2095 a
298 2067 482 2099 tabernaculo,
503 2071 596 2101 utpote
628 2066 672 2100 qui
692 2066 786 2092 morbo
807 2070 976 2092 tenerentur.
993 2064 1069 2097 Quos

267 2118 358 2140 autem
392 2120 488 2139 rursus
524 2112 699 2138 mundatosa
722 2110 858 2145 passione,
887 2109 997 2143 suscipi,
1024 2109 1069 2143 qui

268 2160 349 2186 etiam
369 2166 404 2185 ne
429 2158 488 2192 ipso
519 2157 595 2184 initio
613 2156 683 2184 inter
702 2157 835 2190 leprosos,
862 2159 890 2182 ut
912 2155 946 2182 de
974 2154 1072 2189 quibus

268 2204 369 2231 frustra
403 2203 522 2237 suspirio
559 2203 649 2229 habita
683 2201 736 2234 sit,
766 2201 943 2235 computandi
970 2205 1072 2232 essent,

270 2249 379 2284 quando
407 2249 440 2276 de
469 2257 501 2276 eo
515 2257 575 2275 esse
600 2248 767 2275 dubietatem
792 2248 850 2282 lege
887 2254 995 2281 quoque
1019 2246 1071 2272 lata

271 2295 415 2331 contingit.
439 2295 472 2322 Et
493 2294 575 2322 nimis
598 2293 845 2328 obstupescemhnu
867 2297 918 2323 est,
941 2292 1073 2327 quemad-

270 2342 379 2370 modum
399 2350 461 2368 eum
490 2341 537 2375 qui
557 2340 583 2367 in
604 2344 681 2374 parte
702 2339 827 2374 corporis
853 2339 957 2373 lepram
981 2338 1071 2371 habet,

270 2389 344 2424 ejicit
369 2389 402 2416 de
418 2386 605 2416 tabernaculo.
632 2390 660 2413 et
680 2392 768 2420 ptenae
794 2384 895 2416 subdit,
915 2392 978 2410 eum
1009 2392 1075 2411 vero

270 2434 317 2469 qui
339 2439 394 2461 toto
418 2441 532 2468 corpore
559 2433 669 2467 patitur,
691 2430 824 2457 mundum
844 2429 920 2461 dicit,
935 2434 962 2456 et
985 2437 1078 2463 quem.

272 2480 418 2506 admodum
451 2479 474 2506 si
507 2478 575 2505 nihil
597 2477 710 2504 omnino
736 2483 833 2511 passus
859 2475 906 2507 sil,
944 2475 1076 2509 praecepit

273 2526 399 2553 omnibus
427 2525 586 2560 permisceri
622 2523 822 2559 pragjudicare,
844 2521 978 2557 siquidem
1007 2528 1075 2554 quo-

276 2572 423 2599 dammodo
447 2580 495 2599 eos
510 2571 556 2606 qui
584 2579 616 2598 ex
634 2576 709 2605 parte
732 2568 829 2604 leprosi
855 2571 929 2598 sunt,
967 2567 1076 2594 videtur

274 2623 302 2646 et
314 2619 428 2646 suadere
443 2618 475 2645 ad
495 2625 548 2644 non
567 2617 711 2648 orantium,
728 2622 756 2643 ιιι
773 2616 807 2642 ab
821 2614 933 2642 instanti
957 2613 1075 2640 libereli-

275 2671 320 2692 tur
334 2664 472 2700 passione,
487 2664 534 2690 sed
563 2663 647 2698 magis
675 2667 704 2689 ut
727 2662 865 2696 depaseat,
900 2660 1075 2694 exundetque

276 2712 365 2748 passio
378 2720 428 2746 per
439 2710 596 2737 universum
612 2717 722 2743 corpus,
737 2716 798 2734 nam
817 2707 882 2734 illud
895 2706 1004 2741 quidem
1019 2705 1073 2731 dis-

276 2759 431 2793 cqitatione
441 2757 524 2784 multa
535 2759 606 2790 eget,
624 2759 651 2781 et
669 2755 701 2781 ad
718 2752 988 2786 districtionemlegis
1000 2751 1073 2784 cogit

277 2805 447 2832 sacerdotem
472 2803 650 2837 iudicantem.
680 2799 755 2827 istud
777 2803 867 2826 autem
894 2797 1072 2831 inculpabile-5

276 2850 442 2882 custodit,ct
457 2849 551 2876 beatos
566 2855 597 2875 ex
621 2844 794 2874 multitudine
810 2843 990 2879 periculorum
1008 2841 1070 2868 red—

330 2944 352 2959 ⁷¹
368 2944 419 2976 Act
450 2950 513 2975 \vn,

1092 297 1335 333 comprehensione
1351 296 1484 330 passionis
1498 293 1629 321 ostendit.
1653 291 1705 318 Sed
1723 295 1829 324 tempus
1845 293 1888 314 est

1089 344 1145 378 jam
1165 343 1198 370 ad
1212 343 1293 370 verba
1307 343 1371 377 legis
1389 349 1511 376 pergere,
1528 340 1585 373 ipsa
1601 338 1672 365 enim
1691 336 1769 363 nobis
1784 335 1816 361 ad
1832 334 1889 361 sin-

1095 388 1156 422 gula
1171 388 1250 423 plane
1268 387 1395 414 exhibent
1418 393 1524 413 causas.
1539 384 1732 411 Verumtamen
1750 380 1890 407 auditores

1094 434 1159 461 illud
1176 438 1255 460 antea
1272 437 1468 464 contestamur,
1485 436 1513 458 ut
1526 431 1548 457 is
1564 430 1609 464 qni
1626 429 1730 456 discere
1740 426 1889 457 desiderat,

1094 480 1207 506 minime
1224 480 1408 510 indoctormu,
1427 479 1497 505 sicut
1513 485 1562 511 ego
1576 484 1646 506 sinu,
1661 474 1733 500 dicta
1748 471 1890 506 despiciat.

1096 526 1188 560 Neque
1203 526 1276 552 enim
1293 525 1402 560 propria
1417 524 1533 551 dicimus
1550 529 1580 550 ut
1593 522 1703 548 fallaces
1718 526 1891 548 accusemur,

1097 573 1197 607 quippe
1213 572 1312 607 quibus
1327 579 1409 606 parva
1428 570 1462 597 de
1486 569 1597 604 proprio
1620 565 1810 595 ministrantur
1824 573 1830 591 :
1845 563 1894 590 Dei

1097 623 1187 645 autem
1202 623 1252 650 est,
1269 618 1314 652 qni
1328 617 1372 644 ubi
1397 617 1453 643 vult
1469 616 1594 650 inspirat,
1620 619 1646 640 et
1661 613 1707 648 qui
1730 611 1831 646 pueris,
1851 610 1893 636 vel

1098 665 1181 700 pigris
1196 665 1362 695 hominibus,
1381 663 1516 696 nimisque
1531 660 1675 695 imperitis,
1697 659 1800 694 majora
1821 664 1895 691 ξιξερο

1098 719 1178 745 quam
1195 710 1335 745 prophetis
1350 708 1461 735 revelat.
1475 707 1552 739 Quod
1566 705 1740 732 manifestum
1758 707 1799 731 est
1815 711 1848 729 ex
1862 710 1895 728 eo

1098 758 1169 792 quod
1185 757 1301 792 populus
1312 756 1357 782 ille
1372 755 1464 782 .lesum
1475 762 1552 788 super
1566 752 1674 779 asinum
1683 751 1822 778 sedentem
1835 749 1895 776 lau—

1099 804 1177 831 dans.
1194 810 1287 830 vocem
1311 801 1412 832 emisit,
1426 808 1487 835 qua:
1505 798 1621 833 amplius
1640 797 1714 824 ornni
1734 795 1895 831 prophetita

1102 851 1164 877 tuba
1181 849 1297 876 notanda
1314 847 1359 874 sit.
1376 847 1474 881 Legem
1489 850 1581 871 autem
1597 842 1727 870 Ecclesiis
1742 842 1768 868 in
1783 841 1898 874 mystico

1101 893 1252 922 ministerio
1274 893 1354 919 latam
1382 891 1457 918 Scitis
1482 899 1530 917 vos
1557 889 1602 924 qui
1621 887 1730 915 servitis
1750 886 1898 921 mysteriis.

1100 940 1276 974 quamobrem
1290 946 1342 964 non
1361 941 1468 971 oportet
1489 935 1666 970 profanorum
1685 941 1766 960 aures
1788 932 1898 958 onerari

1102 986 1201 1014 verbis,
1216 991 1331 1019 quorum
1348 982 1489 1018 piophctis
1506 988 1568 1016 pars
1586 988 1640 1006 non
1654 978 1746 1005 omnia
1760 977 1897 1012 capienti-

1101 1032 1161 1062 bus,
1174 1031 1275 1058 credita
1286 1035 1343 1056 est:
1357 1029 1383 1055 in
1401 1036 1454 1062 quo
1467 1032 1495 1054 et.
1509 1035 1559 1062 (‘30
1571 1025 1654 1052 nimis
1669 1024 1798 1055 admiror,
1811 1027 1838 1050 et
1852 1030 1901 1058 pro

1103 1085 1199 1112 magno
1209 1075 1338 1103 miraculo
1348 1075 1420 1110 quod
1432 1073 1542 1104 accidit,
1558 1072 1663 1099 habeo:
1676 1070 1738 1104 quia
1752 1069 1823 1104 quod
1839 1077 1903 1104 pro-

1104 1123 1212 1158 phetica
1230 1130 1355 1156 vox,qu
1369 1125 1431 1148 ante
1443 1120 1541 1146 multas
1554 1118 1745 1154 generationes
1758 1115 1902 1150 praedicata

1103 1174 1154 1202 est,
1168 1169 1259 1200 latuit,
1273 1168 1387 1201 populus
1399 1167 1524 1194 indoctus
1534 1163 1904 1198 ostendit,etipsereliquum

1104 1216 1265 1251 inspiratum
1278 1214 1468 1248 creditumque
1480 1213 1627 1247 capitulum
1645 1215 1698 1241 est,
1711 1210 1747 1237 ita
1759 1213 1788 1236 ut
1798 1209 1906 1236 dicatur

1056 1279 1062 1287 .
1105 1268 1131 1289 et
1147 1272 1161 1288 a
1175 1261 1253 1288 nobis
1269 1260 1379 1294 aliquid,
1395 1259 1467 1294 quod
1478 1259 1589 1294 quidem
1616 1257 1729 1284 auribus
1748 1255 1904 1282 auditorum

1107 1307 1205 1342 prosit,
1227 1307 1343 1333 necdum
1369 1310 1460 1332 autem
1480 1305 1513 1331 ab
1537 1303 1723 1330 anterioribus
1756 1300 1908 1331 dictmn,’si

1108 1355 1179 1380 licus
1203 1353 1295 1384 donet,
1324 1356 1352 1378 ut
1362 1352 1480 1379 libenter
1503 1350 1667 1384 suscipiatur
1693 1348 1743 1375 :In
1768 1347 1821 1382 ipsa
1837 1345 1907 1383 cuitu

1108 1400 1227 1429 vivimus,
1243 1406 1376 1425 movemur
1394 1403 1417 1424 et
1434 1405 1523 1424 simius
1534 1397 1570 1428 τ²;
1585 1395 1656 1422 sicut
1672 1392 1909 1429 pnecepitl‘aulus

1108 1446 1190 1473 etiam
1208 1453 1258 1471 nos
1271 1445 1371 1476 dicere,
1388 1448 1499 1471 ettanto
1508 1442 1594 1477 magis
1616 1444 1729 1476 quanto,
1743 1444 1773 1466 ut
1798 1438 1908 1474 guber—

1110 1497 1189 1519 netur
1229 1491 1321 1526 lingua
1353 1494 1445 1517 nostra
1474 1489 1508 1516 de
1526 1488 1605 1519 uelo,
1626 1495 1686 1514 cum
1711 1486 1794 1512 nimis
1824 1484 1910 1511 simus

1111 1538 1222 1570 indocti,
1243 1544 1312 1571 opus
1335 1536 1478 1562 habemus.
1506 1534 1544 1560 lta
1556 1542 1584 1559 se
1598 1533 1680 1560 habet
1709 1531 1777 1566 legis
1798 1529 1909 1564 leprosi.

1111 1592 1170 1619 quae
1181 1584 1215 1611 ab
1225 1583 1284 1618 ipso
1298 1583 1353 1610 Deo
1367 1582 1400 1609 ad
1415 1580 1524 1616 Moysen
1538 1580 1609 1607 dicta
1619 1584 1670 1611 est,
1685 1577 1785 1605 littera.

1395 1659 1509 1688 CAPUT
1535 1658 1605 1686 Xlll.

1151 1731 1230 1759 Vsus;
1248 1730 1322 1758 l—l'l.
1337 1739 1346 1755 ι
1361 1730 1481 1756 Locutus
1496 1732 1539 1755 est
1549 1726 1681 1754 Dominus
1699 1726 1733 1752 ad
1750 1724 1861 1759 Moysen
1883 1729 1912 1750 et

1115 1779 1218 1809 Aaron,
1233 1777 1343 1804 dicens:
1362 1775 1447 1802 llomo
1463 1775 1490 1801 in
1502 1774 1581 1807 cujus
1596 1780 1678 1799 carne
1701 1776 1730 1798 et
1753 1775 1817 1798 cute
1834 1775 1913 1797 ortus

1120 1823 1202 1850 fuerit
1219 1823 1343 1850 diversus
1357 1820 1442 1852 color,
1458 1820 1515 1847 sive
1532 1818 1652 1854 pustula,
1668 1821 1715 1844 aut
1726 1817 1803 1851 quasi
1816 1815 1914 1843 lucens

1117 1868 1266 1904 quippiam,
1282 1867 1306 1894 id
1319 1871 1371 1899 est,
1395 1866 1471 1901 plaga
1491 1866 1583 1900 Περι-ξι),
1606 1864 1756 1892 adducetur
1771 1862 1805 1889 ad
1824 1862 1915 1888 Aaron

1118 1914 1297 1944 sacerdotem.
1307 1913 1348 1940 vel
1359 1913 1391 1939 ad
1403 1910 1639 1945 unumquemlibct
1661 1909 1777 1936 ﬁliorum
1786 1907 1856 1942 ejus.
1864 1907 1917 1940 Qui

1119 1970 1181 1989 cum
1197 1960 1298 1988 viderit
1313 1959 1415 1994 lepram
1431 1958 1458 1985 in
1487 1961 1558 1988 cute,
1576 1961 1604 1984 ct
1619 1956 1688 1990 pilos
1702 1954 1729 1981 in
1741 1954 1834 1981 album
1855 1961 1918 1980 mtt-

1121 2015 1189 2036 Iatos
1201 2008 1330 2037 colorem,
1347 2006 1486 2040 ipsamque
1505 2003 1623 2038 speciem
1648 2002 1729 2035 lepra;
1745 1999 1918 2027 humiliorem

1121 2058 1184 2081 cute
1200 2058 1227 2080 et
1239 2059 1322 2079 carne
1329 2051 1442 2085 reliqua,
1454 2050 1529 2084 plaga
1541 2049 1622 2083 lepra:
1629 2051 1680 2079 est,
1692 2051 1720 2073 et
1729 2045 1763 2072 ad
1774 2045 1919 2072 arbitrium

1122 2101 1181 2134 ejus
1203 2097 1383 2133 separabitur.
1409 2096 1456 2122 Sin
1485 2099 1576 2122 autem
1599 2094 1694 2120 lucens
1715 2091 1798 2119 fuerit
1814 2091 1921 2118 candor

1125 2148 1151 2173 in
1169 2150 1242 2177 cute,
1258 2151 1309 2171 nec
1320 2143 1449 2170 humilior
1463 2148 1546 2168 carne
1569 2140 1684 2174 reliqua,
1707 2143 1735 2164 et
1757 2137 1804 2172 pili
1820 2136 1922 2163 coloris

1126 2192 1243 2228 pristini,
1261 2189 1454 2218 recludeteum
1481 2186 1609 2214 sacerdos
1632 2189 1736 2219 septem
1764 2183 1873 2214 diebus,
1895 2187 1923 2209 et

1126 2237 1309 2266 considerabit
1326 2234 1506 2269 dieseptimo.
1535 2231 1598 2259 Etsi
1625 2231 1735 2266 quidem
1753 2230 1828 2264 lepra
1849 2229 1922 2255 ultra

1125 2293 1178 2312 non
1195 2282 1322 2314 creverit,
1332 2288 1383 2308 nec
1399 2278 1537 2306 transierit
1549 2278 1575 2304 in
1587 2282 1649 2304 cute
1662 2276 1766 2311 priores
1777 2274 1922 2303 terminos,

1124 2337 1219 2358 rursus
1242 2327 1363 2356 includet
1382 2334 1443 2353 eum
1473 2329 1577 2367 septem
1608 2323 1705 2350 diebus
1729 2321 1802 2351 aliis,
1829 2325 1859 2347 et
1879 2320 1924 2347 die

1124 2377 1240 2412 septimo
1253 2372 1482 2407 contemplabitur
1515 2380 1522 2397 :
1537 2370 1559 2396 si
1577 2368 1720 2396 obscurior
1735 2367 1817 2395 fuerit
1832 2367 1920 2401 lepra.

1125 2429 1150 2450 et
1166 2431 1219 2450 non
1234 2420 1351 2449 creverit
1367 2419 1393 2445 in
1409 2422 1481 2449 cute,
1499 2415 1643 2443 mund-abit
1660 2422 1723 2441 eum
1741 2423 1748 2440 :
1769 2413 1834 2447 quia
1863 2419 1924 2439 sca-

1127 2470 1185 2497 bies
1201 2466 1416 2500 est,lavabitque
1431 2464 1513 2490 homo
1530 2462 1692 2490 vestimenta
1715 2468 1775 2492 sua,
1803 2464 1830 2486 et
1843 2467 1925 2486 mun-

1128 2517 1178 2543 dus
1194 2515 1254 2542 erit.
1277 2512 1353 2546 Quod
1364 2512 1385 2538 si
1401 2515 1546 2546 postquam
1557 2518 1571 2535 a
1586 2507 1728 2535 sacerdote
1739 2506 1814 2534 visus
1829 2510 1884 2538 est,
1898 2510 1926 2532 et

1128 2561 1251 2589 redditus
1266 2558 1416 2589 munditiae,
1437 2557 1533 2584 iterum
1546 2555 1620 2590 lepra
1633 2553 1759 2584 creverit,
1774 2551 1926 2578 adducetur

1128 2609 1159 2635 ad
1172 2614 1246 2638 eum,
1261 2610 1287 2633 et
1303 2602 1482 2631 immunditiam
1508 2599 1743 2628 eondemnabitur.
1755 2598 1835 2633 Plaga
1846 2597 1927 2632 lepra:

1129 2655 1150 2681 si
1173 2654 1256 2680 fuerit
1280 2652 1306 2678 in
1332 2650 1452 2681 homine,
1476 2648 1626 2676 adducetur
1643 2647 1675 2673 ad
1699 2644 1884 2675 sacerdotem,
1901 2648 1929 2670 et

1129 2700 1231 2728 videbit
1244 2706 1318 2726 eum.
1337 2697 1460 2730 Cumque
1476 2695 1550 2722 color
1566 2693 1645 2720 albus
1656 2692 1682 2718 in
1698 2694 1762 2718 cute
1782 2689 1879 2721 fuerit,
1901 2692 1929 2714 et

1128 2746 1287 2780 capillorum
1302 2743 1415 2771 mutarit
1429 2745 1580 2776 aspectum,
1598 2739 1657 2773 ipsa
1665 2744 1774 2773 quoque
1790 2743 1856 2762 caro
1868 2734 1928 2761 viva

1128 2791 1293 2827 apparuerit,
1307 2790 1381 2824 lepra
1392 2785 1577 2814 vetustissima
1585 2783 1763 2819 judieabitur,
1774 2785 1858 2815 atque
1870 2780 1929 2806 iuo-

1128 2837 1244 2867 htaeuti.
1254 2823 1454 2864 Contaminabit
1467 2839 1529 2860 eum
1541 2830 1679 2862 sacerdos,
1691 2832 1780 2856 etnon
1792 2823 1929 2856 recludet.
