2052 3146
235 179 284 212 931
833 175 1014 205 HESYCHH
1041 176 1278 207 PRESBYTERI

1818 180 1870 211 532

234 240 322 273 egeat,
349 238 484 271 quatenus
509 236 537 260 et
552 232 612 259 luce
626 229 764 266 passionis
779 229 808 257 hi
828 231 875 265 qui
888 231 1023 265 judicant,
1041 234 1063 262 Α
1078 233 1169 265 solvit,
1190 237 1216 259 et
1238 233 1284 268 qui
1300 232 1398 260 debeat
1418 241 1433 260 a
1450 233 1508 269 lege
1528 233 1627 260 mereri
1642 233 1869 268 miscricordiam,

234 283 306 310 sicut
321 281 346 308 hi
360 281 405 315 qui
425 278 528 314 lapides
545 276 694 312 tnspiciunt
712 276 856 310 pretiosos,
870 280 979 311 egeant.
996 275 1024 302 In

235 329 286 355 hac
307 327 464 361 frequenter
488 324 567 359 jubet
590 322 759 350 sacerdotem
791 322 977 350 considerare.
998 325 1026 348 et

234 381 288 400 nott
304 372 415 399 credere
436 369 656 401 obvententibus,
673 368 730 395 sive
744 368 952 395 occurrentibus
968 368 1024 403 βιαί-

233 426 284 444 ma:
305 417 474 452 probatimiis
496 415 663 450 aspectibus.
689 414 785 441 Sedet
804 414 826 441 si
842 414 1025 441 consideratio

233 462 366 489 cicatricis
387 461 503 488 necdum
530 465 659 495 appareat
685 459 814 486 humilior
836 459 917 494 pelle,
936 467 1025 494 tteque

233 509 261 535 itt
284 509 343 535 loco
369 508 438 542 pilus
462 511 646 534 commutatus
667 514 681 532 a
698 506 825 540 passione
840 506 917 533 albus
937 505 1025 533 factus

233 554 325 584 fuerit,
338 558 440 588 septem
458 557 548 580 tamen
563 552 621 578 dies
635 551 805 586 separabitur
817 551 850 578 ad
866 551 945 577 aliant
959 558 1025 578 cott-

233 599 436 630 siderationem,
452 603 479 625 et
496 606 591 625 rursus
608 597 675 624 alios
689 602 794 632 septem
813 597 871 623 dies
886 607 892 624 :
909 597 1025 624 forsitan

232 645 306 672 enim
324 645 518 670 effervescente
540 651 588 677 per
613 646 720 676 tempus
740 641 883 676 passione,
908 642 1025 669 manife-

232 691 299 718 stior
317 690 428 716 morbus
451 689 576 716 efﬁcitur.
592 687 774 715 l’ermancnte
797 692 887 715 autem
909 688 1024 715 obscura

233 737 371 767 cicatrice,
396 740 424 762 et
445 736 518 762 nulla
534 735 604 762 facta
629 734 657 761 itt
672 734 742 769 pelle
755 734 968 768 permutatione,
985 733 1024 760 si-

233 783 435 818 gnificationem
449 782 527 814 dixit,
548 789 603 808 non
620 786 711 808 autent
723 781 826 815 lepram
839 780 1023 812 manifestam,

232 838 294 857 cuto
315 838 367 864 qua
391 828 618 864 signiﬁcationem
643 835 699 854 non
719 827 849 857 subdidit,
866 826 1024 853 custodiens

232 884 291 902 cant
305 876 346 902 his
360 875 405 909 qui
419 875 568 901 secuttdum
588 873 713 908 spiritum
731 872 870 906 accipiunt
885 872 983 907 legem,
997 876 1024 898 et

1078 278 1206 312 punitur:
1222 286 1339 313 cumquo
1353 279 1451 314 dignus
1465 284 1538 306 esset
1550 280 1652 306 auxilio
1671 284 1781 315 propter
1797 281 1872 308 infir-

1077 323 1210 355 mitatem,
1235 325 1288 351 hoc
1301 329 1387 357 caret,
1401 325 1599 360 subjiciturque
1613 335 1701 353 “tum.
1716 326 1768 359 Qui
1781 328 1802 354 si
1823 336 1872 361 po—

1078 369 1173 397 tuisset
1198 370 1337 402 resistere,
1357 379 1494 406 nunquam
1510 372 1535 399 ei
1553 372 1741 406 przevaluissct
1755 373 1873 400 infirmi-

1077 419 1137 442 tas:
1158 417 1259 451 quique
1281 418 1459 451 reprehendit
1482 423 1620 449 naturam,
1645 419 1724 453 cujus
1745 427 1806 446 esse
1828 429 1872 446 ar-

1076 461 1194 488 bitratur
1208 463 1385 490 accedentem
1403 464 1567 496 molestiam,
1582 468 1608 491 et
1633 473 1687 491 non
1708 465 1871 492 intentionis

1076 512 1123 533 aut
1144 507 1292 536 voluntatis
1315 516 1381 536 sure.
1408 509 1478 542 Quid
1500 510 1573 536 enim
1593 515 1697 544 ageret,
1723 515 1752 537 ut
1769 511 1795 537 in
1819 512 1871 538 hae

1076 560 1131 580 non
1159 554 1291 581 incideret
1327 556 1440 582 morbo?
1467 556 1520 583 Sed
1545 556 1582 583 ait
1608 557 1742 591 quispiam
1767 559 1872 591 peccati

1075 597 1235 630 vindictam,
1261 599 1302 626 vel
1333 607 1440 634 poenam
1464 607 1525 627 esse
1549 601 1620 627 hanc
1648 602 1826 636 passionem:
1843 608 1872 630 et.

1076 642 1193 676 primum
1216 643 1325 678 quidem
1344 644 1494 676 Mariam”.
1510 646 1609 673 deinde
1624 645 1719 674 Oziam
1729 647 1750 663 ⁷⁷
1770 656 1872 683 propo-

1076 687 1116 714 nit
1130 696 1137 714 :
1153 696 1269 721 qltorutn
1284 689 1327 716 illa
1339 690 1448 724 quidem
1466 691 1542 718 fratri
1561 692 1695 725 detraxit;
1707 694 1750 720 ille
1764 699 1869 724 autent.

1075 734 1140 761 dum
1164 740 1237 762 esset
1259 744 1317 768 rex,
1345 737 1488 764 incensum
1514 738 1615 765 inferre
1639 741 1814 774 pnesumpsit
1842 742 1870 768 itt

1075 781 1193 808 sanctis:
1224 782 1288 808 solis
1314 783 1426 818 ,quippe
1454 784 1507 810 hoc
1538 785 1729 813 sacerdotibus
1761 787 1870 819 licebat,

1074 830 1156 861 atque
1165 827 1226 854 ideo
1238 836 1291 855 non
1306 829 1450 857 difi‘crente
1463 830 1520 857 Deo
1532 838 1640 865 poenam
1653 840 1758 864 eorum,
1771 833 1870 867 leprosi

1075 872 1167 899 etTecti
1194 878 1267 901 sunt.
1296 875 1368 910 Ergo
1395 876 1549 910 oportebat,
1579 883 1609 904 ut
1633 879 1684 911 hoc
1709 884 1803 912 aperte
1825 880 1871 907 lex

232 922 277 955 qui
307 921 379 954 quod
413 919 503 946 minus
530 923 582 949 est,
612 918 654 945 vel
678 917 772 952 magis,
789 917 865 949 latet,
892 916 1023 949 revelare,
1043 925 1063 952 Β
1076 917 1179 945 diceret
1194 919 1226 946 ad
1240 920 1424 947 excusandum
1442 921 1634 956 legislaturcm,
1650 928 1745 950 contra
1763 932 1810 951 eos
1823 925 1871 958 qui

231 972 312 1001 atque
332 966 433 992 addere
459 969 575 1000 possunt
587 961 1024 998 contemplativisinterpretatio-

231 1014 313 1040 nibus
326 1012 450 1047 spiritus.
465 1011 659 1038 Vcrumtamen
675 1017 731 1036 non
747 1008 850 1035 malum
861 1015 923 1035 esse
942 1007 1025 1034 nimis

231 1058 456 1094 significationem
487 1055 759 1083 manifestaverunt:
792 1061 855 1081 nam
889 1053 1025 1088 quomodo

230 1104 377 1131 mundatus
403 1106 462 1129 erat
494 1100 633 1131 sacerdos,
657 1099 684 1126 id
711 1103 763 1132 est,
778 1099 924 1126 habentem
943 1105 1024 1124 mun-

230 1151 294 1177 dutn
310 1149 530 1179 denuntiaturus,
557 1146 604 1180 qui
624 1153 798 1180 nequaquam
823 1144 906 1178 ltujus
920 1147 1022 1178 egeret,

230 1196 253 1223 si
273 1203 306 1222 ex
330 1199 386 1222 toto
403 1194 500 1220 fuisset
514 1191 582 1218 liber
597 1190 608 1216 ?
632 1190 747 1224 Propter
761 1189 833 1223 quod
847 1196 907 1215 eam
923 1188 1024 1215 obscu-

230 1250 288 1268 rant
312 1240 468 1275 appellarit,
487 1246 539 1265 nec
560 1244 655 1264 rursus
671 1236 744 1262 inter
761 1235 862 1262 munda
878 1240 939 1269 post
951 1233 1023 1268 judi-

229 1287 302 1314 cium
324 1287 345 1313 si
366 1285 435 1312 mala
447 1285 553 1314 fuiSset,
580 1281 722 1316 cujusdam
744 1280 880 1315 passionis
900 1279 969 1306 facta
983 1283 1024 1306 est

229 1331 403 1368 significatio.
427 1330 454 1356 Si
474 1333 566 1356 autem
587 1328 626 1355 sic
651 1326 904 1356 babcns,incidcns
921 1325 1023 1360 signifi-

229 1379 300 1407 catio
327 1378 354 1404 in
379 1376 512 1412 pellicula,
538 1375 565 1402 id
581 1379 632 1406 est,
650 1373 672 1400 si
695 1372 781 1400 effusa
806 1372 899 1402 fuerit,
918 1375 946 1398 et
962 1371 1023 1406 plus

228 1433 310 1460 quam
331 1424 408 1458 prius
434 1422 514 1449 latior
541 1421 569 1447 in
594 1419 720 1455 pellicula
736 1418 908 1453 processerit,
925 1421 1022 1444 etnon

228 1472 388 1498 immutatus
410 1468 491 1495 fuerit
516 1467 597 1502 pilus,
625 1467 678 1493 hoc
700 1465 774 1492 ettim
791 1464 836 1491 ltic
856 1471 911 1491 tton
927 1470 1021 1498 repre-

228 1515 333 1546 hendit,
354 1513 449 1548 polluit
470 1519 533 1539 cunt
557 1511 695 1543 sacerdos,
718 1510 821 1544 lcpram
841 1516 900 1536 esse
916 1508 1021 1544 passio-

227 1569 290 1587 nem
306 1559 443 1594 judicans,
462 1557 547 1592 ipsius
566 1557 675 1591 quidem
697 1555 851 1590 cognitione
867 1554 1019 1586 dubitabili,

1076 972 1138 990 eum
1162 969 1259 999 putant
1284 965 1383 1000 injuste
1395 966 1429 993 de
1443 967 1557 1001 leprosis
1571 968 1691 1000 sancire,
1708 973 1738 996 et
1754 977 1807 996 non
1826 979 1872 997 Su-

1076 1010 1131 1037 lutn
1153 1011 1204 1038 hoc
1225 1011 1258 1038 de
1283 1011 1409 1046 leprosis,
1433 1012 1480 1039 sed
1497 1017 1524 1039 et
1541 1012 1574 1039 de
1597 1013 1640 1040 Itis
1651 1014 1697 1048 qui
1713 1015 1873 1043 vulneratos

1083 1057 1184 1084 habent
1208 1057 1305 1084 oculos
1328 1065 1376 1084 seu
1402 1058 1528 1090 auditus,
1551 1064 1599 1086 aut
1622 1061 1740 1095 reliquos
1763 1068 1872 1092 sensus,

1075 1102 1194 1137 aliisque
1217 1102 1342 1136 infirmis,
1360 1108 1386 1130 et
1409 1104 1562 1138 paralyticis
1587 1105 1775 1133 testimabitur.
1794 1106 1872 1139 Quod

1075 1147 1257 1174 manifestum
1273 1151 1315 1174 est
1327 1156 1359 1174 ex
1379 1155 1412 1175 eo
1428 1149 1500 1182 quod
1518 1149 1643 1184 discipuli
1661 1158 1762 1178 (meum
1775 1159 1788 1178 a
1804 1153 1875 1178 nati-

1076 1193 1159 1220 vitate
1179 1193 1315 1225 videntes,
1334 1193 1478 1220 Dominum
1503 1194 1704 1230 interrogantes
1721 1197 1868 1224 dicebant:

1073 1238 1169 1271 Rabbi,
1194 1239 1252 1274 quis
1267 1240 1396 1272 peccavit,
1415 1240 1468 1272 llic,
1489 1245 1535 1267 aut
1552 1247 1675 1275 parentes
1689 1243 1756 1277 ejus,
1775 1249 1803 1269 ut
1820 1252 1874 1270 crr—

1075 1292 1120 1310 cus
1136 1286 1335 1312 nasceretur”?
1352 1285 1392 1312 Tu
1409 1291 1499 1313 autent
1514 1287 1580 1314 tttihi
1597 1296 1652 1315 non
1670 1289 1770 1317 relidas
1790 1291 1873 1317 (,‘hri-

1074 1330 1106 1356 sti
1137 1331 1346 1365 responsionem
1375 1332 1472 1360 scienti
1503 1334 1636 1368 quidem,
1663 1336 1712 1362 sed
1736 1337 1873 1371 quomodo

1073 1376 1150 1402 multi
1171 1376 1288 1404 habeant
1302 1377 1336 1405 de
1350 1379 1532 1412 passionibus,
1550 1388 1610 1415 quae
1632 1382 1713 1409 nobis
1729 1384 1872 1416 eveniunt,

1073 1423 1217 1456 quaerenti.
1240 1423 1293 1451 Sed
1312 1429 1341 1452 et
1355 1425 1413 1460 ipse
1440 1427 1573 1455 Dominus
1593 1437 1599 1455 :
1626 1429 1806 1458 Dimittuntur
1823 1433 1872 1458 tibi

1073 1475 1191 1504 peccata,
1219 1470 1314 1498 volens
1344 1472 1449 1506 erigere
1472 1474 1663 1508 paralyticum,
1689 1476 1770 1503 dixit.
1795 1477 1872 1504 Sicut

1072 1524 1137 1551 ergo
1154 1516 1208 1543 Deo
1227 1517 1351 1551 odibiles,
1368 1519 1450 1546 etiatn
1465 1520 1515 1548 hos
1528 1521 1562 1548 de
1579 1522 1754 1550 tabernaculo
1773 1525 1873 1560 expelli

1073 1562 1226 1596 oportebat,
1242 1567 1269 1589 et
1284 1563 1416 1597 injustitia
1433 1565 1500 1592 leris
1514 1571 1667 1600 putaretur,
1683 1569 1705 1595 si
1724 1570 1768 1596 alii
1785 1571 1870 1598 simul

229 1610 322 1640 utpote
349 1605 465 1632 obscura
490 1603 638 1630 exsistente
670 1601 807 1628 cicatrice.
835 1600 903 1627 Alba
929 1604 1018 1626 autent

1073 1607 1235 1642 injustitiam
1261 1609 1427 1643 potirentur.
1451 1611 1479 1638 Si
1495 1617 1587 1640 autem
1605 1614 1685 1646 dicis,
1701 1616 1764 1649 quia
1778 1617 1872 1644 omni-

227 1650 388 1678 exsistente.
411 1653 438 1675 et
459 1647 576 1674 similem
591 1646 718 1673 mittente
731 1646 816 1680 pilunt
831 1645 904 1679 pelli,
925 1645 1021 1679 polluit

227 1695 302 1722 hunc
316 1694 453 1726 sacerdos,
466 1698 494 1720 et
507 1691 678 1719 immundum
693 1691 754 1725 ejici
770 1690 901 1725 praecipit,
913 1690 1020 1717 etiamsi

228 1741 310 1768 fuerit
327 1748 389 1775 pars
413 1738 548 1766 cicatricis
568 1745 644 1770 sana,
670 1741 698 1764 et
717 1744 828 1764 carttem
855 1737 957 1763 habens
981 1736 1021 1762 vi-

226 1791 346 1818 ventem,
373 1785 400 1812 id
415 1789 467 1816 est,
485 1785 535 1811 sub
554 1784 681 1818 passione
703 1783 784 1818 lepra:
805 1790 860 1809 tton
886 1781 1021 1809 constitu-

226 1838 292 1861 tam.
312 1833 397 1867 Cujus
413 1837 504 1860 autem
520 1832 558 1859 rei
577 1831 680 1858 causa?

261 1878 329 1911 Quia
345 1877 429 1912 lepra,
440 1877 537 1911 inquit,
551 1877 696 1902 inveterata
706 1879 753 1902 est.
770 1875 965 1903 Admirandum
979 1879 1021 1901 est

225 1924 288 1956 itoc,
312 1923 481 1957 nimiamque
500 1921 665 1957 imperitiam
690 1922 732 1948 vel
757 1921 842 1956 magis
870 1921 1020 1956 reprehen-

225 1971 329 1998 sionem
357 1969 433 2004 legali
458 1968 584 2003 ingerens
609 1968 717 2000 fillerte,
742 1967 816 1994 unde
832 1967 906 1994 enitn
926 1967 1020 1994 debuit

224 2015 352 2043 sanabilis
374 2015 501 2041 arbitrari
526 2014 628 2048 passio,
646 2014 672 2040 id
689 2018 739 2045 est,
763 2021 798 2040 ex
811 2013 873 2040 viro
893 2020 1018 2048 corpore,

224 2063 338 2096 vivaque
350 2068 449 2089 carne:
466 2061 542 2088 illinc
554 2060 626 2087 illam
643 2061 728 2096 magis
743 2060 883 2095 desperat,
900 2059 1019 2095 leprant-

223 2116 275 2142 que
297 2108 476 2134 inveteratam
494 2106 559 2134 dicit
576 2106 657 2139 Deus,
681 2106 707 2133 id
724 2110 775 2137 est,
794 2114 849 2133 non
867 2106 1017 2133 sanabilem

223 2162 270 2180 seu
283 2154 330 2180 diu
350 2157 517 2183 manentem,
537 2156 565 2179 et
579 2152 657 2186 quasi
675 2152 809 2186 passionis
828 2155 1017 2178 senescentem

222 2200 292 2226 luco.
311 2199 347 2225 De
365 2199 414 2225 hac
431 2206 459 2225 re
483 2206 578 2225 rursus
595 2199 646 2226 hoc
661 2199 734 2234 quod
753 2198 878 2233 sequitur
894 2197 1018 2225 invenies

221 2245 384 2271 obscurius:
401 2244 463 2278 quia
494 2252 556 2271 cum
573 2244 618 2279 qui
649 2249 705 2272 toto
733 2244 857 2278 leprosus
887 2247 929 2271 est
956 2251 1017 2270 cor-

222 2298 298 2324 pore,
319 2295 371 2317 eta
388 2289 502 2324 pedibus
523 2297 608 2324 usque
621 2289 654 2316 ad
670 2293 752 2324 caput
765 2294 877 2323 opertus
904 2289 1012 2320 morbo,
1032 2280 1053 2308 υ

220 2336 323 2364 ntunda
339 2336 423 2363 teneri
449 2336 534 2371 lepra,
557 2335 609 2363 hoc
618 2336 652 2362 de
669 2343 702 2362 eo
719 2335 866 2378 judicante
875 2335 1016 2362 sacerdote

219 2383 287 2409 vult.
862 2377 883 2378 ψ
895 2377 914 2379 Α

254 2427 284 2455 Si
301 2432 389 2455 autem
403 2428 432 2455 in
450 2436 480 2455 eo
499 2427 583 2454 uisum
599 2427 678 2462 fuerit
698 2426 844 2461 aliquando
862 2437 956 2464 corpus
974 2429 1013 2455 vi-

218 2481 289 2504 vens,
301 2479 402 2500 revocat
412 2474 533 2501 sacerdos
541 2473 672 2508 judicium
686 2481 762 2500 suum
778 2481 788 2500 :
801 2478 824 2500 et
838 2474 930 2508 polluit
942 2483 1011 2502 eum.

219 2519 250 2545 Si
269 2523 358 2545 autem
378 2523 524 2546 remutatus
542 2520 620 2554 fuerit
644 2519 672 2545 ir.
696 2519 787 2546 album
802 2540 810 2552 ,
830 2525 854 2547 et
869 2526 923 2548 tota
937 2521 1013 2556 pellis

219 2564 254 2590 ad
276 2564 424 2597 passionem
448 2565 528 2598 lepra:
548 2564 680 2591 translata
705 2566 795 2600 fuerit,
819 2566 929 2593 mundat
952 2576 1011 2594 eunt

219 2609 350 2638 sacerdos.
373 2611 415 2636 cui
438 2610 561 2644 judicare
580 2615 738 2645 prn‘ceptum
764 2616 812 2638 est.
837 2612 863 2639 Si
880 2617 971 2639 autent
986 2618 1012 2640 et

219 2653 277 2680 haec
301 2659 373 2682 recte
390 2655 463 2682 dicta
488 2661 563 2687 sunt,
591 2656 717 2690 quamvis
744 2657 795 2684 ltoc
816 2665 897 2685 nemo
920 2658 1009 2686 dicat:

218 2707 299 2734 quam
318 2704 408 2727 tamett
437 2701 652 2728 satisfactionem
674 2702 708 2729 ad
724 2702 804 2729 aliaet
827 2704 897 2731 hanc
920 2713 1012 2739 reprc-

219 2746 380 2773 bensionent
398 2747 584 2781 reperiemus?
597 2746 665 2780 Quia
682 2748 806 2783 leprosus
817 2758 871 2777 non
886 2751 1010 2778 volunta—

217 2791 265 2819 rite
289 2793 432 2827 passionis,
456 2794 503 2820 sed
527 2802 607 2828 quain
635 2795 738 2822 inritus
762 2796 888 2828 sustinet,
914 2805 1009 2831 punias

251 2901 273 2917 "
285 2901 364 2929 Num.
381 2910 428 2935 xu,
446 2903 477 2930 to
491 2911 566 2938 seqq.
618 2905 641 2919 ⁷⁷
666 2904 686 2930 ll
704 2904 790 2932 Paral.
810 2913 881 2939 nrt,
903 2907 942 2934 l9.

1074 1652 1155 1679 modo
1167 1652 1194 1679 in
1211 1653 1252 1679 his
1268 1654 1443 1688 passionibus
1457 1663 1568 1691 peccata
1587 1660 1750 1694 puniuntur,
1767 1669 1829 1688 nam
1843 1668 1871 1689 et

1073 1706 1135 1725 cum
1154 1699 1201 1734 qui
1217 1700 1318 1727 fluxum
1334 1702 1448 1730 seminis
1460 1704 1572 1738 patitur,
1586 1714 1601 1732 a
1616 1707 1792 1735 tabernaculo
1809 1717 1872 1743 pro-

1073 1743 1158 1775 hibet,
1176 1749 1204 1771 et
1214 1753 1274 1772 eam
1291 1754 1352 1780 quae
1365 1746 1467 1774 [luxum
1482 1749 1584 1783 patitur
1597 1752 1738 1786 sanguinis
1748 1772 1756 1785 ,
1775 1761 1870 1780 rerum

1072 1790 1182 1825 quidem
1200 1791 1280 1823 dicis,
1295 1794 1342 1820 sed
1357 1801 1412 1821 non
1427 1795 1478 1821 hoc
1495 1800 1548 1822 tam
1563 1797 1713 1825 satisfactio
1723 1803 1773 1827 est.
1787 1807 1869 1833 quam

1073 1842 1167 1862 rursus
1188 1836 1240 1862 alia
1273 1837 1416 1872 scriptoris
1446 1841 1602 1873 accusatio,
1627 1843 1673 1877 qui
1693 1845 1872 1872 necessitates

1071 1886 1176 1909 natura:
1201 1884 1386 1916 condemnat,
1413 1894 1481 1919 quas
1502 1887 1646 1915 defensare
1670 1889 1812 1922 debuerat,
1841 1897 1870 1919 ut

1070 1936 1125 1956 non
1139 1928 1270 1957 factorem
1285 1930 1314 1957 in
1328 1931 1499 1960 naturalibus
1515 1934 1739 1964 accusationibus
1753 1937 1870 1971 injuria-

1070 1978 1122 2002 ret.
1139 1975 1322 2008 Quamobrem
1340 1979 1494 2006 necessaria
1508 1980 1588 2007 nobis
1603 1985 1645 2008 est
1669 1984 1868 2018 contemplatio

1069 2020 1146 2055 legis,
1174 2026 1202 2048 et
1228 2022 1288 2048 vitii
1320 2023 1452 2057 spiritalis
1479 2025 1688 2060 interpretatio,
1712 2031 1869 2064 ntetttiSque

1069 2067 1179 2094 oculum
1205 2072 1313 2102 oportet
1341 2069 1420 2097 oculo
1440 2071 1530 2098 carnis
1556 2080 1734 2107 pratponere,
1761 2080 1790 2101 ut
1817 2075 1869 2103 hoc

1070 2112 1180 2146 quidem
1206 2113 1240 2140 ad
1262 2114 1471 2150 intelligentiam
1491 2124 1586 2144 eorunt
1609 2126 1670 2152 quae
1694 2120 1867 2154 sanciantur,

1069 2160 1116 2187 illo
1139 2169 1204 2188 vero
1227 2166 1336 2189 utantur
1360 2163 1393 2191 ad
1409 2164 1564 2200 legendum.
1589 2165 1671 2202 Legis
1688 2175 1752 2203 ergo
1770 2177 1868 2197 rursus

1069 2211 1239 2240 proponatur
1254 2207 1355 2234 littera.

1107 2252 1219 2279 Locutus
1239 2258 1277 2280 est
1293 2253 1420 2282 Domitius
1435 2256 1470 2282 ad
1489 2258 1596 2291 Moysen
1609 2263 1633 2284 et
1649 2258 1738 2286 Aaron
1758 2261 1845 2288 dicens
1857 2270 1866 2288 :

1070 2298 1153 2326 Homo
1176 2300 1203 2326 iu
1216 2301 1292 2334 cujus
1306 2309 1386 2328 carne
1397 2306 1422 2328 et
1433 2307 1491 2329 cute
1502 2308 1575 2330 ortus
1590 2305 1669 2338 fuerit
1685 2305 1803 2333 diuersus
1819 2315 1866 2333 co-

1068 2346 1117 2378 lor,
1129 2347 1182 2373 sive
1201 2347 1320 2381 pustula,
1338 2353 1385 2375 aut
1408 2349 1485 2384 quasi
1500 2349 1588 2377 lucens
1608 2351 1758 2386 quidpiam,
1772 2353 1799 2380 ia
1814 2360 1865 2387 est,

1067 2391 1147 2426 plaga
1172 2392 1261 2427 lupi-a2,
1291 2393 1437 2421 adducetur
1467 2396 1503 2422 ad
1528 2395 1618 2423 Aaron
1636 2399 1811 2431 sacerdotem.
1824 2400 1867 2426 vel

1066 2443 1147 2462 unum
1163 2437 1301 2468 quemlibet
1312 2437 1428 2472 ﬁliorum
1438 2438 1505 2474 ejus.
1520 2439 1571 2472 Qui
1583 2449 1643 2467 cum
1657 2441 1750 2469 uiderit
1764 2443 1866 2478 leprum

1064 2483 1092 2508 in
1112 2488 1178 2516 cute,
1197 2488 1221 2510 et
1234 2483 1301 2518 pilos
1313 2484 1341 2510 in
1354 2484 1445 2511 album
1457 2489 1571 2513 mutatos
1584 2487 1709 2520 colorem,
1727 2488 1867 2524 ipsamque

1062 2526 1175 2559 speciem
1186 2527 1266 2561 lem-te
1280 2528 1446 2556 humiliorem
1454 2535 1513 2556 cule
1526 2535 1551 2557 et
1567 2539 1647 2559 carne
1656 2533 1769 2568 reliqua.
1782 2536 1865 2568 plaga

1064 2570 1143 2606 lepra-
1164 2577 1212 2603 est,
1229 2577 1254 2599 et
1268 2574 1304 2600 ad
1320 2574 1461 2601 arbitrium
1481 2575 1538 2610 ejus
1551 2577 1730 2610 separabitur.
1750 2577 1866 2614 Simpli-

1064 2617 1141 2649 citer,
1155 2625 1202 2644 seu
1218 2619 1382 2652 generaliter
1397 2620 1534 2649 hominem
1550 2622 1642 2650 divina
1657 2624 1800 2659 Scriptura
1814 2634 1865 2661 ap-

1063 2662 1146 2696 pellat
1161 2670 1234 2694 cuat,
1256 2663 1301 2697 qui
1319 2664 1365 2690 Dei
1381 2664 1537 2700 imaginem,
1554 2671 1581 2694 ct
1597 2673 1698 2695 nostra:
1715 2675 1864 2697 conserrct

1063 2712 1168 2734 natura:
1184 2708 1353 2742 dignitatem.
1381 2709 1495 2744 Propter
1511 2713 1582 2746 quod
1598 2714 1661 2741 audi
1679 2715 1838 2750 Sapientem
1853 2725 1861 2743 :

1063 2753 1187 2788 Magnum
1198 2759 1239 2780 est
1254 2754 1342 2788 honto,
1353 2756 1501 2790 pretiosum
1512 2758 1552 2785 vir
1563 2760 1732 2794 misericors,
1751 2761 1778 2788 itt
1795 2761 1863 2788 Pro-

1063 2800 1165 2827 \‘ut'biis
1180 2801 1326 2828 dicentem.
1349 2802 1491 2831 llotnittem
1515 2796 1580 2832 vero
1599 2806 1716 2841 aliquem
1730 2812 1860 2842 peccato-

982 2909 1003 2922 7”
1020 2909 1098 2936 Joan.
1119 2910 1181 2940 v.2.
