2052 3146
161 181 215 212 933

162 241 231 267 rem,
248 234 324 269 quasi
335 233 405 261 male
422 233 567 260 formatum
582 233 715 260 numisma
734 232 873 263 describit,
888 231 958 266 quod

160 281 289 316 exprimit
308 281 336 307 in
363 279 500 315 parabolis
529 280 677 311 Dominus,
698 279 807 306 dicens:
837 277 958 304 lloiiiinis

160 328 300 362 cujusdam
321 328 409 354 divitis
430 327 520 354 uberes
544 327 643 362 fructus
658 334 721 362 ager
735 326 835 357 attulit,
848 331 870 352 el
886 326 957 360 rogi-

161 375 234 401 tabat
251 374 322 400 intra
344 382 372 400 se
390 374 497 403 dicens:
516 373 586 406 Quid
607 373 716 407 furium,
738 373 799 407 quia
816 372 957 398 non/mino

160 426 211 454 quo
226 427 378 453 congregant
399 419 498 453 fructus
519 418 607 444 meos?
623 418 655 444 Et
672 418 737 444 dixit
751 426 759 444 :
775 415 831 443 Hoc
846 417 954 451 furiam,

160 465 296 491 destruant
311 464 403 490 [ιον-νεα
419 473 487 495 mea,
501 469 524 491 et
542 463 644 498 majora
655 464 763 499 factum,
781 468 804 490 et
819 463 881 489 illnc
894 471 955 488 ron-

159 510 273 545 gregnlro
287 510 385 542 omnia,
402 518 460 545 qua'
476 515 539 536 nam
560 515 621 537 sunt
639 510 712 541 mihi,
728 514 752 536 et
765 509 831 536 bona
846 518 914 540 mea,
932 514 955 535 et

159 557 248 582 dicam
262 556 359 583 animm
378 565 462 584 mete:
477 558 583 589 Anima,
597 557 676 584 habes
691 557 773 583 multa
787 557 853 583 bona
870 558 955 590 posita

159 604 187 629 in
199 611 283 630 annos
303 603 441 637 plurimas,
468 605 607 639 requiesce,
634 604 748 636 comede,
772 604 836 635 bibe,
861 604 954 637 epulu-

161 650 242 676 γεω.
265 649 299 676 Ει
314 657 428 676 rursus:
448 649 532 676 llomo
549 650 655 684 quidam
674 650 843 676 descendebat
863 650 895 675 ab
908 649 954 676 .lc-

159 695 275 721 riualem
290 696 316 721 in
331 695 446 727 Jert'c/to,
461 701 486 722 et
501 696 590 722 incidit
605 696 633 722 in
646 695 761 722 latrones
779 703 787 722 :
811 696 856 731 qui
875 696 953 722 etiam

158 741 372 774 despoliaret-unt
401 749 471 774 eum,
501 747 525 767 ct
552 741 638 776 plagis
670 742 798 775 impositis
822 742 952 771 abierunt.

158 786 282 812 seiniviro
315 778 444 812 relicto".
478 786 507 812 ln
538 791 654 821 utroque
682 791 772 813 autent
810 794 953 821 personam

158 831 275 866 suscipit
296 832 459 866 peccatoris.
481 833 558 865 Quod
575 837 665 859 autent
679 833 705 859 in
723 833 774 859 Joh
795 833 954 860 continetur

158 877 285 910 historia,
306 877 375 904 nihil
399 878 488 905 oberit.
512 878 632 905 nostris:
654 879 716 913 quia
739 879 833 905 dicens
853 887 953 906 secun-

157 923 224 950 dum
241 923 419 958 Septuaginta
433 933 439 949 :
458 923 541 950 Homo
554 925 664 960 quidam
675 929 732 952 erat
743 925 769 951 in
787 930 856 951 terra
874 925 952 950 Auxi-

158 969 222 1001 tide,
242 969 313 996 illico
328 969 479 1004 subjunxit.
495 971 538 996 cui
551 979 644 997 nomen
660 975 717 997 erat
735 970 822 997 Job”.
839 971 952 998 Addita-

158 1019 252 1041 mento
271 1016 370 1050 quippe
385 1015 513 1049 nominis,
537 1016 745 1052 insigniﬁcatum
764 1024 825 1043 cum
841 1016 886 1051 qui
905 1016 952 1042 de-

156 1061 338 1093 scribebatur,
365 1061 477 1088 minime
501 1061 656 1096 dereliquit.
681 1062 761 1088 Pullis
778 1067 879 1094 autem,
904 1069 950 1088 seu

157 1107 227 1134 cutis
239 1107 359 1141 nomine,
372 1116 444 1135 nunc
458 1109 671 1144 uniuscujusque
688 1115 761 1141 caro,
775 1117 848 1136 nunc
861 1113 950 1135 autem

156 1154 217 1186 ejus
233 1153 392 1188 designatur
408 1155 544 1188 cognatio.
565 1155 678 1189 Propter
693 1155 765 1190 quod
780 1155 805 1181 iu
819 1155 889 1181 libro
901 1154 950 1181 Iob

157 1207 190 1225 ex
212 1207 328 1234 persona
349 1200 448 1227 dial-oli
464 1201 636 1236 decipientis,
653 1209 684 1228 ea
700 1209 758 1236 quae
773 1201 831 1227 viro
846 1201 881 1227 illi
896 1201 950 1226 for-

158 1245 264 1272 tissimo
288 1250 439 1273 evenerunt
463 1251 537 1279 tunc,
553 1247 663 1282 quando
680 1241 741 1274 cum
759 1247 810 1274 alia
825 1247 950 1274 substan-

158 1291 205 1323 tia,
229 1291 309 1325 ﬁlios,
337 1292 458 1328 ﬁliasque
471 1293 542 1327 ejus.
565 1293 676 1320 domum
693 1301 774 1328 super
789 1302 837 1320 eos
854 1293 949 1328 sepnl«

158 1340 226 1363 tune
249 1337 309 1364 vice
334 1345 484 1372 congerens
509 1339 678 1372 disperdidit,
708 1339 825 1366 dicitur:
851 1338 949 1365 Pellem

156 1388 205 1413 pro
219 1380 297 1414 pelle,
316 1386 340 1407 et
357 1386 448 1407 cuncta
465 1390 524 1415 qua:
538 1382 614 1408 habet
631 1383 716 1414 homo,
734 1383 806 1408 dabit
824 1391 871 1416 pro
887 1382 948 1408 ani-

157 1434 201 1452 ma
226 1434 274 1452 sua
285 1427 324 1453 °‘:
343 1427 369 1453 id
388 1431 439 1459 est,
456 1427 554 1462 pellem
575 1428 686 1462 quidem
707 1429 876 1463 cognationis
901 1436 949 1463 per

156 1470 226 1497 lilios
242 1470 370 1504 perdidit,
384 1472 431 1498 sed
444 1476 537 1498 tamen
551 1472 649 1500 sullicit
661 1473 696 1505 ei,
710 1473 781 1507 quod
798 1474 874 1507 pellis
888 1482 948 1500 car-

114 1524 116 1527 ·
155 1517 200 1543 nis
215 1517 275 1549 ejus
287 1517 360 1543 salva
377 1521 429 1549 est,
445 1517 610 1551 minimeque
624 1518 818 1553 corrumpitur.
835 1517 949 1552 Propter

156 1562 228 1597 quod
242 1563 379 1589 subdidit:
399 1563 522 1598 Alioquin
538 1564 610 1590 mitte
621 1572 729 1590 manum
743 1569 816 1591 tuam
831 1570 855 1591 ct
872 1569 948 1600 tmtgc

156 1617 184 1634 us
202 1608 270 1642 ejus,
290 1613 312 1634 et
333 1617 450 1641 carnem,
477 1613 501 1635 et
522 1614 583 1635 tunc
609 1610 704 1636 ridebis
725 1610 793 1645 quod
814 1611 841 1636 in
855 1611 950 1645 facient

156 1654 294 1681 benedicta
309 1654 364 1681 tibi.
383 1654 460 1687 Quod
475 1659 566 1682 autem
584 1661 675 1682 nostra
689 1656 772 1683 editio
788 1657 869 1684 habet
889 1666 895 1684 ε

191 1700 277 1726 llomo
290 1701 317 1726 in
334 1700 410 1734 cujus
425 1709 505 1727 carne
535 1705 558 1727 et
572 1707 630 1728 cute
645 1707 717 1728 ortus
737 1703 817 1737 fuerit
834 1703 950 1730 diversus

156 1747 238 1778 calor,
265 1747 318 1773 sive
336 1747 455 1781 pustula,
480 1752 527 1774 aut
547 1749 624 1783 quasi
647 1748 734 1775 lucetis
758 1749 904 1784 quidpiam,
922 1750 950 1776 id

156 1798 193 1820 est
212 1793 293 1828 plaga
312 1793 403 1828 lepra’,
424 1793 601 1828 Septuaginta
620 1795 836 1822 transtulerunt:
857 1795 950 1822 Ilomi-

157 1839 183 1864 m'
201 1839 223 1864 si
245 1838 288 1864 cui
301 1839 372 1874 facta
386 1839 466 1874 fuerit
486 1840 514 1865 in
531 1839 655 1874 pellicula
680 1841 796 1874 corporis
807 1842 863 1876 ejus
879 1842 949 1868 cicu-

157 1885 209 1911 tn'z
222 1885 426 1919 signiﬁcationis
446 1892 586 1920 apparens.
600 1885 717 1913 Cicatrix
731 1887 948 1922 signiﬁcationis,

156 1933 297 1963 peccatum
318 1929 461 1965 signiﬁcat,
490 1938 522 1957 ex
547 1930 589 1958 his
608 1939 668 1965 qua:
689 1937 831 1966 apparent,
860 1933 948 1959 mani-

155 1974 269 2007 festans,
288 1975 360 2009 quod
376 1976 511 2002 occultum
527 1979 578 2009 est,
592 1981 618 2003 ct
632 1976 718 2003 latens
731 1977 829 2004 animm
841 1978 947 2004 vitium.

155 2019 193 2046 Ac
211 2019 313 2046 deinde
328 2020 483 2048 cicatricem
506 2021 576 2047 hanc
589 2021 698 2055 quidem
712 2021 861 2056 τηλαυγήν,
877 2022 947 2049 illam

155 2071 246 2093 autem
259 2067 404 2101 appellavit
418 2066 564 2102 αΰγασμαε
580 2069 643 2102 quia
660 2073 802 2103 peccatum
818 2069 870 2096 hoc
884 2069 947 2104 qui-

155 2111 216 2139 dem
236 2117 330 2146 apertc
346 2120 377 2139 ex
401 2120 441 2144 se.
459 2118 487 2140 et
502 2113 560 2140 sine
576 2115 665 2148 aliqua
687 2114 883 2149 dijudicationc
899 2115 947 2141 de-

155 2167 285 2194 nuntiant
314 2167 364 2203 ipsi
377 2173 467 2195 motus
477 2169 584 2197 animm.
600 2169 662 2197 llaec
678 2176 779 2204 autem,
794 2172 947 2199 necessaria

156 2212 268 2244 habent,
286 2218 361 2240 extra
376 2215 447 2248 quod
463 2215 551 2242 lucem
572 2216 723 2250 peccatoris
740 2216 801 2251 quis
823 2217 905 2249 videt,
921 2222 947 2244 et

155 2259 400 2286 considerationem
411 2261 560 2295 judicantis
574 2262 654 2296 quale
671 2262 716 2295 sit,
733 2267 824 2290 utrum
853 2271 947 2291 verum

155 2312 189 2331 an
207 2305 316 2332 falsum.
334 2305 361 2332 Si
375 2314 439 2342 ergo
449 2308 595 2342 peccatori,
610 2309 681 2336 sicut
696 2309 816 2344 praedicti
831 2309 947 2344 Septua-

155 2349 228 2385 ginta
247 2351 343 2384 edunt,
358 2353 470 2380 cicatrix
484 2354 692 2389 signiﬁcationis
704 2355 731 2381 in
745 2355 870 2390 pellicula
885 2364 946 2383 cor-

155 2399 228 2432 poris
242 2399 282 2432 lit,
295 2400 420 2428 videlicet
434 2405 575 2436 peccatum
591 2402 616 2428 in
626 2410 719 2436 carne,
731 2403 803 2437 quod
815 2403 947 2438 signiﬁcrt

155 2445 274 2472 animam
288 2453 395 2481 quoque
410 2447 528 2482 compati
548 2449 672 2483 corpori:
687 2453 729 2475 est
739 2453 830 2476 autem
845 2449 946 2484 τηλαυ-

155 2492 206 2527 γής
231 2493 294 2525 hoc,
318 2498 366 2520 aut
390 2493 533 2530 αῡγασμα,
563 2495 654 2527 idest,
674 2500 721 2522 aut
736 2496 818 2523 nimis
835 2498 950 2525 mauilc-

155 2543 238 2569 stum.
259 2543 306 2566 aut
320 2539 491 2574 inspicientis
501 2549 584 2575 egens
600 2541 796 2576 disceptatione
813 2551 819 2569 :
842 2544 882 2571 sic
898 2545 950 2572 hoc

156 2584 182 2611 in
206 2585 341 2612 maculam
359 2586 441 2621 lepra:
456 2587 609 2614 habebitur.
629 2587 742 2622 Lepram
762 2594 853 2616 autem
871 2590 951 2617 intel-

156 2629 264 2665 ligimus
278 2631 343 2666 legis
357 2632 602 2667 transgressionem
616 2641 622 2659 ε
644 2633 707 2667 quia
722 2634 950 2667 quemadmodum

156 2676 288 2710 leprosus,
303 2677 367 2704 dum
381 2681 452 2704 totus
467 2678 501 2704 sit
514 2685 607 2708 sanus,
620 2686 651 2705 ex
665 2683 741 2713 parte
754 2679 842 2714 aliqua
854 2681 945 2716 lepro-

157 2729 200 2749 sus
227 2722 327 2755 factus,
355 2723 423 2750 nihil
445 2723 556 2758 juvatur
577 2732 607 2751 ex
627 2725 713 2751 salute
744 2726 856 2754 minime
882 2727 944 2754 lacti

157 2767 253 2802 lcprosi
277 2769 410 2804 corporis,
434 2770 480 2797 sed
503 2775 659 2798 removetur
679 2779 694 2798 a
713 2772 898 2803 tabernaculo.
917 2779 946 2802 ut

156 2811 333 2848 immundus;
359 2815 398 2842 sic
425 2820 452 2842 et
474 2816 519 2850 qui
553 2815 619 2850 legis
642 2821 776 2851 prateepta
800 2825 833 2844 ex
856 2818 945 2853 aliqua

191 2878 222 2895 ⁷⁸’
240 2879 306 2907 Luc.
327 2889 375 2911 λιι,
402 2882 496 2909 16-19.
541 2883 562 2897 ⁷⁸³
578 2882 642 2908 Luc.
659 2891 684 2913 κ,
705 2884 747 2911 50,

158 2910 177 2926 ⁸⁵
193 2913 270 2941 Rom.
289 2924 318 2949 ιι,
338 2917 378 2942 lii.
418 2918 439 2932 "'
453 2918 462 2943 ι
478 2919 542 2945 Cor.
559 2926 604 2950 ιιι,
626 2919 666 2945 l7.

733 179 774 208 ΙΝ
799 177 1069 209 ιΕνιΤΙευΜ.-
1091 177 1164 207 LIB.
1185 178 1236 209 IV.

806 2886 828 2901 ⁸⁸
842 2886 893 2913 Jul)
909 2896 926 2916 ι.
943 2887 965 2914 ι.

1751 181 1804 214 93ἑ

975 234 995 260 Α
1013 231 1209 267 transgreditur
1229 235 1315 266 parte,
1341 231 1410 259 nihil
1430 240 1462 259 ex
1478 234 1598 261 custodia
1622 235 1739 262 inauditi
1756 237 1803 270 ju-

1009 282 1088 304 vatur
1101 277 1232 304 alterius:
1249 277 1300 309 Qui
1313 278 1385 304 enim
1409 282 1490 305 totum
1507 280 1587 315 legem
1603 281 1724 314 custodit,
1743 289 1803 316 pec-

1009 327 1050 347 rnt
1065 329 1151 348 autem
1166 323 1192 348 in
1207 330 1268 352 uno,
1288 322 1375 356 factus
1390 327 1426 349 est
1438 324 1555 350 omnium
1575 323 1675 351 reus".

1044 379 1093 404 Ilii:
1102 379 1136 404 ad
1153 379 1241 404 Aaron
1261 378 1421 405 saciirdotem
1437 380 1593 412 adducetur,
1616 385 1663 407 ant
1675 381 1710 407 ad
1722 389 1803 408 unum

1008 424 1145 458 quemlibet
1161 424 1276 458 ﬁliorum
1293 424 1360 457 ejus.
1383 425 1443 451 Filii
1463 430 1553 452 autem
1573 427 1721 453 saeerdotis
1738 431 1803 454 sunt:

1007 470 1113 504 cognati
1126 471 1185 503 ejus
1199 470 1349 496 secundum
1365 470 1501 504 spiritum,
1516 479 1530 497 a
1544 480 1596 505 quo
1610 476 1636 498 et
1653 473 1800 498 sacerdotii

1007 514 1108 541 habent
1126 515 1296 550 dignitatem.
1321 514 1391 542 Sunt
1406 521 1496 543 autem
1517 517 1554 548 hi,
1575 517 1601 543 in
1615 518 1715 552 quibus
1735 526 1800 552 per-

1007 560 1077 587 fecta
1101 566 1142 588 est
1184 562 1318 596 plenaque
1342 562 1525 597 philosophia,
1552 568 1581 590 ut
1605 564 1801 591 etdiscernerc

1008 608 1112 642 possint
1126 608 1262 640 sublimia,
1282 613 1309 635 et
1324 609 1422 636 anima:
1440 609 1564 643 judicare
1581 615 1671 637 motus
1685 611 1800 638 abscon-

1007 653 1089 679 ditos.
1117 652 1169 679 Sed
1184 653 1322 688 quomodo
1334 653 1478 687 judicant?

1043 708 1132 735 Vident
1158 708 1259 742 lepram
1276 709 1301 734 in
1325 713 1392 740 cute,
1409 712 1433 734 et
1447 708 1531 742 pilum
1549 710 1615 743 ejus,
1631 710 1654 736 si
1669 711 1695 736 in
1711 709 1801 736 album

1006 760 1122 781 inritatus
1143 756 1231 789 fuerit,
1257 764 1288 782 ac
1310 756 1395 788 ipsum
1413 756 1523 789 speciem
1543 755 1622 789 leprte
1635 755 1800 782 humiliorem

1006 806 1073 831 cute,
1101 805 1125 826 et
1151 808 1231 827 carne
1248 800 1361 835 reliqua.
1382 799 1433 826 Per
1457 800 1526 835 pilos
1549 805 1640 827 autem
1663 800 1799 834 signiﬁcat

1006 844 1186 880 cogitationes
1209 844 1308 878 quibus
1331 849 1445 871 ornatur
1466 845 1567 876 anima,
1587 852 1718 879 mensque
1733 852 1800 872 con-

1006 889 1106 923 tegitur
1133 897 1194 916 cum
1216 889 1326 916 easdem
1349 889 1406 924 ipsa
1432 889 1518 924 pariat
1534 890 1732 924 cogitationes:
1748 890 1798 917 sibi

1007 942 1068 960 nam
1093 939 1119 961 et
1136 939 1216 969 caput
1240 935 1352 969 capillos
1376 941 1497 970 general,
1520 939 1548 962 et
1571 941 1686 962 ornatur
1700 945 1732 962 ex
1747 936 1798 967 eis,

1006 985 1038 1005 ac
1050 979 1159 1013 tegitur.
1177 979 1322 1013 Propterea
1346 979 1434 1015 capilli
1452 980 1549 1014 capitis
1565 981 1650 1007 nostri
1665 981 1797 1007 numerati

1006 1023 1182 1056 dicuntur",
1214 1024 1394 1059 cogitationes
1419 1025 1547 1052 videlicet
1574 1026 1684 1053 mentis.
1709 1026 1798 1060 Caput

1005 1070 1078 1096 enim
1099 1070 1166 1104 ipsa,
1183 1070 1246 1104 quia
1270 1070 1418 1104 principale
1434 1075 1475 1097 est
1491 1071 1598 1102 auium},
1617 1071 1727 1098 dicitur.
1743 1072 1798 1098 Cur

1005 1120 1095 1142 autem
1127 1116 1261 1142 numerati
1287 1116 1370 1142 sunt?
1392 1116 1487 1150 procul
1509 1116 1592 1142 dubio
1607 1116 1730 1143 dicturus
1744 1121 1796 1144 est.

1004 1163 1066 1196 quia
1082 1169 1131 1196 per
1146 1169 1192 1188 eas
1204 1161 1296 1196 utique
1311 1162 1392 1196 judcx
1407 1162 1579 1196 judicaturus
1594 1167 1633 1189 est
1649 1162 1796 1194 hominem,

1005 1207 1030 1233 id
1050 1212 1101 1237 est,
1119 1208 1311 1234 accusantibus
1325 1207 1374 1238 eis,
1400 1207 1441 1234 vel
1455 1208 1658 1240 excusantibus,
1677 1208 1746 1235 sicut
1761 1209 1798 1234 ait

1005 1252 1104 1279 Paulus
1117 1261 1123 1278 :
1144 1252 1176 1279 In
1202 1259 1316 1287 tempore
1331 1261 1381 1287 quo
1396 1259 1483 1279 nostra
1502 1253 1696 1287 juilicubttntur
1710 1254 1798 1280 arcul-

1005 1298 1072 1326 ta‘“.
1098 1298 1244 1332 Propterea
1266 1298 1441 1333 intelligimus
1456 1299 1482 1325 in
1500 1298 1616 1326 Nazarazi
1637 1300 1723 1334 cathc
1741 1300 1799 1326 ler-

1004 1352 1063 1370 rum
1088 1352 1142 1371 non
1168 1344 1284 1379 ingredi.
1305 1344 1370 1371 dum
1392 1344 1452 1371 aliis
1467 1344 1526 1371 sine
1549 1344 1626 1379 culpa
1646 1345 1794 1373 inferatur:

1003 1391 1064 1425 quia
1081 1391 1180 1424 quibus
1205 1394 1269 1416 sunt
1286 1390 1416 1424 superﬂui
1435 1390 1536 1424 capilli,
1555 1398 1608 1417 non
1624 1391 1711 1417 solum
1729 1392 1796 1418 nihil

1003 1439 1093 1467 nocet,
1120 1435 1166 1461 sed
1191 1439 1219 1462 et
1238 1435 1343 1462 lucrum
1357 1439 1409 1467 est,
1430 1435 1556 1462 tonderi:
1583 1436 1681 1470 quibus
1704 1442 1795 1463 autem

1003 1488 1057 1507 non
1073 1486 1137 1507 sunt
1154 1481 1293 1515 suprrllui,
1311 1481 1440 1507 damnum
1461 1485 1513 1514 est,
1538 1486 1649 1516 propter
1665 1482 1796 1508 naturalis

1003 1527 1109 1554 decoris
1125 1526 1314 1561 spoliationcm
1333 1527 1492 1561 capillorum
1511 1526 1655 1561 depositio.
1675 1526 1720 1553 Sic
1735 1527 1795 1561 qui-

966 1585 987 1614 a
1003 1573 1162 1607 buscunquc
1180 1572 1318 1607 superﬂue
1341 1573 1520 1608 cogitationes
1544 1573 1707 1607 importunre
1720 1578 1793 1606 sunt,

1002 1619 1071 1645 bene
1095 1619 1129 1645 ab
1146 1619 1186 1646 eis
1201 1619 1415 1646 conunutatione
1440 1617 1629 1650 consiliorum,
1652 1619 1694 1645 vel
1712 1619 1795 1645 obve-

1002 1665 1135 1691 nienlinm
1170 1665 1293 1692 omnium
1327 1665 1544 1700 phantasiarum,
1575 1672 1651 1691 more
1678 1669 1797 1692 tonsura:

1001 1715 1104 1738 carent.
1132 1709 1160 1737 ln
1185 1710 1313 1738 Natat-aco
1337 1715 1428 1738 autem
1455 1719 1510 1738 non
1537 1716 1611 1744 sunt,
1628 1715 1701 1738 totus
1722 1711 1794 1738 enim

1001 1761 1112 1784 sanctus
1135 1761 1187 1784 est.
1217 1757 1332 1792 Propter
1354 1757 1426 1792 quod
1442 1757 1544 1784 ferrum
1573 1758 1599 1784 in
1623 1757 1711 1793 capite
1736 1758 1796 1792 ejus

1001 1809 1055 1827 nott
1074 1801 1207 1834 ascendit,
1228 1809 1290 1828 cum
1302 1802 1376 1829 bono
1391 1793 1620 1835 utatur‘consilio,
1637 1807 1664 1829 et
1681 1803 1794 1837 capillos

1000 1847 1196 1881 c03itationum
1211 1847 1392 1880 necessarios,
1406 1852 1433 1874 ct
1450 1855 1503 1874 non
1520 1847 1672 1882 superﬂuos
1686 1848 1794 1880 habeat,

1000 1900 1032 1919 cx
1055 1893 1153 1927 quibus
1177 1901 1231 1919 non
1249 1893 1354 1925 incidit,
1384 1901 1446 1920 cum
1461 1901 1515 1920 non
1530 1897 1628 1920 tractet
1647 1893 1793 1924 deteriora,

1000 1945 1088 1972 neque
1101 1943 1260 1966 commutet.
1276 1938 1303 1965 Si
1320 1946 1384 1973 ergo
1399 1939 1484 1973 pilum
1503 1939 1530 1964 in
1543 1939 1605 1965 alho
1621 1938 1675 1970 hic,
1694 1938 1727 1965 de
1739 1946 1794 1973 quo

999 1991 1073 2010 nunc
1095 1989 1138 2011 est
1160 1992 1259 2017 sermo,
1277 1984 1497 2016 commutaverit,
1521 1984 1712 2019 cogitationem
1726 1992 1794 2011 con—

999 2034 1107 2057 vertens
1124 2030 1150 2056 in
1165 2030 1350 2064 impudentem
1362 2030 1556 2062 conditionem,
1569 2029 1793 2065 manifestamque

999 2076 1123 2111 peccati,
1160 2077 1272 2111 ipsaque
1300 2077 1406 2111 species
1441 2077 1524 2111 leprte
1554 2075 1683 2102 humilior
1708 2075 1793 2103 fuerit

999 2129 1092 2154 carne,
1107 2126 1134 2148 et
1153 2126 1215 2149 cute
1233 2121 1346 2156 reliqua.
1371 2122 1441 2149 hanc
1458 2121 1530 2148 enim
1550 2121 1714 2154 considerat,
1728 2122 1792 2148 etsi

998 2168 1099 2196 viderit
1117 2167 1275 2202 apparuisse
1298 2167 1410 2194 nimiam
1437 2167 1635 2198 inﬁrmitatem.
1651 2172 1732 2202 atque
1743 2168 1792 2195 de-

1000 2214 1097 2241 fecisse
1113 2213 1265 2240 naturalem
1284 2213 1423 2246 virtutem,
1443 2213 1515 2248 quod
1534 2219 1575 2240 est
1588 2213 1693 2248 species
1710 2215 1792 2249 lepra:

965 2252 986 2278 ι)
1003 2259 1130 2287 humilior
1141 2263 1214 2292 cute,
1230 2262 1277 2285 aut
1291 2265 1374 2286 carne
1388 2258 1502 2292 reliqua,
1516 2263 1622 2292 separat
1636 2264 1663 2285 et
1674 2259 1793 2286 immun-

1001 2307 1064 2333 dum
1081 2313 1142 2332 eum
1155 2309 1226 2333 recte
1241 2303 1368 2332 sacerdos
1378 2304 1492 2339 judicat,
1512 2308 1605 2338 utpote
1619 2304 1792 2339 languentem

1001 2351 1110 2386 quidem
1129 2358 1161 2377 ex
1178 2350 1331 2377 intentione
1349 2356 1408 2382 sua,
1432 2353 1460 2375 et
1474 2349 1624 2375 voluntate.
1649 2348 1705 2375 Hoc
1719 2349 1791 2375 enim

1000 2397 1046 2431 qui
1063 2396 1148 2431 pilum
1164 2398 1324 2428 commutat,
1345 2394 1436 2421 innuit
1455 2393 1548 2427 nimis,
1572 2393 1636 2428 quia
1659 2398 1701 2421 est
1715 2394 1791 2420 inlir-

1001 2451 1072 2475 mus,
1101 2446 1128 2469 et
1149 2446 1293 2477 propterea
1322 2441 1471 2476 semetipso
1497 2441 1636 2474 humilior,
1668 2441 1741 2468 unde
1764 2446 1791 2469 et

1001 2493 1076 2517 recte
1098 2489 1204 2516 veniam
1227 2496 1281 2515 non
1303 2492 1433 2515 meretur.
1465 2486 1544 2514 Vinci
1560 2487 1633 2514 enim
1650 2487 1684 2514 ab
1709 2487 1787 2514 Abra-

999 2538 1072 2570 ham,
1088 2541 1116 2564 ct
1134 2536 1168 2563 ab
1188 2536 1242 2562 alio
1262 2536 1369 2570 majori,
1396 2535 1531 2570 portahile
1546 2539 1597 2568 est,
1618 2539 1648 2562 ut
1666 2535 1790 2570 qumdant

999 2583 1140 2615 habitudo,
1162 2582 1204 2609 vel
1221 2583 1341 2617 potentia
1364 2583 1515 2617 prodatur:
1535 2581 1577 2610 vel
1593 2581 1705 2614 bonum,
1719 2580 1791 2616 quod

1000 2631 1029 2653 nt
1050 2633 1236 2660 operaremur,
1251 2633 1266 2652 a
1281 2625 1337 2653 Deo
1358 2626 1541 2661 percepimus.
1570 2625 1607 2651 De
1626 2625 1726 2660 quibus
1743 2625 1790 2652 ba-

1000 2672 1102 2699 bitibus
1115 2672 1238 2706 quaedam
1260 2672 1326 2698 mihi
1343 2672 1443 2699 Paulus
1471 2672 1586 2698 innucre
1602 2671 1720 2703 videtur,
1745 2671 1789 2697 in-

999 2717 1096 2752 quiens
1110 2716 1270 2751 :Uuicuiqne
1284 2717 1350 2743 sicut
1365 2717 1493 2743 Dentium
1507 2716 1608 2748 dividit,
1622 2723 1792 2750 unumquem-

999 2772 1049 2798 que
1071 2764 1138 2790 sicut
1160 2764 1259 2790 vocavit
1284 2763 1353 2790 Deus
1363 2763 1397 2795 “,-
1419 2771 1481 2790 cum
1509 2771 1523 2789 a
1550 2761 1696 2796 semetipso
1714 2759 1790 2794 quis-

1002 2809 1073 2844 piam
1092 2809 1210 2836 deterior
1228 2809 1281 2840 liat,
1300 2809 1473 2844 importabilc
1490 2813 1539 2836 est.

1021 2888 1042 2903 θ¹
1067 2887 1116 2914 Job
1135 2895 1164 2919 ll,
1178 2888 1203 2913 ll.
1257 2888 1279 2903 "
1294 2888 1350 2915 Jac.
1380 2895 1416 2918 ll,
1436 2887 1476 2914 10.
1530 2885 1553 2901 ⁸³
1568 2883 1663 2911 Matth.
1691 2890 1724 2914 Χ,
1741 2881 1776 2909 '50
