2052 3146
234 173 287 204 935

827 161 1010 193 IIESYCHII
1034 160 1270 190 PRESBYTERI

1812 161 1868 193 936

270 228 350 255 Vens.
370 227 430 254 ι-ε.
452 235 462 252 ‹
478 225 506 253 Si
532 228 623 251 autem
647 222 742 248 lucens
765 218 848 246 luerit
872 217 974 244 Candor
991 217 1018 243 in
1035 220 1055 247 Α
1072 216 1123 242 hoc
1144 215 1307 245 habentem,
1323 213 1396 248 quod
1413 213 1641 242 medicamentum
1663 214 1761 242 debeat
1784 215 1866 244 adbi-

233 279 305 306 cute,
324 281 373 300 uec
397 272 524 300 humilior
560 276 642 298 carne
656 268 769 301 reliqum,
792 269 819 292 et.
836 265 906 299 pilus
920 263 1019 291 coloris

231 320 351 355 pristini,
373 317 494 345 recludet
507 324 569 343 eum
594 313 721 341 sacerdos
745 315 850 346 septem
870 310 976 341 diebus,
993 313 1020 336 et

234 365 344 396 videbit,
368 367 396 390 et
416 361 601 390 considerabit
625 360 668 387 die
691 358 817 393 septima.
840 356 871 383 Et
885 355 1020 390 siquidem

235 411 308 445 lepra
323 409 392 436 ultra
408 416 463 435 non
474 406 599 437 creverit,
616 413 667 432 nec
680 403 818 431 transierit
831 402 858 429 in
869 405 931 429 cute
948 400 1020 436 prio-

235 462 277 481 res
306 454 447 484 terminos,
464 459 558 478 rursus
576 450 697 477 includet
719 457 782 475 eum
802 453 904 481 septem
927 446 1021 473 diebus

235 499 304 531 aliis,
323 503 352 525 et
369 498 412 525 die
430 497 546 532 septimo
569 494 809 529 contemplabitur.
836 493 864 519 Si
880 492 1022 519 obscurior

236 545 316 571 fuerit
329 544 413 577 lepra,
428 548 455 570 et
469 550 522 569 non
538 541 655 568 creverit
666 540 691 566 iu
706 545 777 570 cute,
795 538 936 565 mttndabit
947 545 1019 570 eum,

234 590 297 624 quia
314 588 418 616 scabies
440 593 491 619 est,
506 587 663 620 levabitque
685 585 767 612 homo
784 584 945 611 vestimenta
961 590 1019 615 sua,

235 641 263 664 et
278 636 396 664 mundus
422 635 485 662 crit.
502 633 579 666 Quod
599 633 621 659 si
637 635 778 667 postquam
794 639 809 657 a
828 629 968 657 sacerdote
982 628 1022 655 vi-

236 690 283 710 sus
303 686 345 708 est
369 681 489 708 redditus
507 679 656 710 munditim,
683 679 781 705 iterum
804 677 877 710 lepra
893 675 1020 707 creverit,

237 727 388 754 adducetur
410 726 443 753 ad
463 733 525 753 eum
539 746 546 758 ,
568 729 595 752 et
624 722 805 751 immundititc
829 720 1022 749 condemnabi-

237 779 291 801 tttr.
312 783 320 799 ι

274 817 415 844 Maximam
430 816 456 843 in
473 817 522 843 hoc
542 815 710 850 legislatoris,
724 814 888 849 dignamque
902 812 958 838 Deo
967 811 1024 838 cle-

238 863 367 889 mentiam
393 867 533 893 contuere,
546 861 603 895 ipse
622 860 721 895 quippe
735 863 794 886 erat
808 859 877 885 lator
888 857 964 892 legis,
978 856 1023 890 qui

239 908 339 936 ducatu
354 909 450 935 littera:
470 907 502 934 ad
519 906 673 941 lutjustnodi
689 900 947 939 contemplationem
961 902 1028 937 legis

239 955 333 982 utitur.
344 954 413 986 Quid
425 959 514 980 autem
535 953 593 980 haec
605 953 694 979 littera
707 951 781 979 vult?

274 998 303 1025 Si
326 1005 413 1024 amem
429 997 517 1024 lucens
536 997 614 1032 fuerit
632 996 731 1022 candor
745 995 772 1022 in
791 999 859 1025 cute,
880 1001 926 1020 nec
940 994 1026 1019 humi-

240 1044 290 1070 lior
306 1052 385 1070 carne
404 1044 516 1078 reliqua,
528 1047 550 1069 et
567 1042 635 1077 pilus
657 1042 750 1068 coloris
766 1041 880 1075 pristini,
901 1040 1027 1066 mundum

240 1090 359 1116 εαωθνίιυις
374 1089 478 1124 judicat
493 1089 613 1123 omnique
633 1087 779 1122 suspicione
792 1091 934 1113 carentem.
951 1085 1028 1112 Licet

240 1135 415 1162 manifestum
436 1135 480 1167 sit,
502 1134 573 1168 quod
595 1134 621 1160 in
636 1134 820 1168 suspicionem
841 1136 951 1159 venerat
967 1138 1028 1166 pec-

241 1186 342 1213 catum,
367 1189 445 1208 meus
462 1186 550 1207 tatncn
571 1188 630 1214 qua:
645 1179 769 1213 deliquit.
783 1186 844 1213 qu;e
862 1178 959 1213 procul
977 1178 1028 1204 du-

241 1227 288 1254 bio
311 1235 358 1262 per
378 1231 516 1260 aspectum
542 1226 712 1260 signiﬁcatur
733 1225 883 1251 secundum
908 1223 1029 1250 traditio-

242 1279 304 1298 nem
321 1271 506 1305 Septuaginta,
520 1269 643 1296 humilior
658 1278 736 1297 conte
751 1270 852 1304 reliqua
868 1277 922 1296 non
936 1269 1027 1297 fuerit.

243 1317 269 1343 id
282 1321 333 1348 est,
358 1316 512 1351 semetipsa,
531 1322 619 1349 neque
632 1315 665 1341 ab
680 1315 846 1348 habitudine,
864 1322 943 1349 quam
969 1322 1029 1342 sor-

243 1362 292 1389 tita
319 1367 370 1393 est,
394 1361 546 1388 inﬁrmior:
569 1369 620 1388 nec
643 1369 690 1394 per
719 1361 850 1388 eveniens
886 1366 1028 1395 peccatum

244 1405 430 1432 immutaverit
457 1412 523 1437 cor,
547 1405 724 1440 delictrixque
749 1409 923 1440 peccatorum
947 1405 1030 1432 fuerit

244 1451 361 1482 elTecta;
388 1451 439 1478 hoc
454 1455 495 1478 est
516 1451 599 1482 enim,
624 1459 676 1477 nec
690 1452 834 1477 candorem
856 1450 1030 1477 humiliorem

244 1496 331 1523 videri
344 1503 426 1522 carne
449 1495 566 1530 reliqua,
580 1501 606 1523 et
625 1496 693 1530 pilos
709 1503 769 1523 esse
783 1495 882 1522 coloris
902 1495 1028 1530 pristini:

245 1542 292 1570 sed
315 1547 343 1568 et
366 1542 550 1569 obscuriorcm
579 1546 730 1576 aspectum,
757 1542 828 1568 sicut
852 1542 1029 1576 Septuaginta

246 1588 341 1619 edunt,
358 1587 568 1620 habeat,~quem
584 1592 773 1614 essetncntcm
790 1587 907 1614 diximus
921 1595 927 1613 ι
944 1587 1033 1613 adhuc

245 1632 346 1667 quippe
363 1637 473 1666 propter
485 1633 567 1659 semel
584 1632 759 1659 commissum
777 1632 917 1663 delictum,
935 1633 1033 1659 obscu.

246 1684 274 1702 ra
292 1684 323 1702 ac
342 1676 424 1702 dubia
444 1680 494 1707 est,
510 1681 598 1702 tamen
617 1676 690 1703 hunc
707 1676 839 1704 removeri
860 1684 914 1703 non
932 1685 1034 1711 przece-

247 1722 297 1757 pit,
312 1722 358 1748 sed
372 1726 400 1748 ut
417 1726 583 1755 peccantem,
599 1726 702 1756 septem
715 1722 782 1754 dies,
798 1727 825 1748 et
836 1722 903 1748 alios
923 1723 1033 1749 totidem

249 1772 371 1794 removet
386 1774 400 1792 a
412 1767 589 1793 tabernaculo
603 1767 740 1798 sacerdos,
758 1768 927 1802 probationis
942 1768 1032 1800 simul,

248 1813 501 1846 emendationisque
524 1813 622 1848 gratia,
646 1813 788 1840 munditiae
812 1813 943 1840 restituit.
971 1814 1034 1840 l‘ost

249 1859 311 1888 hoc.
337 1859 358 1885 si
385 1858 533 1892 inspiciens
555 1858 610 1893 bis,
631 1859 816 1886 obscuriorcm
832 1859 965 1886 invenerit
980 1867 1036 1885 ma-

249 1904 349 1936 culam,
365 1911 416 1931 nec
430 1908 598 1931 crescentetn
620 1904 742 1932 incute:
767 1905 790 1931 si
811 1905 883 1932 enim
905 1905 1036 1932 crevisset

248 1954 401 1984 peccatum,
416 1954 618 1984 augmentatum
631 1951 772 1977 transisset
786 1951 812 1977 in
825 1959 906 1978 carne
922 1951 1033 1986 reliqua,

248 1995 430 2030 dill'usumque
445 1996 530 2028 carni,
546 1996 713 2022 immundmn
731 2004 803 2028 cum,
815 1997 860 2031 qui
875 1997 900 2023 in
916 1997 1036 2024 deterius

248 2041 366 2076 proﬁcit,
382 2042 540 2069 ostenderat
555 2051 561 2069 :
581 2042 626 2076 qui
640 2050 693 2069 non
707 2043 804 2075 crevit,
821 2044 867 2070 sed
885 2044 1036 2078 permansit

249 2087 374 2114 similiter
396 2091 533 2122 aspectus,
557 2089 614 2115 sive
641 2089 745 2123 species
777 2089 928 2116 obscurior.
964 2089 1035 2122 Quid

250 2133 322 2159 cnim
338 2133 478 2166 iniquitate
488 2132 632 2159 obscurius
642 2138 683 2160 est
694 2134 746 2160 ?dc
759 2142 811 2168 qua
822 2134 939 2169 caligant
953 2135 1034 2167 oculi,

251 2183 279 2204 tzt
295 2185 382 2210 neque
398 2177 493 2207 Dentri,
509 2185 596 2212 neque
611 2178 662 2204 hoc
676 2179 747 2212 quod
758 2179 877 2214 expedit,
893 2179 1036 2214 perspicue

250 2222 391 2249 intendere
415 2223 611 2257 permittamur.
630 2223 678 2251 Vel
700 2225 721 2251 si
736 2230 874 2259 aspectum
895 2226 1036 2253 obscurio-

250 2277 319 2300 rcm,
336 2269 445 2296 dubiam
463 2269 633 2303 quibusdam.
651 2270 836 2305 incertamque
851 2271 952 2298 dixeris
972 2279 1035 2306 pec—

250 2314 302 2342 cati
318 2314 513 2348 suspicionem,
530 2315 555 2341 id
569 2319 620 2346 est,
639 2320 728 2342 utrum
745 2316 789 2348 sit,
812 2324 844 2342 an
859 2324 924 2348 non,
942 2325 1037 2344 neces-

250 2359 349 2386 s.arium
364 2360 446 2386 habet
462 2364 489 2386 ct
501 2360 559 2386 haec
574 2361 741 2388 sacerdotem
757 2370 763 2388 :
791 2367 883 2396 utpote
900 2363 946 2397 qui
963 2363 1038 2389 norit

249 2405 385 2439 quomodo
410 2405 550 2432 mundilite
565 2406 699 2433 restituat.
723 2406 768 2434 Ille
782 2413 871 2435 autem
890 2409 1037 2444 simpli-io-

250 2458 306 2476 rem
330 2458 388 2476 eain
410 2451 585 2484 denuntians,
604 2452 779 2488 brevemque,
799 2462 865 2488 aqua
890 2455 969 2483 diluit
993 2465 1038 2483 ve-

251 2497 389 2529 stimenta,
413 2497 582 2530 baptismatis
611 2498 747 2530 videlicet,
768 2499 826 2526 sive
850 2501 1036 2534 pwnitentim:

251 2546 293 2569 est
314 2542 387 2568 enim
410 2542 502 2569 efﬁcax
525 2551 594 2577 aqua
619 2545 789 2578 pmnitentia:
813 2545 940 2581 lacryma,
956 2555 1037 2581 quam

252 2594 332 2617 pinno
346 2591 440 2620 peccat
450 2588 542 2621 gratiae
560 2589 687 2623 reliquias
709 2591 871 2624 appellando
891 2593 1038 2626 baptisma—

251 2632 296 2658 tis.
315 2631 392 2664 Quod
411 2639 475 2667 crgo
490 2634 526 2659 ita
548 2641 577 2659 se
601 2634 692 2665 habet,
711 2635 886 2670 Septuaginta
903 2638 1037 2671 paSsionis

250 2677 475 2712 significationem
492 2682 634 2712 propterea
650 2679 808 2707 ediderunt:
822 2681 883 2715 quia
903 2690 962 2716 qiuc
976 2688 1040 2709 sunt

251 2723 367 2755 occulta,
382 2730 415 2749 ex
430 2727 506 2757 parte
524 2724 652 2758 prodidit,
667 2729 694 2751 ct
709 2725 793 2753 latere
808 2728 966 2756 omnimodo
985 2737 1038 2756 non

251 2769 386 2804 permisit,
401 2769 448 2796 sed
465 2769 583 2797 instituit
605 2771 771 2798 sacerdotem
788 2774 884 2800 medici
909 2775 994 2801 vicem
1012 2775 1038 2802 in

307 2861 330 2877 ⁸⁸
344 2870 354 2898 ι
368 2869 430 2898 Cor.
446 2878 472 2905 γ,
491 2872 499 2898 l
518 2879 592 2907 seqq.
633 2874 654 2888 ετ
670 2873 692 2901 ll
708 2874 770 2901 Cor.
788 2883 816 2908 ιι,
830 2875 856 2909 7,
869 2876 897 2904 8.

1073 261 1148 288 bere.
1168 261 1308 295 Siquidem
1328 264 1355 286 et
1376 259 1512 292 adhibuit,
1536 264 1563 286 tu
1582 263 1673 287 autem
1687 267 1866 296 cognoscens,

1072 305 1135 339 quia
1161 304 1390 340 signiﬁcationem
1413 303 1533 338 appellet
1560 303 1612 331 tale
1634 309 1788 339 peccatum,
1813 315 1867 334 non

1073 352 1224 379 abscondas
1247 351 1348 378 malum
1370 359 1384 377 a
1409 358 1473 377 vero
1495 351 1646 382 sacerdote,
1668 350 1731 377 licet
1755 351 1868 379 dubium

1074 402 1230 431 tectumque
1256 397 1291 423 sit
1307 396 1376 429 aliis,
1393 396 1441 423 sed
1458 396 1573 423 ostende
1596 404 1628 423 ac
1648 395 1744 430 prode.
1765 396 1868 425 Diebus

1074 444 1146 471 enim
1170 443 1269 478 quibus
1290 447 1316 470 te
1331 451 1463 478 separatis
1485 443 1614 470 sacerdos
1630 450 1644 470 a
1662 448 1819 472 sanctorum
1834 451 1870 472 ta-

1074 490 1231 521 bernaculo,
1248 497 1343 516 rursus
1359 489 1491 523 suscipiet
1503 496 1597 516 rursus
1613 496 1667 523 quo
1683 494 1792 523 oportet
1812 498 1871 517 mo-

1075 535 1109 562 do
1123 534 1284 561 vestimenta
1299 534 1374 568 prius
1388 533 1490 564 carnis.
1514 533 1586 560 sicut
1604 534 1642 560 ait
1660 533 1807 567 legislator,
1827 535 1869 562 di-

1074 581 1209 608 luentetn.
1232 581 1286 608 Sed
1307 580 1377 613 vide,
1398 585 1426 607 et
1447 579 1554 607 veniam
1582 580 1735 615 percipiens
1752 581 1870 612 custodi,

1075 636 1126 655 nec
1146 628 1259 662 polluas,
1281 631 1424 662 postquam
1445 625 1528 652 semel
1551 626 1648 653 laverit
1673 627 1791 654 tunicam
1808 634 1871 654 car-

1075 673 1127 701 nis.
1146 671 1215 700 Nam
1238 673 1260 700 si
1285 673 1366 699 etiam
1389 676 1450 707 post
1473 672 1530 698 haec
1550 671 1711 707 signiﬁcatio
1738 673 1873 707 passionis

1076 719 1204 746 inciderit
1224 719 1251 745 in
1267 717 1409 752 pellicula,
1434 716 1488 748 vel,
1507 718 1658 744 secundum
1674 722 1793 744 nostram
1811 719 1873 745 edi—

1077 765 1192 796 tionem,
1206 764 1334 796 creverit,
1361 768 1386 791 et
1403 771 1496 791 rursus
1515 772 1530 790 a
1543 763 1649 790 meliori
1665 769 1742 799 parte
1758 764 1790 791 ad
1810 772 1875 799 pec—

1077 815 1167 837 catum
1186 810 1324 843 reciderit,
1346 815 1586 845 eommutatusque
1602 810 1694 843 fuerit,
1713 811 1815 838 videbit
1827 818 1873 837 sa-

1077 856 1184 888 cerdos,
1203 861 1229 882 et
1248 855 1321 883 illico
1341 860 1499 891 vergentem
1512 856 1545 883 ad
1563 856 1697 883 deteriora
1720 857 1872 891 reperiens,

1044 897 1065 927 Β
1081 901 1261 928 ἱιηηιιιιιάίιίω
1282 901 1485 928 condemnabit.
1517 901 1729 935 Subsequuntur
1755 902 1874 936 Septua-

1077 947 1161 981 ginta.
1177 952 1205 974 et
1220 947 1315 974 dicunt
1326 956 1332 974 ε
1344 946 1412 979 Quid
1429 948 1501 982 lepra
1516 951 1563 974 est.
1577 947 1678 982 Aperte
1692 947 1765 975 enim
1778 948 1873 982 hujus,

1077 993 1124 1028 qui
1140 992 1199 1020 talis
1214 997 1265 1026 est,
1278 993 1369 1020 anima
1392 992 1425 1020 ad
1441 992 1569 1028 profanas
1591 993 1732 1020 declinans
1746 994 1874 1028 volupta-

1078 1043 1119 1065 tes
1133 1059 1140 1071 ,
1162 1039 1269 1074 leprosa
1293 1038 1333 1066 lit.
1349 1039 1502 1074 Propterea
1526 1043 1555 1065 et
1568 1037 1670 1065 Paulus
1693 1047 1755 1066 eum
1777 1039 1824 1074 qui
1846 1039 1875 1066 in

1082 1083 1217 1111 Corintho
1242 1083 1393 1111 fornicatus
1411 1085 1491 1118 est",
1517 1085 1579 1120 quia
1599 1084 1762 1119 signiﬁcatio
1783 1084 1876 1119 passio

1077 1130 1140 1161 fuit,
1156 1129 1300 1156 manifesta
1316 1130 1389 1156 enim
1412 1135 1480 1162 erat,
1497 1138 1549 1158 nec
1565 1131 1765 1162 occultabatur,
1779 1139 1793 1157 a
1807 1139 1873 1157 san-

1079 1179 1186 1202 ctorum
1200 1176 1315 1202 removit
1331 1175 1518 1209 tabernaculo,
1534 1181 1561 1204 et
1572 1177 1641 1204 tradi
1663 1175 1771 1203 Satanae
1784 1177 1813 1203 in
1828 1177 1873 1203 in-

1080 1221 1191 1248 teritum
1213 1222 1302 1254 carnis
1327 1223 1467 1257 praecepit.
1490 1222 1541 1255 Qui
1564 1230 1627 1249 cum
1648 1222 1814 1257 inspexisset
1828 1230 1874 1249 se-

1081 1267 1170 1294 cundo
1193 1267 1360 1302 passionem,
1378 1272 1406 1295 et
1421 1268 1535 1295 vidisset
1550 1268 1614 1303 quia
1639 1277 1695 1295 non
1714 1269 1809 1300 crevit,
1827 1268 1876 1296 sed

1080 1317 1108 1340 et
1123 1321 1185 1340 cum
1199 1313 1244 1347 qui
1257 1320 1358 1347 passus
1371 1313 1460 1341 fuerat
1484 1322 1533 1349 per
1549 1314 1682 1349 lacrymas
1706 1314 1877 1349 poenitentia:

1081 1364 1183 1387 vestem
1208 1360 1297 1387 carnis
1319 1359 1459 1392 abl-tisse,
1486 1368 1501 1387 e
1517 1360 1632 1395 vestigio
1662 1360 1762 1395 suscipi
1782 1360 1875 1395 jussit.

1081 1405 1111 1431 ln
1128 1404 1195 1439 ipsis
1214 1409 1303 1432 autem
1319 1405 1478 1439 apostolicis
1497 1406 1554 1432 haec
1572 1405 1701 1440 intelligis
1715 1406 1818 1437 verbis,
1839 1406 1873 1432 de

1081 1459 1114 1478 eo
1137 1451 1209 1478 enim
1234 1452 1279 1486 qui
1303 1452 1453 1479 fornicatus
1475 1452 1558 1479 fuerit
1580 1452 1730 1480 Corinthiis
1745 1453 1876 1487 scripsit:

1082 1496 1193 1523 Omnino
1208 1497 1316 1523 auditur
1334 1497 1402 1524 inter
1417 1505 1460 1524 vos
1475 1497 1627 1532 fornicatio,
1644 1502 1669 1524 et
1685 1497 1746 1524 talis
1760 1498 1878 1532 fornica-

1083 1543 1130 1574 tio,
1147 1543 1233 1577 qua/is
1247 1551 1293 1569 nec
1310 1544 1378 1569 inter
1393 1548 1489 1577 gentes,
1508 1544 1545 1569 ita
1563 1548 1590 1569 ιιι
1606 1551 1714 1570 uxorem
1734 1544 1819 1578 patris
1834 1543 1878 1571 sui

1086 1588 1143 1621 quis
1157 1588 1262 1614 habent.
1293 1587 1363 1614 Ecce
1379 1587 1606 1622 signiﬁcationem
1629 1588 1740 1615 audisti.
1767 1587 1880 1615 Manife-

1085 1638 1124 1660 sta
1143 1633 1243 1669 quippe
1262 1633 1422 1669 iuitpassio,
1442 1634 1477 1660 ita
1493 1639 1522 1661 ut
1535 1642 1620 1669 usque
1634 1634 1666 1661 ad
1686 1634 1761 1661 Pauli
1777 1642 1878 1669 perve-

1085 1679 1157 1706 niret
1175 1680 1301 1712 auditus,
1325 1685 1437 1714 propter
1461 1680 1533 1714 quod
1561 1681 1595 1707 de
1621 1680 1796 1707 tabernaculo
1815 1689 1878 1708 cum

1085 1725 1147 1760 cjici
1172 1726 1310 1760 pra-cepit.
1338 1726 1375 1752 lla
1400 1726 1502 1761 quippe
1521 1726 1588 1753 dicit
1608 1727 1688 1759 tradi,
1708 1727 1752 1761 qui
1780 1726 1878 1760 hujus-

1088 1771 1161 1798 tnodi
1181 1776 1233 1804 est,
1254 1770 1364 1798 Sataute
1380 1772 1407 1798 iu
1425 1772 1564 1798 interitum
1591 1772 1688 1799 mntis.
1714 1771 1746 1799 Et
1766 1780 1878 1799 rursus:

1085 1818 1197 1852 Auferre
1218 1817 1319 1845 malum
1339 1819 1370 1844 ιΙιΞ
1390 1819 1474 1845 medio
1497 1819 1587 1845 vestri.
1608 1818 1676 1851 Quia
1695 1823 1786 1846 autent
1808 1819 1880 1846 vidit

1086 1870 1189 1890 ves‘cm
1217 1865 1307 1891 carnis
1333 1865 1456 1899 potentia
1487 1865 1666 1898 ntundatam,
1696 1873 1791 1892 rursus
1817 1873 1881 1892 cum

1087 1909 1187 1944 suscipi
1197 1910 1287 1944 jussit.
1301 1910 1333 1937 Et
1344 1911 1480 1945 qttomodo
1495 1912 1545 1938 hoc
1559 1917 1663 1938 certum
1680 1911 1743 1938 est?
1757 1911 1880 1942 Obsecro,

1087 1955 1184 1990 inquit,
1202 1956 1354 1990 conﬁrmati:
1376 1957 1403 1983 in
1421 1966 1450 1983 eo
1463 1957 1629 1989 charitotem,
1651 1966 1683 1984 ne
1700 1958 1768 1993 forte
1783 1958 1882 1991 majori

1087 2002 1195 2028 tristitia
1223 2002 1434 2029 absorbentur“.
1455 2003 1523 2035 Quia
1551 2003 1704 2037 huiusmodi
1729 2008 1771 2030 est
1790 2013 1796 2030 :
1818 2011 1884 2039 ergo

1088 2047 1261 2074 manifestum
1281 2053 1349 2080 erat,
1367 2048 1429 2083 quia
1445 2049 1621 2083 posuituerat,
1638 2053 1663 2076 ct
1683 2054 1712 2076 ut
1727 2049 1752 2076 in
1770 2055 1884 2084 peccato

1087 2091 1274 2126 deprehensus
1282 2094 1641 2129 vehementerallligcbatur,
1657 2095 1760 2121 interea
1768 2103 1802 2121 ne
1817 2095 1884 2129 quid

1088 2145 1118 2164 ex
1152 2138 1236 2165 nimia
1257 2139 1367 2166 tristitia
1387 2145 1537 2174 pateretur,
1555 2148 1625 2167 neve
1643 2140 1669 2166 itt
1691 2140 1885 2175 desperatione

1088 2187 1229 2210 corruerat
1250 2191 1377 2218 peccans,
1394 2185 1536 2220 przecurrit
1557 2186 1672 2218 Paulus.
1698 2191 1726 2213 ct
1743 2194 1806 2214 eum
1835 2187 1883 2221 qui

1053 2230 1141 2264 [)jam
1159 2231 1300 2258 munditite
1320 2231 1461 2258 restitutus
1487 2231 1585 2263 fuerat,
1616 2231 1717 2267 suscipi
1742 2233 1885 2267 praecepit.

1088 2275 1166 2307 Quod
1181 2279 1270 2302 autem
1295 2281 1398 2311 septem
1422 2276 1520 2304 diebus
1539 2285 1552 2304 a
1570 2277 1744 2305 tabernaculo
1762 2285 1817 2304 non
1842 2286 1888 2305 se-

1089 2321 1152 2352 mel,
1169 2321 1216 2348 sed
1236 2321 1278 2348 bis
1295 2323 1420 2349 sacerdos
1440 2328 1596 2357 susceptum
1613 2328 1721 2358 separat
1736 2344 1743 2355 ,
1760 2331 1886 2358 quaerere

1090 2371 1117 2392 et
1142 2366 1210 2393 scire
1231 2367 1368 2394 studiosos
1390 2372 1511 2402 oportet:
1534 2368 1668 2402 siquidem
1693 2369 1816 2396 secundo
1834 2369 1886 2396 hoc

1091 2413 1147 2439 tieri
1168 2413 1195 2438 in
1220 2413 1280 2448 lege
1298 2418 1411 2448 propter
1425 2414 1475 2441 hoc
1494 2420 1661 2449 prmeeptum
1679 2419 1730 2446 est,
1750 2420 1779 2441 ut
1796 2419 1888 2442 osten-

1092 2457 1168 2484 deret
1193 2465 1247 2484 non
1278 2458 1461 2493 negligenter,
1489 2459 1537 2486 scd
1562 2459 1684 2486 studiose
1700 2467 1762 2486 cum
1783 2460 1887 2487 debere

1091 2503 1199 2537 inspici,
1218 2508 1245 2530 ct
1268 2504 1368 2539 duplici
1387 2505 1549 2539 probatione
1566 2510 1713 2538 transacta,
1736 2507 1889 2533 (llSll‘ltllllS

1091 2549 1117 2575 in
1134 2556 1166 2575 eo
1190 2549 1253 2576 ferri
1270 2551 1420 2585 judicium:
1444 2552 1620 2579 manifestum
1643 2553 1746 2587 quippe
1765 2557 1825 2579 erat
1844 2561 1889 2580 sa-

1090 2594 1192 2621 cerdoti
1215 2601 1367 2630 peceatum.
1384 2597 1435 2624 Sed
1452 2605 1513 2624 cum
1539 2598 1661 2625 animum
1684 2598 1806 2633 passioni
1825 2606 1891 2625 cou-

1091 2639 1255 2666 scntientcm
1269 2642 1468 2675 suspicabatur,
1487 2651 1540 2669 non
1554 2647 1645 2670 tamen
1658 2643 1801 2670 manifeste
1817 2644 1889 2670 scie-

1093 2684 1148 2718 bat,
1167 2687 1320 2714 necessarie
1337 2687 1411 2714 illum
1429 2688 1708 2723 itermninspicicbat.
1726 2690 1889 2725 Estquippe

1094 2731 1248 2765 invisibilis,
1266 2738 1294 2760 et
1309 2734 1340 2761 ad
1362 2735 1559 2769 inspectioncm
1576 2736 1705 2763 dillicllis.
1725 2736 1780 2763 Hoc
1795 2736 1889 2763 Domi

1094 2784 1145 2804 nus
1159 2785 1213 2804 non
1229 2780 1311 2806 senicl
1329 2780 1400 2807 l‘etri
1416 2781 1536 2808 animum
1557 2787 1616 2817 post
1637 2782 1821 2818 negationem,
1839 2782 1888 2810 sed
