2052 3146
167 199 220 231 ⁴ἓ37

739 200 777 230 ΙΝ
799 198 1019 229 LEVITICUM.
1038 210 1072 215 —
1093 198 1167 229 LIB.
1189 199 1236 230 iV.

1755 200 1806 232 93$

167 257 300 289 secundo,
315 264 347 284 ac
370 256 461 288 tertio,
489 256 716 291 quemadmodum
730 264 760 284 se
782 255 904 288 haberet,
919 255 960 281 in-
977 257 998 285 Α
1013 261 1064 281 nec
1076 254 1202 281 distinxit
1215 254 1242 281 in
1260 254 1358 286 medio,
1373 258 1402 280 ut
1418 254 1677 282 vidcatnrexercere
1685 256 1806 284 studioso

168 303 330 336 terrogat“,
352 310 407 330 non
426 306 455 329 ut
471 302 598 337 ignorans
615 311 621 329 :
647 302 699 329 hoc
711 302 784 329 enim
800 302 827 328 in
847 309 961 336 respon-

167 348 292 376 sionibus
315 349 372 375 suis
402 349 460 383 ipse
485 348 583 375 Petrus
610 348 757 375 manifeste
771 348 878 383 prohat,
892 355 961 383 quas

167 398 260 428 aperte
275 394 333 428 ipse
349 394 383 420 ad
400 393 531 420 scientem
547 393 672 428 nihilque
687 393 857 428 ignorantem
880 393 962 420 refer-

169 444 218 471 ret,
247 439 296 466 sed
319 447 372 474 qua
395 439 604 474 dispositionem
628 441 851 474 perscrutabatur
865 441 960 473 anitui,

167 485 275 513 dicebat
288 485 390 519 quippe
407 494 413 511 :
429 484 520 512 Simon
533 484 615 517 Jona,
630 494 705 512 antas
720 487 780 513 me?
795 485 897 513 Docere
911 493 961 513 nos

167 531 252 557 voluit
265 530 403 564 quomodo
419 534 671 565 perscrutaremur,
692 535 719 558 et
731 532 868 565 quomodo
884 532 960 566 judi-

165 584 292 603 caremus
308 585 316 603 :
340 583 390 610 per
415 575 586 611 frequentem
603 577 730 604 videlicet
744 577 959 612 inquisitionem.

165 622 278 656 Septem
293 627 385 653 autem
413 622 473 650 dies
489 630 544 650 non
559 622 662 650 frustra
689 622 791 658 posuit,
807 623 854 650 sed
870 628 898 650 ut
913 632 961 650 nc-

165 667 317 703 eessarium
337 667 466 702 praesenti
483 667 629 696 intentioni
644 676 789 696 numerum
804 669 959 701 honoravit,

166 713 193 739 in
210 713 270 747 ipso
284 713 385 747 quippe
399 721 481 740 omne
506 713 645 742 vinculum
673 714 817 749 omnisque
831 715 960 751 obligatio

166 766 199 785 ex
226 758 284 793 lege
306 759 439 786 cessabat.
464 759 532 786 Nam
557 761 636 788 annis
663 765 767 795 septem
783 760 959 789 Hebraeorum

166 804 342 832 relaxabatur
366 805 519 833 servitium.
537 805 652 834 iubilan
666 811 767 840 autem,
793 807 839 843 qui
853 813 958 844 septem

165 851 309 883 constabat
327 850 553 885 hebdomadibus,
569 852 691 879 omnium
705 853 806 880 .ludazis
825 854 958 881 concede-

165 895 246 923 batur
272 896 395 923 remissio
412 897 579 930 debitorum,
592 903 620 926 et
631 899 722 926 omnis
741 903 812 928 terra
827 908 921 928 eorum
941 908 956 927 a

165 941 330 976 possidentis
351 943 457 969 credito
474 943 598 975 liberata,
613 945 777 972 anteriorem
798 947 956 974 reverteba-

166 992 211 1012 tur
223 987 257 1013 ad
283 987 434 1015 dominum.
456 988 508 1016 Sed
524 993 552 1016 et
566 989 755 1025 Babylonicum
769 992 860 1026 populi
878 993 961 1027 capti-

165 1033 280 1059 vitatem
319 1035 521 1069 septuagesimo
545 1043 617 1063 anno
633 1037 783 1064 Jerusalem
807 1039 959 1066 restitutam

164 1077 250 1105 fuisse
275 1080 475 1113 .cognovimus.
505 1081 652 1116 Propterea
679 1083 775 1111 Petrus
799 1091 814 1110 a
846 1084 960 1112 Domino

164 1124 289 1160 inquirit,
305 1125 400 1152 dicens
417 1135 423 1152 :
446 1126 475 1153 Si
495 1129 639 1161 peccauerit
664 1130 691 1156 in
707 1139 747 1157 me
765 1131 849 1165 frater
875 1140 958 1164 meus,

164 1171 267 1204 quoties
278 1171 384 1198 dimitto
401 1173 435 1203 ei,
450 1181 529 1209 usque
543 1175 641 1209 septies
653 1176 665 1201 ἱ)
682 1175 731 1202 Ille
745 1181 834 1203 autem
851 1185 958 1213 respon-

164 1215 202 1241 dit
212 1215 292 1242 :Non
307 1217 365 1243 dico
377 1218 434 1250 tibi,
448 1226 529 1253 usque
544 1219 647 1253 septies,
662 1221 706 1246 sed
719 1230 799 1256 usque
812 1223 959 1258 septuagies

163 1262 301 1295 septies".
336 1263 577 1299 lnquisitionisquc
599 1266 775 1300 pusillitatem
807 1269 958 1302 reprehen-

163 1307 243 1339 dens,
258 1308 316 1335 ait:
338 1308 399 1336 Non
416 1310 474 1337 dico
489 1311 535 1337 tibi
556 1313 661 1346 septies.
683 1312 715 1340 Et
739 1313 860 1342 subdidit
882 1324 888 1341 :
907 1315 959 1342 Sed

164 1361 247 1387 usque
272 1355 421 1389 septuagies
444 1356 538 1390 septies
547 1357 581 1384 ὀ.
605 1358 675 1393 Ergo
690 1365 741 1385 nec
753 1359 793 1386 sic
807 1359 841 1386 ab
862 1361 957 1387 eodem

163 1404 254 1426 cessat
281 1407 407 1433 numero,
440 1402 486 1429 sed
517 1402 605 1437 ipsum
633 1404 825 1439 multiplicans,
850 1413 911 1433 cum
925 1414 958 1433 eo

165 1444 331 1479 multiplicat
361 1450 388 1476 et
413 1447 613 1475 remissionem.
629 1448 656 1476 Si
672 1450 733 1484 quis
747 1454 837 1478 autem
862 1459 957 1479 rursus

164 1490 296 1524 inquirat,
311 1499 391 1525 quam
407 1493 442 1519 ob
462 1501 574 1521 causam
593 1503 737 1522 numerum
762 1496 835 1524 hunc
846 1497 874 1524 in
887 1505 958 1532 prte-

163 1535 246 1562 dit-tis
270 1536 394 1571 posuerit
416 1537 553 1572 capitulis,
571 1539 683 1567 brevem
699 1540 845 1569 innuemus
869 1542 956 1570 ratio—

163 1588 228 1607 nem
244 1589 251 1607 :
268 1588 358 1609 moras
370 1582 481 1617 quippe,
498 1584 561 1611 dum
575 1585 609 1612 ad
634 1586 687 1613 alia
700 1587 854 1615 necessaria
875 1597 955 1624 urge-
970 1601 992 1631 (ι

165 1634 237 1658 mus,
266 1627 324 1654 ﬁeri
351 1632 459 1663 tempus
490 1637 545 1656 non
560 1631 673 1665 patitur.
690 1632 869 1668 Septenarius
893 1643 957 1670 ergo

165 1680 298 1699 numerus
326 1673 408 1700 totius
438 1674 538 1703 habere
565 1678 710 1710 praesentis
740 1679 803 1706 vitae
836 1681 959 1708 creditur

166 1718 376 1752 plenitudinem,
400 1728 461 1755 qua:
474 1721 501 1748 in
520 1729 550 1750 se
563 1727 667 1758 septem
689 1725 785 1753 diebus
799 1732 865 1755 rota:
879 1729 959 1756 modo

167 1764 295 1798 volvitur,
317 1773 371 1800 quo
388 1767 535 1802 completo,
551 1773 626 1796 recte
639 1778 719 1798 omne
734 1772 873 1801 vinculum
898 1782 958 1801 om-

166 1816 254 1842 neque
282 1816 424 1844 peccatum
451 1813 545 1840 saeculi
568 1820 666 1847 cessat,
682 1820 763 1851 atque
777 1825 858 1846 omne
872 1820 958 1846 servi-

167 1854 245 1881 tium.
262 1856 444 1888 Quamobrem
459 1859 574 1893 septima
592 1861 618 1887 in
630 1861 730 1889 divinis
744 1863 896 1898 Scripturis
916 1873 958 1892 re—

165 1901 242 1934 quies
257 1902 659 1938 nominatur,quemadmodum
667 1913 694 1935 et
707 1907 809 1936 Paulus
819 1909 853 1936 de
868 1910 957 1945 Moyse

165 1946 201 1972 ait
217 1956 223 1972 :
240 1947 312 1974 Dia-it
324 1950 391 1975 enim
415 1950 443 1976 in
460 1952 573 1986 quodam
597 1951 653 1979 loco
673 1953 715 1980 die
729 1955 859 1988 septima:
873 1955 918 1982 Sic
931 1960 955 1982 et

165 1993 274 2018 rrssacit
305 1993 373 2020 Deus
387 1995 419 2021 ob
442 1998 562 2026 omnibus
585 1999 705 2033 operibus
715 1999 810 2026 suis“.
826 2000 859 2027 Et
874 2000 954 2035 paulo

165 2042 224 2070 pust
239 2038 362 2066 subdidit
377 2050 382 2067 :
397 2039 447 2072 Qui
460 2046 549 2072 autem
563 2042 673 2071 intrauit
697 2043 724 2070 in
753 2044 869 2078 requiem
885 2044 953 2078 ejus,

165 2087 187 2107 rt
209 2083 264 2116 ipse
284 2085 416 2119 requievit
429 2089 470 2117 alr
490 2088 611 2122 operibus
625 2089 696 2122 suis,
722 2089 788 2116 sicut
812 2093 837 2116 et
853 2097 870 2115 a
899 2090 954 2116 suis

164 2128 232 2155 Dt'tts
240 2129 275 2155 ³³.
291 2129 345 2157 Sed
363 2135 390 2158 et
409 2132 588 2161 Ecclesiastes
601 2134 639 2161 ait
653 2143 659 2161 :
677 2134 718 2161 Da
732 2139 820 2168 partes
842 2139 952 2169 septem,

165 2181 261 2202 nucum;
291 2177 437 2212 et‘octo”.
464 2177 664 2207 Providentiam
691 2179 785 2207 haberi
810 2181 954 2215 praesentis

161 2220 253 2246 szeculi
270 2222 430 2256 prmcipiens
442 2228 468 2251 et
480 2224 574 2258 futuri,
588 2231 722 2260 quatenus
735 2229 775 2255 sic
789 2229 816 2255 in
831 2235 952 2263 praesen-

1014 300 1148 335 frcquenti
1163 301 1227 336 legis
1243 301 1418 328 meditatione
1443 301 1612 328 metnoriam.
1643 302 1682 329 De
1706 303 1806 337 quibus

1013 347 1086 374 enim
1107 347 1234 382 superius
1251 347 1330 382 plane
1347 351 1428 382 atque
1440 348 1607 375 sulirienter
1620 349 1754 383 exposuit.
1772 350 1806 377 de

1013 393 1056 420 his
1081 393 1140 420 hate
1168 401 1262 421 rursus
1285 397 1399 428 apparet
1426 394 1564 429 legislator
1585 395 1702 429 adjicere
1724 405 1731 422 :
1756 396 1805 423 sed

1013 446 1067 465 non
1083 439 1119 465 ita
1134 442 1185 470 est,
1204 447 1266 466 nam
1282 439 1332 466 etsi
1344 439 1434 466 verbis
1450 444 1491 466 est
1507 441 1670 475 proximum,
1688 441 1805 467 multum

1012 488 1103 511 tamen
1116 484 1252 512 diversam
1283 489 1364 519 atque
1391 484 1562 511 differentiam
1579 485 1660 512 habet
1674 485 1805 513 intentio-

1012 537 1084 557 nem.
1100 530 1151 558 Hie
1165 530 1300 565 siquidem
1310 538 1365 558 non
1379 530 1414 557 de
1433 531 1555 565 quolibet
1570 532 1731 566 simpliciter
1739 540 1805 567 pec-

1011 581 1082 609 cato,
1096 576 1144 603 scd
1157 576 1191 603 de
1213 576 1356 604 manifesta
1386 577 1602 612 transgressione
1627 578 1720 613 legalis
1739 579 1806 606 dicit

1012 621 1118 653 litterae,
1149 627 1262 657 propter
1283 623 1356 658 quod
1385 623 1491 658 plagam
1526 624 1618 659 leprac,
1649 625 1805 660 passionem

1012 666 1097 700 ipsam
1113 667 1271 701 appellavit.
1293 667 1352 695 Non
1368 668 1526 703 ignoramus
1547 672 1648 699 autem,
1675 670 1738 704 quia
1764 671 1805 696 le-

1002 720 1087 747 .pram
1105 713 1258 741 dixerimus
1274 714 1344 750 legis
1372 722 1433 742 esse
1457 715 1721 750 praevaricationem,
1740 717 1804 750 quia

1010 764 1091 786 nocet
1109 759 1203 792 etiam,
1224 768 1287 788 cum
1300 760 1470 796 particularis
1485 761 1530 793 sit,
1548 761 1618 788 sicut
1638 761 1724 796 lt-pra,
1743 763 1806 790 licet

1009 812 1119 839 parvam
1126 810 1231 840 partem
1244 807 1458 842 comprehendat
1469 807 1600 842 corporis.
1615 807 1701 840 Quam
1719 800 1803 843 legem

1009 853 1100 877 autem
1116 850 1282 878 existimavit
1296 851 1456 886 propriam?
1469 851 1528 879 Non
1539 860 1610 882 eam.
1629 860 1689 887 quae
1710 857 1752 879 est
1768 853 1802 879 de

1011 895 1111 922 invidia
1128 896 1316 930 et'adulterio,
1338 897 1486 932 rapacitate
1508 903 1537 925 et
1561 898 1690 932 avaritial,
1720 903 1746 925 (ιι
1770 899 1804 925 (ευ

1012 940 1178 969 honorandis
1196 942 1365 977 parentibus,
1382 950 1445 969 nam
1461 943 1556 969 similis
1571 943 1615 969 lex
1625 948 1684 970 erat
1694 948 1721 970 et
1736 951 1802 977 gen-

1013 987 1102 1019 tibus;
1116 988 1164 1015 sed
1181 995 1251 1021 eam,
1267 982 1328 1023 quae
1346 989 1379 1016 de
1391 988 1533 1016 sacrificiis
1553 993 1580 1016 et
1605 989 1802 1023 purificatiott’-

1012 1033 1063 1060 bus
1074 1034 1235 1061 sanciebat:
1260 1034 1320 1062 Non
1345 1039 1449 1071 tangas,
1465 1043 1519 1062 non
1541 1040 1643 1070 gustcs,
1663 1044 1716 1062 non
1735 1044 1802 1062 mn-

1013 1081 1113 1105 trectes
1127 1085 1198 1112 eam,
1217 1086 1278 1113 quae
1299 1079 1456 1106 circumcidi
1478 1087 1589 1106 carnem
1613 1080 1718 1114 jubeat.
1738 1080 1802 1107 llzec

1011 1123 1083 1150 enim
1095 1124 1245 1159 erantejtts
1264 1124 1385 1159 propria,
1410 1133 1472 1152 cum
1492 1126 1618 1160 gentibus
1628 1127 1799 1153 communio-

1012 1174 1076 1194 nem
1086 1175 1142 1194 non
1159 1167 1298 1195 habentia.
1318 1168 1346 1195 Si
1374 1177 1438 1204 ergo
1469 1170 1546 1205 plaga
1565 1171 1646 1204 hujus
1673 1170 1754 1204 leprze
1774 1171 1802 1198 in

1012 1213 1121 1241 homine
1136 1217 1195 1242 orta
1204 1214 1295 1247 fuerit,
1306 1220 1335 1242 et
1349 1215 1444 1242 videns
1467 1223 1529 1242 eutn
1555 1216 1692 1248 sacerdos,
1710 1217 1801 1244 album

1010 1259 1131 1287 colorem
1142 1260 1168 1287 in
1183 1265 1246 1288 cute
1267 1262 1446 1296 perspexerit,
1474 1263 1728 1296 praevaricationem
1745 1271 1803 1290 ma-

1010 1304 1148 1338 nifestam,
1185 1310 1364 1340 apertamque
1386 1306 1557 1340 litterteillar,
1575 1315 1636 1342 quae
1663 1308 1802 1335 voluntate

1010 1355 1091 1384 atque
1104 1357 1137 1377 ex
1153 1350 1244 1377 studio
1259 1351 1363 1386 egerit:
1388 1351 1439 1378 hoc
1449 1351 1522 1378 enim
1553 1359 1613 1379 esse
1642 1352 1802 1386 capillorum

1010 1399 1150 1430 aspectum
1168 1396 1196 1422 in
1213 1396 1306 1424 album
1319 1397 1428 1428 mutari,
1448 1397 1475 1424 id
1503 1401 1555 1430 est,
1572 1402 1665 1432 aperte
1681 1398 1802 1424 animum

1009 1440 1036 1468 in
1048 1441 1137 1476 aliqua
1153 1442 1377 1476 praevaricatione
1409 1443 1560 1476 transferri,
1586 1443 1713 1479 superius
1730 1444 1803 1470 dixi-

1010 1493 1081 1514 mus.
1099 1486 1287 1514 Habetautem
1307 1487 1366 1522 ipsa
1383 1488 1488 1523 species
1515 1488 1607 1516 vivam
1626 1495 1748 1521 carnem,
1773 1493 1803 1516 ut

1010 1532 1056 1567 qui
1076 1533 1216 1566 videlicet,
1241 1534 1294 1561 etsi
1310 1534 1337 1560 in
1352 1534 1444 1568 aliquo
1460 1534 1668 1570 transgreditur,
1695 1535 1723 1562 in
1743 1535 1803 1562 aliis

1010 1582 1102 1606 tamen
1117 1579 1203 1614 legem
1218 1579 1350 1607 defendit.
1367 1580 1452 1613 Quam
1466 1580 1568 1608 frustra
1582 1588 1677 1608 sanam
1691 1575 1802 1609 carnem

1012 1625 1169 1660 appellaret,
1181 1626 1235 1653 nisi
1250 1630 1278 1653 et
1296 1626 1392 1653 beatus
1400 1626 1500 1654 Paulus
1513 1627 1552 1654 sic
1568 1627 1641 1654 illam
1651 1627 1803 1662 appellasse

1011 1671 1162 1705 videretur,
1176 1672 1216 1699 ait
1236 1672 1311 1713 enim
1341 1682 1348 1700 :
1381 1672 1587 1707 Justiﬁcatioues
1616 1674 1703 1700 carnis
1723 1682 1804 1709 usque

1011 1717 1047 1744 ad
1061 1722 1161 1753 tempus
1175 1719 1343 1746 correctionis
1354 1719 1489 1750 imponitis
1509 1719 1542 1746 “.

1046 1763 1131 1798 Lepra
1142 1765 1318 1792 vetustissima
1329 1765 1504 1800 judicabitur.
1527 1765 1708 1794 Consenescit
1728 1766 1803 1793 enim

1010 1814 1132 1844 peccato,
1147 1815 1175 1838 et
1189 1811 1386 1846 corrumpitur,
1410 1811 1474 1846 quia
1497 1819 1615 1847 pugnam
1630 1812 1658 1839 in
1675 1820 1703 1839 se
1715 1813 1803 1839 conti-

1009 1863 1103 1889 nuam,
1116 1859 1143 1883 et
1161 1855 1247 1884 rixam
1262 1857 1355 1889 habet,
1370 1857 1435 1883 dum
1447 1857 1474 1884 in
1483 1857 1621 1892 aliquibus
1648 1858 1735 1892 legem
1755 1858 1802 1884 do-

1008 1900 1098 1935 spicit,
1110 1901 1137 1928 in
1151 1902 1289 1935 aliquibus
1300 1902 1436 1930 defendit.

1011 1968 1014 1970 .
1044 1946 1155 1980 Propter
1161 1948 1230 1982 quod
1244 1956 1304 1974 eum
1317 1949 1481 1975 contaminat
1490 1949 1612 1976 sacerdos
1622 1953 1646 1975 et
1656 1957 1707 1976 non
1717 1950 1802 1976 reclu-

1007 1992 1055 2020 dit.
1065 1992 1113 2021 Vel
1123 1993 1193 2020 sicut
1205 1993 1285 2026 LXX,
1299 1998 1322 2020 et
1331 1998 1449 2027 separat,
1458 1994 1521 2028 quia
1534 1994 1802 2028 perspicuaimmun-

1006 2037 1071 2064 ditia
1084 2042 1135 2065 est.
1145 2037 1285 2070 Quomodo
1297 2038 1371 2065 enim
1384 2047 1438 2066 non
1448 2039 1641 2066 abominabilis
1649 2044 1676 2066 et
1687 2040 1802 2067 immun-

1006 2082 1057 2110 dus
1073 2087 1126 2115 est,
1138 2083 1185 2118 qui
1195 2083 1281 2118 legem
1294 2084 1449 2117 inhonorat,
1459 2092 1539 2119 quam
1549 2085 1606 2120 ipse
1617 2085 1666 2113 sibi
1678 2093 1802 2114 necessa-

1007 2129 1074 2162 riam
1082 2136 1143 2157 esse
1150 2136 1182 2157 ex
1190 2133 1266 2164 parte
1275 2130 1462 2162 custodiendo.
1471 2130 1615 2158 conﬁrmat
1625 2131 1637 2157 ?
1649 2131 1716 2164 Quia
1728 2132 1801 2159 enim

1010 2175 1068 2203 haec
1081 2175 1108 2203 in
1117 2175 1349 2210 subsequentibus
1359 2176 1492 2211 planiora,
1510 2176 1645 2212 nimisque
1658 2178 1801 2206 manifesta

1005 2220 1082 2254 fiunt,
1092 2221 1126 2249 ad
1133 2229 1165 2249 ea
1171 2221 1229 2256 ipsa
1235 2229 1285 2249 nos
1291 2222 1347 2257 jam
1355 2223 1451 2250 ordine
1458 2224 1637 2258 compellente
1647 2232 1799 2260 pergamus.

164 2265 180 2291 ti
207 2267 309 2294 szeculo
323 2268 456 2301 vivamus,
483 2270 555 2298 sicut
566 2277 759 2306 exspectantes
773 2274 905 2301 futurum.
921 2274 954 2302 Et
970 2275 992 2303 ι)
1043 2266 1124 2294 VERS-
1135 2268 1231 2296 42‘”-
1246 2277 1255 2294 ‘
1285 2268 1334 2295 Si“
1352 2273 1445 2296 amem
1473 2268 1624 2297 θίῘῙθΓυθΓίι
1643 2270 1802 2297 discurrens

164 2312 220 2339 haec
245 2314 356 2347 quidem
383 2315 418 2342 ita
443 2324 472 2343 se
485 2317 597 2351 habent,
612 2319 660 2346 sed
673 2327 734 2346 cum
751 2321 846 2356 majori
860 2320 954 2348 studio

163 2363 226 2384 sunt
239 2359 409 2387 diseuticntla
425 2363 578 2396 sequentia.

199 2403 278 2430 Vens.
293 2405 369 2432 9-H.
384 2414 394 2431 ι
412 2406 491 2442 Plaga
511 2408 592 2443 lepra:
625 2409 647 2436 si
664 2409 746 2437 fuerit
775 2410 803 2436 in
832 2411 952 2443 homine,

162 2449 311 2477 adducetur
326 2452 359 2478 ad
380 2453 559 2485 sacerdotem,
577 2458 605 2481 et
620 2455 724 2482 videbit
742 2463 815 2483 cum.
832 2456 954 2492 Cumque

162 2501 177 2520 c
189 2494 234 2520 dor
248 2494 362 2531 albusin
380 2501 442 2523 cute
462 2496 553 2529 fuerit,
580 2502 608 2525 et
626 2498 785 2533 capillorum
807 2501 954 2527 mutaverit

163 2546 314 2574 aspectum,
337 2541 395 2577 ipsa
409 2551 517 2578 quoque
533 2552 598 2572 caro
618 2545 678 2572 viva
701 2546 853 2580 apparebit.
879 2546 953 2581 lepra

162 2586 343 2612 vetustissima
357 2587 538 2621 indicabitur,
561 2593 641 2626 atque
652 2590 747 2618 inclita
770 2591 836 2618 cuti.
852 2591 953 2618 Conta-

163 2630 275 2657 tninabit
292 2631 384 2671 itaque
397 2640 458 2660 eutn
473 2634 610 2662 sacerdos.
627 2639 654 2663 et
669 2643 723 2663 non
743 2635 876 2667 recludet,
890 2637 953 2671 quia

163 2676 304 2710 perspicue
319 2677 491 2706 immunditia
501 2685 551 2708 est.
571 2689 579 2705 ι

195 2719 319 2759 Non_tibi
337 2723 534 2759 videturquasi
562 2726 717 2761 superﬂuus
729 2734 790 2755 esse
814 2728 953 2763 legislator

164 2764 310 2801 cadentque
327 2774 456 2802 repetens
474 2770 501 2796 in
523 2771 574 2798 hoc
586 2776 667 2806 atque
694 2773 790 2800 eodem
802 2773 883 2804 libro,
904 2773 952 2800 sed

1009 2313 1082 2347 lepra
1099 2312 1126 2340 in
1142 2317 1215 2346 cute,
1225 2317 1252 2341 et
1268 2315 1409 2349 operuerit
1423 2321 1533 2342 omnem
1562 2319 1653 2342 cutem
1675 2323 1691 2342 a
1712 2316 1801 2351 capite

1009 2367 1094 2394 usque
1109 2360 1144 2387 ad
1156 2361 1250 2394 pedes,
1270 2365 1297 2387 et
1307 2360 1439 2396 quidquid
1464 2361 1516 2389 sub
1530 2366 1643 2396 aspectu
1657 2362 1800 2390 oculorum

1008 2406 1089 2437 cadit,
1103 2406 1287 2434 considerabit
1306 2414 1369 2434 eum
1396 2408 1534 2441 sacerdos,
1559 2412 1586 2435 et
1610 2407 1697 2435 teneri
1725 2408 1800 2443 lepra

1008 2452 1340 2487 mundissimajudicabit,
1362 2454 1476 2488 eoquod
1490 2454 1579 2482 omnis
1595 2454 1622 2481 in
1651 2455 1800 2483 candorem

1008 2504 1084 2525 versa
1099 2497 1143 2525 sit.
1156 2497 1189 2524 Et
1200 2498 1301 2525 idcirco
1313 2498 1395 2526 homo
1405 2499 1523 2527 mundus
1533 2499 1594 2527 erit.
1611 2499 1726 2532 Quando
1735 2507 1800 2527 vero

1007 2551 1071 2570 caro
1082 2543 1178 2571 vivens
1194 2545 1221 2570 in
1240 2551 1273 2571 eo
1289 2545 1457 2579 apparuerit,
1473 2549 1540 2573 tunc
1562 2546 1713 2574 sacerdotis
1725 2546 1800 2581 judi-

1007 2590 1049 2617 cio
1060 2589 1206 2624 polluetur,
1220 2595 1248 2617 et
1271 2590 1506 2619 interimmundos
1517 2593 1698 2627 reputabitur.
1730 2592 1802 2621 Caro

1007 2636 1080 2663 enim
1091 2637 1160 2670 viva,
1173 2637 1194 2664 si
1206 2637 1282 2671 lepra
1294 2642 1464 2673 aspergatur,
1484 2639 1626 2667 immunda
1642 2643 1695 2667 est.
1722 2639 1800 2672 Quod

1007 2681 1028 2708 si
1042 2690 1137 2710 rursus
1150 2690 1227 2710 versa
1244 2682 1324 2710 fuerit
1343 2683 1371 2710 in
1400 2684 1554 2712 albedinem
1564 2690 1591 2712 et
1605 2689 1692 2713 totum
1710 2682 1800 2713 homii

1006 2736 1070 2756 nem
1085 2729 1236 2764 operuerit,
1253 2729 1438 2757 considerabit
1452 2738 1514 2758 ettm
1529 2732 1656 2759 sacerdos
1673 2737 1699 2759 et
1716 2739 1799 2759 mun-

1007 2775 1070 2801 dum
1082 2783 1142 2803 esse
1158 2775 1297 2804 decernet.
1317 2785 1327 2801 ι

166 2869 219 2912 “1"
235 2871 320 2912 _Jnan.
339 2881 396 2912 an,
413 2875 507 2902 l547.
545 2876 568 2892 ”
584 2874 677 2904 Matth.
692 2885 771 2910 xvm,
783 2878 828 2905 Sil.
877 2878 900 2894 "
917 2860 983 2906 ibid.
1002 2879 1047 2906 22.
1097 2880 1116 2895 "
1136 2879 1219 2908 Hebr.
1242 2886 1278 2912 tv,
1291 2880 1318 2907 4.
1372 2881 1394 2897 ⁹¹
1408 2881 1475 2909 ibid.
1487 2880 1529 2908 10.
1574 2882 1597 2897 ’⁸
1613 2880 1701 2909 Ecclc.
1718 2889 1755 2912 xt,
1767 2880 1795 2908 2.

180 2900 265 2932 ’Πετιιτ
288 2915 326 2939 lx,
340 2909 362 2934 l.

262 2954 401 2985 PA't‘ROt..
417 2956 475 2985 Gn.
491 2956 594 2987 XClll.

1595 2961 1632 2993 30
