2052 3146
255 167 308 200 939

858 159 1038 189 ilESYCHII
1056 159 1292 190 PRESBYTER]

1836 162 1893 194 940

289 220 350 249 Non
360 226 469 255 egemus
485 216 576 245 multis
589 214 761 242 sermonibus
777 212 805 240 itt
821 213 963 248 przesentis
991 213 1043 240 loci
1059 217 1080 245 Α
1096 215 1194 249 {rustra
1209 216 1382 242 laboraverint
1396 216 1422 242 in
1436 216 1503 243 vobis
1513 216 1532 249 ⁸,
1549 216 1581 243 Et
1595 223 1688 244 rursus
1703 226 1708 243 :
1727 216 1777 249 Qui
1791 218 1819 244 in
1835 218 1893 253 ltyc

255 267 444 304 expositione;
459 263 601 298 sequentia
616 261 763 296 Prioribus:
781 263 808 286 Cl
822 259 912 293 ρτὶοπθ
927 266 1045 293 εοψιειι-
1093 263 1289 298 justiﬁcamini,
1301 273 1317 291 a
1334 265 1420 300 gratia
1433 265 1576 292 excessistis
1587 266 1608 292 ¹.
1622 265 1659 292 De
1672 265 1795 293 Judaicis
1808 267 1890 293 etiam

257 316 327 342 tibus
342 313 375 340 ad
389 310 641 345 interpretationem
657 311 835 333 concurrunt.
853 304 1045 339 Propter-quod

255 360 371 388 Jacobus
383 357 508 385 dicebat:
529 354 624 382 Omnis
645 352 795 388 prophetiae
812 351 953 386 Scriptura
983 359 1047 386 pro-

255 405 314 440 pria
341 401 568 438 interpretatione
596 407 652 426 non
686 399 715 424 lit
739 406 746 423 :
775 404 943 431 unaquthue
972 396 1046 422 enim

255 451 370 478 maxime
385 458 418 477 ex
437 445 669 482 consequetttibus
691 443 862 479 explanatur.
877 442 991 477 Lepram
1019 442 1046 469 in

255 501 318 524 cute
335 495 481 523 didicimus
503 492 597 528 legalis
619 497 681 517 esse
712 489 810 515 litterae
840 488 1046 522 praevaricatio-

256 551 329 570 nem.
347 541 420 569 Bene
435 545 527 568 autent
553 540 631 571 dixit,
650 539 677 565 in
691 543 765 570 cute,
783 538 845 572 quia
863 537 1043 564 Saltbatorun‘

256 588 442 620 circumcisio,
472 587 515 614 vel
543 586 774 621 puriﬁcatiottuut,
798 592 859 619 qua:
889 592 937 618 per
959 584 1046 618 legem

256 634 427 666 saneiuntur,
444 632 634 667 transgressio,
646 639 701 658 non
716 631 833 657 atl‘erunt
848 629 944 656 animo:
959 629 1048 656 laesio-

257 687 320 706 nem
335 688 340 704 :
357 683 466 706 coercet
482 678 583 712 quippe
596 677 663 712 legis
675 677 766 703 littera
795 676 963 703 exteriorem
995 675 1046 701 lto-

257 727 369 753 ntinem.
383 725 411 752 Si
428 733 492 760 ergo
509 725 604 752 cadent
628 724 702 759 lepra
722 727 793 758 tegat
806 729 914 750 omnem
944 726 1045 754 cutem,

257 780 271 799 a
287 772 375 807 capite
394 779 480 805 usque
493 771 526 797 ad
540 770 633 805 pedes,
646 774 674 796 et
697 769 828 804 quidquid
860 768 911 795 sub
935 771 1045 802 aspectu

257 818 397 845 oculorum
412 817 562 844 sacerdotis
579 816 661 849 cadit,
675 815 804 842 mundum
832 821 894 841 eum
912 814 1045 841 decernit.

257 865 285 891 Si
300 865 371 891 ettim
385 864 518 899 quispiam
532 871 547 890 a
562 867 618 890 tota
642 863 709 898 legis
721 863 818 889 littera:
833 862 942 888 recedat
954 865 1046 888 custo-

258 909 311 942 dia,
328 912 354 935 et
371 916 460 942 neque
477 907 712 934 circumcisionem
725 914 813 941 neque
830 906 951 933 ciborutn
967 905 1048 932 ditto-

258 953 385 986 rcntiam,
402 960 491 987 neque
503 952 683 979 Sabbatorum
695 951 858 984 custodiam,
881 957 932 977 nec
961 950 1047 984 pollu-

259 1000 373 1032 tionunt,
392 1003 440 1026 aut
454 998 661 1031 sacriﬁciorum,
680 1002 727 1024 aut
751 997 905 1032 aliquorutn
931 996 1047 1023 aliorum

258 1045 354 1072 talium
366 1049 492 1072 exerceat
502 1051 596 1079 opera,
631 1043 679 1070 sed
703 1043 737 1070 ab
764 1043 892 1070 ontnibus
919 1041 1048 1076 legalibus

258 1091 401 1118 clementis
430 1090 548 1123 recedat,
563 1095 645 1124 atque
660 1098 675 1116 a
691 1089 781 1123 capite
810 1096 896 1123 usque
908 1087 942 1114 ad
954 1087 1047 1122 pedes,

258 1144 272 1164 ι
287 1137 374 1172 primo
389 1136 516 1163 videlicet
532 1143 617 1171 usque
631 1136 664 1162 ad
679 1135 804 1162 ultitnunt
821 1135 918 1161 itorunt
934 1134 1048 1161 manda-

258 1188 359 1215 t0ruut,
372 1184 406 1209 ad
421 1183 532 1210 meliora
551 1182 704 1210 cucurrerit
720 1185 801 1216 atque
817 1180 991 1216 perfectiora,
1003 1180 1043 1207 fe-

259 1229 380 1262 ceritque
390 1229 440 1255 hoc
455 1228 482 1254 in
496 1232 645 1262 conspectu
657 1227 818 1259 sacerdotis,
836 1226 863 1253 id
883 1231 924 1253 est
934 1226 1047 1258 Christi,

259 1279 289 1300 ut
303 1275 360 1308 ipse
375 1274 470 1301 videns
484 1273 728 1307 transgressionem
745 1272 977 1307 imperiectorum,
989 1280 1050 1299 sus-

259 1319 350 1352 cipiat,
370 1318 455 1346 teneri
473 1326 536 1346 eum
551 1319 625 1353 lepra
651 1318 829 1346 mundissima
850 1318 992 1352 iudicabit,
1017 1326 1050 1345 eo

260 1364 333 1399 quod
347 1364 437 1390 omnis
453 1363 479 1390 in
496 1363 643 1390 candorem
667 1371 745 1390 versa
762 1363 813 1396 sit;
840 1363 873 1390 ad
898 1363 1050 1389 claritatem

261 1409 386 1436 videlicet
402 1408 446 1435 hic
460 1408 655 1442 semetipsum,
672 1407 705 1435 ad
730 1407 915 1443 evangelicam
933 1415 1050 1435 conver—

260 1456 392 1483 sationem
411 1454 558 1487 transtulit,
577 1454 651 1481 sicut
662 1454 743 1481 modo
756 1454 857 1481 auditis
871 1461 877 1479 :
895 1453 992 1480 Luceat
1007 1453 1052 1480 tua:

260 1506 344 1529 vestra
364 1509 453 1528 carata
478 1500 625 1528 hominibus
635 1500 669 1528 “.
698 1499 731 1527 lt't
756 1507 853 1527 rursus
881 1509 887 1526 :
922 1499 995 1526 Sicut
1024 1500 1052 1526 in

260 1549 301 1574 die
340 1549 445 1574 honeste
484 1546 649 1574 ambulemus
666 1546 700 1573 ".
738 1545 855 1581 Propter
892 1545 965 1580 quod
1004 1544 1052 1572 ﬁlii

263 1594 340 1627 lucis,
378 1602 432 1621 non
471 1593 561 1620 noctis
585 1600 675 1628 neque
708 1593 881 1620 tenebrarum
906 1592 1052 1620 nominan-

264 1646 318 1666 tur.

297 1684 371 1717 Quod
383 1685 407 1712 si
422 1693 483 1712 caro
495 1685 552 1712 viva
566 1685 594 1711 in
608 1693 639 1712 ea
651 1685 818 1720 apparuerit.
836 1685 864 1712 ld
879 1689 932 1718 est,
958 1685 1053 1713 Judai-

263 1739 325 1758 cum
341 1731 511 1764 mattdatum,
529 1731 591 1765 quia
618 1731 739 1758 viventia
768 1739 823 1758 non
845 1736 957 1767 propter
978 1731 1052 1759 acci-

263 1780 381 1814 pientes,
397 1779 444 1806 sed
460 1783 573 1814 propter
584 1778 680 1806 dantes
703 1778 748 1806 illa
775 1783 907 1814 putantur
934 1779 1052 1814 eloquia,

263 1824 450 1860 magisautetn
462 1829 489 1851 et
503 1828 613 1859 propter
637 1824 814 1859 accipientes.
839 1824 867 1851 Si
901 1825 1052 1852 secundum

265 1869 340 1897 illum
352 1869 472 1902 modum,
484 1877 544 1904 qua:
559 1869 621 1897 data
633 1873 708 1903 sunt,
722 1868 922 1903 custodiantur,
940 1878 1054 1898 necesse

264 1921 315 1949 est,
327 1920 358 1943 ut
371 1916 416 1950 qui
435 1923 486 1943 nec
506 1916 564 1945 haec
576 1920 716 1951 operatur,
748 1924 838 1951 neque
853 1916 898 1943 illa
918 1924 934 1943 a
954 1917 1054 1951 quibus

265 1962 387 1995 recessit,
402 1962 548 1997 polluatur.
563 1962 617 1990 Sed
634 1962 775 1997 utriusque
790 1962 980 1997 probationem
988 1970 1054 1997 pro-

265 2007 393 2036 teramus.
423 2007 548 2035 Viventis
573 2007 685 2043 quidem
714 2009 778 2044 quia
801 2009 929 2036 dicantur
957 2009 1053 2044 legalis

264 2053 418 2081 Jmlzeorum
431 2053 568 2086 mandata,
585 2053 727 2081 audiamus
739 2053 910 2089 Stephanum
921 2054 955 2081 de
964 2053 1054 2089 Moyse

264 2100 364 2126 Iudaeis
377 2100 531 2126 dicentem:
550 2099 601 2126 llic
617 2105 653 2126 est
676 2101 721 2135 qui
745 2101 794 2135 fuit
816 2101 844 2127 in
870 2100 998 2131 Ecclesia,
1025 2100 1064 2129 int

265 2153 350 2171 eremo
366 2153 424 2170 cum
439 2144 543 2180 angelo,
557 2146 602 2180 qui
613 2144 767 2180 loquebatur
789 2146 812 2172 ei
826 2146 853 2172 in
876 2150 962 2172 monte
976 2144 1052 2178 Sina,

265 2194 288 2216 et
304 2197 361 2215 cum
375 2190 494 2223 patribus
509 2191 616 2223 nostris,
632 2191 677 2225 qui
708 2191 819 2225 suscepit
833 2191 910 2218 verba
940 2190 1054 2217 viventia

1065 890 1084 919 Ii

1098 310 1289 338 traditionibus
1298 311 1354 338 ait:
1369 310 1396 338 Si
1412 312 1483 338 enim
1499 319 1559 346 quae
1576 311 1709 344 dcstruxi,
1723 313 1782 339 ltzrc
1794 313 1889 340 eadem

1097 354 1194 382 iterum
1220 355 1365 388 reseditico,
1383 361 1610 391 transgressorem
1633 363 1675 382 me
1694 357 1840 384 constituo.

1132 401 1205 433 Quod
1219 403 1241 428 si
1254 402 1325 428 color
1341 410 1430 429 sanus.
1453 401 1509 428 lloe
1524 407 1566 428 est
1589 402 1663 428 enirn
1679 403 1785 435 vivens,
1806 410 1892 430 sanus

1097 452 1188 474 autent
1207 447 1307 474 dicitur
1331 448 1480 474 secundum
1503 447 1658 474 Judasorum
1682 448 1891 476 aestimationem

1097 498 1178 526 atque
1190 493 1303 527 legalem
1316 492 1601 528 comprehensionem,
1613 501 1667 520 tton
1683 499 1774 520 autem
1787 502 1891 522 secun-

1098 539 1162 565 dunt
1180 539 1332 565 veritatem.

1132 584 1284 617 Rz‘cesst’ril,
1302 590 1469 620 mutatusque
1488 585 1568 620 fuerit
1587 586 1615 612 in
1641 585 1740 612 album.
1756 585 1786 612 Id
1802 589 1844 613 est
1863 586 1890 613 in

1098 630 1310 657 ecclesiasticam
1334 630 1582 663 conversationem,
1601 631 1692 658 veniet
1709 631 1743 658 ad
1763 631 1890 658 sacerdo-

1099 679 1163 708 tem,
1177 676 1327 708 Christum,
1342 681 1368 703 et
1384 677 1514 703 mundum
1531 684 1595 703 cum
1614 683 1675 703 esse
1699 676 1832 709 decernit,
1846 684 1885 704 ve

1097 722 1170 748 niam
1186 722 1280 756 primae
1295 722 1449 749 concedens
1464 722 1596 755 infantiae,
1609 723 1703 750 eadem
1718 723 1824 750 ratione
1837 731 1891 757 qua

1099 772 1171 795 totus
1187 768 1309 803 leprosos
1324 776 1356 795 ex
1371 769 1555 802 multitudine,
1566 778 1625 804 qua:
1645 774 1756 804 putatur
1768 770 1891 796 immun-

1098 813 1180 846 ditiae,
1192 814 1341 840 secundum
1357 814 1452 849 legero,
1467 814 1586 841 mundus
1593 814 1717 842 eme-itur.
1730 815 1767 841 lla
1778 819 1806 842 et
1815 815 1892 850 plebs

1098 859 1131 886 de
1145 860 1279 894 gentibus,
1296 860 1323 887 in
1339 860 1511 888 multitudine
1530 861 1732 895 etperfectione
1746 860 1837 896 legalis
1846 861 1892 888 lit-

1100 911 1173 938 terte,
1194 906 1425 940 praevaricationis
1450 906 1550 933 munda
1570 914 1619 941 per
1633 907 1718 940 ipsam
1731 906 1818 941 legem
1833 906 1893 933 elli-

1098 952 1180 984 citur,
1199 959 1259 985 quae
1277 959 1332 978 nott
1350 952 1479 984 litteram,
1512 952 1560 979 sed
1592 952 1741 987 spiritalem
1771 953 1892 980 mandati

1099 997 1196 1031 qua-rit
1218 997 1437 1032 intelligentiam.

1134 1043 1217 1071 Vens.
1231 1043 1325 1071 18-25.
1346 1053 1355 1069 ¢
1373 1044 1446 1072 Caro
1455 1045 1563 1072 eteutis
1582 1044 1610 1071 in
1622 1052 1675 1079 qua
1693 1045 1769 1072 ulcus
1796 1050 1892 1072 natum

1099 1095 1150 1123 est,
1165 1096 1192 1117 et
1206 1094 1341 1123 sanatum,
1355 1095 1382 1118 et
1402 1091 1431 1117 in
1445 1091 1505 1118 loco
1527 1091 1627 1118 ulceris
1638 1091 1747 1118 cicatrix
1760 1099 1893 1126 apparue-

1100 1136 1136 1162 rit
1148 1136 1219 1166 alba,
1234 1136 1292 1166 sive
1305 1135 1417 1163 subruta
1435 1136 1596 1168 adducetur,
1615 1137 1696 1163 homo
1710 1136 1745 1164 ad
1760 1136 1893 1163 sacerdo-

1100 1186 1167 1208 tem.
1182 1181 1232 1214 Qui
1249 1190 1310 1209 cum
1320 1182 1417 1210 viderit
1430 1183 1518 1210 locant
1530 1183 1613 1217 lepra:
1625 1182 1794 1210 humiliorem
1809 1190 1894 1210 carne

1101 1226 1213 1260 reliqua,
1232 1231 1259 1253 et
1270 1227 1338 1261 pilos
1355 1234 1449 1254 versos
1466 1227 1493 1254 in
1519 1228 1678 1260 candorem,
1693 1228 1894 1255 contaminabtt

1101 1280 1163 1300 eum
1180 1282 1186 1299 ε
1208 1273 1285 1308 plaga
1302 1273 1376 1300 enim
1391 1273 1472 1308 lepra:
1491 1278 1550 1300 orta
1565 1278 1607 1300 est
1621 1273 1647 1300 itt
1664 1274 1764 1301 ulcere.
1777 1274 1854 1306 Quod
1869 1274 1892 1301 si

1101 1317 1172 1351 pilus
1187 1317 1285 1344 coloris
1298 1323 1337 1345 est
1352 1317 1472 1353 pristini,
1490 1321 1518 1344 et
1533 1318 1647 1345 cicatrix
1657 1318 1838 1350 subobscura,
1865 1323 1894 1346 et

1102 1362 1191 1390 vicina
1204 1370 1269 1390 caro
1283 1370 1338 1389 non
1354 1366 1397 1390 est
1413 1363 1552 1396 humilior,
1573 1363 1696 1390 recludet
1707 1371 1769 1390 eunt
1783 1368 1890 1398 septem

1101 1409 1208 1440 diebus,
1223 1409 1286 1436 etsi
1310 1409 1420 1443 quidem
1441 1409 1569 1441 creverit,
1591 1409 1759 1444 adjudicabit
1772 1417 1835 1436 eum
1855 1409 1894 1435 le-

1102 1465 1168 1492 prae.
1184 1456 1232 1483 Sin
1244 1460 1334 1484 autem
1352 1455 1458 1483 steterit
1474 1455 1501 1482 in
1524 1455 1584 1483 loco
1595 1462 1654 1488 suo,
1681 1455 1779 1482 ulceris
1797 1459 1840 1482 est
1851 1455 1893 1482 ci-

1104 1502 1199 1534 catrix,
1218 1507 1246 1529 et
1261 1502 1344 1529 homo
1365 1501 1484 1529 mundus
1496 1501 1560 1528 erit.
1579 1510 1587 1526 ι

1066 1557 1089 1587 C
1139 1547 1219 1575 Beata
1237 1551 1280 1575 est
1291 1547 1420 1575 continua
1434 1546 1500 1582 legis
1518 1547 1669 1580 meditatio,
1682 1551 1763 1582 atque
1776 1554 1895 1574 conver-

1106 1592 1184 1625 satio,
1203 1592 1357 1626 habercque
1376 1599 1483 1627 semper
1499 1592 1526 1618 in
1542 1592 1668 1619 manibus
1683 1593 1851 1624 thesaurum,
1861 1600 1895 1620 ex

1106 1646 1160 1673 quo
1174 1637 1338 1673 cognitionis
1349 1637 1396 1665 Dei
1407 1638 1560 1672 procedunt
1575 1638 1689 1665 divitian
1710 1637 1895 1670 Quamobrem

1106 1691 1157 1711 nos
1165 1691 1273 1718 quoque
1283 1691 1344 1710 cum
1360 1683 1433 1710 omni
1445 1683 1545 1716 studio,
1564 1690 1595 1709 ea
1610 1690 1671 1718 qua
1686 1690 1759 1710 nunc
1772 1687 1838 1710 suttt
1867 1683 1896 1710 in

1106 1730 1196 1757 littera
1207 1729 1328 1761 latentia,
1352 1729 1550 1763 perquiramus.
1561 1728 1650 1766 Ulcus
1664 1733 1758 1756 natum
1774 1734 1802 1756 et
1814 1737 1892 1756 sana-

1107 1781 1175 1809 tutn,
1187 1785 1235 1811 per
1243 1775 1434 1811 posuitentiam
1454 1780 1578 1802 curatum
1594 1780 1737 1810 peccatunt
1757 1780 1808 1802 est.
1824 1775 1898 1808 Quid

1106 1822 1229 1850 enimsic
1246 1821 1506 1853 vulneratanimam,
1521 1826 1548 1849 et
1559 1822 1677 1856 complet
1692 1821 1816 1854 maculis,
1828 1830 1894 1856 quo-

1106 1868 1188 1895 modo
1198 1867 1357 1902 peccatum?
1369 1867 1446 1894 Unde
1463 1872 1492 1894 et
1509 1867 1593 1894 David
1615 1867 1722 1894 dicebat
1748 1876 1754 1893 :
1783 1867 1901 1901 Campu-

1107 1918 1236 1946 truerunt,
1246 1919 1271 1940 et
1284 1913 1507 1940 deterioraverunt
1528 1914 1663 1940 cicatrices
1687 1922 1762 1947 mete,
1785 1922 1801 1939 a
1830 1915 1899 1948 facie

1106 1959 1263 1994 insipientia
1282 1967 1345 1986 mea
1355 1959 1376 1986 ³.
1402 1958 1472 1992 Quid
1495 1963 1587 1986 autem
1602 1967 1698 1986 rursus
1708 1962 1785 1986 curat
1799 1959 1900 1987 animo:

1108 2005 1227 2032 vulnus?
1242 2005 1302 2038 Quo
1321 2009 1431 2040 oportet
1446 2004 1527 2033 modo
1547 2010 1655 2040 peracta
1669 2005 1842 2040 pmnitentia.
1859 2005 1898 2031 lo-

1107 2059 1156 2078 cus
1172 2051 1254 2086 hujus
1270 2051 1392 2079 vulneris
1403 2055 1446 2079 est
1464 2052 1535 2079 actio
1543 2055 1570 2078 et
1580 2051 1724 2078 consilium
1734 2051 1808 2078 circa
1825 2051 1899 2086 quod

1108 2101 1248 2131 peccatum
1263 2102 1370 2132 gestum
1384 2101 1435 2130 est,
1447 2097 1531 2124 veluti
1547 2096 1631 2124 David
1646 2096 1721 2124 locus
1739 2096 1840 2123 ulceris
1848 2096 1900 2123 fuit

1107 2143 1274 2170 desiderium
1285 2143 1418 2178 corporis,
1440 2148 1552 2179 propter
1577 2143 1648 2170 hanc
1667 2142 1739 2170 enim
1750 2147 1778 2170 et
1790 2143 1818 2169 in
1834 2143 1900 2170 Ber-

1108 2189 1188 2216 abee
1217 2189 1391 2220 adulterium.
1414 2193 1442 2216 et
1466 2189 1494 2216 in
1522 2189 1614 2217 Uriam
1641 2189 1780 2216 homicidii
1796 2190 1899 2216 crimen

266 2236 329 2262 dare
345 2235 416 2262 nobis
430 2235 464 2262 "'.
484 2236 554 2263 Ecce
571 2237 652 2264 verba
668 2236 786 2264 viventia
808 2237 955 2271 appellavit
972 2237 1054 2271 justi-
1071 2235 1092 2262 D
1106 2235 1216 2262 admisit
1229 2235 1254 2268 ⁵;
1266 2235 1359 2262 Achab
1369 2239 1460 2262 autem
1473 2235 1618 2269 cupiditas,
1631 2242 1680 2269 per
1691 2241 1772 2269 quam
1783 2234 1808 2260 in
1824 2241 1900 2262 amo-

268 2280 407 2308 licationes
420 2280 497 2316 legis.
507 2281 576 2314 Quid
597 2285 688 2308 autern
703 2282 839 2309 subdidit?
855 2281 906 2309 Cui
914 2281 1054 2308 noluerunt

266 2324 413 2352 obedientes
424 2333 478 2352 esse
495 2330 584 2360 patres
605 2327 687 2352 nostri
700 2326 733 2352 ’⁸.
752 2327 785 2353 Et
815 2327 923 2361 quidem
945 2326 1056 2354 obedie-

265 2375 330 2398 runt
343 2374 474 2406 quantum
486 2370 520 2398 ad
539 2370 634 2398 faciem
649 2371 803 2406 apparentis
823 2371 928 2403 litteras,
944 2372 992 2399 sed
1001 2379 1056 2399 non

266 2416 376 2443 obedire
390 2416 468 2450 dixit,
482 2425 536 2444 non
552 2417 664 2445 obedire
701 2418 797 2449 menti,
817 2425 869 2445 nec
900 2418 1055 2452 intentioni,

266 2459 314 2486 sed
331 2459 358 2486 in
376 2459 441 2487 solis
465 2460 564 2488 litteris
588 2461 674 2496 legem
694 2461 796 2494 dantis_
820 2462 896 2495 Quod
923 2467 1014 2489 autem
1040 2470 1055 2489 δ

268 2504 399 2532 servitute
418 2505 484 2541 legis
505 2506 646 2540 recedens,
662 2512 690 2535 et
716 2513 810 2542 postea
833 2509 973 2544 quidpiam
990 2509 1056 2544 legis

267 2556 376 2584 gerens,
408 2552 614 2586 reprehensioni
649 2554 810 2582 sacerdotali
842 2555 995 2589 subjicitur,
1029 2560 1058 2582 et

269 2594 342 2620 inter
373 2594 528 2623 imutundos
547 2603 697 2632 reputatur,
719 2599 799 2626 docet
829 2599 929 2626 Paulus
956 2600 1057 2627 Galatis

269 2639 432 2675 praecipiens
453 2650 459 2667 :
474 2641 541 2668 Ecce
555 2651 601 2677 ego
614 2643 715 2670 Paulus
725 2645 783 2670 dico
797 2645 866 2672 vobis
877 2653 886 2671 :
903 2645 932 2672 Si
943 2647 1057 2672 circum-

269 2685 399 2718 cidimini,
419 2685 537 2714 Christus
551 2688 618 2715 vobis
631 2689 696 2715 nihil
718 2691 823 2724 prodest
837 2691 869 2717 ”.
892 2691 924 2718 Et
936 2699 1031 2719 rursus
1049 2700 1056 2719 :

270 2731 332 2760 Dies
345 2731 492 2764 custoditis,
519 2737 542 2760 et
558 2741 666 2767 menses,
687 2739 711 2761 et
730 2744 823 2769 annos,
845 2737 924 2763 timeo
941 2745 973 2765 ne
992 2738 1058 2772 forte

308 2843 332 2860 "
346 2845 438 2874 Matth.
456 2856 482 2879 ν,
503 2847 542 2874 16.

598 2847 620 2864 ³⁸
635 2847 714 2874 Rom.
732 2855 792 2879 xui,
810 2847 852 2873 l3.

272 2880 283 2897 ¹
296 2879 384 2909 Galat.
407 2891 432 2912 ν.
453 2883 478 2915 4,

907 2847 931 2863 ’⁵⁷
949 2846 1007 2874 Act.
1023 2855 1070 2879 ut,
1090 2848 1135 2875 58.

514 2884 523 2899 "
538 2883 608 2911 Psal.
627 2891 730 2915 xxxvii,
749 2883 776 2910 6.
814 2882 823 2897 ⁵
839 2882 862 2909 ll
886 2883 952 2917 lteg.
970 2890 1008 2915 st,
1032 2883 1043 2909 l
1063 2890 1139 2918 seqq.

1109 2289 1166 2308 rem
1183 2281 1278 2308 Nabod
1296 2281 1383 2308 vineae
1395 2280 1513 2308 concidit
1532 2281 1560 2314 ⁵;
1583 2280 1661 2308 .luda'.
1691 2288 1757 2307 vero
1776 2281 1900 2311 avaritia,

1110 2329 1168 2356 haac
1181 2329 1254 2356 enim
1270 2327 1431 2363 proditionis
1446 2327 1590 2354 consilium
1612 2327 1705 2359 dedit;
1728 2327 1827 2354 Paulo'
1838 2334 1901 2353 vero

1109 2381 1159 2407 per
1173 2373 1355 2408 ignorantiam
1375 2372 1461 2406 zelus,
1474 2380 1489 2399 a
1514 2379 1568 2409 quo
1582 2372 1707 2399 devictus
1726 2371 1820 2398 Iesum
1837 2379 1901 2406 pcr-

1110 2422 1221 2446 secutus
1231 2423 1282 2445 est.

1144 2463 1176 2490 In
1189 2463 1243 2490 loco
1253 2463 1346 2490 ulceris
1359 2463 1470 2490 cicatrix
1486 2463 1559 2490 allia.
1577 2462 1605 2490 Id
1625 2467 1669 2490 est
1687 2462 1787 2494 lucida,
1804 2465 1833 2489 et
1866 2461 1902 2488 ita

1111 2509 1265 2540 manifesta,
1286 2512 1315 2535 ut
1343 2508 1425 2535 etiam
1439 2508 1472 2535 de
1486 2508 1565 2543 longe
1583 2508 1716 2540 videatur,
1734 2507 1760 2534 id
1773 2512 1827 2539 est,
1841 2515 1904 2542 quae

1110 2554 1201 2581 evenit
1213 2554 1342 2588 peccandi
1357 2561 1389 2581 ex
1403 2559 1514 2588 peccato
1525 2554 1702 2588 prasumptio
1716 2561 1722 2579 :
1738 2553 1903 2580 .secundunt

1110 2608 1190 2634 quam
1205 2600 1250 2627 ille
1267 2604 1379 2635 propter
1395 2599 1447 2627 hoc
1459 2599 1531 2634 quod
1560 2599 1644 2626 semel
1667 2599 1836 2626 adutteratus
1862 2603 1905 2625 cst

1111 2646 1226 2677 adulter,
1241 2645 1284 2672 hic
1295 2645 1386 2672 autem
1400 2649 1510 2680 propter
1539 2645 1754 2679 ρθτειιουιὶοιιειιι
1772 2652 1903 2679 persecu-

1112 2695 1164 2719 tor.
1175 2691 1244 2718 alter
1256 2695 1346 2718 autent
1363 2696 1475 2726 propter
1503 2691 1678 2718 latrocinium
1697 2691 1778 2722 latro,
1795 2690 1904 2717 etiamsi

1110 2735 1166 2771 jam
1183 2744 1197 2763 a
1215 2736 1260 2763 tali
1283 2736 1391 2763 actione
1420 2740 1581 2769 recesserat,
1608 2736 1770 2771 appellatur.
1804 2735 1905 2762 Annon

1189 2847 1213 2864 "
1228 2847 1294 2874 ibid.
1317 2848 1361 2876 59.
1399 2849 1422 2864 ”
1440 2847 1527 2875 Galat.
1548 2855 1578 2879 ν,
1593 2847 1621 2874 2.
1670 2849 1678 2863 ¹
1694 2846 1781 2874 Galat.
1802 2853 1840 2878 Iv,
1858 2845 1904 2873 ll.

1179 2883 1188 2898 ³
1202 2883 1236 2909 lll
1257 2883 1322 2918 lleg.
1337 2892 1414 2916 svnt,
1431 2883 1441 2910 l
1457 2891 1533 2917 seqq.
1573 2883 1582 2898 ‘
1603 2883 1614 2910 ι
1635 2882 1706 2910 Tim.
1724 2890 1742 2915 ι,
1763 2881 1805 2909 l3.
