2052 3146
133 177 184 215 tut

704 180 744 209 ΙΝ
769 179 986 209 LEi'lTlCUM.
1002 191 1037 196 —
1059 174 1131 209 LIB.
1151 174 1198 210 IV.

1720 176 1773 212 942

134 241 186 269 hoc
202 237 314 266 nomine
323 236 399 264 Raab
413 235 585 263 meretricem
609 241 670 270 post
687 237 786 263 multas
816 243 929 271 genera—
946 239 964 267 Α
982 243 1036 262 ιιοιι
1050 239 1142 262 autent
1160 235 1223 269 quia
1242 233 1331 261 adhuc
1350 233 1477 268 patiatur,
1500 234 1632 262 ostendit.
1645 234 1698 263 Sed
1714 241 1774 264 uta‘

133 287 231 315 tiones,
245 290 362 317 eamque
377 289 437 316 qua:
458 281 572 309 Dmnino
587 286 755 316 unguentum
769 282 867 309 obtulit
884 289 930 316 ap-

133 331 278 366 pellamus,
296 336 358 356 cum
375 333 496 361 utrmque
510 335 540 354 se
553 335 568 354 a
580 327 760 354 fornicatione
775 328 929 362 suspende-

133 376 207 403 rint'?
221 374 275 402 Sed
285 373 462 409 quamobrem
472 381 534 400 cum
549 373 626 400 ulcus
637 373 750 400 dixisset
764 373 865 405 album,
879 373 931 400 hoc

134 424 225 458 ipsum
243 426 336 448 tamen
355 420 422 447 dixit
435 420 525 447 album
546 427 593 447 seu
611 419 699 447 rufum
716 419 792 446 lieri?
804 420 867 454 quia
891 419 931 446 al-

133 469 198 495 bum
211 467 322 503 quidem
339 466 417 499 dixit,
432 466 504 501 quod
519 466 548 492 lit
560 473 591 492 ex
608 466 720 492 vulnere
735 465 829 500 legalis
843 470 932 492 trans-

135 513 304 548 gressionis,
331 513 420 539 albam
447 512 532 546 legem
562 519 673 538 vocans.
700 511 759 538 Non
778 511 849 538 enim
875 515 933 538 erat

134 559 266 587 calefacta
282 558 345 585 Sole
358 557 483 592 iustitiae,
505 561 531 584 et
543 562 686 592 propterea
703 557 785 583 rubra
798 564 851 583 non
862 561 930 582 erat.

137 605 206 640 Ergo
217 605 330 631 rubrum
344 603 417 638 quod
432 611 465 630 ex
487 603 643 637 evangelica
666 602 742 629 venit
768 602 933 637 praevarica-

136 652 221 683 tione,
248 650 404 677 evidentius
431 649 593 684 appellatur.
625 649 774 682 Utrumque
787 653 878 675 tamen
906 648 932 674 in

134 697 276 723 Christum
293 700 346 728 est,
362 695 389 721 in
400 703 453 730 quo
469 696 503 722 ab
534 695 654 722 Ecclesia
671 695 697 722 in
712 694 833 722 Canticis
845 696 933 722 canti-

135 750 231 770 corum
258 742 384 769 dicitur:
412 740 545 768 Patruelis
564 749 635 767 meus
666 740 741 766 albus
758 745 782 766 et
812 740 934 766 rubicun-

136 790 186 815 dus
200 789 222 814 ⁷.
244 787 334 822 Ipsius
352 787 425 814 enim
440 790 484 813 est
501 786 555 817 lex,
573 787 658 821 ipstus
669 785 856 820 Evangelium,
877 785 934 820 ipse

138 835 215 868 prius
232 834 354 868 legaliter
369 832 560 863 circumcisus.
580 836 608 859 et
624 840 672 866 pro
684 831 878 858 emundatione
893 831 934 858 0f-

136 882 242 913 fereus,
258 880 417 915 evangelica
446 885 539 915 postea
566 885 756 912 conversatus,
777 879 933 906 JlldtllOl'lllll

138 927 313 962 baptismate,
339 925 504 960 Sabbatique
533 926 696 957 custodiam,
726 929 754 952 ct
774 925 936 960 temporales

139 972 282 1006 prohibuit
298 971 514 1006 puriﬁcatioues.
534 971 588 998 Sed
600 979 660 1006 quae
676 976 727 1003 est,
741 971 842 1006 inquis,
869 971 935 1004 legis

139 1019 342 1054 transgressio?
358 1019 397 1044 Ad
409 1018 498 1052 ipsum
524 1017 665 1052 pertinens
678 1017 771 1052 utique
783 1017 933 1050 Christum,

137 1066 252 1099 ejusque
276 1063 445 1099 mysterium,
470 1063 497 1090 id
519 1069 570 1096 eSI,
592 1063 734 1098 idolothyti
754 1063 842 1089 omnis
873 1071 936 1089 sane

137 1110 240 1144 guinis,
258 1113 285 1135 et
302 1108 428 1135 sullocati
445 1113 519 1135 esus.
535 1107 601 1134 Nam
619 1108 679 1135 haec
696 1108 746 1134 etsi
763 1107 858 1143 legalia
872 1112 936 1135 sunt

140 1159 287 1189 praecepta,
304 1154 454 1182 Ecclesium
485 1158 574 1181 tamen
603 1161 633 1180 ea
651 1154 790 1181 custodire
821 1154 935 1188 apostoli

139 1205 342 1235 praeceperunt,
354 1200 427 1234 quod
441 1199 562 1226 ostendit
579 1199 700 1226 Jacohus
713 1200 806 1227 dicens
822 1209 828 1226 :
851 1200 936 1226 Visum

138 1251 179 1274 est
191 1251 287 1273 sancta
296 1245 420 1279 Spiritui,
438 1250 462 1272 et
476 1245 560 1278 nobis,
576 1245 642 1271 nihil
668 1245 782 1279 amplius
807 1246 938 1279 superint-

140 1298 239 1326 ponere
252 1290 324 1317 vobis
344 1290 442 1322 oneris,
458 1290 571 1324 exceptis
598 1290 648 1323 his,
665 1290 797 1316 abstinere
811 1290 842 1316 ab
853 1290 938 1316 idolo-

141 1337 231 1373 thytis,
249 1341 273 1363 et
305 1336 444 1371 sanguine,
465 1340 491 1362 et
521 1336 657 1370 suﬂ'ocato,
680 1340 703 1362 et
726 1336 902 1369 fornicatione
914 1335 936 1362 ⁸.

142 1382 306 1417 Evangelica
317 1386 360 1408 est
374 1386 476 1414 autem,
485 1389 546 1416 qua:
559 1381 610 1408 etsi
622 1388 676 1408 non
692 1381 841 1408 secundum
851 1381 938 1416 legem

141 1433 203 1453 erat
219 1435 226 1453 τ
240 1426 394 1459 Quicunque
405 1426 588 1461 rli.rerit[ratri
619 1434 679 1459 suo,
697 1425 792 1457 Fatue,
816 1434 874 1452 reus
890 1426 939 1452 erit

135 1472 256 1508 judicio.
274 1472 305 1498 Et
317 1472 362 1506 qui
378 1472 472 1498 viderit
494 1471 632 1498 mulierem
658 1472 693 1497 ad
705 1471 940 1505 concupiscendum

142 1519 283 1553 eamdem
296 1518 438 1544 moechatus
455 1522 491 1544 est
513 1526 571 1544 eam
603 1518 630 1544 in
645 1518 720 1543 corde
732 1525 778 1543 suo
791 1518 812 1543 °.
831 1517 860 1544 Si
876 1525 940 1551 ergo

143 1569 244 1592 sanato
259 1564 331 1597 albo,
352 1568 379 1591 et
398 1563 559 1598 poenitentia
572 1568 666 1590 curato
690 1567 814 1597 peccato,
833 1562 860 1589 in
882 1563 940 1590 loco

148 1609 262 1642 ulceris,
283 1609 310 1636 in
323 1609 433 1644 regione
457 1608 586 1636 videlicet
601 1608 715 1643 peccati,
743 1608 820 1635 ulcus
850 1608 941 1635 album

143 1660 193 1681 aut
206 1655 320 1681 rubeum
343 1654 476 1686 videatur,
500 1658 573 1680 secta
587 1653 710 1688 quaedam
728 1653 853 1687 prmdicti
878 1660 942 1688 pec~

143 1701 198 1727 e..ti
213 1700 375 1735 evangelici,
401 1700 459 1727 sive
488 1699 593 1735 legalis,
613 1699 684 1734 apud
712 1704 870 1734 peccantem
899 1707 943 1726 re-

145 1753 222 1782 perta
237 1747 329 1780 fuerit,
346 1746 504 1774 necessarie
518 1747 551 1774 ad
565 1746 698 1782 judicium
716 1746 768 1773 hoc
793 1745 943 1774 sacerdotis

147 1793 236 1820 venit.

183 1838 235 1871 Qui
250 1839 273 1866 si
292 1838 387 1865 uiderit
404 1838 489 1865 locum
509 1838 590 1873 lepra:
602 1838 768 1865 humiliorem
781 1846 860 1865 carne
879 1838 942 1865 reli-

149 1893 213 1919 qua.
232 1884 261 1912 Id
280 1889 332 1916 est,
352 1885 526 1912 humiliorem
551 1884 650 1911 factam
666 1892 680 1911 a
693 1885 837 1919 semetipsa
866 1891 943 1911 men-

148 1936 202 1957 tem
225 1930 555 1965 manifesteqneanimum
569 1935 702 1957 mutatum
731 1930 764 1956 ad
800 1929 941 1963 malitiam,

149 1977 200 2004 hoc
211 1976 287 2003 enim
302 1980 344 2003 est
356 1977 425 2011 pilos
441 1976 468 2003 in
488 1976 635 2003 candorem
648 1976 726 2008 verti,
748 1975 945 2003 contaminabit

148 2031 210 2050 eum
227 2023 366 2051 sacerdos.
385 2023 476 2051 Semel
498 2023 573 2050 enim
597 2023 625 2050 in
649 2023 809 2050 habitudine
837 2023 944 2058 peccati

150 2069 240 2096 laetus
257 2073 309 2101 est,
323 2073 350 2096 et
369 2070 466 2097 anima:
482 2070 552 2096 mala
576 2069 699 2103 depastio
714 2076 763 2104 per
776 2069 852 2096 ulcus
867 2069 945 2097 incu-

150 2115 218 2148 buit,
247 2116 321 2143 unde
348 2116 452 2151 lepram
478 2123 512 2143 ex
531 2116 655 2148 vulnere,
673 2120 700 2142 et
717 2115 858 2143 ﬂorentem
884 2123 944 2143 eam

149 2162 306 2196 passionem
318 2161 457 2198 legislator
470 2159 626 2196 appellavit.

182 2207 260 2240 Quod
271 2208 295 2234 si
310 2207 381 2242 pilus
391 2207 486 2235 coloris
502 2209 665 2243 estpristini,
689 2213 713 2236 et
729 2207 840 2236 cicatrix
850 2208 945 2235 subob-

955 917 973 942 ιξ

982 289 1044 307 mur
1070 280 1202 315 exemplis
1215 280 1257 307 his
1271 280 1303 306 ad
1325 279 1452 307 subtilem
1468 281 1659 314 praedictorum
1675 282 1776 316 probae

983 327 1096 353 tionem.
1116 326 1243 353 Peccavit
1258 325 1363 352 Pilatus
1390 325 1417 352 in
1440 327 1567 358 Domino,
1582 335 1692 354 causam
1720 336 1775 355 non

982 372 1125 398 inveniens
1141 372 1168 398 in
1183 380 1216 399 eo
1231 372 1337 402 mortis,
1354 376 1381 399 et
1394 377 1483 398 tamen
1494 373 1681 400 condemnatis
1695 381 1775 400 eum:

982 418 1028 445 sed
1046 417 1149 453 peccati
1170 419 1250 453 hujus
1264 419 1340 445 ulcus
1357 422 1481 445 sanatum
1507 423 1560 452 est,
1583 426 1645 445 cum
1679 424 1778 447 manus

984 465 1104 497 lavisset.
1119 469 1147 492 ct
1162 465 1277 492 dixisset
1294 472 1300 491 :
1319 463 1436 491 Mundus
1463 472 1509 499 ego
1535 473 1592 491 sum
1614 473 1630 491 a
1649 466 1778 501 sanguine

980 511 1047 546 justi
1061 511 1140 545 hujus
1155 511 1186 538 ισ.
1203 511 1255 539 Sed
1268 519 1322 538 non
1339 511 1533 546 perseveravit,
1550 516 1612 538 cum
1638 511 1779 539 Christum

985 562 1077 592 postea
1095 556 1281 592 ﬂagellaverit.
1301 558 1372 592 Ergo
1388 556 1520 592 majorem
1535 562 1597 592 post
1612 561 1639 584 et
1659 558 1780 586 deterioa

986 611 1042 630 rem
1058 603 1212 630 cicatricem
1229 603 1324 630 habuit
1339 603 1452 638 peccati.
1470 602 1503 629 Et
1522 607 1595 629 rccte
1608 610 1671 630 eum
1687 608 1780 632 sacer-

986 650 1034 675 dos
1053 649 1260 678 contaminavit.
1287 649 1413 676 Christus
1442 648 1580 681 videlicet,
1607 651 1717 683 quando
1746 653 1781 678 ad

986 701 1048 720 rum
1083 693 1148 720 dixit
1166 701 1172 719 :
1197 693 1340 727 Propterea
1358 693 1401 728 qui
1424 692 1534 719 tradidit
1551 699 1592 718 me
1614 692 1671 727 tibi,
1692 693 1781 728 majus

986 743 1123 773 peccatum
1135 739 1211 765 habet
1228 739 1260 764 “.
1294 738 1361 765 Nam
1381 746 1443 765 cum
1477 740 1659 767 crudeliorem
1682 739 1782 767 Judam

987 785 1099 816 diceret,
1111 793 1162 812 nec
1177 785 1250 812 hunc
1263 793 1276 811 a
1296 790 1406 820 pet-rato
1419 785 1529 820 reliquit
1543 786 1704 813 immunem.
1714 786 1782 813 Pec-

987 831 1060 858 cavit
1069 836 1096 858 et
1113 831 1222 863 Paulus,
1237 831 1284 858 sed
1299 839 1360 858 eum
1385 831 1462 858 ulcus
1479 835 1603 858 sanatum
1618 831 1716 859 fuisset
1733 839 1783 866 per

988 877 1170 908 vocationem,
1193 876 1348 903 cicatricem
1367 876 1471 910 peccati
1488 876 1515 903 in
1542 880 1649 903 tantum
1665 877 1781 910 sanavit,

989 926 1018 948 ut
1036 923 1093 957 ipse
1109 929 1157 956 per
1173 925 1378 956 persecutorem
1390 922 1548 956 appellaret,
1561 923 1598 950 ait
1609 924 1681 951 enim
1699 931 1705 949 :
1722 923 1784 951 Non

988 977 1046 995 sunt
1063 969 1156 1004 (lignus
1167 967 1297 1003 appellari
1315 968 1458 1002 apostolus.
1478 970 1540 1004 quia
1561 975 1710 1002 persecutus
1723 978 1783 996 sum

991 1013 1137 1040 lt‘rclrsiam
1160 1013 1207 1040 Dei
1225 1013 1269 1040 ":
1300 1017 1327 1040 et
1361 1022 1414 1040 non
1443 1014 1508 1041 illud
1533 1019 1628 1050 postea
1648 1015 1782 1044 dilatavit.

990 1059 1170 1092 Quamobrem
1187 1060 1282 1087 videns
1303 1059 1378 1087 illum
1402 1061 1529 1087 sacerdos
1546 1061 1677 1094 caelestis,
1701 1069 1784 1088 mun-

990 1106 1054 1132 dum
1068 1106 1209 1141 judicabit,
1226 1106 1336 1141 quando
1350 1106 1455 1133 Anania
1467 1107 1621 1139 dubitante,
1631 1108 1659 1135 et
1673 1109 1784 1136 nolente

989 1152 1022 1178 ad
1043 1159 1105 1179 eum
1121 1153 1260 1185 accedere,
1285 1158 1314 1179 ut
1328 1153 1455 1180 videlicet
1472 1159 1673 1188 persecutorem
1701 1160 1784 1189 atque

991 1198 1172 1229 immundum,
1189 1198 1297 1226 dicebat
1311 1207 1317 1225 :
1335 1198 1420 1230 Vade,
1443 1199 1506 1233 quia
1521 1207 1567 1227 vas
1583 1199 1725 1227 electionis
1736 1203 1781 1228 est

991 1244 1069 1277 mihi,
1098 1244 1127 1270 ut
1149 1248 1238 1278 portet
1264 1252 1364 1271 nomen
1379 1252 1469 1271 meum
1486 1252 1577 1272 coram
1592 1245 1730 1281 gentibus,
1755 1248 1784 1274 et

993 1291 1113 1325 regibus,
1129 1295 1156 1318 et
1170 1291 1232 1318 filiis
1247 1290 1339 1318 Israel.

1025 1338 1214 1365 Vnas.‘2i-28.
1235 1349 1244 1364 ι
1267 1338 1336 1366 Caro
1348 1344 1375 1366 et
1387 1339 1469 1372 cutis,
1491 1347 1572 1374 quant
1598 1339 1668 1375 ignis
1697 1348 1782 1368 exus-

992 1384 1067 1417 serit,
1077 1389 1217 1416 etsanata,
1235 1385 1323 1412 albam
1340 1386 1397 1412 sive
1409 1385 1497 1412 rufam
1523 1386 1649 1412 habuerit
1674 1386 1786 1413 cicatri-

992 1437 1063 1461 cem,
1079 1431 1262 1457 considerabit
1275 1438 1335 1457 eam
1352 1431 1489 1457 sacerdos.
1502 1430 1536 1457 Et
1548 1438 1611 1458 ecce
1620 1431 1642 1458 si
1653 1439 1730 1458 versa
1743 1433 1787 1459 est

994 1477 1020 1503 in
1034 1476 1199 1507 albedinem,
1215 1481 1242 1503 et
1254 1476 1330 1503 locus
1345 1476 1405 1510 ejus
1421 1476 1524 1510 reliqua
1555 1482 1616 1504 cule
1645 1477 1784 1509 humilior,

994 1522 1191 1550 contaminahit
1205 1522 1351 1557 eum,quia
1365 1523 1443 1558 plaga
1456 1522 1538 1558 lepra:
1551 1523 1578 1550 in
1589 1522 1717 1550 cicatrice
1726 1528 1789 1550 orta

994 1572 1046 1595 est.
1063 1568 1140 1600 Quod
1152 1567 1174 1595 si
1188 1568 1304 1602 pilorum
1319 1568 1394 1595 color
1421 1576 1475 1595 non
1502 1568 1585 1596 fuerit
1616 1567 1786 1602 immutatus,

993 1620 1044 1640 nec
1063 1613 1193 1640 humilior
1203 1613 1280 1649 plaga
1292 1620 1374 1640 carne
1392 1613 1506 1647 reliqua,
1521 1617 1549 1640 et
1563 1613 1620 1648 ipsa
1630 1613 1713 1648 lepra:
1723 1621 1788 1648 spe-

993 1657 1050 1684 cies
1066 1657 1148 1685 l'uerit
1164 1658 1344 1689 subobscura,
1362 1657 1484 1685 recludet
1511 1666 1573 1685 eum
1592 1662 1697 1693 septem
1728 1658 1789 1686 die-

994 1704 1054 1736 bus,
1073 1708 1099 1731 et
1115 1705 1157 1731 die
1173 1705 1291 1739 septimo
1303 1705 1542 1740 contemplabitur.
1567 1705 1595 1732 Si
1627 1706 1745 1733 creverit
1760 1706 1788 1734 in

994 1757 1056 1778 cute
1071 1749 1158 1785 lepra,
1185 1750 1385 1777 contaminahit
1402 1758 1465 1777 eum
1483 1759 1490 1776 :
1515 1750 1537 1777 si
1565 1755 1655 1778 autem
1684 1751 1712 1779 in
1728 1751 1789 1779 loco

994 1805 1044 1824 suo
1055 1796 1157 1823 candor
1175 1796 1283 1823 steterit
1300 1804 1356 1823 non
1385 1796 1452 1824 satis
1469 1797 1570 1829 clarus,
1584 1797 1662 1832 plaga
1675 1797 1789 1824 combu-

994 1843 1092 1870 stionis
1105 1846 1156 1875 est,
1173 1847 1201 1869 et
1217 1841 1320 1869 idcirco
1337 1842 1526 1874 inundabitur,
1545 1842 1609 1877 quia
1620 1842 1733 1869 cicatrix
1746 1849 1788 1870 est

995 1888 1188 1916 combusturaz.
1205 1896 1215 1912 ι

1028 1934 1195 1966 Quibusdam
1209 1933 1347 1968 legislator
1354 1935 1388 1960 de
1400 1933 1502 1960 eisdem
1516 1933 1623 1960 videtur
1635 1933 1719 1968 loqui,
1739 1933 1788 1961 sed

995 1988 1049 2007 non
1070 1980 1106 2011 ita
1130 1983 1171 2006 est
1189 1988 1195 2005 ι
1213 1987 1276 2005 nam
1294 1979 1444 2006 secundum
1464 1980 1564 2014 aliquid
1588 1979 1682 2007 eadem
1700 1980 1782 2007 dicit:

995 2025 1145 2052 secundum
1168 2027 1259 2050 autem
1281 2023 1393 2058 aliquid,
1414 2023 1515 2053 diil‘ert,
1540 2031 1602 2051 cum
1632 2023 1787 2058 passionem

995 2071 1094 2107 quippe
1121 2074 1257 2105 proponat
1278 2070 1401 2103 alteram,
1424 2069 1547 2097 eamdem
1571 2075 1660 2097 tamen
1681 2070 1788 2106 passio-

994 2118 1038 2146 nis
1063 2116 1201 2144 subinfert
1217 2115 1453 2150 dijudicationem.
1481 2115 1614 2151 Superius
1638 2120 1728 2144 autem
1753 2116 1788 2144 de

996 2163 1086 2198 aliquo
1098 2163 1191 2190 ulcere
1203 2161 1368 2189 obveniente
1382 2161 1490 2189 locutus
1509 2167 1561 2194 est,
1575 2163 1646 2197 quod
1662 2171 1695 2190 ex
1707 2164 1785 2204 πέει-ῆς
1803 2156 1804 2159 “

996 2209 1090 2236 tudine
1113 2208 1238 2244 c0rporis
1259 2212 1406 2244 generatur
1431 2212 1459 2235 et
1484 2208 1609 2243 prolicit;
1638 2210 1696 2237 haec
1713 2210 1788 2238 enim

147 2260 237 2280 scurra.
255 2253 284 2280 ω
296 2257 347 2286 est,
365 2253 525 2288 puenitentis
541 2254 624 2281 visus.
644 2254 688 2282 Sic
705 2255 802 2281 diebus
833 2258 939 2288 septem
957 2255 980 2282 D
995 2255 1062 2282 solet
1077 2254 1225 2290 ‘Scriptura
1245 2262 1322 2282 sacra
1350 2254 1441 2282 ulcera
1462 2255 1609 2290 appellare.
1635 2255 1701 2288 Quae
1723 2263 1788 2283 vero

110 2310 115 2312 <
147 2306 212 2326 eum
229 2299 336 2328 recludi
345 2300 475 2334 prmeepit
491 2309 499 2327 :
516 2308 565 2335 pro
579 2308 612 2328 eo
626 2301 698 2335 quod
714 2300 827 2327 omnino
846 2300 875 2327 in
894 2299 941 2326 tali

149 2345 309 2380 suspicione
330 2346 447 2379 venerit,
463 2351 570 2381 tempus
583 2346 697 2374 deﬁnire
722 2345 872 2381 suspicioni
892 2354 941 2373 vo-

149 2390 208 2417 luit.
226 2391 258 2417 Et
274 2391 407 2425 siquidem
420 2391 548 2424 creverit,
567 2395 594 2418 et
621 2392 690 2419 mala
711 2391 835 2428 gloriatio
847 2392 941 2420 multi-

150 2437 250 2470 plicata
273 2435 369 2469 l‘uerit,
392 2435 629 2470 adjudicahitcum
658 2437 751 2471 lepraz.
766 2437 835 2464 Dicit
849 2441 941 2464 autem

150 2481 252 2516 lepram
270 2481 370 2508 animat
382 2480 594 2514 immunditiam,
612 2486 673 2515 qua
684 2482 779 2514 crevit,
793 2481 850 2509 sive
865 2481 943 2508 cillo-

151 2527 204 2553 ruit
222 2525 425 2561 posterioribus
442 2526 597 2554 actionibus
625 2527 815 2562 multiplicata.
839 2527 867 2554 Si
895 2535 944 2554 au-

151 2577 204 2599 tem
237 2579 293 2599 non
318 2576 360 2598 est
375 2571 565 2606 multiplicata,
578 2572 626 2599 sed
641 2573 748 2599 steterit
762 2573 789 2599 in
804 2572 864 2600 loco
883 2580 942 2606 suo,

150 2619 217 2646 nihil
233 2619 307 2646 enim
321 2617 438 2652 amplius
454 2617 482 2644 in
497 2618 550 2645 hoc
568 2624 694 2652 peccasse
718 2618 867 2650 invenitur,
891 2618 944 2646 nisi

152 2665 236 2691 solum
253 2665 306 2691 hoc
327 2668 482 2698 peccatum,
501 2664 574 2698 quod
586 2671 681 2691 omnes
697 2669 893 2699 cognoverunt,
910 2665 944 2692 de

153 2715 240 2744 quoet
253 2711 310 2745 egit
323 2709 514 2744 paenitentiam
537 2718 544 2736 :
567 2709 699 2736 mundum
713 2709 788 2736 illum
815 2710 942 2737 sacerdos

154 2755 262 2790 iudicat.
291 2756 411 2783 Cicatrix
436 2757 510 2784 enim
527 2756 649 2783 vulneris
669 2756 732 2791 quia
762 2764 860 2791 passus
886 2761 940 2790 est,

189 2851 291 2880 'Cant.
313 2862 345 2886 ν,
371 2854 413 2882 10.

466 2855 476 2870 ⁸
492 2855 552 2882 Act.
574 2863 607 2882 xv
619 2876 626 2887 ,
642 2853 688 2886 28,
711 2854 756 2882 29.

160 2886 179 2905 ⁸⁸
192 2887 203 2915 l
214 2888 276 2916 Cor.
294 2897 338 2921 ιν,
355 2890 381 2916 9.

421 2889 442 2905 “
456 2890 522 2918 Luc.
537 2899 590 2923 xu,
604 2890 648 2917 2t.
690 2890 710 2906 “
726 2890 792 2917 Luc.
809 2898 836 2924 ι,
854 2891 901 2918 50.

811 2855 822 2870 ⁹
837 2854 933 2883 Matth.
949 2864 965 2883 v
978 2876 985 2889 ,
1007 2855 1043 2883 22
1055 2876 1062 2889 ,
1082 2855 1128 2883 28.

996 2305 1060 2327 sunt
1075 2301 1108 2328 de
1118 2300 1200 2333 ferro,
1213 2305 1259 2327 aut
1270 2300 1415 2335 lapidibus,
1441 2305 1487 2327 aut
1503 2301 1556 2327 alia
1574 2300 1662 2335 aliqua
1675 2308 1789 2335 percus-

995 2347 1081 2379 sione,
1096 2347 1188 2382 plagas
1204 2350 1281 2374 vocat
1298 2350 1325 2373 et
1338 2346 1460 2373 vulnera.
1481 2346 1594 2381 Propter
1604 2346 1676 2381 quod
1689 2346 1722 2373 de
1735 2345 1789 2373 La-

996 2400 1058 2419 zaro
1072 2390 1158 2427 inquit
1175 2400 1182 2418 :
1204 2391 1272 2424 Quia
1293 2400 1370 2418 canes
1394 2392 1524 2418 venientes
1544 2391 1676 2426 lingebant
1700 2391 1789 2419 ulcera

994 2438 1051 2473 ejus
1062 2438 1093 2465 ¹²,
1109 2438 1214 2465 Munda:
1228 2438 1329 2472 quippe
1345 2437 1446 2470 carnis,
1461 2438 1533 2464 fatue
1558 2437 1708 2472 morboque
1726 2445 1789 2465 cor-

995 2488 1075 2518 rupta
1090 2488 1168 2511 erant
1182 2483 1227 2510 illa
1239 2483 1362 2511 vulnera.
1380 2482 1417 2510 De
1430 2491 1464 2510 eo
1478 2488 1568 2510 autem
1582 2484 1629 2518 qui
1646 2483 1790 2511 descendit

996 2530 1024 2557 in
1038 2526 1147 2557 Jericho
1161 2533 1190 2557 et
1203 2529 1300 2557 incidit
1314 2529 1340 2556 in
1355 2529 1485 2563 latrones,
1499 2529 1607 2565 Plagae,
1624 2529 1722 2564 inquit,
1735 2528 1791 2556 im-

995 2582 1119 2612 ponentes
1142 2576 1178 2607 ei,
1201 2574 1414 2603 recesserunt“:
1438 2575 1538 2602 deinde
1557 2579 1619 2610 post
1636 2573 1788 2610 paululum,

995 2621 1089 2656 plagas
1111 2621 1188 2653 istas,
1214 2622 1285 2649 sicut
1304 2621 1427 2653 vulnera,
1448 2620 1558 2656 alligare
1587 2619 1789 2648 Samaritanum

996 2666 1142 2701 praecepit;
1158 2666 1330 2694 manifestam
1348 2666 1537 2702 idiﬂ'erentiam
1563 2665 1672 2699 ulceris,
1683 2669 1711 2693 et
1728 2665 1790 2694 vul-

997 2712 1082 2744 neris,
1094 2717 1141 2739 aut
1156 2712 1250 2748 plaga),
1270 2713 1328 2747 ipse
1341 2721 1391 2748 per
1406 2711 1563 2747 Scripturas
1583 2712 1702 2747 Spiritus
1719 2711 1789 2739 divi-

996 2766 1049 2785 nus
1055 2759 1182 2786 ostendit.
1191 2758 1261 2791 Quid
1273 2766 1337 2794 ergo
1351 2766 1413 2787 vere
1421 2759 1498 2786 ulcus
1505 2762 1545 2786 est
1556 2758 1686 2794 neglectae
1697 2755 1790 2785 carnis

1183 2856 1205 2872 ιο
1218 2855 1314 2884 Matth.
1336 2864 1419 2892 uvn,
1438 2856 1483 2884 24.
1539 2857 1558 2873 ²¹
1571 2855 1651 2884 Joan.
1667 2861 1725 2889 xix.
1742 2852 1787 2883 ll.
