2052 3146
283 182 336 214 943

878 181 902 209 li
909 181 996 210 ESYC
1003 180 1062 209 illi
1085 180 1320 211 PRESBYTERI

1865 186 1917 217 9ίᾶ

283 244 392 273 nostra},
402 239 454 267 nisi
467 245 609 273 corporum
635 238 769 272 voluptas,
796 242 822 263 ct
835 236 950 263 ebrietas
985 241 1075 269 θίγοι·
1090 241 1111 268 Α
1127 237 1299 270 necessaria,
1322 243 1349 265 et
1374 238 1432 266 sine
1458 240 1555 275 quibus
1572 247 1625 266 non
1641 243 1745 274 potest,
1775 239 1845 266 sicut
1866 249 1916 268 ιιειτ

284 285 482 321 στριμαργίαῗ
511 283 575 311 llaec
606 288 695 310 autem
725 282 877 309 luxuriante
905 289 1018 316 corpore
1046 286 1071 308 et

282 335 309 360 in
325 333 472 367 semetipso
491 332 632 358 exsiliente
660 331 834 366 prevcniunt.
862 330 932 365 Ignis
969 333 1070 361 autem,

282 379 369 413 major
382 377 492 409 invidia,
513 377 584 412 ignis
599 377 686 403 latens
702 380 729 403 et
751 382 917 403 consumens
942 374 1071 409 paulatim

283 425 427 452 habentem
444 431 484 455 se,
512 427 624 458 propter
635 422 705 456 quod
719 422 800 448 Isaias
822 421 859 448 ait
875 429 882 446 :
904 430 912 446 ‹
929 420 1006 447 Zelus
1024 427 1073 454 ap-

277 463 419 505 ‘prehendet
431 468 556 503 populant
584 468 757 498 ineruditum,
770 471 793 493 et
809 475 876 493 nunc
893 465 960 500 ignis
981 468 1073 491 advrr-

281 517 367 543 sario:
381 520 513 542 consumet
527 514 571 539 ¹⁸·.
585 524 594 540 ι
609 513 703 540 Zelum
720 513 907 547 imperitarunt
926 511 991 538 dixit
1005 510 1073 537 iuvi-

281 563 352 590 diam
377 563 521 595 zelantem,
542 569 597 588 non
614 564 642 587 ut
662 560 804 587 imitentur
825 559 952 590 virtutes,
967 557 1014 584 sed
1044 561 1073 584 ut

276 600 339 636 illas
361 608 521 643 impediant,
547 611 758 641 operantemque
785 605 930 640 perimant.
957 603 984 629 Si
1008 611 1073 638 ergo

281 652 434 679 combustio
454 651 534 678 alicui
551 650 666 682 homini,
683 650 807 677 videlicet
818 648 966 684 peccaturi,
984 655 1016 674 ex
1032 647 1073 674 in—

280 698 352 726 vidia
365 697 518 732 contigerit,
529 702 556 724 et
570 701 679 724 sanatus
689 695 771 722 fuerit
781 694 950 730 pmniteutia,
968 698 1074 720 scruta-

277 739 325 770 tur
337 743 505 774 cicatricem,
519 750 554 769 ne
566 742 636 769 forte
649 745 711 776 post
727 740 916 776 ptenitentiam
930 739 956 766 in
969 739 1068 774 passio.

280 796 344 817 nem
362 789 474 816 recidat.
488 789 522 816 Et
544 788 565 814 si
578 795 718 815 reversum
743 786 888 818 invenerit,
905 785 1072 813 contamina—

280 835 320 863 bit
341 842 414 868 eum,
439 834 610 861 immundum
634 839 707 861 recte
732 833 869 868 judicans.
891 831 971 859 Terra
987 831 1071 862 enim,

280 889 348 915 sepe
363 881 504 908 venientem
517 889 595 914 super
610 888 637 906 se
650 880 736 906 bibens
752 879 871 911 imbrem,
891 882 915 905 et
940 878 1073 913 proferens

278 925 386 952 herbam
400 930 573 960 opportunam
588 925 640 951 illis
662 933 677 950 a
693 924 785 959 quibus
798 923 903 956 colitur,
918 922 1073 949 benedictio-

278 963 336 999 item
351 972 461 1006 accipiet
487 971 649 1003 aDomiuo;
674 971 809 1004 proferens
840 977 899 996 uero
925 970 1017 1003 spinas
1043 976 1073 994 ac

279 1016 388 1044 tribulos
419 1018 528 1051 reprobo
540 1021 590 1048 est,
605 1021 628 1042 et
646 1015 784 1042 maledicto
800 1015 932 1049 proxima,
945 1015 1019 1046 cuius
1040 1014 1073 1048 ﬁ-

279 1063 318 1088 nis
332 1063 359 1088 in
374 1062 561 1095 combustione,
576 1062 645 1089 sicut
656 1061 755 1088 Paulus
768 1061 806 1088 ait
820 1061 854 1088 ¹⁸.
871 1060 900 1087 Si
911 1064 1000 1087 autem
1016 1067 1070 1086 non

278 1109 389 1135 iuventa
401 1108 483 1135 fuerit
495 1108 597 1135 redisse
619 1108 652 1134 ad
671 1107 842 1142 iniquitatem
858 1114 934 1134 suam
958 1105 1070 1138 invidia,

277 1162 329 1181 nec
344 1162 376 1181 ex
396 1154 556 1188 operatione
574 1153 728 1188 posteriori,
747 1152 876 1180 diffusum
896 1151 980 1187 priori
1005 1159 1070 1186 pec-

278 1205 338 1227 cato
358 1201 445 1227 latens
468 1200 545 1227 ulcus
566 1199 701 1230 habuerit,
725 1198 856 1226 mundum
887 1198 962 1225 illum
982 1205 1072 1225 sacer-

277 1246 454 1280 dosjudicat,
471 1250 565 1280 utpote
579 1246 625 1280 qui
649 1245 734 1272 semel
751 1252 799 1280 per
819 1245 1009 1280 paenitentiam
1030 1249 1072 1271 est

278 1289 435 1316 mundatus.
451 1289 586 1316 Discernit
599 1294 701 1321 autem,
717 1294 744 1316 et
764 1288 849 1323 pilum
873 1288 1029 1320 intendens,
1049 1287 1071 1314 si

279 1334 392 1361 mutabit
413 1334 440 1360 in
459 1334 562 1369 album,
578 1339 605 1360 et
621 1334 642 1360 si
662 1333 790 1360 humilior
813 1337 856 1360 est
872 1340 886 1359 a
899 1337 961 1360 cute
983 1332 1070 1360 locus.

278 1380 342 1413 (με
360 1381 451 1407 omnia
475 1379 632 1415 plenissime
648 1379 674 1406 in
693 1378 881 1414 superioribus
900 1378 1071 1414 interpretati

279 1434 384 1458 stnnus,
401 1426 462 1453 ideo
476 1426 547 1453 enim
566 1425 608 1452 his
619 1425 738 1453 brevitas
751 1424 904 1452 adhibenda
919 1430 971 1458 est,
988 1428 1018 1451 ut
1037 1424 1071 1451 ad

281 1474 371 1499 futura
392 1479 544 1499 curramus.

302 1519 394 1546 -Vr.rts.
409 1518 514 1545 ρει-δι.
535 1527 543 1543 ‹
560 1516 616 1548 \‘ir,
634 1517 692 1544 sive
708 1517 815 1548 mulier,
831 1516 859 1543 in
878 1515 957 1551 cujus
982 1514 1071 1550 capite

1125 281 1183 308 sine
1195 283 1283 317 capite
1298 283 1390 318 homo,
1405 286 1565 313 subsistere.
1576 285 1690 320 Propter
1702 285 1775 320 quod
1791 290 1819 313 et
1832 285 1915 314 David

1124 327 1304 356 fraternitatis
1317 338 1448 362 amorem,
1466 340 1602 359 summum
1620 332 1742 358 omnium
1770 333 1915 360 mandati»

1124 381 1183 400 rum
1202 375 1294 402 volens
1309 377 1465 407 ostendere.
1485 381 1625 412 unguento
1638 377 1722 409 hunc,
1743 385 1757 403 a
1775 378 1863 412 capite
1888 378 1915 405 in

1124 419 1221 446 barbas
1233 421 1421 454 descendenti,
1432 423 1600 458 comparavit
1614 422 1671 450 :sic
1683 423 1755 449 enim
1771 423 1809 449 ait
1825 432 1830 449 :
1851 423 1916 450 Ecca

1124 472 1203 499 quam
1229 466 1324 493 bonum
1355 473 1377 494 et
1395 476 1473 503 quam
1498 468 1646 502 jucundum
1671 469 1792 504 habitare
1822 469 1917 503 fratrea

1124 511 1150 536 in
1166 519 1260 538 unum.
1279 511 1353 538 Sicut
1371 518 1529 548 unguentum
1549 514 1576 540 in
1596 514 1691 547 capite,
1714 515 1783 549 quod
1808 514 1914 540 descen-

1124 558 1162 583 dit
1177 558 1203 584 iu
1214 557 1336 590 barbam,
1350 559 1457 585 barbam
1469 559 1597 586 Aaron”.
1616 559 1731 592 Quando
1746 568 1810 594 ergo
1824 568 1915 587 errare

1124 605 1251 638 cuiquam
1273 604 1299 630 in
1317 604 1459 631 divinitate
1483 604 1862 640 contingit,maculamlcpra:
1887 606 1915 632 in

1125 649 1205 677 barba
1237 654 1265 676 et
1279 650 1305 676 in
1323 651 1411 684 capite
1426 650 1517 682 habet,
1534 649 1607 677 hunc
1627 650 1755 677 sacerdos
1777 650 1913 685 inspiciat,

1123 699 1150 721 ct
1167 696 1188 721 si
1205 695 1305 722 viderit
1330 695 1502 723 humiliorem
1524 696 1612 723 locmn
1642 704 1725 722 carne
1747 696 1862 730 reliqua,
1887 702 1914 723 et

1125 741 1291 768 miseriorem
1312 742 1553 776 praesumptionem
1571 750 1604 769 ex
1618 741 1787 776 blasphemia
1803 742 1913 769 factam.

1124 786 1267 818 Quomodo
1279 792 1370 814 autem
1385 787 1438 814 hoc
1450 788 1494 819 sit,
1514 787 1539 814 id
1553 792 1595 814 est
1608 797 1614 814 :

1160 832 1189 860 Si
1203 833 1272 868 pilus
1295 834 1392 869 ﬂavus,
1411 833 1538 868 solitoque
1556 833 1677 860 cubtilior
1698 833 1787 868 fuerit.
1809 832 1836 859 Id
1861 838 1912 865 est,

1124 878 1173 905 etsi
1187 887 1241 905 non
1255 879 1346 913 nimis,
1357 880 1389 906 ad
1403 879 1538 906 modicum
1553 883 1642 906 tamen
1660 879 1827 918 animum_ad
1844 880 1916 907 blas-

1125 925 1260 959 phemiam
1277 925 1405 952 intendit.
1429 925 1485 951 lluc
1498 925 1570 951 enim
1596 925 1722 951 subtilem
1743 932 1804 951 esse
1818 925 1913 959 pilum,

1124 976 1151 998 et
1164 978 1251 1005 ncque
1267 971 1401 1003 elﬂorere,
1414 971 1461 998 sed
1475 971 1621 998 ﬂavescere
1635 971 1766 997 ostendit.

1159 1016 1355 1044 Contuminabit
1370 1025 1412 1044 eos
1425 1017 1559 1043 sacerdos.
1569 1016 1659 1048 Quare
1672 1017 1684 1042 ἶ)
1698 1016 1765 1048 Quia
1782 1018 1854 1051 lepra
1870 1025 1915 1043 τας

1123 1062 1194 1095 pilis,
1212 1070 1244 1088 ac
1260 1061 1346 1088 barba:
1357 1066 1404 1088 est.
1425 1061 1471 1088 Vel
1487 1062 1556 1089 sicut
1570 1060 1639 1087 LXX
1652 1061 1747 1094 edunt,
1761 1064 1855 1088 uulnus
1867 1071 1912 1089 (νει.

1126 1106 1290 1134 Vulneratus
1304 1107 1376 1134 enim
1397 1115 1412 1134 a
1437 1107 1544 1134 diabolo
1566 1111 1593 1133 et
1613 1098 1737 1138 collisus,
1752 1107 1784 1133 ad
1812 1112 1914 1134 tantam

1123 1154 1248 1187 pervenit
1261 1153 1438 1187 impietatem,
1451 1152 1514 1185 quia
1529 1160 1600 1187 smpc
1612 1152 1746 1187 contingit
1758 1153 1913 1187 quempiam

1123 1202 1216 1224 contra
1232 1198 1398 1224 voluntatem
1410 1205 1485 1224 suatu
1502 1197 1575 1231 loqui
1591 1197 1684 1232 impia.

1158 1243 1186 1270 Si
1201 1244 1291 1270 viderit
1306 1243 1388 1269 locum
1404 1243 1514 1270 macula:
1527 1245 1656 1277 (squalent
1677 1244 1770 1271 vicinae
1786 1245 1871 1277 carni,
1890 1251 1915 1271 et

1123 1289 1246 1323 capillum
1262 1290 1376 1324 nigrum.
1389 1289 1424 1317 Ut
1441 1297 1495 1316 non
1510 1290 1641 1317 exuberet
1652 1291 1714 1323 hoc,
1731 1291 1802 1326 quod
1814 1299 1847 1318 ex
1861 1292 1916 1318 dia-

1122 1336 1209 1363 bolica
1224 1336 1381 1371 operatione
1395 1337 1493 1364 anima:
1507 1341 1547 1363 est
1558 1337 1654 1364 vulnus
1668 1337 1810 1370 inﬂictum,
1825 1337 1851 1364 id
1861 1342 1914 1370 est,

1122 1381 1247 1416 impietas
1260 1382 1426 1416 dogmatum.

1157 1427 1282 1454 Ret-ludet
1296 1436 1339 1454 eos
1348 1433 1444 1462 septem
1461 1429 1516 1456 dies
1528 1430 1659 1456 sacerdos.
1673 1427 1733 1456 Non
1756 1437 1807 1464 pro
1832 1437 1915 1464 prmia

1123 1477 1238 1506 tantum,
1254 1479 1384 1508 quantum
1399 1475 1529 1502 districtte
1547 1467 1716 1510 probationis
1728 1482 1820 1506 causa,
1846 1480 1915 1502 tctu-

1121 1527 1172 1553 pus
1191 1519 1263 1546 enim
1274 1520 1400 1547 omnibus
1413 1520 1533 1555 quidem,
1549 1520 1698 1548 districtius
1714 1526 1802 1548 tamen
1819 1521 1845 1547 in
1861 1521 1914 1553 bis,

278 1563 319 1589 vel
334 1562 417 1589 barba
443 1562 601 1597 germinarit
618 1562 703 1596 lepra,
728 1561 830 1589 videbit
856 1568 903 1588 eos
926 1560 1067 1587 sacerdos:

1121 1573 1236 1601 quorum
1255 1566 1347 1600 lingua
1364 1567 1435 1594 circa
1457 1567 1627 1594 divinitatem
1641 1572 1728 1599 vacat,
1752 1568 1914 1594 intuendum

278 1613 305 1634 et
319 1608 340 1634 si
355 1608 466 1642 quidem
482 1607 612 1634 humilior
629 1607 712 1634 fuerit
737 1607 814 1634 locus
831 1614 912 1633 carne
927 1605 1030 1640 reliqua
1043 1609 1070 1632 et

278 1653 391 1687 capillus
402 1652 497 1684 ﬂavus,
510 1653 644 1686 solitoque
655 1652 789 1685 subtilior,
800 1651 997 1678 contaminabit
1011 1657 1068 1682 eos.

278 1699 339 1733 quia
355 1699 429 1733 lepra
454 1699 551 1733 capitis
567 1706 599 1726 ac
622 1698 713 1725 barbm
734 1702 785 1725 cst.
804 1697 831 1724 Si
851 1701 942 1724 autem
971 1696 1070 1723 viderit

278 1745 367 1771 locum
390 1744 501 1771 macula:
519 1745 650 1778 aequalem
672 1744 768 1771 vicina:
792 1744 879 1776 carni,
900 1747 928 1770 et
942 1743 1070 1777 capillum

279 1791 396 1825 nigrum,
411 1789 533 1817 recludet
552 1794 655 1824 septem
672 1790 777 1820 diebus,
797 1793 824 1816 et
836 1789 880 1816 die
894 1789 1008 1824 septima
1029 1789 1070 1814 in—

280 1837 408 1863 tuebitur.
430 1835 457 1862 Si
476 1843 530 1862 non
559 1835 676 1863 creverit
696 1835 812 1867 macula,
837 1838 866 1861 et
891 1833 1004 1869 capillus
1027 1833 1068 1860 sui

277 1881 376 1908 coloris
393 1887 444 1914 est,
459 1886 486 1909 et
509 1882 586 1908 locus
611 1881 695 1916 plaga
710 1880 786 1908 carni
811 1880 923 1915 reliquas
946 1879 1068 1914 aequalis,

279 1928 387 1954 radetur
421 1928 501 1955 homo
532 1928 634 1962 absque
663 1928 724 1955 loco
755 1927 886 1960 maculae,
917 1926 1070 1954 includetur

278 1978 381 2007 septem
392 1973 488 2000 dlt‘lills
500 1974 568 2001 aliis.
584 1974 611 2000 Si
626 1973 659 2000 de
670 1972 786 2008 septimo
799 1972 854 2000 visa
867 1972 948 1999 l'uerit
963 1972 1070 1998 stetisse

277 2021 353 2054 plaga
381 2019 407 2045 iu
432 2018 492 2046 loco
522 2027 590 2049 suo.
617 2027 669 2045 tice
689 2017 818 2045 humilior
844 2024 927 2044 carne
953 2017 1063 2051 reliqua,

278 2065 419 2092 mundabit
431 2073 505 2096 eum,
522 2065 640 2100 latisque
656 2065 786 2097 vestibus,
806 2064 925 2090 mundus
943 2064 1005 2090 crit.
1021 2072 1030 2088 ι

312 2109 369 2136 Νοιι
386 2111 419 2137 de
436 2110 603 2144 quibuslibet
615 2110 669 2142 hic,
685 2110 733 2137 sed
747 2109 910 2137 necessariis
926 2109 979 2136 hoc
992 2116 1068 2135 man-

276 2157 369 2182 datum
393 2157 434 2182 lex
462 2156 546 2184 dedit.
566 2156 659 2191 Neque
683 2155 756 2183 enim
779 2155 812 2182 de
833 2155 897 2182 solis
917 2155 1068 2182 actionibus

276 2202 312 2232 ei.
329 2202 376 2228 scd
391 2207 418 2229 ct
429 2203 462 2230 de
481 2202 579 2230 l'uturis
593 2202 694 2230 divinis
715 2201 887 2236 dogmatibus
904 2201 1066 2236 pertinebat.

1121 1616 1171 1639 est.
1198 1611 1300 1639 Deinde
1327 1612 1462 1647 quomodo
1489 1618 1551 1647 post
1576 1613 1757 1640 rcclusionem
1785 1613 1915 1647 iudicat?

1120 1657 1286 1685 Admiranda
1298 1663 1338 1685 est
1352 1658 1495 1691 districtio,
1518 1667 1599 1693 quam
1613 1665 1707 1687 contra
1731 1667 1779 1686 eos
1794 1660 1840 1693 qui
1864 1660 1915 1686 im—

1120 1703 1163 1737 pic
1183 1703 1210 1729 in
1235 1703 1408 1738 dogmatibus
1435 1708 1528 1738 agunt,
1556 1709 1656 1731 servat.
1676 1705 1703 1731 Si
1718 1713 1772 1732 non
1798 1712 1916 1733 creti-rit

1120 1749 1235 1782 macula,
1246 1749 1373 1776 videlicet
1385 1749 1521 1784 impietas,
1532 1755 1559 1777 et
1573 1751 1687 1785 capillus
1700 1752 1741 1778 sui
1751 1752 1850 1779 coloris
1861 1758 1912 1782 est.

1120 1794 1146 1821 id
1164 1800 1215 1827 est,
1231 1803 1283 1822 nec
1291 1796 1406 1830 capillus
1422 1796 1508 1823 ﬂavus
1520 1796 1546 1823 in
1560 1805 1591 1823 ca
1605 1801 1657 1829 est,
1673 1805 1734 1824 cum
1750 1806 1804 1825 non
1827 1799 1914 1832 possit

1120 1841 1247 1876 cogitatio
1280 1845 1392 1876 propter
1422 1841 1633 1877 negotiationem
1661 1842 1799 1877 cognosci,
1823 1847 1914 1870 utrum

1120 1891 1226 1921 sponte,
1241 1892 1287 1914 aut
1301 1886 1403 1914 invitus
1415 1887 1498 1922 impie
1508 1888 1606 1923 egerit,
1624 1889 1777 1923 tuncjubet
1793 1889 1850 1915 radi
1865 1889 1914 1916 ho—

1120 1931 1220 1958 minem
1234 1932 1339 1966 absque
1353 1932 1412 1960 loco
1428 1933 1550 1961 maculat.
1566 1934 1667 1968 Aperte
1683 1941 1747 1969 ergo
1771 1934 1834 1960 talia
1854 1935 1913 1961 radi

1120 1977 1249 2012 praecepit
1261 1978 1354 2011 verba,
1367 1983 1395 2006 et
1410 1979 1546 2014 castigari,
1559 1979 1582 2006 si
1607 1979 1700 2006 forsan
1714 1988 1746 2006 ex
1765 1979 1806 2005 eis
1837 1987 1913 2006 com-

1096 2052 1108 2061 “
1119 2023 1251 2057 prehendi
1264 2023 1361 2058 possit,
1379 2028 1469 2050 utrum
1483 2032 1531 2058 per
1546 2024 1750 2058 subreptioncm
1764 2024 1835 2051 sicut
1848 2033 1912 2051 eve-

1120 2068 1178 2096 nire
1194 2069 1352 2104 l‘requenter
1376 2069 1455 2102 solet,
1477 2077 1512 2096 an
1536 2069 1669 2106 malevole
1686 2069 1719 2096 de
1740 2070 1795 2096 Deo
1827 2071 1912 2104 impia

1119 2113 1152 2139 sit
1169 2113 1285 2141 locutus.
1303 2113 1408 2141 Vulnus
1422 2119 1512 2141 autem
1535 2115 1676 2148 antiquum
1701 2122 1757 2141 non
1780 2115 1915 2149 praecepit

1119 2157 1188 2190 radi,
1205 2158 1268 2192 quia
1280 2159 1393 2185 verbum
1419 2160 1448 2185 in
1463 2166 1517 2193 quo
1537 2150 1713 2193 delinquitur,
1733 2159 1845 2194 quando
1870 2167 1915 2186 sc-

1120 2203 1171 2230 mcl
1185 2203 1229 2238 qui
1241 2205 1361 2238 peccavit
1376 2204 1526 2240 negaverit,
1543 2204 1685 2238 diiudicari
1697 2205 1752 2240 jam
1765 2213 1819 2232 non
1832 2213 1914 2240 opor-

276 2247 393 2275 Otnuino
417 2245 688 2284 crgo‘competcnler
710 2248 846 2283 loquitur,
868 2247 986 2283 primum
1006 2247 1066 2282 qui-
1082 2255 1105 2283 D
1120 2255 1166 2277 tet.
1182 2251 1247 2283 Quis
1260 2252 1333 2278 enim
1345 2260 1420 2278 rcmn
1431 2252 1557 2279 videlicet
1572 2253 1686 2291 peccati,
1702 2260 1763 2279 eum
1777 2253 1822 2288 qui
1839 2253 1915 2288 quod

276 2295 337 2321 dem
353 2294 529 2322 districtionis
545 2295 616 2327 vitae,
633 2294 733 2322 deinde
750 2301 845 2321 eorum
865 2301 926 2328 qua:
945 2293 979 2320 ad
1001 2293 1068 2328 dog-

276 2349 319 2368 ma
334 2341 473 2376 pertinent
491 2341 651 2376 diligcntent
669 2347 762 2368 curam
782 2347 889 2375 gerens.
906 2339 1004 2375 Legem
1021 2348 1070 2367 au-

276 2393 330 2414 tem
345 2388 431 2422 ponit,
443 2395 498 2415 non
510 2387 566 2423 jam
596 2387 752 2421 specialiter
778 2386 880 2413 homini
905 2385 996 2419 alicui,
1019 2386 1068 2412 sed

275 2434 339 2467 quid
354 2435 392 2461 ait
407 2435 418 2460 ?

315 2479 356 2506 Vir
373 2481 426 2506 sire
455 2480 558 2507 mulier.
574 2479 749 2514 Distinguens
769 2477 876 2513 planius
900 2477 964 2512 quid
986 2483 1068 2511 opor-

277 2530 332 2552 teat
352 2526 464 2561 intelligi
482 2525 631 2552 hominem.
664 2519 720 2552 Cur
739 2529 830 2551 autem
860 2523 912 2551 hac
936 2523 1066 2558 explana-

276 2569 349 2596 tione
367 2571 394 2596 iu
411 2569 463 2597 hoc
483 2570 577 2605 eguit?
597 2569 632 2597 Ut
650 2569 777 2596 videlicet
804 2576 859 2595 non
879 2569 1067 2603 ignosceretur

275 2616 392 2648 mulieri,
413 2623 474 2642 cum
489 2616 596 2642 inﬁrma
620 2620 742 2650 putatur,
762 2623 823 2650 qua:
844 2619 937 2651 peccat
955 2614 982 2641 in
1001 2614 1068 2648 dog-

276 2666 358 2688 mate.
378 2661 436 2688 Hoc
456 2668 521 2695 ergo
547 2666 688 2696 peceatum
711 2661 811 2696 lepram
835 2661 861 2687 in
880 2660 979 2695 capite,
998 2664 1023 2686 et
1040 2660 1067 2686 in

274 2706 359 2734 barba
375 2711 518 2741 propterea
536 2707 664 2742 appellat,
679 2706 742 2742 quia
755 2707 812 2734 hme
829 2711 893 2734 sunt
906 2707 1066 2743 pretiosiora

273 2755 362 2782 nostri
379 2754 510 2789 corporis.
527 2758 598 2782 etcx
617 2755 668 2782 hoc
679 2753 808 2786 ostendit,
822 2761 876 2781 non
893 2754 965 2781 circa
990 2761 1066 2789 quae-

275 2800 341 2828 libet
352 2800 517 2836 impietatem
529 2801 685 2836 dogmatum
699 2799 851 2834 provenire,
862 2799 908 2825 sed
917 2806 979 2834 erga
990 2798 1067 2825 valde

310 2904 341 2922 “'
359 2905 409 2932 lsa.
434 2912 509 2936 xxvi,
535 2904 575 2930 lt.
615 2902 636 2918 "
655 2901 737 2929 Hebr.
752 2910 790 2935 γι,
806 2903 831 2935 7,
845 2901 871 2928 8.

1120 2297 1263 2324 confessus
1276 2303 1316 2325 est
1328 2298 1430 2333 lingua,
1446 2298 1585 2325 voluntate
1605 2306 1634 2326 se
1648 2299 1795 2334 protulisse
1821 2304 1913 2334 negat.

1120 2342 1234 2376 Quando
1246 2348 1336 2370 autem
1351 2343 1384 2370 de
1404 2351 1437 2370 eo
1454 2344 1492 2371 sic
1505 2343 1642 2378 judicans,
1656 2353 1711 2372 non
1729 2347 1915 2380 comprehen-

1120 2388 1191 2416 derit
1205 2390 1324 2416 crevisse
1338 2389 1481 2422 maculam,
1498 2398 1549 2417 nec
1570 2389 1707 2417 dilatatam
1725 2391 1753 2417 in
1770 2399 1803 2418 eo
1833 2392 1913 2419 vide-

1121 2434 1156 2461 rit
1191 2434 1356 2469 impietatem
1378 2443 1384 2461 :
1405 2435 1534 2469 quoniam
1558 2436 1767 2471 blasphemaus,
1798 2438 1915 2464 omnino

1120 2479 1216 2513 polluit
1232 2479 1327 2506 stolam
1347 2479 1528 2514 baptismatis,
1546 2485 1619 2508 recte
1630 2489 1692 2508 eum
1716 2482 1846 2515 praacepit
1866 2490 1916 2516 per

1119 2524 1304 2559 pmnitentiam
1329 2525 1420 2552 lavare
1442 2526 1623 2558 vestimenta,
1655 2531 1682 2553 et
1705 2531 1769 2553 tunc
1791 2527 1917 2555 mundus

1118 2571 1190 2598 erit:
1219 2569 1281 2605 quia
1305 2571 1394 2604 omnis
1410 2571 1536 2607 impietas
1550 2580 1597 2607 per
1621 2573 1750 2600 mundam
1775 2575 1916 2608 pmniten-

1119 2616 1183 2644 tiam
1200 2617 1356 2643 inundatur.
1372 2617 1564 2645 Verumtamen
1581 2618 1624 2645 hic
1641 2619 1662 2646 si
1679 2619 1812 2654 prcedicto
1829 2628 1915 2647 mun-

1120 2663 1199 2691 datus
1213 2664 1302 2696 modo,
1316 2664 1398 2699 impia
1411 2664 1622 2692 rursuslocutus
1639 2664 1736 2697 fuerit,
1751 2673 1806 2691 non
1827 2666 1917 2700 inspi-

1121 2709 1174 2736 ciet
1194 2710 1320 2737 sacerdos
1334 2709 1367 2736 dc
1392 2710 1448 2744 pilo
1470 2709 1549 2743 ﬂavo,
1567 2718 1622 2737 non
1647 2711 1787 2745 quaeritur,
1811 2711 1915 2745 inquit.

1121 2762 1174 2789 quo
1186 2754 1277 2781 animo
1291 2755 1372 2790 impia
1387 2755 1493 2783 locutus
1507 2755 1552 2787 sit,
1571 2755 1619 2783 sed
1633 2755 1695 2790 quia
1710 2756 1735 2783 in
1752 2763 1784 2783 ea
1801 2757 1836 2783 de
1851 2756 1916 2789 qui-

1122 2799 1172 2826 bus
1189 2799 1327 2834 paenituit,
1354 2799 1461 2832 recidit,
1479 2799 1651 2827 immundum
1672 2808 1734 2827 eum
1755 2805 1831 2827 recte
1853 2807 1918 2827 esse

920 2900 940 2917 "
955 2901 1024 2928 Psal.
1042 2908 1141 2934 cxxxu,
1163 2900 1188 2934 1,
1204 2900 1230 2926 2.
