2052 3146
124 217 172 247 ῡί5

690 219 728 248 ΙΝ
748 219 965 249 LEl'lTlCUM.
982 232 1015 237 --
1036 221 1108 250 LIB.
1133 221 1177 250 iV.

1701 216 1752 248 916

120 273 229 307 iudicat.
245 272 271 299 Si
297 281 350 300 non
366 273 481 308 capillus
501 274 576 308 niger
593 274 684 307 fuerit,
697 275 722 301 id
739 281 789 306 est,
807 276 829 302 si
854 284 907 302 non
925 267 959 305 At
996 275 1235 303 Remiuisccnduut
1263 280 1315 308 est,
1333 276 1394 311 quia
1411 275 1522 310 capillus
1539 282 1587 309 pro
1610 273 1752 308 cogitatio-

104 319 106 321 ’
121 319 213 352 lugens
229 320 389 353 apparuerit
404 319 569 354 impietatem
583 329 589 345 :
602 320 696 354 lugens
712 327 777 347 vero
795 328 849 346 non
864 328 909 347 so-

121 365 171 391 lum
188 364 291 396 habitu,
307 365 353 391 sed
364 365 492 392 etanimo
520 369 547 392 et
560 365 786 400 cogitationibus:
802 365 908 400 nigrum

121 418 234 444 namque
251 418 363 437 manere
386 411 535 445 lugentium
552 416 591 438 est
612 412 760 446 proprium.
776 411 908 444 Quoniam

120 459 208 481 autem
222 455 379 481 interiorem
388 455 526 483 hominem
536 461 643 490 oportet
654 457 744 491 lugere
760 457 906 491 peccantis,

120 507 197 533 quem
208 501 387 534 cogitationes
398 506 559 534 contegunt,
572 507 644 528 recte
653 502 712 536 ejus
721 502 908 536 pmnitcntiam

120 554 164 579 per
178 546 262 580 pilum
277 547 383 581 nigrum
395 547 565 581 signiﬁcavit.
582 547 694 581 Propter
705 547 774 580 quod
792 546 908 573 Ecclesia

119 591 163 618 Dei
177 592 320 619 servitium
340 593 454 627 diligens
470 593 496 618 in
517 593 639 619 luctuosa
655 592 721 618 stola
740 592 908 626 paenitentiae

118 637 279 663 decoratur:
293 641 319 662 et
336 637 397 663 ideo
412 636 558 662 formosam
572 644 610 668 se,
624 636 685 670 quia
707 636 782 671 nigra
802 641 853 668 est,
866 637 908 663 di-

117 683 161 713 cit,
175 683 246 709 sicut
268 683 384 714 legitur:
402 682 487 717 Nigra
503 691 570 714 sunt,
589 682 634 708 sed
658 683 772 717 formosa
788 683 843 716 ﬁlia
865 683 908 709 Je-

118 727 229 753 rusalem
248 728 285 758 ‘7;
304 727 329 753 id
345 731 395 759 est,
411 728 473 761 quia
494 728 521 754 in
538 728 696 762 pcenitcndo
707 727 774 754 stola
790 735 848 754 sum
865 727 907 754 lu-

117 778 174 800 (tus
189 773 293 800 induta.
307 773 351 799 Sic
365 781 430 808 ergo
444 782 506 800 eum
519 773 564 808 qui
586 773 773 808 paenitentiam
795 773 849 808 agit
864 781 910 800 sa»

117 820 210 847 rerdos
224 820 346 853 mundat,
360 821 466 856 quoties
482 821 506 848 ei
528 821 579 848 hoc
597 821 707 848 evenire
722 821 904 855 conspexerit.

116 866 167 892 Sed
192 866 359 893 sullieienter
380 867 413 894 de
430 867 472 894 his
498 875 557 902 quze
580 867 607 893 in
620 866 675 893 Deo
688 867 903 897 committuntur,

116 913 308 946 impietatibus,
322 918 375 939 tam
390 922 424 940 ex
439 913 578 940 voluntate
595 921 676 947 quam
692 920 725 939 ex
741 913 902 947 ignorantia,

115 959 232 991 locutus,
257 959 291 985 ad
313 959 365 986 alia
399 960 510 986 vulnera
542 959 723 986 moderatiora
749 966 903 986 sermuncm

117 1004 207 1030 \t‘l‘lil.

151 1049 279 1080 V'sns.38,
291 1049 334 1076 59.
349 1060 358 1075 ‹
371 1049 419 1076 Vir
428 1055 456 1077 et
478 1050 575 1077 mulier
599 1050 626 1077 in
641 1051 719 1085 cujus
730 1054 791 1078 cute
804 1051 906 1078 candor

114 1094 282 1128 apparuerit,
303 1094 453 1122 intuebitur
472 1103 520 1122 eos
535 1096 661 1123 sacerdos
680 1105 686 1122 :
705 1097 726 1123 si
750 1095 904 1130 deprehen-

114 1141 184 1167 derit
208 1141 407 1168 subobscurum
431 1142 552 1168 alborem
571 1142 663 1169 lucere
689 1143 716 1169 in
745 1147 817 1175 cute,
839 1142 907 1169 sciat

115 1194 167 1212 tum
185 1194 244 1212 esse
264 1186 376 1220 lepram,
396 1187 444 1213 sed
467 1187 599 1214 maculam
620 1188 719 1214 coloris
740 1188 858 1219 candidi,
881 1192 905 1214 ct

115 1231 254 1257 hominem
269 1231 412 1258 mundum.
432 1241 441 1257 ι

149 1275 208 1303 Jam
223 1281 251 1303 et
265 1284 316 1303 nos
331 1272 401 1304 sicut
420 1277 503 1304 David
527 1278 639 1305 SilhiiOsi
654 1278 680 1305 in
696 1279 762 1314 legis
781 1279 905 1311 scientia,

113 1330 175 1348 cum
191 1330 224 1348 eo
245 1322 366 1349 dicamus
383 1332 389 1350 :
406 1323 465 1349 Νυη
483 1323 542 1359 fecit
557 1324 645 1350 taliter
666 1325 736 1350 omni
750 1325 862 1358 nationi,
883 1330 907 1352 et

110 1367 215 1401 judicia
231 1376 279 1394 sua
297 1376 349 1394 non
367 1369 542 1404 manifestauit
565 1370 618 1396 illis
636 1370 666 1396 ’⁸.
693 1371 761 1396 Cum
789 1370 906 1398 maxima

114 1413 288 1440 districtione
308 1413 434 1448 superius
447 1414 474 1440 in
489 1414 590 1441 divinis
612 1415 793 1450 dogmatibus,
811 1419 838 1442 et
860 1423 907 1443 co-

114 1465 174 1483 rum
195 1453 452 1492 prmvaricatorihtis
475 1468 539 1486 usus
567 1459 672 1491 luisset,
692 1468 765 1487 nunc
794 1460 857 1496 quia
873 1461 907 1488 de

114 1503 166 1530 i.li3
182 1503 256 1537 loqui
281 1505 428 1538 supplevit,
443 1510 516 1532 recte
540 1513 596 1532 sum.
613 1507 801 1532 austeritatem
825 1507 907 1541 depo—

113 1547 169 1574 suit
183 1547 373 1581 districtionis,
387 1553 414 1575 et
429 1549 463 1575 de
481 1549 533 1580 his,
547 1556 606 1582 qum
624 1554 689 1575 sunt
702 1548 853 1576 secundum
870 1549 909 1576 lc-

961 320 1234 348 nibusintelleximus
1248 330 1254 348 :
1267 329 1366 349 ornare
1397 321 1498 356 quippe
1509 323 1591 354 caput
1614 327 1645 346 ac
1661 323 1753 354 tegere

961 366 1099 393 Constituti
1112 371 1184 399 sunt,
1206 367 1275 393 sicut
1290 366 1467 402 cogitationes
1482 369 1610 392 mentem.
1630 364 1690 394 Non
1703 371 1753 401 au-

962 415 1014 437 tem
1030 412 1196 438 iuordinatas
1207 412 1385 447 cogitationes
1398 411 1562 438 deducamus
1576 409 1607 437 ad
1621 409 1752 441 medium,

960 456 1021 489 quia
1038 460 1064 482 et
1081 456 1240 490 capillorum
1265 456 1457 490 incompositio
1475 455 1622 482 lmditatem
1638 461 1687 488 pro
1706 461 1752 480 or—

961 506 1023 527 natu
1047 501 1157 535 praebet.
1184 501 1307 535 Insuper,
1338 500 1566 536 quemadmodum
1592 499 1751 534 capillorum

960 547 1070 581 quidam
1086 546 1225 578 decidunt,
1240 547 1285 574 alii
1305 552 1396 574 autem
1416 550 1605 577 renascuntur,
1622 545 1751 579 nulloque

962 597 1083 626 tempore
1100 592 1174 619 nasci
1193 599 1319 623 cessant,
1342 593 1382 619 sic
1399 597 1426 619 et
1442 592 1485 619 his
1512 599 1577 626 qua:
1588 595 1651 618 sunt
1666 591 1692 617 in
1709 591 1752 619 his

960 636 1169 671 cogitationibus
1184 637 1381 669 decidentibus,
1397 637 1456 664 alia-
1473 640 1663 663 renascuntur.
1681 635 1751 671 Ergo

960 681 1005 709 hic
1044 683 1150 709 calvum
1179 683 1296 717 appellat
1327 683 1476 717 simpliccm
1507 682 1659 713 hominem,
1695 689 1749 709 non

959 736 1020 755 eum
1048 728 1093 764 qui
1121 729 1233 756 omnino
1258 728 1390 763 insipiens
1418 733 1470 761 est,
1499 733 1546 756 aut
1571 728 1748 755 irrationalis.

959 773 1025 806 Quis
1038 775 1111 801 enim
1130 779 1170 801 cst
1186 775 1276 806 homo,
1292 774 1337 808 qui
1351 782 1405 800 non
1419 774 1541 809 capillos,
1558 774 1622 801 licet
1636 780 1749 808 paucos,

959 820 985 846 iu
1011 821 1098 854 capite
1116 821 1232 847 habeat?
1249 820 1327 847 Hunc
1338 828 1402 855 ergo
1417 820 1557 852 describit,
1574 819 1620 854 qui
1647 819 1749 854 cogita-

959 865 1046 893 tiones
1059 874 1158 900 paucas
1173 874 1227 901 pra!
1243 866 1415 900 simplicitate
1432 865 1511 900 gerit,
1530 872 1646 899 cumque
1670 872 1750 891 mun-

958 911 1021 938 dum
1048 917 1120 939 recte
1145 920 1206 940 esse
1224 912 1352 947 praecepit
1370 920 1377 938 :
1394 912 1432 938 sic
1458 911 1557 946 quippe
1580 911 1605 938 ei
1632 910 1750 937 inditum

956 962 997 984 est
1010 963 1083 984 sorte
1101 962 1216 990 natura,
1237 958 1307 985 unde
1332 966 1392 984 eum
1410 961 1437 984 et
1455 956 1587 984 columba:
1611 955 1763 990 comparat»

957 1004 1096 1030 Dominus.
1115 1003 1204 1036 Quare
1217 1007 1307 1030 autem
1322 1004 1404 1038 hujus
1421 1010 1564 1037 personam
1586 1001 1697 1028 omnino
1722 1002 1747 1028 in

955 1049 1122 1075 dubietatem
1149 1049 1285 1084 lcgislator
1313 1049 1345 1076 ad
1358 1048 1448 1076 iuvit?
1476 1048 1546 1080 Quia
1583 1047 1682 1075 melius
1707 1050 1750 1074 est

955 1102 1017 1121 cum
1048 1095 1203 1121 innocentia
1226 1095 1327 1122 habere
1351 1095 1433 1122 etiam
1463 1093 1647 1129 prudentiam,
1673 1092 1746 1127 quod

956 1140 1130 1167 manifestum
1146 1144 1188 1168 est
1203 1148 1235 1167 ex
1251 1141 1292 1168 his
1303 1149 1364 1175 qua:
1378 1140 1507 1167 Dominus
1519 1140 1627 1179 dicebat
1639 1147 1646 1165 :
1659 1138 1749 1165 Estote

956 1187 1086 1221 sapientes
1100 1187 1166 1213 sicut
1176 1192 1317 1221 serpentes,
1329 1191 1352 1213 et
1363 1187 1492 1221 simplices
1502 1186 1569 1212 sicut
1578 1185 1705 1212 columbo:
1714 1185 1747 1211 '°.

956 1233 1009 1260 Sed
1030 1233 1092 1261 licet
1123 1234 1173 1260 hoc
1201 1233 1334 1260 laudabile
1354 1233 1398 1266 sit,
1418 1232 1484 1259 illud
1501 1236 1593 1259 tamen
1616 1238 1749 1258 accusau-

956 1280 1021 1306 dum
1036 1287 1091 1306 non
1111 1284 1162 1307 est.
1178 1279 1410 1312 Quemadmodum
1428 1278 1499 1305 cnim
1521 1277 1651 1304 mundum
1675 1276 1749 1303 aesti-

957 1329 1014 1352 mat
1030 1333 1092 1351 eum
1106 1324 1152 1359 qui
1165 1332 1197 1351 ex
1214 1328 1269 1351 toto
1289 1324 1402 1358 simplex
1420 1327 1471 1355 est,
1487 1323 1526 1350 sic
1539 1327 1566 1350 et
1588 1322 1675 1354 illum,
1703 1322 1749 1356 qui

957 1375 1078 1405 exparte
1096 1375 1147 1403 est,
1161 1370 1278 1397 maxime
1298 1370 1371 1396 hunc
1386 1369 1431 1403 qui
1447 1377 1479 1396 ex
1498 1368 1672 1403 simplicitate
1687 1371 1748 1399 est;

957 1422 1020 1441 nam
1034 1414 1084 1441 hoc
1100 1414 1304 1449 intelligendum
1316 1418 1357 1441 est
1372 1414 1399 1440 in
1412 1413 1514 1448 capillis
1526 1412 1684 1445 fluentibus,
1698 1413 1750 1440 hoc

958 1465 1000 1487 est
1010 1460 1211 1487 rarescentibus
1222 1460 1249 1486 iu
1262 1460 1360 1492 fronte,
1377 1467 1457 1494 quem
1470 1462 1497 1486 et
1514 1459 1679 1486 calvastrum
1697 1466 1746 1493 ap-

958 1505 1077 1540 pellavit.
1094 1505 1142 1532 Hic
1159 1509 1248 1532 autem
1262 1505 1350 1542 priore
1363 1505 1483 1532 deterior
1496 1507 1538 1531 est
1553 1513 1559 1530 :
1574 1511 1638 1530 nam
1650 1503 1750 1530 melius

958 1556 999 1578 est
1010 1551 1117 1586 quidem
1136 1551 1250 1578 virtutes
1277 1550 1455 1582 abscondere,
1477 1549 1499 1579 si
1531 1554 1622 1576 tamen
1651 1549 1748 1584 aliquis

113 1600 174 1628 gem
192 1592 344 1625 Judaicam,
360 1593 531 1628 dogmatibus
549 1594 677 1628 loquitur,
699 1598 726 1620 et
747 1602 806 1628 qua:
828 1594 856 1620 in
872 1602 904 1622 ea
921 1612 942 1641 ο
959 1597 1070 1633 gloriam
1092 1605 1186 1625 earum
1202 1597 1307 1632 prodat,
1324 1595 1473 1623 tolerabilis
1489 1595 1578 1630 passio
1595 1600 1647 1628 est,
1662 1600 1690 1622 et
1707 1595 1750 1622 vi—

113 1643 179 1666 bunt
191 1639 295 1674 culpas,
307 1640 504 1667 subobscurum
520 1641 639 1667 alborum
662 1645 689 1667 et
702 1641 836 1668 lucentem
847 1648 908 1668 esse

114 1685 184 1711 dixit
203 1694 210 1717 ;
230 1685 459 1719 quemadmodum
477 1694 541 1721 ergo
564 1686 718 1713 cicatricem
738 1686 827 1714 albam
848 1694 908 1714 esse

112 1730 235 1757 diximus
256 1731 498 1766 transgressionem
515 1732 607 1767 legalis
625 1732 731 1764 litterm,
749 1732 788 1760 sic
809 1736 837 1760 et
850 1732 909 1767 ejus

114 1776 298 1811 ignnrantiam
334 1777 533 1805 subobscuram
569 1778 689 1805 alborem
719 1783 747 1806 ct
772 1778 908 1806 lucentem

115 1822 302 1858 intelligamus
321 1823 385 1850 dici.
401 1823 585 1859 ignOrantiam
603 1829 694 1852 autem
713 1832 769 1852 non
785 1824 908 1852 omnium

113 1875 177 1901 quae
193 1868 270 1900 dicit,
288 1877 339 1896 nec
354 1877 449 1896 eorum
461 1878 522 1904 quae
537 1871 691 1898 communia
707 1879 768 1898 cum
786 1871 842 1906 lege
856 1878 906 1898 na-

115 1914 208 1946 turali,
225 1915 268 1942 vel
282 1914 444 1949 evangelicis
458 1915 601 1949 praeceptis
612 1919 685 1947 sunt,
702 1916 832 1950 possidet.
852 1916 908 1943 Ne-

113 1967 170 1992 que
186 1959 260 1986 enim
277 1960 411 1994 ignorare,
426 1959 484 1986 Non
506 1959 624 1992 occides,
640 1960 700 1987 Non
716 1961 907 1994 moechaberis,

114 2005 177 2031 Non
194 2005 297 2032 furtum
310 2004 402 2037 facies,
414 2005 526 2032 cuilibet
536 2005 684 2040 ignoscitur
700 2006 764 2033 :sed
778 2014 908 2041 quorum-

114 2051 179 2076 dam
194 2050 351 2085 partialiqu
365 2059 567 2086 parvorumque
580 2051 768 2079 mandatorum
784 2051 911 2087 ignoran-

115 2097 165 2128 tia,
181 2096 266 2124 veluti
288 2098 397 2131 quando
418 2102 525 2132 oportet
553 2098 677 2125 mundari
703 2102 909 2131 menstruatam,

113 2143 230 2176 quando
257 2143 348 2170 oll‘erri
377 2150 426 2177 pro
453 2143 578 2178 pariente
609 2144 771 2176 masculum,
802 2145 912 2179 quando

113 2188 200 2215 etiam
217 2196 267 2222 pro
286 2195 318 2215 ea
335 2196 395 2223 quae
416 2189 544 2216 feminam
567 2190 682 2224 peperit.
709 2190 821 2224 Propter
840 2190 912 2225 quod

113 2243 148 2261 ea
162 2234 365 2262 subobscuram
382 2235 513 2267 alborem,
529 2239 625 2269 utpote
640 2243 740 2270 parvas
758 2236 909 2270 cicatrices,

959 1644 1020 1671 cina
1032 1643 1128 1671 veniat.
1142 1643 1257 1678 Propter
1269 1642 1341 1678 quod
1358 1643 1410 1669 erit
1422 1642 1551 1674 mundus,
1565 1642 1630 1676 quia
1653 1649 1753 1669 secun-

958 1687 1023 1715 dum
1033 1687 1140 1721 faciem,
1158 1688 1249 1715 divina
1268 1687 1407 1722 Scriptura
1426 1687 1502 1722 prodi
1518 1687 1644 1719 virtutes,
1659 1691 1687 1714 et
1702 1694 1749 1714 co-

959 1742 1017 1762 ram
1036 1735 1192 1763 hominibus
1209 1743 1256 1770 per
1272 1742 1318 1762 eas
1333 1734 1399 1761 dicit
1427 1734 1529 1761 ornari.
1544 1733 1662 1761 Attende
1681 1733 1752 1761 Pau-

959 1781 1015 1809 lum
1027 1782 1163 1809 dicentem
1180 1791 1186 1809 :
1209 1781 1248 1808 Ea
1259 1789 1317 1817 quw
1327 1780 1469 1808 secundant
1486 1780 1581 1814 [aciem
1598 1785 1668 1813 sunt,
1683 1781 1753 1808 vide-

960 1827 1036 1856 ταδί
1051 1828 1110 1863 quis
1140 1827 1242 1854 uidetur
1256 1827 1306 1853 sibi
1329 1826 1424 1854 Christi
1457 1835 1483 1853 se
1501 1834 1563 1858 esse,
1590 1826 1637 1853 hoc
1659 1827 1752 1861 cogitet

960 1874 1055 1900 iterum
1070 1873 1142 1907 apud
1156 1873 1334 1907 semetipsum,
1355 1872 1417 1906 quia
1433 1871 1500 1897 sicut
1517 1872 1570 1906 ipse
1587 1870 1684 1898 Clu-isti
1703 1876 1751 1903 est,

960 1920 999 1946 ita
1016 1923 1040 1945 et
1055 1926 1101 1945 nos
1127 1918 1159 1944 ¹¹.
1178 1917 1234 1945 lloc
1246 1918 1293 1950 ait,
1318 1917 1339 1943 si
1358 1917 1461 1943 nullum
1476 1922 1616 1951 peccatum
1643 1924 1674 1943 ex
1688 1917 1753 1943 sim-

960 1965 1081 2001 plicitate
1095 1963 1226 1998 simplicis
1238 1963 1432 1990 committatur.
1450 1963 1478 1989 Si
1494 1967 1584 1989 autem
1602 1962 1671 1989 facta
1694 1962 1754 1989 fue-

961 2011 998 2038 rit
1014 2010 1043 2037 in
1060 2009 1169 2037 calvitio
1187 2009 1258 2044 ejus,
1276 2013 1322 2035 aut
1340 2009 1367 2035 in
1392 2008 1530 2035 recalvitio
1548 2007 1653 2036 macula
1679 2007 1752 2039 alba,

961 2060 1008 2084 aut
1020 2055 1089 2088 rul'a,
1107 2054 1182 2090 lepra
1196 2059 1246 2082 est.
1263 2054 1374 2087 Quare?
1390 2054 1458 2086 Quia
1475 2061 1552 2080 nemo
1566 2054 1605 2080 sic
1619 2057 1660 2080 est
1687 2053 1752 2080 sitn-

961 2103 1032 2138 plex,
1048 2105 1078 2129 ut
1091 2102 1206 2134 nesciat,
1222 2101 1284 2135 quia
1301 2109 1354 2128 non
1370 2101 1467 2128 debeat
1487 2107 1598 2127 manum
1614 2100 1640 2127 in
1662 2100 1751 2136 ignem

961 2148 1080 2180 mittere,
1096 2154 1186 2181 neque
1207 2147 1232 2174 in
1255 2145 1396 2182 prrccipitii
1413 2145 1556 2172 altitudine
1575 2145 1751 2180 semetipsqu

962 2194 1037 2227 dare,
1049 2200 1139 2228 neque
1154 2192 1228 2219 abuti
1242 2191 1330 2227 gladio
1346 2192 1372 2218 iu
1386 2191 1452 2218 locis
1465 2191 1602 2218 vitalibus.
1618 2191 1646 2218 Si
1662 2197 1752 2218 autem

963 2240 1022 2276 haec
1031 2239 1092 2271 scit,
1108 2238 1244 2273 quomodo
1259 2245 1315 2264 non
1342 2237 1458 2272 amplius
1488 2237 1572 2269 norit,
1587 2237 1659 2272 quod
1683 2237 1755 2264 oeci-

113 2288 230 2315 parvam
252 2281 309 2315 jam
332 2286 529 2316 praeceptorum
552 2282 732 2316 ignorantiam
752 2283 908 2316 habentem,
929 2281 950 2309 Ι)
965 2284 1029 2312 dere
1053 2284 1153 2311 malum
1172 2283 1217 2315 sit,
1236 2282 1308 2318 quod
1335 2281 1479 2309 detrahere
1497 2281 1656 2315 pessimum,
1682 2281 1755 2315 quod

112 2326 284 2361 appellavit;
301 2327 348 2361 qui
373 2335 437 2362 ergo
455 2328 515 2355 talis
545 2332 585 2354 est
611 2336 666 2355 non
696 2329 778 2356 habet
797 2337 911 2357 necesse

114 2371 245 2398 mundari
261 2380 267 2398 :
284 2379 374 2406 neque
391 2373 465 2399 enim
491 2373 524 2400 ad
535 2373 755 2408 justiﬁeationem
775 2375 912 2409 pertinent

111 2416 287 2448 Judazorum,
299 2417 347 2444 sed
360 2423 389 2445 ut
412 2424 604 2454 aggravaretur
629 2427 722 2447 eorum
735 2420 840 2456 jugum,
856 2426 911 2448 tra-

112 2463 175 2489 dita
189 2467 264 2490 sunt.
281 2462 396 2498 Propter
411 2465 482 2499 quod
495 2469 522 2492 et
537 2465 607 2493 Dcus
622 2474 670 2501 per
689 2468 849 2501 prophetam
871 2469 912 2496 di-

112 2510 218 2535 ccbat:
236 2509 303 2535 Dedi
332 2510 369 2536 eis
393 2516 522 2544 prarcepta
540 2519 591 2537 mm
611 2511 688 2544 bona,
714 2517 737 2538 et
755 2513 858 2547 judicia
887 2515 914 2540 in

112 2554 215 2588 (potius
230 2563 283 2581 non
297 2556 380 2582 vivent
397 2555 430 2583 ¹⁹.

155 2598 241 2626 Vens.
258 2599 354 2627 κιο-45.
374 2610 380 2626 l
394 2600 441 2628 Vir
453 2602 487 2629 de
501 2602 579 2637 cuius
601 2603 688 2637 capite
712 2603 801 2638 capilli
816 2603 915 2636 llutmt,

112 2645 216 2672 calvus
239 2654 270 2672 ac
285 2647 404 2674 mundus
416 2652 467 2675 est.
483 2648 515 2675 Et
526 2648 548 2675 si
563 2657 579 2675 a
592 2648 681 2676 fronte
697 2649 847 2678 ceciderint
858 2650 914 2684 pili,

116 2691 288 2719 rccalvaster
301 2696 330 2719 ct
352 2693 469 2721 mundus
497 2699 549 2721 est.
576 2694 603 2721 Si
633 2699 724 2722 autem
753 2696 781 2722 in
796 2696 915 2729 calvitio,

114 2736 180 2762 sive
193 2736 220 2763 in
239 2737 380 2765 recalvitio
394 2739 481 2773 albus,
494 2740 536 2767 vel
559 2740 636 2769 rufus
656 2741 730 2769 color
743 2741 824 2769 fuerit
837 2750 916 2769 exor-

116 2787 177 2814 tus,
195 2787 222 2810 et
241 2783 294 2811 hoc
309 2785 437 2813 sacerdos
454 2786 564 2820 viderit,
581 2787 730 2822 iuquinabil
748 2796 809 2816 eum
824 2797 830 2816 :
845 2789 917 2816 haud

115 2827 208 2855 dubie
223 2829 297 2864 lepra
317 2835 369 2864 est,
387 2839 446 2866 quae
463 2838 520 2860 orta
536 2838 576 2861 est
592 2834 619 2861 in
631 2834 749 2861 calvitio.
764 2846 773 2859 ι

161 2935 187 2952 ⁸⁷
200 2935 278 2965 Cant.
304 2947 324 2972 ι,
340 2939 368 2967 4.
407 2939 428 2956 ⁸⁸
444 2941 515 2968 Psal.
533 2949 632 2975 chvu,
646 2942 690 2970 ΞΟ.

732 2943 751 2958 ¹⁵
771 2942 868 2970 Ιεῖχθιιιι.
890 2951 932 2972 .xv,

964 2331 1111 2366 idolothyta
1120 2329 1262 2357 comedere
1272 2328 1395 2363 impium,
1407 2331 1487 2362 atque
1497 2327 1634 2354 mulierem
1641 2326 1755 2353 alienam

965 2377 1159 2411 concupiscere
1185 2375 1220 2402 sit
1249 2373 1436 2409 iniquum?Si
1452 2381 1516 2408 ergo
1541 2380 1602 2399 etilli
1629 2372 1756 2399 sacerdo;

966 2423 1099 2451 maculam
1129 2422 1275 2449 habentem
1294 2421 1381 2447 ﬂiiilt‘ll
1407 2423 1454 2445 alit
1477 2419 1563 2445 rufam
1593 2418 1619 2444 in
1647 2418 1756 2444 calvitio

966 2475 1014 2499 aut
1028 2471 1054 2498 in
1069 2470 1207 2498 recalvitio
1221 2470 1291 2504 ejus,
1307 2469 1331 2495 id
1348 2473 1398 2499 est,
1417 2468 1442 2494 in
1459 2475 1489 2494 ca
1507 2475 1566 2502 quae
1586 2471 1628 2493 cst
1640 2473 1672 2492 cx
1689 2469 1756 2495 toto,

969 2518 1009 2545 vel
1023 2526 1053 2544 ex
1067 2522 1152 2552 parte,
1167 2517 1349 2551 simplicitate,
1374 2515 1567 2550 evangelicam,
1581 2514 1621 2540 vel
1644 2511 1755 2548 legalem

967 2570 1029 2589 eum
1044 2569 1165 2588 normam
1180 2565 1336 2596 pCL‘t‘ulllcnl
1354 2559 1559 2594 prtcvaricatum
1579 2558 1663 2585 fuisse
1677 2564 1756 2591 repe‘

969 2609 1013 2640 rit.
1031 2607 1233 2639 condemnabit,
1245 2607 1301 2634 sive
1313 2605 1508 2632 contamiuabit
1523 2612 1596 2631 eum.
1613 2603 1723 2636 Quare?

1004 2652 1070 2683 Quia
1083 2651 1154 2677 ltIttttl
1172 2651 1248 2677 dubie
1273 2650 1344 2684 lupi-it
1370 2655 1427 2676 orta
1455 2654 1493 2677 est
1513 2650 1540 2675 in
1565 2649 1679 2675 calt'ilio.
1699 2648 1756 2677 Vel,

969 2698 1039 2723 sicut
1056 2696 1135 2729 LXX,
1153 2697 1215 2731 quia
1231 2696 1256 2722 in
1274 2695 1359 2729 capite
1375 2694 1432 2728 ejus
1458 2693 1563 2721 macula
1583 2693 1649 2728 ejus,
1667 2693 1714 2725 ait;
1732 2692 1757 2718 il

969 2748 1020 2774 est,
1035 2743 1098 2777 quia
1118 2742 1145 2769 in
1162 2742 1256 2769 validis
1267 2746 1293 2768 et
1309 2740 1471 2768 necessariis
1497 2740 1629 2776 peccavit,
1651 2740 1679 2767 in
1699 2748 1761 2775 qni—

969 2789 1019 2815 bus
1058 2796 1138 2815 nemo
1174 2795 1291 2823 peccans
1320 2787 1427 2814 veniam
1464 2791 1593 2814 meretur.
1624 2785 1760 2813 Naturalis

970 2835 1041 2862 enim
1063 2835 1114 2867 lex,
1129 2835 1162 2862 ad
1193 2843 1273 2868 quatit
1301 2834 1454 2862 necessaria
1477 2834 1542 2869 legis
1577 2833 1703 2865 tendunt,
1732 2837 1759 2859 ct

951 2943 977 2969 il
997 2952 1051 2970 bl‘t'.
1066 2942 1145 2969 LXX.

1186 2943 1207 2958 ¹⁰
1221 2941 1316 2970 Matth.
1333 2950 1358 2974 κ,
1379 2942 1418 2970 16.
1457 2942 1477 2957 ²¹
1495 2941 1632 2971 "Colax,
1651 2941 1678 2967 7.
