2052 3146
266 255 352 282 ntulto
372 257 456 291 magis
484 256 638 291 evangelica
666 261 812 292 praecepta,
835 264 887 284 nec
918 257 1099 285 animabusA

269 301 376 334 quidem
393 306 456 329 sunt
476 302 564 329 aliena
576 303 756 338 simplicibus.

303 345 384 375 Vens.
399 347 494 376 14-46.
511 358 519 374 ε
536 348 698 384 Quicunque
710 357 774 386 ergo
799 350 950 377 maculatus
978 349 1060 377 fuerit

265 393 351 428 lepra,
369 399 396 421 et
411 399 553 429 separatus
567 396 602 423 ad
626 396 770 423 arbitrittm
796 396 955 429 sacerdotis,
974 396 1060 423 habe-

265 438 306 466 bit
316 439 479 468 vestimenta
495 441 611 474 dissuta,
629 446 711 476 capttt
727 441 842 475 nudum,
863 450 894 470 os
910 446 983 469 veste
995 449 1061 469 con—

265 490 379 519 tectum,
396 487 610 515 contaminatum
625 496 658 515 ac
673 488 824 520 sordidum,
842 489 972 516 clatttabit
985 488 1060 515 omni

265 536 388 567 tempore
403 541 457 567 quo
468 533 591 569 leprosus
605 538 657 567 est,
671 540 698 561 et
710 534 867 562 immundus
890 534 965 562 solus
981 533 1061 561 habi—

265 578 333 605 tabit
346 582 422 605 extra
432 583 531 606 castra.
548 589 558 604 ι

300 623 338 651 Ea
354 632 414 659 qua:
428 625 460 651 ad
474 625 569 652 faciem
586 630 626 653 est
638 626 828 661 interpretatio
847 626 955 658 litterre,
970 625 1060 653 omni-

264 677 301 697 no
316 670 409 697 multis
426 670 533 697 videtur
554 679 614 698 esse
630 671 754 698 ridicula.
767 671 836 704 Quid
851 671 924 698 ettim
952 671 1061 706 prodest

263 714 428 745 vestimenta
453 715 586 747 dissttere,
601 719 648 742 aut
673 720 755 750 capttt
786 716 885 743 habere
915 716 1059 748 nudatum,

263 765 296 786 os
309 762 463 785 contectum
479 758 558 786 ‘iNcc
574 759 617 786 ille
635 760 709 786 enim
732 760 778 795 qui
794 768 908 796 corpore
925 761 1058 795 leprosos,

264 804 376 832 odorem
393 805 478 839 spirat
494 806 614 840 pudoris,
628 811 657 833 ut
682 811 755 833 recte
768 814 798 834 os
822 815 901 834 suttm
928 807 1009 842 hujus
1021 808 1059 834 rei

263 851 370 886 aperiat
385 852 482 887 gratia.
498 852 550 878 Sed
570 853 633 886 quia
651 853 788 887 leprosum
811 852 950 888 Iegislator
977 853 1060 879 intel-

263 896 329 924 lexit
344 905 418 930 eunt,
436 898 481 932 qui
498 898 647 925 secundant
666 899 792 933 prmdicta
813 903 924 933 peccata
941 898 1060 925 immun—

263 942 315 970 dus
330 947 382 975 est,
397 943 553 970 necessarie
567 944 627 978 ejus
641 944 753 971 dissolvi
768 945 929 972 vestimenta
957 953 1062 980 praece—
1078 933 1098 961 Β

263 989 346 1023 cepit,
362 993 389 1015 ul
415 997 463 1024 per
486 989 538 1017 hoc
563 990 691 1025 cognosci
715 991 802 1024 possit
826 991 889 1026 quia
913 991 1063 1018 dissolutas

264 1035 361 1062 habeat
382 1036 497 1063 virtutes
514 1041 597 1071 atque
615 1037 686 1064 vires
715 1038 813 1064 animm
833 1045 913 1072 :qua:
942 1046 1000 1064 eam
1027 1038 1062 1065 ab

263 1082 330 1105 testu
345 1083 426 1113 atque
442 1080 502 1115 gelu
523 1080 628 1115 peccati
647 1085 774 1115 poterant
792 1082 940 1108 custodire.
956 1081 1062 1109 llabere

263 1129 354 1151 autem
367 1132 429 1152 eum
446 1130 473 1153 et
484 1131 566 1160 caput
580 1126 711 1153 nudatum
729 1127 868 1161 praecepit,
881 1131 974 1162 utpote
990 1127 1063 1154 salu-

264 1171 300 1197 tis
315 1171 418 1206 galeam
438 1179 493 1198 non
517 1172 674 1205 habentem,
695 1181 775 1207 quam
804 1173 906 1199 Paulus
926 1174 996 1200 inter
1018 1173 1061 1200 itt—

265 1218 417 1252 lolligibilia
440 1226 514 1245 arma
540 1218 609 1245 sumi
637 1219 766 1253 praecepit
787 1218 820 1245 ".
837 1217 873 1245 Os
898 1218 979 1245 etiarn
1007 1226 1060 1244 non

264 1265 369 1293 frustra
382 1264 483 1298 operiri
504 1264 642 1299 przrccpit,
661 1264 709 1290 sed
730 1264 793 1298 quia
809 1271 870 1290 cum
885 1263 947 1290 ntali
971 1264 1062 1291 odoris

264 1312 405 1342 peccatum
422 1308 467 1342 sit,
483 1312 510 1335 et
526 1316 635 1336 Otttttent
655 1317 770 1343 pravatn
789 1309 895 1336 emittat
915 1309 1063 1336 exhalatio-

264 1361 338 1387 ttem,
359 1355 443 1382 mttlto
459 1355 544 1390 magis
558 1359 648 1382 tatttett
665 1363 723 1382 eam
736 1363 796 1390 qua:
809 1363 857 1390 per
875 1355 994 1388 linguam
1007 1360 1061 1386 est,

263 1400 387 1434 possidet
401 1408 407 1427 :
424 1399 504 1427 simul
519 1400 601 1427 etiam
618 1405 645 1427 et
660 1408 675 1427 a
693 1400 823 1428 doetorali
840 1401 973 1436 dignitate
989 1403 1062 1428 hunc

262 1446 309 1481 qui
327 1447 387 1474 talis
404 1451 447 1473 est
458 1447 596 1481 prohibet.
612 1446 754 1480 Quomodo
769 1447 840 1474 ettitn
856 1448 943 1482 culpa:
967 1456 1060 1475 casum

261 1497 398 1525 coerceat,
413 1492 458 1527 qui
479 1498 521 1520 est
543 1493 601 1528 ipse
617 1493 781 1528 culpabilis?
796 1493 940 1526 Quomodo
952 1494 998 1529 qui
1020 1494 1063 1521 l‘u-

263 1542 351 1568 ratur,
367 1537 508 1572 prtecipiat
523 1546 577 1564 non
598 1538 704 1565 furari?
722 1539 768 1573 qui
787 1540 952 1572 mmcltatur,
968 1539 1063 1574 iubeat

263 1591 317 1610 non
341 1583 495 1611 tnmchari?
511 1583 589 1611 Unde
609 1589 637 1612 et
665 1585 750 1612 David
776 1585 883 1612 diccbat
901 1594 907 1612 :
928 1585 1062 1612 Peccalori

264 1634 356 1656 autent
372 1629 439 1656 dixit
456 1629 549 1657 Deus:
566 1630 655 1661 Quare
670 1635 697 1657 tu
711 1639 821 1658 ettarrus
839 1631 960 1666 jnstitias
977 1640 1060 1665 meas,

262 1681 288 1703 et
300 1676 413 1702 assumis
442 1680 628 1703 testamentum
639 1685 726 1704 meum
742 1685 789 1712 per
803 1685 830 1704 os
850 1678 942 1704 ttmm?
954 1677 989 1704 Tn
1005 1686 1062 1704 vero

263 1722 308 1749 odi
316 1723 343 1748 ςιὶ
366 1714 543 1757 disciplinam,
565 1728 589 1749 et
611 1723 743 1757 projecisli
763 1732 894 1751 sermones
913 1733 981 1751 meos
1004 1730 1061 1759 post

263 1773 289 1794 te
300 1768 332 1794 ".
349 1769 382 1795 Et
391 1776 445 1795 non
460 1768 569 1803 quidem
580 1776 688 1804 semper
702 1769 754 1796 hoc
767 1775 840 1797 esset
855 1770 928 1797 omni
940 1774 1062 1806 tempore

263 1819 318 1846 quo
338 1812 460 1846 l--prosns
475 1817 527 1845 est,
544 1813 569 1839 ld
588 1817 630 1840 est
646 1814 773 1843 omnibus
792 1814 898 1847 diebus,
911 1815 1010 1849 quibus
1034 1815 1061 1842 in

263 1866 296 1884 eo
319 1858 402 1886 fuerit
428 1858 545 1891 macula.
561 1859 630 1892 Quid
658 1867 722 1894 ergo
750 1868 798 1896 per
824 1861 882 1888 [nec
907 1861 1062 1897 signiﬁcat?

263 1904 332 1936 Quia
352 1904 403 1931 ctsi
421 1905 506 1932 semel
532 1905 695 1940 peccaverit,
714 1897 820 1934 etiatttsi
843 1915 898 1936 non
926 1908 1061 1938 addiderit

263 1949 296 1976 ad
315 1950 496 1984 peccandum,
512 1950 671 1980 imntnndus
686 1956 776 1979 tamen
791 1960 878 1987 usque
890 1953 954 1980 dum
972 1954 1060 1988 paeni-

263 1999 329 2027 teat,
340 1995 439 2022 dicitur
452 2004 458 2023 :
473 1995 536 2030 quia
551 1996 612 2022 sine
629 1997 790 2031 poenitentia
801 1998 876 2034 lepra
892 2000 996 2034 peccati
1011 2008 1059 2034 pe-

261 2041 337 2069 nitus
361 2049 417 2068 non
438 2042 597 2075 mandatur,
617 2043 734 2077 ideoque
754 2045 858 2072 macula
884 2045 1059 2081 intelligibilis

263 2087 346 2121 lepra-2
368 2087 395 2114 in
414 2087 475 2122 ipso
499 2092 602 2115 manet.
627 2089 760 2117 Praeterea
775 2098 858 2118 verus
880 2091 1015 2125 leprosos,
1031 2092 1058 2119 id

262 2136 306 2159 est
320 2137 458 2167 peccator,
470 2133 544 2160 solus
553 2141 584 2160 ac
598 2139 740 2168 separatus
756 2136 868 2168 habitat,
882 2140 936 2162 tam
952 2140 981 2162 ut
993 2143 1058 2162 cott-

263 2176 402 2210 i'undatur,
422 2186 502 2213 quam
521 2183 550 2206 ut
574 2180 666 2207 nullus
690 2181 828 2208 societatis
850 2182 910 2219 ejus
934 2183 1058 2218 contagio

262 2227 406 2251 noceatur.
418 2224 496 2253 Unde
515 2226 644 2255 Dominus
660 2227 749 2259 Petro,
765 2227 799 2254 de
813 2235 846 2254 eo
865 2227 911 2262 qui
925 2219 1058 2263 peccave-

1076 1601 1097 1629 C

262 2274 315 2302 rat,
329 2274 356 2297 et
371 2271 499 2299 Ecclesia:
514 2277 543 2300 ut
570 2277 778 2300 converteretur
801 2279 881 2309 atque
901 2275 1061 2302 emcndarc-
1079 2276 1099 2302 ι)

263 2320 317 2349 tur,
329 2317 497 2346 detrectabat
510 2319 621 2346 obedire
635 2329 640 2346 ε
656 2319 695 2346 Sit
711 2320 768 2352 tibi,
784 2321 880 2356 inquit,
894 2321 961 2348 sicut
973 2322 1060 2349 elimi-

261 2371 308 2390 cus
324 2367 348 2390 et
367 2364 522 2398 publicanus
538 2365 571 2391 “.
588 2364 727 2393 Habitabit
746 2366 847 2401 quippe
864 2372 939 2394 extra
957 2372 1057 2395 castra.

263 2409 457 2445 chisquippe
480 2411 606 2439 mandata
631 2412 794 2447 evangelicis
818 2413 901 2440 ttitnis
918 2418 992 2448 sunt,
1016 2422 1060 2441 sc~

263 2454 383 2482 cundum
395 2455 533 2490 spiritum,
551 2459 740 2490 consonantia,
756 2459 827 2486 unde
840 2459 959 2488 Joannes
977 2469 1058 2496 sepa-

263 2507 328 2527 ratts
340 2501 374 2527 ab
392 2500 554 2537 intelligibili
570 2505 745 2532 tabernaculo
761 2505 955 2541 inteiligibilent
970 2508 1059 2542 lepro-

264 2553 324 2571 sum
343 2545 369 2572 in
385 2547 527 2576 catholicis
543 2549 675 2584 Epistolis
685 2551 799 2579 scribit:
818 2551 971 2587 Quicunque
990 2555 1057 2580 venit

263 2592 300 2618 ad
323 2600 376 2624 vos,
392 2596 415 2619 et
430 2593 498 2620 Imm:
513 2594 660 2622 doctrinam
679 2605 730 2623 non
752 2598 838 2632 ulfcrl,
853 2606 903 2624 non
927 2599 1058 2634 recipiatis

263 2645 322 2663 cum
347 2638 374 2664 in
390 2638 508 2670 domum,
523 2645 545 2666 et
559 2649 606 2667 ave
617 2641 640 2667 ei
656 2650 687 2668 ne
703 2643 822 2671 dixeritis
833 2644 866 2672 ".

298 2681 381 2711 Vens.
393 2683 488 2711 47-59.
502 2693 512 2710 ‹
524 2684 614 2712 Vestis
629 2686 718 2720 lanea,
728 2694 774 2715 aut
790 2690 872 2723 linea,
885 2699 944 2726 qua:
957 2692 1058 2728 lcprattt

264 2729 392 2758 halmerit
414 2730 442 2757 in
463 2731 579 2759 stamine
602 2737 684 2768 atque.
706 2737 888 2772 subtegmine,
908 2744 955 2766 aut
984 2745 1059 2767 certe

254 2774 351 2808 'pellis,
365 2775 407 2803 vel
420 2775 550 2811 quidquid
567 2785 597 2805 ex
625 2779 694 2814 pelle
710 2787 865 2810 eantextum
882 2788 933 2816 est,
958 2784 980 2811 si
999 2785 1057 2812 alba

262 2825 310 2848 aut
325 2821 384 2849 rufa
408 2823 513 2850 macula
535 2824 625 2857 luerit,
646 2827 744 2854 infmia
770 2829 850 2863 leprzc
876 2831 1056 2863 reputabitur,

298 2901 320 2918 ”
336 2901 434 2936 Fit-hes.
454 2912 497 2933 Vt,
519 2905 556 2931 Η.

610 2907 631 2920 ’³
650 2906 720 2933 PSaI.
741 2916 817 2943 trix,
848 2909 892 2941 lii,
912 2911 952 2936 l7.

262 2940 285 2957 ιτ
301 2936 369 2965 l'sal.
391 2947 465 2970 attv,
488 2940 526 2965 to.

877 200 1058 230 HESYCHII
1083 199 1322 230 PRESBYTERI

1005 2911 1025 2926 ⁸⁷
1040 2911 1102 2938 .‘latt

1857 197 1912 230 938

1113 255 1327 290 ostendeturque
1347 246 1494 282 sacerdotii
1510 254 1561 287 Qui
1583 254 1772 287 considerans,
1792 254 1914 283 recludet

1114 305 1219 336 septem
1240 301 1346 334 diebtts,
1368 307 1396 328 et
1425 301 1469 328 die
1494 301 1610 336 septimo
1638 309 1746 328 rursum
1766 302 1913 336 aspiciens,

1113 348 1134 375 si
1159 348 1279 375 crevisse
1302 347 1514 382 deprehenderit
1549 347 1623 382 lepra
1654 355 1837 382 perseverans
1859 353 1912 380 est,

1113 395 1247 429 pollutum
1267 394 1400 428 iudicabit
1425 394 1630 426 vestimentum,
1647 398 1675 421 et
1698 402 1781 421 omne
1803 394 1830 420 in
1856 402 1912 429 quo

1112 440 1196 467 fuerit
1208 441 1330 471 inventa,
1342 445 1369 467 et.
1382 439 1483 468 idcirco
1497 441 1674 467 conthurctnr
1689 439 1815 467 ﬂammis.
1833 440 1913 474 Quod

1112 486 1133 513 si
1155 495 1213 513 eam
1229 487 1326 514 viderit
1347 495 1400 513 non
1418 486 1550 518 crevisse,
1572 486 1722 521 pra-cipiat,
1740 491 1767 513 et
1784 487 1915 514 lavabunt

1115 531 1141 558 id
1159 531 1184 558 in
1200 539 1254 566 quo
1267 531 1341 567 lepra
1362 536 1412 558 est.
1427 531 1636 566 Recludcnsque
1648 531 1711 558 illud
1736 535 1840 566 septem
1855 532 1914 558 die-

1114 576 1165 603 bus
1180 577 1249 608 aliis,
1273 582 1298 603 et
1323 585 1384 604 cum
1402 577 1499 603 viderit
1518 577 1614 603 facient
1640 576 1750 610 quidem
1770 576 1913 610 pristinam

1114 630 1168 649 non
1185 631 1334 655 reversam,
1349 631 1399 650 nec
1418 628 1507 649 tamen
1524 622 1645 649 crevisse
1662 622 1776 657 lcpram,
1794 622 1914 649 immun—

1113 668 1333 703 duntjudicabit,
1362 673 1389 695 ct
1408 668 1470 702 igne
1497 668 1650 699 cmnlntrct,
1666 675 1699 694 eo
1726 667 1799 702 quod
1818 667 1909 694 infusa

1112 714 1148 742 sit
1173 715 1200 742 in
1224 715 1367 749 superliric
1383 714 1548 746 vestimenti,
1567 714 1607 740 vel
1640 721 1687 746 per
1711 717 1808 744 totttnt,
1826 713 1913 747 lepra.

1113 759 1160 787 Sin
1182 766 1271 787 autem
1290 760 1432 786 obscurior
1444 759 1525 786 fuerit
1546 759 1621 786 locus
1649 759 1741 794 leprm,
1767 762 1912 793 postquam

1113 806 1197 834 vesﬁs
1211 812 1253 834 est
1269 806 1332 838 lota,
1347 806 1491 840 abrumpet
1516 813 1590 837 eum,
1606 809 1634 831 ct
1658 812 1672 831 a
1699 804 1780 831 solito
1798 804 1912 831 dividet.

1114 851 1190 884 Quod
1207 851 1228 878 si
1245 851 1313 877 ultra
1331 850 1485 888 apparuerit
1502 850 1527 876 itt
1545 850 1587 876 his
1599 850 1676 882 locis,
1698 857 1757 885 qua:
1775 849 1850 884 prim
1865 849 1914 875 int—

1113 895 1246 922 maculata
1267 900 1355 928 erant,
1370 895 1445 929 lepra
1473 894 1591 921 volatilis
1606 899 1633 921 et
1651 902 1727 929 vaga,
1744 894 1826 921 debet
1853 894 1908 929 igni

1114 942 1249 970 comburi.
1271 941 1298 969 Si
1315 940 1474 973 cessaverit,
1496 941 1597 968 lavabit
1623 948 1654 967 ea
1671 948 1731 975 quae
1753 948 1820 975 pura
1848 945 1914 968 sunt

1114 989 1246 1021 secundo,
1265 993 1291 1015 et
1307 988 1407 1015 munda
1421 991 1512 1015 erunt.
1528 987 1582 1013 Ista
1604 991 1646 1014 est
1661 986 1701 1013 lex
1719 987 1802 1022 leprae
1828 986 1915 1013 vcsti-

1114 1035 1196 1062 ntenti
1211 1033 1292 1066 lanci,
1304 1038 1331 1060 et
1345 1033 1420 1065 littei,
1436 1032 1554 1059 ﬂaminis
1566 1035 1646 1066 atque
1660 1031 1842 1066 subtegminis
1857 1039 1914 1058 out-

1113 1081 1210 1114 nisque
1223 1079 1399 1114 supellectilis
1415 1077 1536 1113 pclliciat,
1550 1077 1688 1112 quomodo
1715 1077 1843 1104 mundari
1864 1076 1914 1104 dc-

1114 1127 1196 1154 heant
1210 1126 1252 1154 vcl
1270 1124 1459 1152 contaminari.
1478 1133 1487 1150 ι

1150 1173 1309 1199 Indecorum
1327 1171 1437 1205 quidant
1452 1171 1562 1197 forsitan
1579 1179 1611 1198 ac
1625 1170 1707 1198 nimis
1720 1169 1856 1203 abiectum
1873 1168 1914 1194 le-

1113 1218 1267 1253 g;sl.ttorent
1280 1217 1424 1248 mstimant,
1434 1217 1496 1251 quia
1506 1216 1539 1242 de
1548 1216 1664 1243 stamine
1675 1221 1754 1250 atque
1764 1213 1916 1249 subtegmi-

1114 1271 1165 1294 ne,
1189 1263 1260 1297 quod
1286 1267 1371 1289 trama
1395 1263 1475 1297 vulgo
1498 1266 1683 1296 nuncupatur,
1709 1261 1839 1295 loquitur,
1865 1267 1913 1286 rc-

1114 1309 1241 1343 littquctts
1253 1316 1423 1343 quaecunque
1437 1307 1542 1335 animas
1558 1308 1728 1335 audientium
1744 1307 1830 1342 legent
1848 1315 1914 1341 pos-

1114 1360 1176 1383 sunt
1194 1355 1227 1382 ad
1248 1355 1363 1382 meliora
1380 1363 1556 1390 componere.
1575 1354 1646 1387 Quid
1665 1354 1749 1386 enim,
1771 1354 1913 1389 inquiunt.

1114 1401 1283 1428 sordidatum
1314 1405 1430 1432 stamen,
1455 1400 1520 1435 quid
1547 1400 1718 1434 subtegmcn,
1744 1400 1802 1426 sive
1825 1404 1915 1428 trama

1114 1448 1252 1482 leprosum
1272 1447 1384 1477 lactant,
1404 1447 1468 1482 quid
1486 1447 1690 1482 pellicium-vas
1707 1446 1840 1473 maculam
1862 1447 1916 1474 ha-

1114 1495 1191 1527 bens,
1212 1499 1312 1523 nostra:
1337 1494 1425 1521 oberit
1449 1494 1528 1520 vitae?
1549 1493 1628 1521 Unde
1651 1500 1706 1520 non
1733 1500 1784 1520 ttos
1803 1498 1915 1528 oportet

1114 1543 1146 1568 ad
1166 1541 1252 1568 solam
1269 1540 1413 1571 intendere
1432 1540 1560 1572 litteram,
1579 1540 1627 1567 sed
1643 1540 1675 1566 ad
1693 1539 1811 1566 fructum
1830 1541 1915 1574 spiri—

1115 1592 1158 1614 tus
1175 1597 1180 1614 :
1199 1588 1245 1622 qui
1272 1586 1503 1621 quemadmodum
1526 1586 1577 1613 sub
1603 1586 1677 1618 lolio,
1695 1585 1730 1612 ita
1756 1586 1805 1613 sub
1823 1586 1915 1613 littera

1115 1634 1208 1669 legalis
1225 1634 1310 1660 vinem
1328 1633 1488 1661 custoditur.
1503 1632 1619 1660 Tantam
1631 1633 1702 1659 enim
1716 1640 1809 1659 curam
1825 1633 1915 1660 nostri

1114 1680 1251 1715 legislator
1270 1679 1349 1714 gerit,
1369 1683 1397 1705 ttt
1419 1687 1473 1706 non
1497 1679 1584 1707 solum
1605 1679 1638 1706 dc
1658 1679 1702 1706 illa
1721 1683 1815 1707 cautos
1832 1679 1916 1706 iaciat

1114 1727 1197 1762 lepra,
1223 1734 1283 1761 quat
1306 1733 1338 1753 ex
1366 1726 1408 1753 his
1434 1733 1495 1760 quae
1523 1726 1579 1760 jam
1606 1726 1676 1753 dicta
1699 1731 1773 1757 sunt,
1791 1732 1916 1761 peccans

1113 1773 1215 1806 evenit,
1234 1772 1280 1799 sed
1296 1775 1323 1798 et
1338 1772 1371 1799 de
1392 1773 1443 1799 hac
1459 1780 1518 1805 qua:
1535 1771 1694 1805 frequenter
1710 1772 1781 1799 circa
1796 1772 1916 1798 virtutes

1113 1821 1234 1852 evenire,
1257 1820 1323 1847 dum
1349 1819 1420 1846 male
1447 1819 1487 1846 eis
1514 1818 1611 1853 aliquis
1635 1819 1729 1850 utitur,
1748 1819 1828 1845 solet.
1851 1818 1915 1846 Alia

1113 1873 1178 1901 ergo
1200 1865 1364 1892 vestimenta
1387 1865 1495 1896 attima‘,
1517 1864 1568 1890 alia
1589 1864 1752 1891 vestimenta
1769 1868 1834 1891 sttnt
1850 1872 1917 1890 eor-

1112 1912 1186 1946 poris
1202 1921 1207 1938 :
1223 1919 1282 1946 qure
1306 1919 1357 1938 nec
1383 1911 1531 1939 sordidata.
1557 1919 1608 1937 nec
1634 1911 1784 1945 exspoliata
1806 1911 1914 1939 contri-

1112 1962 1194 1990 stattt,
1212 1958 1350 1993 qttomodo
1375 1965 1441 1992 ergo
1463 1956 1565 1992 Ioseph
1590 1957 1763 1991 pertingente
1783 1956 1913 1992 {Egyptia

1111 2003 1282 2031 vestimentis
1311 2001 1472 2037 spoliandus
1500 2006 1576 2033 erat,
1607 2001 1649 2028 vel
1678 2001 1816 2035 quomodo
1849 2002 1915 2036 pilis

1111 2050 1207 2077 cameli
1228 2049 1346 2083 Baptista
1366 2049 1487 2075 Joannes
1505 2048 1618 2074 induttts
1638 2051 1704 2074 erat.
1729 2047 1781 2074 Sed
1802 2055 1835 2074 ea
1851 2056 1915 2082 qua:

1111 2100 1174 2123 sunt
1194 2096 1292 2123 anima:
1313 2099 1421 2130 oportet
1443 2102 1503 2121 esse
1525 2094 1652 2124 clariora,
1669 2094 1702 2120 de
1716 2094 1817 2127 quibus
1832 2093 1915 2120 Salo-

1111 2151 1174 2171 mon
1201 2143 1330 2170 diccbat:
1348 2141 1426 2169 Omni
1457 2146 1573 2175 tempore
1600 2141 1653 2167 sint
1683 2142 1838 2167 vestimenta
1865 2146 1913 2167 tua

1110 2189 1267 2216 candida”.
1284 2188 1367 2215 David
1384 2195 1449 2221 ergo
1464 2187 1501 2213 ait
1521 2195 1526 2212 :
1547 2186 1639 2213 Omnis
1656 2186 1741 2220 gloria
1757 2186 1827 2220 ejus,
1848 2186 1916 2220 ﬁlia:

1111 2235 1178 2269 regis
1202 2234 1234 2260 ob
1259 2234 1351 2264 intra,
1372 2233 1399 2258 in
1419 2232 1530 2266 ﬁmbriis
1556 2232 1645 2258 uitreis
1675 2232 1839 2258 circumdata
1867 2240 1915 2258 tta-

1115 2282 1208 2308 rietalc
1223 2280 1256 2306 ’⁷.
1275 2279 1394 2306 Gloriam
1413 2278 1494 2310 intra,
1507 2277 1605 2304 animzc
1617 2277 1745 2304 decorem
1762 2284 1893 2304 asserens
1906 2298 1913 2309 ,

1114 2326 1141 2353 in
1162 2325 1278 2352 ﬁmbriis
1294 2324 1395 2353 aureis,
1412 2331 1472 2357 qua:
1489 2322 1616 2349 vidi-licet
1631 2327 1694 2349 sunt
1712 2322 1839 2349 virtutes.
1859 2322 1913 2349 Sed

1113 2372 1210 2398 lterum
1225 2371 1451 2398 vestimentorum
1468 2368 1591 2403 quanlam
1608 2373 1671 2395 sunt
1685 2368 1772 2400 lanea,
1784 2367 1914 2402 quaedam

1113 2419 1184 2446 linea
1202 2428 1208 2444 :
1226 2418 1314 2449 lanea,
1337 2416 1456 2451 pretiosa
1481 2419 1509 2442 ct
1531 2422 1639 2450 magna,
1659 2415 1831 2449 multumque
1850 2415 1914 2440 ani-

1114 2472 1185 2491 ntatn
1211 2461 1416 2492 calefacientia;
1445 2460 1516 2489 linca
1545 2467 1625 2490 vero.
1652 2460 1729 2490 vilia,
1757 2467 1913 2494 parumque

1113 2508 1311 2538 calefacientia.
1333 2507 1421 2534 Lanca
1446 2507 1540 2538 vestis,
1562 2506 1660 2533 attinnt:
1686 2511 1727 2533 est
1747 2506 1912 2541 virginitas;

1113 2556 1195 2586 linea,
1212 2555 1324 2581 castitas
1348 2553 1510 2588 coniugalis.
1535 2552 1634 2583 Lanca,
1657 2561 1671 2579 a
1694 2556 1812 2587 qumslu,
1834 2553 1911 2580 vela

1114 2601 1278 2637 pOSsidettdo
1302 2599 1487 2632 continentia;
1513 2599 1595 2630 linea,
1616 2599 1771 2626 habiturum
1799 2599 1913 2634 largitas

1114 2656 1216 2676 rerttot.
1243 2648 1381 2679 Laneum,
1409 2646 1493 2672 eremi
1520 2645 1709 2680 philosophia;
1734 2645 1857 2676 littcuttt,
1885 2645 1912 2672 itt

1112 2694 1223 2721 civitate
1242 2693 1380 2724 honestas,
1400 2692 1456 2718 sive
1471 2692 1614 2719 modestia.
1633 2692 1753 2718 Lancum
1772 2700 1860 2726 usque
1878 2692 1911 2719 ad

1111 2744 1228 2767 mortem
1246 2747 1295 2774 pro
1310 2738 1424 2767 veritate
1447 2738 1563 2770 certari;
1585 2738 1688 2765 lincunt
1711 2738 1779 2765 l'alsa
1799 2746 1855 2764 ttott
1873 2738 1913 2764 lo-

1110 2786 1254 2821 qui.UntIe
1268 2789 1294 2811 et
1304 2783 1432 2811 Salomon
1451 2784 1598 2811 licclesiant
1609 2784 1766 2818 duplicibus
1780 2784 1911 2811 vestitam

1111 2841 1158 2866 per
1176 2831 1403 2866 signiﬁcationem
1425 2838 1552 2857 asserens
1569 2830 1679 2858 tlircbat
1695 2840 1700 2857 :
1722 2831 1848 2863 Qua‘sinit
1869 2830 1911 2856 ια-

1351 2911 1373 2927 "
1389 2910 1410 2938 ll
1425 2909 1501 2937 .lnan.
1519 2919 1524 2936 ι
1539 2931 1545 2941 ,
1562 2911 1604 2938 ill.

1107 2911 1133 2937 ll.
1153 2920 1234 2943 \vut,
1254 2912 1294 2938 Π.
1351 2911 1501 2938 ’"llJnan.
1519 2911 1604 2941 1,“).
1660 2912 1681 2924 "
1699 2911 1788 2938 lict-le.
1816 2919 1840 2938 ix
1853 2932 1860 2943 ,
1881 2912 1907 2940 8,
