2052 3146
154 237 208 268 949

702 232 742 262 IN
763 232 984 263 LEVITICUM.
1002 245 1035 250 —
1056 233 1130 263 LIB.
1149 233 1198 263 1V.

1733 233 1787 264 950

148 298 212 318 nam
239 293 262 316 et
280 288 374 322 lirium,
393 292 417 316 et
433 292 543 324 operata
560 292 597 315 est
612 288 721 315 consilio
737 297 865 315 manuum
883 297 946 315 sua-
961 291 983 319 Α
1000 287 1114 316 Domino
1144 290 1358 324 exspectabunt?
1385 290 1513 318 Viridans
1540 294 1631 317 autem
1662 290 1788 324 superbia

149 344 209 363 rum
226 335 273 362 "'.
296 335 330 362 Et
353 342 448 362 rursus
466 344 472 362 :
492 334 677 370 Straguiatam
695 339 791 361 uestem
813 335 874 369 fecit
895 334 945 360 sibi

146 383 239 417 byssus
256 385 281 408 et
296 389 416 416 purpura
436 381 620 408 indumentum
635 381 691 415 ejus
705 380 739 407 ".
765 379 852 407 Habet
871 380 943 407 enim

148 428 274 455 Ecclesia
292 427 371 454 lanea
386 427 550 454 vestimenta
566 432 594 454 et
610 426 693 459 linea,
707 426 817 461 byssum
838 431 864 453 et
880 434 945 461 pur-

149 480 258 506 puram,
279 479 328 499 eos
349 472 396 507 qui
419 472 447 498 in
472 471 600 506 coniugio
623 474 651 498 et
674 471 701 497 in
721 471 877 505 virginitate
895 471 945 498 de-

149 518 205 546 cori
231 522 304 548 sunt.
322 518 470 551 omniaque
496 518 548 544 alia
568 525 629 552 quae
649 525 664 543 a
685 517 766 543 nobis
780 517 862 544 modo
882 520 957 543 sunt‘

150 563 222 590 dicta
239 570 254 590 e
271 563 380 590 diverso
408 563 486 589 lanea
508 563 670 590 vestimenta
694 570 726 589 ac
748 563 820 589 linea
842 562 946 598 signilt-

149 617 212 636 care
222 609 410 644 prmdiximus.
423 608 477 636 Sed
490 608 552 643 quia
565 608 690 636 staminis
702 613 784 643 atque
796 608 946 643 subtegmi-

150 656 194 682 nis
210 662 244 681 ex
266 654 366 689 quibus
387 658 571 681 contexuntur
588 659 688 686 vestes,
708 654 847 689 legislator
868 661 946 681 meu-

151 702 254 728 tionem
278 700 354 732 fecit,
372 701 459 736 ipsam
479 708 552 728 nunc
570 701 751 728 Subtilitatem
766 699 944 735 explicemus.

150 748 209 775 Non
233 747 308 775 enim
332 747 505 775 solummodo
528 747 653 780 virtutes,
670 747 718 774 sed
743 754 774 774 ea
794 754 826 773 ex
845 745 945 781 quibus

149 799 296 827 constant,
328 794 493 830 perscrutari
525 794 673 821 desiderat.
705 793 764 821 Duo
794 799 858 828 ergo
887 791 946 818 hac

150 850 244 869 veram
262 842 343 869 nobis
358 846 508 877 procurant
531 841 660 869 virtutem
678 850 686 868 :
705 840 823 868 intentio
839 843 944 872 nostra,

146 894 176 916 et
190 889 302 916 divinus
318 893 402 915 nutus
416 889 473 915 sive
488 890 593 923 gratia:
609 891 638 914 et
658 887 819 922 subtegmcn
834 885 944 920 quidem

148 933 242 961 innuit.
265 937 387 962 nostram
414 933 596 960 intentionem
619 941 625 959 :
649 937 754 959 stamen
781 935 872 958 autem
895 929 943 957 Dei

149 982 248 1005 nutum
264 981 291 1004 et
311 981 394 1008 recte,
408 977 471 1012 quia
493 981 600 1004 stamen
615 980 658 1003 est
677 977 705 1003 iu
721 976 885 1003 vestimento
898 974 942 1001 lir-
959 966 979 992 Β

148 1024 221 1051 Inius
238 1033 245 1051 :
260 1024 397 1059 quomodo
417 1028 446 1050 et
468 1023 515 1050 Dei
540 1026 625 1050 nutus
640 1023 698 1050 sive
719 1022 804 1057 gratia
823 1021 943 1048 indisru—

147 1069 254 1104 ptibilis
281 1069 309 1096 in
338 1068 429 1101 nobis,
456 1073 539 1104 atque
570 1067 802 1096 incommutabilis
828 1071 940 1102 perstat,

146 1115 291 1142 sustinens
315 1114 478 1149 subtegmen
504 1119 605 1141 nostra!
630 1113 791 1141 intentionis
814 1117 844 1140 ut
862 1111 943 1147 perfi-

146 1161 242 1187 ciatur.
258 1160 338 1187 bona:
359 1160 477 1187 actionis
499 1159 704 1187 vestimentum.
721 1158 809 1186 Pelles
827 1166 858 1185 ex
879 1158 942 1192 qui-

147 1205 199 1232 bus
225 1204 323 1232 conﬁci
347 1204 412 1239 quid
437 1209 526 1239 potest
548 1213 554 1231 :
579 1203 744 1231 tentationes
768 1211 818 1237 pro
842 1201 942 1237 pietate

147 1257 194 1276 s-u
211 1249 276 1281 ﬁde,
295 1254 322 1276 et
343 1257 393 1284 pro
418 1249 518 1276 virtute
542 1248 734 1276 tribulationes
760 1247 825 1274 dicit
846 1246 939 1282 pelles.

146 1295 256 1327 Quare?
270 1295 339 1328 Quia
360 1295 589 1330 quemadmodum
613 1298 720 1321 mortua
744 1294 821 1329 pellis
840 1297 890 1325 est,
908 1293 942 1320 tle

147 1349 200 1375 qua
223 1340 282 1368 fieri
306 1346 394 1376 potest
410 1349 467 1374 vas,
485 1346 674 1368 verumtamen
692 1341 725 1367 de
748 1348 778 1367 ea
804 1344 865 1367 uter
885 1340 941 1366 for—

146 1387 228 1420 sitan,
245 1391 294 1414 aut
315 1388 409 1420 cadus,
426 1392 474 1414 aut
497 1392 624 1419 stratum,
647 1391 694 1414 aut
717 1386 795 1421 pellis
814 1386 940 1413 taberna-

146 1433 210 1464 culi.
224 1438 271 1459 aut
288 1433 390 1468 aliquid
406 1433 482 1460 aliud
499 1434 526 1460 tit
544 1433 609 1460 utile
624 1442 630 1459 :
644 1433 684 1459 sic
699 1437 725 1459 et
742 1431 939 1464 tribulatioucs,

147 1483 174 1504 et
187 1479 357 1506 tentationes
376 1479 541 1506 mortiﬁcant
556 1479 582 1504 in
597 1478 696 1505 sa-culo
712 1477 849 1504 hominem
870 1487 876 1504 :
892 1477 941 1504 hu-

146 1524 254 1551 miliant
267 1525 340 1551 enim
356 1533 430 1557 eum,
445 1530 472 1552 et
485 1525 563 1552 valde
574 1525 601 1552 in
613 1524 680 1551 nihil
695 1524 835 1551 redactum
849 1528 940 1550 osten-

146 1570 226 1598 dunt.
243 1570 298 1598 Vas
314 1575 404 1598 tamen
420 1578 454 1598 ex
468 1572 507 1598 eis
521 1571 622 1598 bonum
639 1575 666 1598 et
681 1571 746 1597 utile
769 1570 808 1603 ﬁt,
832 1569 939 1605 patien-

147 1617 183 1644 tia
201 1621 284 1652 atque
307 1618 430 1652 probatio
443 1638 450 1650 ,
468 1625 528 1652 qua!
552 1617 710 1644 omnimodo
726 1625 740 1643 ιι
760 1617 875 1643 Domino
893 1624 939 1643 co-
955 1633 977 1663 ϐ

147 1671 243 1691 ronam
258 1664 457 1698 consequitur;
477 1664 514 1690 ait
538 1664 612 1690 enim
626 1663 743 1690 Jacobus
764 1672 770 1689 :
786 1663 883 1690 Beatus
903 1663 941 1689 vir

145 1711 192 1745 qui
209 1711 300 1745 sit/fert
320 1711 503 1742 tentationcm,
529 1711 603 1746 quia,
619 1718 676 1736 cum
703 1709 828 1744 probatus
851 1709 940 1743 fuerit,

145 1750 258 1792 actipiet
277 1764 401 1783 coronam
420 1757 489 1787 vitm,
508 1765 587 1790 quam
605 1756 724 1791 promisit
745 1755 814 1782 Deus
831 1754 942 1789 diligat-

143 1803 215 1830 tibus
239 1812 268 1830 se
285 1804 320 1830 “.
345 1803 391 1830 Ait
419 1808 446 1830 et
471 1803 570 1830 Paulus
593 1811 598 1829 :
621 1802 765 1828 Tribulalio
786 1801 940 1836 patientiam

142 1854 283 1883 operatur,
299 1849 427 1884 patientia
442 1853 530 1874 autem
547 1848 736 1881 probationem,
751 1848 871 1882 probatio
888 1856 940 1873 au-

142 1900 197 1921 tem
209 1903 293 1930 spem,
308 1903 365 1929 spes
379 1900 467 1921 autent
485 1902 536 1920 non
550 1893 685 1929 confundit
696 1893 729 1920 ⁸ο.
747 1893 829 1920 Vides
840 1898 940 1928 quanta

145 1941 223 1968 utilia
244 1949 310 1968 vasa
333 1949 364 1968 ex
392 1941 461 1976 pelle
481 1941 687 1968 tribulationum
718 1944 745 1967 et
762 1941 940 1967 tentationmn

144 1988 227 2015 ﬁunt.
249 1988 318 2021 Quia
333 1988 406 2015 enim
433 1987 518 2023 pelles
544 1987 736 2014 tribulationes
763 1991 791 2013 et
813 1987 939 2013 Ientatio-

144 2041 196 2060 nes
210 2033 343 2068 appellari
371 2041 427 2060 non
440 2033 476 2060 sit
491 2033 684 2067 incongruum,
699 2031 761 2058 audi
780 2030 830 2057 Job
847 2031 941 2058 dicen—

145 2083 202 2106 tem
219 2078 254 2105 de
272 2079 330 2105 suis
347 2078 569 2105 tribulationibus
597 2082 625 2105 et
640 2077 836 2104 teutationibus
852 2085 858 2103 :
877 2076 940 2103 Pet-

144 2125 177 2151 lis
194 2133 265 2156 mea,
283 2125 442 2158 consumptis
461 2124 595 2156 carnibus,
611 2124 723 2151 adlza'sit
740 2124 775 2150 ad
795 2132 822 2150 os
843 2132 938 2155 nteant,

144 2174 169 2196 et
197 2169 325 2196 derelicta
356 2175 417 2196 sunt
446 2171 630 2197 tantummodo
660 2170 731 2196 labia
757 2170 827 2196 circa
852 2170 940 2196 dt‘ntcs

145 2224 226 2242 meos.
252 2215 411 2242 Miseremini
435 2217 496 2249 mei,
515 2217 674 2243 miseremini
692 2217 752 2248 mei,
772 2215 866 2243 saltem
886 2225 938 2250 vos,

145 2261 228 2288 amici
249 2262 310 2293 mei,
329 2262 390 2296 quia
417 2271 512 2289 manus
531 2262 639 2289 Domini
664 2263 747 2297 tetigit
763 2271 804 2289 me
818 2263 850 2289 “.
875 2262 940 2289 l‘ro-

995 334 1168 370 intelligitur,
1190 336 1252 370 quia
1274 336 1308 364 ad
1334 336 1469 363 modicum
1493 335 1583 368 ﬂoret,
1601 336 1675 364 velut
1695 335 1787 363 viren-

995 381 1042 413 tia,
1062 380 1099 407 ila
1117 385 1146 407 ut
1166 380 1269 409 diceret
1292 381 1376 408 David
1393 390 1400 408 ι
1420 382 1477 409 Vidi
1496 382 1606 416 impium
1621 382 1788 417 supereleva-

995 431 1051 452 tum
1074 430 1098 452 et
1121 426 1269 453 exaltatum
1288 435 1367 460 super
1384 427 1473 454 (edros
1494 427 1596 459 Libani,
1618 431 1643 454 et
1665 427 1787 459 transivi,

994 474 1019 496 et
1038 477 1095 496 ecce
1114 477 1165 496 non
1185 475 1241 497 erat
1256 471 1288 497 ³¹.
1308 471 1341 497 Ει
1359 480 1453 499 rursus
1469 472 1502 499 de
1515 473 1618 500 eisdem
1635 481 1642 500 :
1658 471 1731 500 Sicut
1747 474 1787 508 fe-

995 523 1068 548 mim,
1086 517 1124 542 ita
1138 517 1267 547 deciderit.
1286 521 1311 544 et
1332 517 1400 544 sicut
1421 518 1492 545 olera
1512 519 1652 546 lterbarum
1669 520 1719 546 cito
1740 527 1787 545 ca-

994 563 1054 589 dent
1069 563 1100 589 ³³.
1119 562 1173 590 Sed
1191 567 1218 590 et
1235 563 1414 591 Moabitarum
1431 565 1557 599 populus,
1577 566 1623 600 qui
1640 570 1721 593 tantae
1740 574 1788 594 su-

995 607 1097 642 perbiae
1112 608 1281 643 subjacebat,
1297 613 1327 635 ut
1341 609 1401 636 aliis
1416 609 1543 637 omnibus
1557 611 1683 646 gentibus
1702 612 1785 639 Israel

995 654 1166 686 timentibus,
1187 655 1245 689 ipse
1267 656 1424 682 transeundi
1443 656 1545 683 aditum
1563 657 1719 684 nullatenus
1736 659 1785 685 da-

995 703 1046 732 ret,
1064 700 1111 727 sed
1135 700 1219 727 armis
1242 705 1376 733 uteretur,
1394 706 1421 729 et
1439 702 1546 729 Balaam
1563 702 1598 730 ad
1618 703 1785 731 maledicen-

994 744 1058 772 dqu
1075 746 1201 773 mercede
1214 747 1391 780 conduceret,
1412 747 1506 775 viridis
1521 756 1584 784 ager
1603 748 1660 784 ipse
1677 757 1785 784 quoque

994 800 1009 820 a
1025 793 1144 827 Balaam,
1160 803 1315 830 quanquam
1331 796 1473 831 ignorante
1484 797 1549 831 quid
1562 797 1674 830 diceret,
1690 799 1785 833 appel-

993 838 1064 866 latus
1077 844 1140 866 est:
1158 840 1226 867 dixit
1240 841 1313 868 enim
1328 842 1361 868 ad
1378 842 1495 877 majores
1512 847 1577 869 natu
1593 843 1699 870 Madian
1718 853 1724 870 :
1742 843 1785 871 Sis

994 884 1087 912 delebit
1101 886 1142 912 hic
1158 886 1269 921 populus
1283 895 1371 913 omnes
1387 888 1431 922 qui
1454 888 1481 914 in
1499 889 1593 915 nostris
1607 889 1702 922 ﬁnibus
1714 898 1785 916 com-

994 934 1142 963 morantur,
1162 931 1292 964 quomodo
1311 931 1376 958 sotet
1393 931 1437 958 bos
1454 932 1545 958 herbas
1565 940 1644 967 usque
1658 933 1693 959 ad
1709 933 1783 959 radi-

995 982 1048 1000 rem
1067 983 1174 1010 carpere
1188 975 1220 1002 “.
1238 975 1308 1011 Ergo
1322 981 1416 1011 aperte
1433 977 1577 1012 probatum
1592 981 1642 1010 est,
1659 978 1721 1013 quia
1735 986 1784 1005 su-

994 1021 1127 1055 perbiam,
1152 1030 1200 1049 seu
1228 1030 1325 1049 vanam
1351 1023 1462 1058 gloriam
1491 1023 1618 1058 prohibet
1644 1024 1783 1052 adhaerere

993 1065 1101 1094 virtuti.
1122 1066 1174 1094 Sed
1195 1075 1246 1095 nec
1268 1067 1295 1094 in
1319 1068 1446 1099 stamine,
1467 1068 1524 1096 sive
1551 1069 1577 1096 in
1601 1069 1781 1104 subtegmine,

994 1112 1051 1138 vult
1067 1112 1169 1147 lepram
1191 1120 1252 1147 quae
1271 1113 1342 1140 dicta
1357 1117 1409 1147 est,
1425 1114 1547 1148 evenire,
1566 1114 1593 1142 id
1614 1119 1665 1147 est,
1682 1119 1712 1142 ut
1732 1123 1784 1143 nec

993 1157 1043 1192 ipsi
1060 1166 1122 1185 cum
1142 1159 1281 1194 superbia,
1296 1160 1340 1187 vel
1361 1167 1429 1187 vana
1448 1160 1542 1196 gloria,
1559 1160 1673 1188 virtutes
1691 1161 1782 1188 inten-

992 1204 1098 1237 damus,
1117 1212 1168 1232 nec
1182 1213 1197 1232 a
1215 1205 1272 1232 Deo
1288 1205 1369 1232 talem
1387 1205 1499 1240 gratiam
1520 1205 1599 1233 nobis
1618 1213 1782 1233 concurrere

992 1249 1182 1284 deprecemur.
1206 1250 1259 1277 Sed
1283 1258 1334 1278 nec
1363 1251 1527 1278 tentatioues
1552 1259 1613 1278 cum
1638 1251 1727 1286 aliquo
1749 1259 1783 1279 ex

992 1295 1035 1322 bis
1054 1303 1105 1322 nos
1122 1296 1260 1330 legislator
1279 1296 1417 1324 sustinere
1431 1296 1568 1324 desiderat
1584 1305 1591 1323 :
1606 1297 1678 1331 quod
1692 1297 1714 1324 si
1731 1297 1782 1324 tale

991 1341 1130 1376 quidpiam
1153 1342 1278 1374 forsitan,
1296 1346 1326 1369 ut
1345 1342 1513 1375 hominibus,
1526 1343 1637 1370 evenire
1660 1342 1782 1378 contige-

992 1387 1037 1419 rit,
1056 1387 1192 1421 inspicere
1213 1395 1244 1414 ea
1270 1381 1440 1415 sacerdotem
1461 1388 1529 1420 vult,
1545 1392 1572 1415 et
1594 1395 1681 1422 neque
1695 1387 1782 1415 virtu—

991 1436 1056 1465 tcm,
1076 1441 1165 1467 neque
1186 1434 1368 1461 intentionem
1393 1434 1511 1465 virtutis,
1528 1441 1580 1461 nec
1601 1434 1782 1460 mutationum

992 1479 1148 1513 patientiam
1170 1479 1302 1514 repellere
1319 1488 1325 1506 :
1339 1487 1401 1506 mox
1417 1484 1444 1506 et
1456 1479 1617 1506 denuntiare
1631 1479 1781 1511 immunda,

991 1532 1023 1551 ex
1038 1525 1193 1560 suspicione
1209 1525 1355 1560 superbiae,
1372 1526 1414 1553 vel
1429 1534 1504 1553 vanre
1522 1526 1615 1561 gloria:
1629 1525 1758 1560 praecepit
1773 1534 1780 1552 :

991 1577 1042 1597 nec
1055 1578 1151 1597 rursus
1166 1571 1237 1597 sicut
1250 1571 1350 1598 munda
1367 1571 1516 1605 suscipere,
1536 1570 1581 1597 sed
1595 1578 1721 1605 separare
1735 1577 1783 1597 cos

993 1621 1097 1650 septem
1106 1616 1211 1649 diebus,
1224 1621 1252 1643 et
1269 1621 1390 1652 tempore
1403 1617 1558 1644 discernere
1568 1616 1733 1651 passionem.
1749 1616 1783 1642 Et

992 1662 1102 1697 quidem
1124 1661 1145 1688 si
1164 1662 1290 1694 creverit,
1307 1662 1445 1689 immunda
1461 1666 1524 1689 sunt
1537 1661 1627 1688 omnia
1642 1661 1783 1696 praedicta,

993 1708 1021 1735 in
1045 1708 1144 1743 quibus
1169 1708 1241 1735 istud
1267 1708 1401 1741 evenerit,
1420 1707 1483 1743 quia
1506 1708 1580 1743 lepra
1605 1714 1784 1742 perseverans

992 1758 1043 1784 est.
1063 1758 1173 1788 propter
1196 1754 1268 1788 quod
1294 1759 1322 1781 et
1348 1753 1465 1781 ﬂammis
1484 1754 1563 1789 jubet
1582 1753 1625 1780 illa
1649 1753 1782 1780 comburi.

993 1798 1063 1834 Ergo
1086 1799 1222 1826 ﬂammam
1246 1800 1378 1835 gehennae
1400 1799 1545 1835 significat,
1564 1803 1591 1826 et
1611 1799 1695 1826 l‘uturi
1715 1802 1783 1825 tem-

993 1845 1067 1879 poris
1089 1845 1248 1872 memoriam
1271 1845 1335 1872 facit
1348 1855 1354 1872 :
1369 1853 1457 1880 neque
1478 1845 1551 1872 enim
1571 1845 1638 1872 dixit
1653 1853 1658 1872 :
1673 1844 1704 1871 In
1724 1845 1784 1879 igne

993 1896 1185 1924 concrematur,
1200 1891 1246 1918 sed
1264 1892 1290 1917 in
1307 1892 1366 1926 igne
1382 1891 1600 1917 cortcremabitur.
1756 1887 1760 1892 ’

1029 1935 1059 1963 Si
1077 1942 1165 1963 autent
1181 1941 1239 1970 post
1259 1936 1430 1963 reclusionem
1455 1945 1513 1962 eam
1536 1936 1629 1962 viderit
1654 1943 1704 1962 non
1727 1943 1784 1961 cre-

991 1982 1073 2013 visse,
1098 1983 1242 2016 prwclpiet,
1266 1987 1291 2008 et
1311 1982 1437 2008 Iavabunt
1465 1983 1493 2009 id
1515 1983 1542 2008 in
1562 1990 1612 2017 quo
1637 1982 1709 2017 lepra
1735 1986 1781 2009 est.

992 2028 1020 2055 ld
1039 2031 1090 2060 est,
1108 2028 1213 2056 diluere
1229 2036 1260 2055 ea
1276 2028 1350 2055 illum
1372 2037 1421 2064 per
1441 2029 1628 2064 ptenitentiam
1643 2029 1782 2064 praecepit.

992 2076 1095 2103 Deinde
1110 2081 1170 2110 post
1187 2075 1348 2103 dilutionem
1368 2076 1509 2103 recludere
1529 2076 1592 2103 illud
1607 2081 1710 2111 septem
1724 2077 1783 2103 dies

992 2127 1087 2150 rursus
1103 2123 1191 2157 jubet,
1205 2126 1233 2149 ut
1257 2128 1416 2158 cognoscat,
1434 2129 1524 2150 utrum
1548 2123 1667 2150 inveniat
1689 2131 1782 2151 macu-

992 2169 1044 2196 lam
1072 2168 1225 2204 superbiae,
1252 2169 1295 2196 vel
1322 2177 1398 2196 vana:
1425 2169 1527 2204 glorizn,
1543 2174 1750 2205 permanentem
1774 2179 1781 2197 :

992 2212 1115 2247 quamvis
1138 2220 1193 2240 non
1212 2213 1340 2246 creverit,
1359 2217 1449 2240 tamen
1470 2213 1665 2242 incommutata
1681 2215 1714 2243 ab
1733 2215 1784 2243 hoc

992 2263 1043 2290 est,
1052 2259 1115 2294 quia
1124 2259 1155 2286 ad
1165 2259 1354 2295 paenitentiam
1365 2267 1419 2286 non
1434 2260 1540 2295 migrat,
1550 2260 1719 2288 immundum
1730 2266 1782 2293 est.

145 2306 223 2333 hibet
244 2314 309 2341 ergo
325 2315 374 2334 nec
394 2307 422 2334 in
439 2307 538 2334 virtute
561 2307 690 2342 perfecta.
708 2307 779 2342 quod
797 2311 838 2334 est
853 2307 935 2334 resti—
955 2305 974 2332 ι)
990 2311 1016 2333 et
1031 2306 1091 2343 igne
1106 2307 1291 2333 eomburetur.
1305 2305 1486 2333 Corroborata
1501 2310 1543 2332 est
1556 2306 1627 2332 enim
1643 2306 1745 2341 passio,
1757 2310 1786 2334 et

145 2357 282 2384 mentum,
297 2353 339 2379 vel
364 2353 387 2380 si
411 2361 507 2388 magna
524 2357 575 2386 est,
592 2353 634 2380 vel
652 2354 673 2380 si
698 2354 854 2385 mediocris,
870 2354 940 2381 hanc

144 2399 219 2425 enim
244 2398 384 2426 laueorum
399 2403 426 2426 et
457 2399 593 2426 lineorum
610 2399 792 2426 dill'crentiam
811 2399 939 2432 diximus,

146 2444 283 2472 maculam
319 2445 435 2472 inveniri
462 2445 549 2472 albam
583 2449 630 2472 aut.
661 2445 769 2479 rufam;
802 2446 843 2472 vel
870 2446 941 2473 sicut

146 2489 229 2523 LXX,
245 2491 410 2518 viridantem
434 2496 482 2518 aut
504 2491 748 2519 ﬂammescentem.
764 2492 835 2520 Dicit
850 2497 939 2520 autem

147 2536 313 2564 viridantem
344 2537 518 2572 superbiam,
547 2538 732 2565 ﬂammantem
771 2539 940 2571 κενοδοξίανς

147 2582 206 2610 haec
220 2583 296 2610 enim
311 2583 362 2611 fuit
377 2584 534 2620 angelorum
555 2585 751 2620 praevaricatio,
764 2585 826 2620 quia
841 2586 941 2620 ubique.

147 2630 275 2657 Christus
291 2631 408 2657 virtutes
428 2639 443 2658 τι
458 2639 527 2658 vana
543 2632 626 2670 gloria
645 2632 743 2659 liberas
759 2640 819 2659 esse
838 2640 941 2667 prince-

148 2677 197 2710 pit,
213 2681 241 2703 et
262 2684 351 2711 neque
371 2677 507 2712 jejunare,
525 2685 613 2712 neque
634 2678 755 2705 misereri
777 2679 809 2705 :nl
830 2679 941 2713 placen-

147 2723 210 2749 dum
232 2723 392 2750 hominibus
413 2723 513 2757 jubet:
537 2724 651 2758 perdere
669 2725 767 2759 quippe
789 2726 939 2752 murccilcm

147 2776 224 2795 suam
249 2776 296 2796 eos
318 2769 363 2803 qui
388 2770 424 2796 ita
447 2769 560 2800 faciunt.
579 2770 731 2797 albi-movit.
748 2770 797 2803 Qui
818 2771 890 2797 enim
906 2771 940 2797 ab

148 2814 306 2842 hominibus
330 2815 435 2842 laudari
453 2816 557 2848 volunt,
574 2816 709 2851 quomodo
728 2817 782 2850 jam
807 2816 909 2843 laudari
924 2825 939 2843 a

187 2929 219 2943 ’τ’
236 2928 318 2956 l‘rov.
337 2937 412 2961 XXXI,
431 2929 471 2956 l5.

146 2961 170 2978 ³³
189 2963 256 2992 ibid.
268 2964 296 2992 2.
336 2964 359 2979 "
374 2964 454 2992 Num.
472 2972 537 2997 χιιι,
557 2964 582 2991 li.

511 2929 533 2944 "
548 2929 613 2957 ibid.
631 2929 674 2956 εὶ.
708 2929 730 2945 ’ν
745 2928 801 2956 Jac.
823 2938 839 2962 ι,
858 2929 898 2957 12.
933 2929 955 2945 ³⁸
971 2929 1050 2957 Rom.
1067 2938 1093 2962 γ,
1115 2930 1139 2957 4.

994 2357 1137 2386 propterea
1150 2361 1199 2388 per
1213 2352 1342 2380 virtutem
1357 2352 1440 2380 homo
1461 2360 1513 2379 nec
1531 2352 1667 2388 corrigere
1683 2353 1784 2380 malum

994 2400 1061 2431 vult,
1078 2408 1128 2427 nec
1144 2400 1296 2427 intendere.

1029 2445 1058 2471 Si
1074 2446 1142 2471 enim
1160 2445 1283 2472 obscurus
1298 2445 1377 2481 fuerit
1392 2445 1462 2471 locus
1479 2444 1568 2478 lcprm.
1583 2444 1610 2471 ld
1626 2450 1668 2472 est
1683 2444 1784 2471 incerta

993 2490 1068 2525 lepra
1090 2494 1117 2516 et
1136 2490 1227 2522 dubia,
1242 2494 1386 2524 postquam
1400 2490 1482 2517 vestis
1501 2494 1543 2517 est
1557 2490 1608 2516 lota
1629 2497 1675 2524 per
1697 2489 1785 2523 pomi-

995 2537 1118 2567 teutiam,
1133 2536 1295 2563 abscindere
1316 2536 1470 2570 passionem
1485 2543 1500 2563 a
1517 2536 1680 2563 vestimento
1698 2535 1784 2561 virtu-

995 2583 1040 2616 tis,
1054 2587 1272 2618 caaterorumque
1291 2591 1352 2618 qua:
1376 2583 1446 2610 dicta
1461 2586 1535 2615 sunt,
1553 2581 1690 2617 praecepit.
1712 2581 1785 2614 Quu-

994 2630 1075 2657 modo
1089 2638 1153 2665 ergo
1168 2630 1323 2665 superbiam
1338 2629 1494 2664 abrumpit?
1514 2629 1600 2656 Valde
1616 2628 1741 2656 videlicet
1757 2636 1786 2655 se

996 2676 1150 2709 humiliaus,
1168 2676 1293 2703 similiter
1308 2680 1335 2703 et
1350 2683 1447 2702 vanam
1463 2675 1574 2710 gloriam
1591 2675 1717 2702 omnibus
1728 2683 1743 2701 ιι
1757 2683 1787 2701 se

996 2731 1138 2750 removens
1155 2724 1242 2750 modis
1259 2733 1264 2749 :
1286 2723 1311 2750 id
1325 2727 1376 2755 est,
1392 2727 1420 2749 ut
1435 2731 1485 2750 nec
1503 2722 1661 2754 [roum-ibus,
1679 2731 1710 2748 cx
1724 2722 1787 2756 qui-

995 2771 1046 2798 bus
1059 2770 1193 2805 superbia:
1210 2770 1300 2805 passio
1314 2770 1445 2801 nutritur,
1464 2777 1514 2796 uec
1535 2769 1670 2799 laudibus,
1687 2767 1786 2802 quibus

995 2825 1063 2844 vana
1077 2816 1176 2844 crescit
1192 2816 1286 2851 gloria,
1301 2816 1461 2847 delectetur,
1478 2816 1518 2842 vel
1538 2815 1653 2850 gaudeat
1669 2823 1674 2841 :
1691 2813 1785 2848 sicque

1180 2929 1200 2945 ³¹
1215 2929 1266 2957 Job
1282 2937 1337 2961 xtx,
1354 2928 1399 2962 20,
1415 2929 1460 2956 2|.
1502 2928 1524 2944 “
1542 2927 1615 2954 Psal.
1632 2934 1725 2959 xxxvi,
1740 2925 1786 2955 56.
