2052 3146
246 169 294 200 951
839 170 862 198 ll
870 167 1017 198 ESYCHII
1036 166 1271 196 PRESBYTERI

1820 166 1874 200 952

246 231 431 259 conversetur,
449 230 476 252 ut
501 234 535 252 ne
557 226 666 260 quidem
692 222 722 252 i.i'
743 226 926 260 suspicionem
950 224 1032 251 unius
1048 227 1068 253 Α
1084 231 1117 250 eo
1132 223 1261 250 discimus
1278 223 1358 258 :quia
1375 224 1510 258 leprosum
1527 232 1580 251 non
1596 224 1634 251 ire
1650 223 1681 250 ad
1693 224 1874 254 sacerdotem,

247 274 345 301 borum
360 272 469 303 incidat,
483 276 510 299 et
523 276 588 298 tunc
602 272 720 299 mundus
733 279 793 298 esse
806 271 916 306 poterit.

281 316 329 345 Sin
342 322 429 343 autem
445 317 515 343 ultra
536 318 690 352 apparuerit
707 318 734 344 iu
747 317 786 344 his
802 317 874 349 locis,
888 323 946 352 qua:
960 315 1034 351 prius

247 362 418 389 immaculata
442 363 557 397 fuerant.
579 363 607 389 ld
631 367 673 389 est
695 362 722 388 in
746 362 918 394 vestimento,
943 361 986 387 vel
1005 360 1033 386 in

245 407 428 442 subtegmine,
444 408 486 435 vel
509 408 536 435 in
562 408 688 440 stamine,
704 408 746 434 vel
769 408 794 434 in
817 407 897 442 pelle,
912 406 936 434 id
951 410 993 434 est
1006 407 1033 434 in

245 451 356 487 virtute,
366 458 412 480 aut
424 453 489 489 ipsis
500 454 705 485 tentationibus,
716 454 804 480 adhuc
816 453 938 480 eamdem
949 452 1034 480 susti-

246 503 310 526 neat
324 499 490 534 passionem,
505 507 555 534 pro
575 506 628 533 qua
648 498 758 525 ablutus
771 502 823 529 est,
837 498 879 525 vel
897 497 1033 533 paenituit,

246 550 328 579 atquc
342 545 367 571 in
388 553 419 572 ea
440 550 582 579 permanet
596 545 763 575 immundus,
785 543 940 579 hujusmodi
953 551 1035 579 repu-

249 596 329 623 tatur,
345 595 373 618 et
387 591 457 625 ignis
471 598 532 618 eum
548 591 680 626 gehenna:
694 590 816 624 suscipit.

282 636 349 668 Quia
372 635 444 670 lepra
459 636 573 664 volatilis
588 641 611 662 et
629 644 696 671 vaga
714 640 761 662 est.
782 636 810 663 Id
831 640 882 668 est,
907 635 969 670 quia
983 634 1034 661 hoc

246 683 318 716 quod
330 682 414 709 semel
429 682 542 709 maculae
557 682 670 708 dilutum
684 681 782 714 fuerat,
793 682 818 708 id
831 686 1034 716 est,postquam

247 727 330 753 semel
344 735 358 753 a
373 727 528 761 suspicione
542 727 687 754 mundatus
700 731 750 757 est,
765 735 859 753 rursus
871 726 952 753 lavari
966 727 1032 757 vult.

247 778 277 799 ut
292 776 357 799 tunc
371 773 489 799 mundus
504 773 670 799 nominetur.
686 772 763 800 Unde
780 772 949 806 apertissime
968 772 1034 800 illud

247 817 294 845 tibi
311 817 460 852 intelligere
485 818 621 852 legislator
643 818 741 849 innuit,
757 818 864 852 quando
885 817 918 844 de
939 818 1034 845 eodem

247 867 359 897 peccato
382 862 569 897 frequentibus
588 863 645 890 vult
667 863 734 898 lacrj
743 864 793 890 mis
813 863 948 898 pwnitcri.
968 863 1034 890 Fre-

246 915 334 941 quens
347 907 419 935 enim
433 908 667 940 commemoratio,
683 916 733 935 nec
753 909 841 943 ipsum
858 909 956 935 vulnus
973 916 1030 943 per-

248 953 330 980 mittit
351 953 509 988 praivalere,
525 960 576 981 nec
602 954 685 981 aliud.
702 955 769 987 Quia
791 963 855 990 ergo
874 960 901 982 et
919 955 952 982 de
969 963 1034 982 eve-

247 998 386 1025 nientihus
412 999 439 1025 in
465 999 579 1026 virtutes
603 1000 727 1031 maculis,
752 1000 886 1035 legislator
909 990 1035 1035 purifica-

247 1043 334 1070 tiones
358 1043 498 1078 praecepit,
517 1044 573 1078 jam
596 1052 645 1079 per
669 1053 729 1080 quae
754 1045 890 1080 leprosum
910 1046 1033 1078 inundet,

246 1095 374 1122 agnosce.
390 1087 448 1115 Hoc
461 1096 525 1124 ergo
541 1089 695 1122 intendens,
713 1091 834 1119 invenies
849 1092 911 1126 quia
928 1091 1034 1127 legisla-

247 1134 299 1160 turi
312 1134 346 1161 de
359 1130 434 1169 lepra
449 1135 492 1161 illa
507 1143 579 1163 cura:
594 1137 655 1170 fuit,
680 1145 739 1172 qua:
761 1146 793 1165 ex
813 1138 919 1165 delictis
933 1138 959 1164 in
975 1138 1033 1164 ani—

245 1179 340 1209 mabus
357 1181 457 1208 nostris
473 1180 611 1216 inﬂigitur.

537 1257 650 1285 CAPUT
670 1259 738 1287 XIV.

281 1310 361 1339 Vens.
375 1312 431 1340 l-9.
448 1322 457 1338 ‹
473 1313 644 1349 Locutusqnc
661 1320 702 1342 est
718 1316 847 1344 Domitius
865 1317 897 1344 ad
912 1317 1031 1353 Moysen,

244 1357 338 1384 dicens
354 1366 360 1383 :
378 1357 425 1384 llic
443 1362 485 1385 cst
508 1359 575 1386 ritus
597 1360 710 1394 lcprosi,
729 1361 836 1396 quando
861 1363 1033 1390 mundandus

245 1406 306 1428 est:
324 1401 476 1430 Adducitur
489 1404 522 1431 ad
541 1406 721 1437 sacerdotem.
736 1406 781 1441 qui
802 1415 927 1442 egressus
947 1416 962 1435 e
986 1416 1032 1435 ca-

243 1447 318 1481 stris,
333 1455 394 1475 cum
411 1449 546 1476 invenerit
565 1451 666 1485 lepram
682 1460 743 1479 esse
755 1454 923 1486 mundatam,
937 1455 1033 1489 prazci-

244 1494 301 1528 piet
310 1494 335 1521 ei
350 1495 394 1531 qui
410 1495 579 1531 puriﬁcatur,
593 1501 623 1523 ut
641 1497 738 1525 offerat
752 1506 799 1533 pro
815 1507 843 1526 se
856 1500 925 1527 duos
938 1508 1031 1534 passe—

244 1547 288 1567 res
300 1540 386 1573 vivos,
399 1545 427 1568 et
439 1550 506 1576 quos
520 1542 593 1569 vesci
606 1543 710 1570 licitum
722 1548 773 1577 est,
787 1549 814 1572 et
827 1545 930 1580 lignum
943 1545 1032 1573 cedri-

246 1585 328 1617 num,
353 1587 596 1622 vermiculumque,
620 1594 648 1616 et
670 1590 817 1625 hyssopum
835 1599 842 1618 :
861 1596 885 1617 et
909 1599 993 1618 unum
1016 1600 1031 1619 e
1046 1578 1068 1609 (ἶ

247 1632 403 1666 passeribus
423 1633 555 1660 immolari
579 1634 686 1669 jubcbit
710 1635 736 1662 in
760 1643 824 1662 vase
846 1636 932 1670 ﬁctili,
952 1645 1035 1672 super

246 1684 330 1710 aquas
346 1677 468 1705 viventes
483 1687 489 1704 :
504 1679 586 1706 alium
604 1685 694 1707 autem
712 1681 801 1708 vivum
823 1689 884 1709 cum
903 1682 975 1717 ligno
989 1691 1034 1710 ce-

245 1722 336 1753 drino,
351 1727 378 1750 ct
391 1731 484 1754 cocco,
500 1730 528 1751 et
549 1725 666 1760 hyssopo
684 1727 769 1761 tinget
784 1727 810 1754 in
827 1728 959 1762 sanguine
973 1736 1035 1763 pas-

246 1769 314 1796 seris
328 1769 469 1797 immolati.
486 1770 537 1803 Qu-i
560 1777 684 1808 aspergat
706 1773 780 1800 illum
798 1774 843 1808 qui
863 1774 1035 1802 mundandus

242 1821 296 1848 est,
311 1817 412 1851 septies
433 1822 461 1843 ut
474 1818 535 1851 jure
556 1823 701 1853 purgetur,
715 1824 742 1846 et
763 1819 883 1847 dimittet
896 1829 1033 1855 passerem

247 1862 336 1888 \ivum
352 1863 387 1889 ‘ut
407 1863 435 1889 in
456 1871 551 1898 agrum
574 1864 671 1891 evolcl.
697 1864 821 1900 Cumque
840 1866 934 1894 laverit
952 1867 1034 1895 homo

245 1907 408 1935 vestimenta
422 1917 480 1940 sua,
496 1910 571 1936 radet
586 1918 682 1937 omnes
695 1911 764 1946 pilos
777 1912 899 1947 corporis
918 1917 945 1940 et
962 1913 1035 1940 lava-

245 1951 318 1979 bitur
342 1960 423 1987 aqua.
449 1953 667 1990 Purilicatusque
694 1955 845 1991 ingreditur
870 1962 973 1991 castra,
997 1958 1034 1985 ita

244 1998 375 2026 duntaxat
390 2004 422 2027 ‘ut
441 2005 549 2027 maneat
571 2005 647 2028 extra
668 2002 871 2030 tabernaculum
891 2011 969 2031 suum
989 2012 1033 2032 sc-

245 2048 318 2078 ptem
342 2044 449 2078 diebus,
463 2051 491 2073 et
511 2046 554 2074 die
571 2048 685 2082 septima
708 2048 785 2075 radat
805 2050 917 2083 capillos
937 2051 1034 2085 capitis

243 2088 409 2124 barbamque
429 2096 457 2118 et
481 2092 625 2126 supercilia
648 2101 680 2120 ac
702 2094 785 2121 totius
807 2095 930 2129 corporis
954 2096 1032 2131 pilos,
1047 2117 1053 2123 .

243 2134 307 2161 lotis
322 2142 430 2163 rursum
447 2138 567 2165 vestibus
582 2144 610 2165 et
625 2146 749 2174 corpore.
768 2150 778 2166 ι

279 2178 348 2211 Quia
363 2188 416 2208 non
438 2190 488 2209 nos
505 2188 613 2218 oportet
626 2185 753 2212 arbitrari
773 2186 942 2222 negligenter
955 2188 1033 2223 quid-

1087 269 1133 296 sed
1149 269 1182 296 ad
1197 277 1259 296 eum
1275 269 1313 297 ire
1328 271 1496 298 sacerdotem
1513 270 1651 304 pra-cepit,
1667 270 1760 304 sicque
1777 269 1874 296 adduci

1087 323 1148 341 eum
1167 315 1212 350 qui
1234 316 1409 343 mundandus
1428 321 1479 343 est.
1499 316 1731 348 Quemadmodum
1751 320 1778 342 ct
1792 315 1875 342 Chri-

1087 365 1145 387 stus
1168 361 1201 387 ad
1225 369 1274 388 nos
1297 361 1381 393 venit,
1397 366 1424 387 et
1445 361 1478 388 ad
1500 369 1547 388 eos
1567 362 1612 395 qui
1635 361 1669 388 ab
1691 368 1724 388 eo
1749 360 1874 388 mundari

1087 411 1167 440 atque
1184 407 1256 434 ablui
1272 407 1457 434 necessarium
1474 407 1619 434 habebant.
1635 408 1669 434 Et
1684 411 1758 433 extra
1773 411 1874 438 castra,

1086 453 1119 479 ad
1146 452 1307 480 intuendum
1333 461 1394 480 eum
1421 453 1466 488 qui
1490 453 1663 480 mundandus
1687 457 1760 485 erat,
1783 452 1875 487 egredi

1087 499 1255 526 sacerdotem
1285 499 1414 534 prmeepit
1442 508 1448 526 :
1476 500 1546 526 sicut
1570 508 1620 526 nos
1646 500 1771 526 Christus
1798 504 1874 525 extra

1087 549 1194 576 castra,
1223 552 1270 578 per
1292 545 1449 579 passionem
1475 545 1580 575 cruris,
1610 545 1876 579 dispensationisque

1087 597 1147 623 qua:
1166 594 1231 616 tunc
1251 595 1359 624 peracta
1380 595 1430 622 est,
1451 590 1580 617 visitavit.
1604 590 1664 617 Non
1687 591 1763 624 prius
1783 594 1875 617 autem

1064 658 1067 661 .
1089 633 1139 661 hoc
1155 635 1219 669 egit,
1240 642 1319 669 quam
1346 634 1457 666 videret,
1476 635 1538 669 quia
1563 635 1667 662 macula
1686 635 1767 669 lepra:
1788 635 1823 661 ab
1842 642 1876 661 eo

1088 684 1230 707 sanarctur
1244 700 1250 711 ,
1269 681 1294 707 id
1315 686 1366 713 est,
1383 686 1526 715 antequam
1552 689 1603 708 nos
1623 681 1743 708 caruisse
1762 681 1878 708 vidisset

1089 729 1203 752 terrore.
1221 725 1336 758 Quando
1355 735 1420 762 ergo
1438 727 1463 753 in
1485 735 1548 754 eum
1569 734 1624 753 non
1647 727 1733 753 solum
1751 734 1784 753 ex
1798 726 1876 760 plebe

1087 769 1200 798 .ludaica
1230 772 1425 804 crediderunt,
1452 773 1497 800 sed
1525 778 1552 799 et
1578 773 1672 807 pagani
1698 772 1877 798 ascendentes

1088 824 1149 842 cum
1171 816 1264 843 videre
1284 817 1442 852 cupiebant,
1463 817 1653 844 nuntiantibus
1669 817 1720 844 hoc
1736 816 1877 850 discipulis

1088 861 1153 888 dixit
1173 871 1179 888 :
1196 861 1266 888 Venit
1281 863 1345 889 liora
1371 867 1398 889 ut
1425 863 1586 897 glori/iretur
1610 864 1692 890 Filius
1717 863 1829 889 hominis
1842 863 1876 889 ".

1054 902 1201 939 BQnando
1228 908 1295 935 vidit
1320 909 1391 942 quod
1420 913 1600 943 praeparatum
1626 914 1698 935 esset
1726 909 1875 935 humanum

1089 961 1175 986 genus
1202 954 1234 981 ad
1264 954 1462 986 liberationem,
1489 955 1656 989 salutemque
1682 963 1730 989 per
1755 962 1875 985 crucem,

1089 999 1141 1026 hoc
1162 999 1234 1026 enim
1263 1005 1291 1026 et
1313 1000 1426 1035 gloriam
1451 1008 1526 1027 suam
1551 1001 1706 1036 appellavit,
1727 1005 1791 1028 tunc
1811 1000 1876 1035 quid

1088 1045 1228 1080 suscepit?

1125 1092 1248 1119 Videlicet
1276 1093 1340 1120 duos
1365 1101 1483 1126 possem
1512 1094 1580 1120 rivos
1603 1101 1666 1128 quos
1688 1093 1756 1119 t'csri
1776 1093 1874 1119 licitum

1088 1141 1135 1162 est.
1152 1135 1251 1163 Habuit
1266 1137 1339 1163 enim
1357 1137 1414 1164 lucc
1429 1138 1564 1169 Christus,
1588 1137 1757 1164 divinitatem
1772 1138 1877 1164 scilicet

1087 1185 1114 1208 ct
1132 1180 1342 1214 humanitatem,
1361 1182 1423 1216 quia
1443 1183 1542 1209 tnunda
1561 1182 1661 1209 Christi
1680 1183 1761 1209 etiam
1778 1183 1876 1209 huma-

1087 1225 1167 1256 nitas,
1187 1230 1214 1252 et
1240 1226 1334 1253 vivens
1353 1232 1405 1253 est.
1430 1227 1527 1254 Munda
1552 1227 1677 1262 quidem,
1700 1233 1792 1262 utpote
1814 1236 1875 1262 quas

1087 1271 1227 1305 proprium
1258 1277 1399 1306 peccaturo
1424 1281 1477 1300 non
1505 1273 1599 1300 habuit
1617 1282 1624 1300 :
1646 1274 1704 1299 viva
1726 1278 1828 1306 autem,
1845 1279 1876 1299 ut

1087 1323 1146 1349 qua:
1159 1315 1250 1350 genita
1270 1325 1323 1343 non
1339 1321 1380 1343 est
1394 1326 1425 1344 ex
1442 1317 1490 1344 viri
1503 1318 1684 1350 immunditia,
1702 1324 1728 1345 et
1744 1318 1804 1345 ideo
1819 1326 1874 1346 non

1087 1361 1138 1388 fuit
1151 1361 1332 1388 maledictioni
1348 1362 1442 1388 mortis
1457 1362 1583 1389 obnoxia.
1739 1358 1741 1361 ’

1122 1406 1223 1437 Sumel,
1236 1408 1332 1442 inquit,
1345 1412 1369 1433 et
1385 1408 1483 1442 lignum
1497 1409 1641 1435 cetlriuum.
1657 1408 1684 1435 Id
1698 1413 1739 1435 est
1752 1415 1880 1448 crucem:

1087 1452 1176 1480 Cedro
1191 1458 1281 1480 autem
1295 1454 1356 1480 ideo
1371 1454 1548 1489 signiﬁcatur,
1562 1455 1624 1489 quia
1637 1455 1735 1482 cedrus
1752 1454 1780 1481 in
1793 1454 1874 1489 lignis

1087 1498 1166 1527 fortis
1187 1504 1228 1527 est
1249 1508 1254 1526 :
1278 1508 1340 1526 nam
1365 1505 1393 1527 et
1414 1507 1477 1527 arca
1503 1500 1536 1528 de
1560 1501 1638 1536 lignis
1664 1501 1782 1528 cedrinis
1803 1500 1875 1528 facta

1088 1547 1172 1574 fuisse
1191 1548 1323 1574 assoritur
1346 1557 1352 1573 :
1375 1548 1436 1582 quia
1460 1548 1593 1584 lignorum
1615 1548 1823 1584 imputribilium
1845 1547 1874 1575 in

1085 1594 1290 1621 constructione
1307 1595 1366 1628 ejus
1381 1594 1484 1630 Moyses
1498 1595 1664 1622 mentionem
1679 1594 1751 1622 fecit.

1120 1640 1210 1667 Sume!
1226 1645 1249 1666 ct
1265 1640 1445 1667 t'criuiculum.
1458 1641 1535 1674 Quod
1551 1641 1620 1668 LXX
1633 1641 1728 1672 edunt,
1741 1641 1875 1667 coccinum

1086 1691 1178 1717 totum,
1196 1686 1321 1713 videlicet
1345 1686 1499 1720 passionem
1518 1696 1523 1713 :
1540 1687 1639 1714 dicitur
1662 1687 1745 1718 cnim,
1763 1691 1876 1720 propter

1086 1732 1230 1759 tincturam
1257 1732 1450 1767 sanguineam.
1473 1733 1627 1760 coccinum.
1652 1732 1730 1760 Unde
1753 1732 1875 1767 chlamy-

1086 1777 1146 1804 dem
1163 1777 1329 1807 comineam,
1346 1785 1408 1804 cum
1427 1777 1572 1805 duceretur
1584 1778 1617 1805 ad
1631 1778 1796 1813 passionem,
1811 1786 1875 1804 eum

1087 1823 1184 1850 milites
1206 1822 1362 1850 induerunt.
1384 1823 1495 1850 'l‘ortum
1513 1828 1605 1851 autem
1616 1831 1677 1851 esse
1695 1831 1779 1858 quare
1796 1823 1876 1851 dixe—

1087 1870 1167 1896 runt?
1193 1869 1307 1904 Propter
1330 1870 1551 1904 passibilitatem,
1575 1870 1877 1905 impassibilitatemque

1085 1923 1248 1948 connexam,
1267 1921 1376 1950 propter
1401 1916 1472 1949 quod
1498 1916 1525 1943 in
1552 1923 1585 1943 c0
1610 1916 1700 1951 passio
1724 1916 1876 1943 secundum

1086 1961 1228 1995 quemdam
1244 1966 1286 1988 est
1300 1961 1420 1989 modum.
1438 1961 1575 1997 llyssopus
1587 1968 1678 1989 autem
1692 1962 1755 1989 boni
1771 1961 1874 1994 odoris,

1086 2007 1169 2042 gratia
1196 2007 1330 2042 Spiritus.
1353 2008 1524 2042 cooperatrix
1550 2007 1751 2035 emundationis
1773 2013 1876 2034 nostra:

1086 2057 1137 2084 est,
1160 2053 1231 2080 unde
1249 2053 1330 2080 David
1352 2062 1358 2079 :
1375 2053 1502 2088 Asperges
1527 2062 1577 2085 me,
1598 2053 1696 2088 inquit,
1714 2054 1833 2087 Ityssopo,
1850 2058 1875 2080 ct

1086 2098 1233 2125 mundabor
1248 2099 1280 2125 ³⁸.
1303 2098 1339 2126 De
1366 2099 1524 2133 passeribus
1552 2107 1635 2135 ergo,
1660 2107 1728 2134 quos
1755 2100 1876 2126 diximus

1086 2152 1146 2172 esse
1169 2144 1319 2177 Christum,
1346 2145 1419 2173 hunc
1444 2145 1573 2180 praecepit
1597 2145 1741 2177 immolari,
1761 2145 1801 2171 vel
1825 2152 1875 2172 oc-

1086 2190 1150 2223 cidi,
1169 2191 1194 2218 id
1208 2195 1258 2222 est,
1277 2191 1303 2218 id
1318 2191 1390 2225 quod
1404 2195 1463 2218 erat
1485 2190 1623 2226 passibile,
1638 2195 1666 2218 ct
1680 2190 1751 2223 quod
1768 2195 1877 2225 poterat

245 2226 317 2261 piam
339 2226 519 2261 legislaturem
545 2229 646 2262 dicere,
669 2231 734 2258 illud
760 2236 786 2258 te
808 2238 917 2267 oportet
939 2238 1033 2261 notare
1043 2244 1072 2272 λι)
1086 2233 1183 2265 occidi,
1201 2238 1230 2261 et
1252 2234 1339 2261 occidi
1361 2234 1388 2261 in
1411 2242 1477 2262 vase
1498 2234 1586 2267 fictili,
1602 2242 1684 2269 super
1703 2235 1827 2262 viventes
1846 2235 1875 2262 in

245 2279 301 2307 pra:
323 2272 459 2304 omnibus.
478 2274 541 2308 quia
562 2282 636 2302 nunc
660 2276 769 2310 quando
793 2277 827 2304 de
847 2278 1032 2305 inundationi-

245 2319 297 2346 bus
312 2319 409 2350 sancit,
425 2319 473 2347 soli
490 2319 584 2355 Moysi,
603 2329 657 2348 non
681 2322 762 2349 etiam
782 2322 872 2349 Aaron
893 2323 964 2350 sicut
985 2331 1032 2351 su-

244 2365 350 2401 perius,
373 2367 493 2401 loquitur
513 2367 594 2401 :quia
610 2368 714 2403 Moyses
735 2369 869 2404 prtecipue
888 2370 1031 2405 imaginem

243 2412 357 2444 Christi,
371 2413 521 2446 secundum
539 2413 638 2442 multos
652 2414 697 2448 qui
713 2414 778 2441 dicti
795 2418 867 2446 stitit,
887 2415 955 2450 gerit
972 2424 1033 2443 mo-

243 2458 303 2484 dos.
321 2457 376 2484 Soli
394 2464 484 2485 autem
499 2457 609 2486 Christo
629 2459 783 2486 communis
804 2460 885 2494 lepra:
903 2463 1033 2495 competit

243 2503 410 2531 emnndatio.
427 2504 541 2539 Propter
554 2505 626 2540 quod
641 2514 692 2532 nec
706 2506 738 2532 de
755 2506 828 2540 lepra
850 2506 929 2533 unius
949 2507 1031 2538 modi,

244 2557 304 2583 quae
319 2550 348 2576 tit
363 2550 389 2576 in
406 2551 529 2583 vulnere,
543 2551 618 2579 verbi
633 2552 729 2588 gratia,
746 2557 791 2579 aut
811 2553 837 2579 in
855 2553 971 2587 ustione,
987 2560 1033 2582 aut

243 2595 332 2626 aliter,
350 2594 479 2629 loquitur,
494 2595 542 2623 sed
558 2596 615 2623 ait:

280 2640 328 2667 llic
354 2645 392 2667 est
416 2641 482 2668 ritus
507 2641 612 2676 leprosi.
632 2641 684 2669 Per
710 2643 761 2670 hoc
780 2651 889 2671 omnem
912 2646 1030 2680 speciem

243 2688 325 2722 lepra:
352 2687 496 2722 complecti
520 2688 631 2720 volens,
658 2689 721 2723 quia
749 2694 777 2717 et
802 2690 926 2718 Christus
951 2699 1031 2718 omne

241 2742 328 2768 genus
347 2739 522 2770 peccatorum
542 2735 691 2762 inundavit.
708 2735 779 2772 Ergo
797 2741 824 2764 ct
843 2737 931 2763 nimis'
943 2737 1031 2764 simil—

241 2781 305 2811 hma
321 2785 367 2807 "est
392 2781 521 2816 mysterio
543 2782 601 2818 ejus
626 2790 744 2817 przcscns
766 2783 890 2815 materia,
906 2783 977 2818 quod
999 2792 1030 2810 ex

279 2882 300 2897 ³⁵
314 2882 392 2911 Joan.
410 2891 446 2915 xt,
463 2882 488 2909 i.

531 2883 552 2898 ’*‘
567 2883 634 2910 Psal.
653 2892 678 2917 i.,
695 2884 721 2910 9.
762 2884 781 2899 ³⁷
795 2883 872 2910 Rom.
890 2891 926 2916 vi,
943 2883 968 2910 5.

1086 2279 1175 2310 nobis,
1193 2279 1220 2306 id
1236 2284 1275 2306 est
1294 2287 1343 2314 pro
1360 2279 1449 2312 nobis,
1463 2279 1596 2314 siquidem
1611 2287 1705 2306 sumus
1719 2287 1767 2307 vas
1779 2279 1874 2312 ﬁctile,

1086 2325 1119 2352 de
1142 2325 1199 2352 luto
1217 2326 1344 2353 videlicet
1368 2325 1443 2353 facti.
1461 2325 1623 2360 Unigcnitus
1644 2325 1794 2352 secundum
1812 2333 1875 2352 car-

1086 2379 1149 2398 nem
1171 2371 1305 2398 occiditur
1324 2379 1407 2406 super
1422 2379 1506 2406 aquas
1520 2371 1605 2402 vivas,
1624 2371 1649 2398 id
1665 2376 1707 2398 est
1726 2371 1876 2406 baptisma-

1087 2418 1131 2445 tis.
1153 2417 1223 2445 Mors
1249 2418 1308 2452 ejus
1333 2417 1435 2452 quippe
1457 2422 1581 2445 nostrum
1607 2417 1704 2453 figurat
1727 2417 1874 2451 baptisma,

1084 2464 1155 2498 quod
1169 2463 1289 2490 ostendit
1304 2462 1419 2496 Paulus,
1432 2463 1526 2491 dicens
1541 2472 1548 2490 ε
1568 2463 1720 2498 Quicunque
1732 2463 1758 2489 iu
1771 2462 1875 2489 Christo

1084 2509 1211 2544 buplimli
1232 2517 1331 2548 auritus,
1347 2510 1375 2535 in
1397 2513 1482 2536 morte
1502 2510 1560 2544 ejus
1583 2509 1710 2543 buptizati
1732 2516 1822 2535 sumus
1840 2509 1874 2535 ".

1084 2555 1113 2582 In
1130 2556 1181 2582 hoc
1194 2555 1288 2582 vivens
1300 2562 1405 2590 passer,
1420 2559 1447 2582 et
1461 2555 1564 2589 lignum
1578 2554 1730 2585 cedrinum,
1742 2559 1770 2581 et
1784 2555 1875 2581 cocci—

1086 2609 1150 2628 num
1166 2605 1277 2633 tortum,
1288 2606 1315 2628 et
1331 2602 1464 2636 hyssopus
1480 2601 1609 2635 tingitur:
1625 2600 1714 2627 omnia
1728 2599 1799 2626 enim
1816 2599 1875 2627 hmc

1087 2647 1358 2682 comprehenduntur
1372 2647 1398 2673 in
1417 2647 1516 2674 virtute
1530 2646 1710 2681 baptismatis,
1723 2645 1794 2681 quod
1807 2645 1876 2672 dixi-

1087 2701 1146 2719 mus
1163 2692 1309 2720 Dominica:
1322 2700 1383 2720 esse
1405 2693 1538 2727 passionis
1556 2692 1667 2728 ﬁguram
1696 2691 1875 2728 signiﬁcatio-

1087 2746 1211 2772 nemque.
1228 2738 1280 2766 Sed
1298 2738 1391 2765 vivens
1414 2745 1517 2773 passcr.
1529 2745 1610 2773 quem
1625 2737 1652 2764 in
1668 2735 1806 2773 Unigcniti
1824 2744 1874 2762 ne-

1086 2785 1201 2811 cessarie
1211 2784 1379 2812 divinitatem
1389 2784 1547 2819 accipimus,
1557 2783 1584 2811 in
1594 2783 1725 2819 sanguine
1735 2783 1778 2810 hic
1789 2781 1874 2811 occisi
