2052 3146
162 223 292 258 passeris,
313 229 340 250 et
361 231 430 258 aqua
449 225 582 261 tingitur,
601 228 627 255 id
647 233 688 255 est
706 229 732 255 in
754 231 838 265 gratia
862 232 950 267 bapti-

162 267 268 300 smatis,
284 268 346 303 quia
363 277 418 296 non
441 269 468 297 in
484 271 601 299 hominis
624 274 759 307 passione,
785 276 832 303 sed
855 275 902 303 Dei
924 282 951 304 et

162 313 282 340 hominis
298 315 423 349 passione
440 316 620 351 baptizamur.
642 318 743 347 Deinde
760 326 821 355 post
841 322 892 348 hoc
909 323 950 349 vi-

163 366 228 385 rens
246 367 341 393 passer
365 361 392 387 in
415 368 509 398 agrum
533 367 562 390 ut
584 364 683 396 avolet,
703 365 858 393 dituittitur.
881 368 950 403 Ergo

161 406 339 439 impassibilis
354 408 494 441 divinitas,
513 413 540 436 et
555 410 742 445 inseparabilis
755 417 841 440 erata
856 421 948 447 carne,

160 458 220 483 quae
236 459 316 485 passa
333 457 384 484 est,
402 454 474 480 unde
493 458 520 481 et.
537 456 697 489 scparabilis
712 457 739 483 in
754 458 887 492 sanguine
901 459 950 486 ba-

161 500 289 527 ιιιιιιιιιιτ,
306 500 335 523 ut
355 497 528 532 impassibilis
549 499 609 526 viva
631 500 658 526 in
676 508 770 535 agrum
789 502 877 529 avolet
892 511 899 529 :
915 503 949 531 ad

160 541 333 568 latitudinem
370 543 496 571 videlicet
528 546 765 581 contemplationis
797 548 947 581 emittitur,

159 594 214 618 quo
238 586 313 613 illum
338 588 509 623 dimittente,
533 596 627 626 nostro
650 592 775 620 videlicet
797 594 946 622 intellectu.

159 631 210 656 sub
237 631 318 666 hujus
342 634 414 660 cuitu
437 637 667 671 contemplatione
694 642 821 671 tenetur,
846 640 948 666 solum-

159 678 240 703 umdu
267 684 365 712 sponte
390 680 511 714 detenta,
536 689 598 709 cum
622 690 637 710 a
661 684 735 712 nullo
758 685 811 712 alio
831 685 947 713 detineri

158 722 245 754 ιοωκλῖί
286 723 398 759 Insuper
421 725 444 752 is
468 726 514 760 qui
536 728 683 756 mundatus
704 733 765 761 est,
785 731 945 758 vestimenta

157 767 240 798 laxat,
260 769 384 797 \itiL‘ilCL‘b
400 770 531 803 actiones,
547 777 575 799 et
592 772 614 800 si
630 781 697 807 quas
712 775 826 802 virtutes
840 777 943 809 habuit,

156 814 219 846 quin
243 819 271 841 et
296 815 344 842 ltas
363 822 476 850 peccato
491 817 601 852 polluit;
622 819 796 848 laratautem
811 822 948 856 paenitet).

157 861 191 885 tia
209 870 215 886 ;
235 866 264 887 et
277 862 346 888 radit
359 863 453 897 pilum,
470 864 497 891 id
513 869 555 892 est
570 873 678 892 omnem
692 867 882 901 cogitationem
898 869 944 896 de-

155 905 244 939 ponit,
265 907 328 940 quia
341 915 437 935 omnes
451 916 497 936 cas
513 910 630 938 habebat
650 912 814 940 immundos.
829 914 862 940 Et
874 915 945 942 lotus

153 959 224 985 aqua
244 953 410 989 ptetiitentite
436 959 482 981 aut
501 954 686 990 baptismatis,
707 961 772 984 tunc
791 960 944 986 necessarie

155 997 342 1024 inundabitur.
362 998 428 1025 Nam
449 1000 500 1026 etsi
518 1001 649 1028 mundum
671 1010 732 1029 eum
754 1003 880 1037 superius
894 1012 944 1031 no-

153 1041 279 1073 minarit,
297 1043 333 1068 ait
349 1044 442 1070 enim:

188 1084 254 1118 Cum
272 1087 340 1112 risus
362 1088 441 1122 fuerit
458 1097 513 1115 esse
531 1091 684 1129 mundatus,
699 1092 785 1126 offeret
800 1092 864 1120 duos
881 1101 943 1126 pas-

150 1139 232 1157 seres.
265 1131 317 1158 Sed
347 1141 408 1159 cum
429 1135 475 1168 qui
500 1139 580 1169 aptus
604 1141 662 1163 erat
683 1138 717 1164 ad
737 1139 941 1166 tnundationem

148 1175 258 1202 dicebat
275 1186 281 1202 :
299 1173 360 1203 nam
385 1180 521 1213 quomodo
545 1182 577 1213 is,
604 1181 649 1215 qui
668 1182 724 1216 jam
746 1184 863 1212 mundus
888 1189 940 1218 est,

148 1222 240 1248 adhuc
262 1230 374 1251 necesse
396 1225 477 1252 habet
494 1227 729 1255 mundari?Ttmc
745 1229 771 1255 in
789 1235 877 1257 castra
899 1230 941 1258 itt—

149 1268 299 1307 gradietur,
318 1275 346 1296 ut
370 1272 518 1298 camentui
546 1277 640 1300 nostro
663 1273 780 1308 intersit,
797 1280 877 1311 atque
899 1277 940 1303 itt-

149 1314 331 1348 tclligibilium
352 1321 541 1344 contractuum
565 1319 666 1353 socius,
684 1325 711 1348 et
730 1321 841 1348 alterius
865 1330 940 1349 com-

148 1358 304 1391 mistinnis,
337 1369 397 1394 qua:
423 1369 484 1389 cum
514 1362 638 1391 ﬁdelibus
669 1365 793 1397 habetur,
819 1367 940 1402 acquirat

146 1405 264 1430 fructus.
290 1406 310 1430 Α
335 1415 386 1440 qua
411 1408 474 1442 quia
502 1409 682 1443 prohibentur
707 1410 734 1437 hi
754 1411 798 1446 qui
822 1413 937 1439 necdum

147 1451 271 1477 [nuntiati
296 1457 360 1478 sunt
384 1457 554 1489 peccatores,
575 1455 638 1482 audi
661 1456 822 1491 Apostolum
846 1458 938 1485 dicen-

146 1500 202 1522 tem
223 1505 228 1522 :
247 1496 276 1523 Si
292 1498 312 1524 is
332 1499 376 1533 qui
399 1500 484 1534 frater
507 1502 671 1533 nominatur,
692 1507 739 1529 aut
761 1504 864 1530 adulter
888 1509 935 1536 ιίει,

144 1547 194 1568 ιιηι
212 1551 322 1576 auitrus,
337 1550 384 1571 aut
409 1545 551 1578 detractor,
568 1551 614 1574 aut
637 1548 763 1581 ebriosus,
778 1554 824 1576 aut
841 1558 936 1584 rapax,

143 1597 206 1615 cum
232 1589 384 1623 lmjusmodi
408 1599 454 1618 nec
475 1593 560 1619 cibum
579 1602 680 1620 sumere
694 1594 726 1621 ³⁸.
744 1595 936 1623 Verumtamen

145 1639 206 1667 M‘ltl
226 1643 250 1660 Ill
265 1636 322 1662 dies
335 1641 410 1664 extra
424 1637 630 1666 tabernaculum
643 1648 722 1667 suum
736 1645 836 1673 manet,
849 1642 938 1669 adhuc

143 1689 160 1708 a
194 1686 352 1709 sanctorum
389 1685 602 1718 communione,
634 1691 744 1722 propter
769 1687 936 1715 subtiliorem

145 1728 311 1760 iusintliltm,
332 1733 359 1755 et
379 1730 508 1763 paulatim
524 1730 558 1758 ad
578 1731 689 1759 meliora
713 1733 876 1767 profectum,
894 1741 937 1761 se-

146 1778 271 1805 paratus;
307 1774 512 1807 tabernaculum
540 1776 613 1803 enim
644 1777 859 1814 uniuscujusque
879 1771 937 1806 Vno-

145 1823 233 1844 t-lt‘ilm
249 1820 440 1853 mysteriorum
456 1822 566 1857 adoptio
583 1827 635 1855 est,
651 1831 667 1850 a
686 1823 747 1858 gelu
763 1828 856 1860 tegens
875 1832 935 1858 nos,

145 1870 172 1889 ι-ι
188 1865 221 1890 ab
235 1871 302 1892 aestu
328 1860 533 1896 tabernaculum
555 1868 583 1896 in
604 1877 659 1905 quo
682 1873 773 1898 coena!
790 1879 851 1898 cum
869 1871 935 1905 Deo,

145 1911 217 1937 sicut
240 1920 302 1939 cum
316 1918 392 1947 patre
407 1914 452 1941 lilii
464 1934 471 1946 ,
488 1919 535 1941 aut
549 1922 610 1942 cum
623 1923 724 1950 sponso
737 1923 846 1951 sponsa,
859 1917 900 1944 vel
913 1917 935 1944 si

143 1957 245 1992 aliquid
270 1958 341 1987 aliud
359 1960 468 1991 dicitur,
482 1961 554 1999 quod
574 1962 660 1997 magis
683 1962 718 1989 ad
733 1962 936 1997 proximitatem

143 2004 313 2037 t‘ngnutiunis
331 2005 457 2039 pertinet.

180 2049 212 2076 Et
233 2051 276 2076 die
294 2052 405 2085 septima
428 2053 502 2079 rodet
524 2053 635 2087 capillos
650 2054 743 2088 capitis
763 2053 933 2089 barbamque,

142 2102 167 2122 ιιι
188 2096 330 2129 supercilia
354 2105 386 2124 ac
407 2098 486 2125 totius
508 2099 624 2133 corporis
644 2099 721 2134 pilos.
741 2098 795 2126 Sed
817 2099 861 2126 hic
879 2107 934 2126 non

142 2140 230 2166 solum
249 2145 341 2175 caput,
358 2141 404 2168 sed
425 2146 452 2169 et
470 2142 593 2176 barbam,
614 2148 642 2170 et
661 2144 816 2178 supercilia,
833 2148 860 2171 et
875 2152 934 2172 om-

143 2195 205 2214 nem
223 2188 383 2223 simpliciter
399 2189 492 2224 pilum,
508 2191 553 2229 qui
571 2191 599 2218 in
615 2192 689 2219 omni
703 2199 817 2227 corpore
832 2197 884 2226 est,
902 2200 936 2220 ac

726 177 767 206 IN
787 177 1005 209 LEVlTICUM.
1024 193 1056 199 —
1070 183 1145 214 LIB.
1167 186 1217 223 IV.

1739 196 1792 228 θδι

966 239 986 265 Α
1001 244 1063 264 ettm
1081 239 1243 274 cogitatione
1263 244 1376 278 cupiens
1395 246 1534 281 praecepit,
1553 247 1600 275 sed
1622 256 1724 276 novum
1747 257 1790 277 to-

1003 287 1070 318 tum,
1088 289 1116 312 et
1133 287 1209 320 quasi
1224 289 1303 316 modo
1315 290 1434 325 genitum
1453 292 1510 318 ﬁeri
1527 293 1630 326 volens,
1647 298 1675 320 et
1689 303 1787 330 exspu-

1001 329 1067 357 liare
1077 336 1198 359 veterem
1213 334 1361 366 hominem,
1377 341 1406 363 ut
1418 335 1632 371 capiat'novum.
1646 339 1788 372 Quomodo

1000 375 1073 402 enim
1090 377 1114 403 ei
1129 378 1173 412 qui
1194 379 1334 413 antiquum
1361 380 1426 407 rasit
1448 382 1543 416 pilum,
1560 383 1629 410 alius
1651 391 1737 411 novus
1760 390 1786 412 et

1001 429 1096 449 recens
1113 425 1244 456 nascitur,
1263 425 1301 453 sic
1323 430 1352 453 et
1375 427 1439 454 huic
1459 429 1596 456 veteribus
1616 430 1717 457 carenti
1740 439 1786 458 co—

1000 468 1186 503 gitationibus,
1202 470 1261 498 alia:
1281 479 1358 499 norm
1379 473 1412 499 ad
1435 474 1546 501 meliora
1570 476 1710 510 pullulant.
1733 476 1785 502 La-

1000 521 1062 541 vare
1078 514 1158 541 etiam
1175 523 1270 543 rursus
1287 517 1450 545 vestimenta
1467 526 1526 552 sua,
1551 520 1576 547 id
1601 526 1641 547 est
1665 521 1786 548 actiones

999 559 1124 585 mttudas.

1035 603 1068 630 Et
1093 604 1191 631 lat-abit
1216 606 1310 633 iterum
1332 615 1425 642 corpus
1445 617 1523 643 aqua.
1547 609 1672 637 Secundo
1693 612 1783 647 utique

998 649 1063 676 illttd
1088 649 1191 682 larans,
1209 651 1287 678 nobis
1310 657 1399 679 autem
1424 661 1480 680 non
1502 659 1544 681 est
1561 656 1710 683 secundum
1735 658 1782 683 ba-

997 695 1106 729 ptisma.
1132 696 1201 723 Unus
1225 697 1293 722 enim
1312 697 1446 730 Dominus,
1466 708 1518 725 una
1543 700 1616 734 fides,
1634 709 1714 728 unum
1734 706 1781 728 ba-

997 741 1093 775 ptisma
1113 742 1145 768 ³³.
1176 742 1208 768 Et
1235 743 1370 776 qttontodo
1402 745 1523 771 secundo
1554 745 1698 778 iuvabitur,
1730 747 1781 774 nisi

997 785 1120 812 absolute
1136 793 1183 820 per
1200 786 1347 821 lacrymas?
1368 787 1424 815 Hoc
1446 788 1519 815 enim
1540 796 1596 815 non
1619 789 1712 822 semel,
1732 798 1782 817 nec

997 830 1048 862 bis,
1063 830 1110 858 sed
1127 832 1218 862 tertio,
1235 835 1262 857 et
1284 831 1440 866 frequenter
1462 832 1525 859 licet
1546 833 1638 868 peragi
1655 841 1661 859 :
1679 834 1740 867 quia
1756 841 1782 860 et

999 875 1081 903 David
1093 876 1200 903 diccbat
1214 885 1220 903 :
1236 876 1327 904 Facta:
1339 882 1399 904 sunt
1411 878 1475 904 mihi
1488 877 1611 912 lacrymtt
1624 887 1687 906 metu
1701 887 1781 913 partes

996 921 1038 947 (lie
1058 929 1090 948 ac
1110 926 1183 948 nocte
1199 922 1232 948 ⁵ο.
1249 921 1392 949 Sufficiunt
1414 929 1479 958 ergo
1500 928 1527 950 et
1549 924 1606 951 haec
1626 925 1780 951 satisfacere.

995 967 1160 1000 intendenti,
1173 968 1236 1002 quia
1251 975 1283 995 ea
1297 975 1357 1002 quae
1374 972 1436 995 sunt
1456 969 1597 1003 spiritalia,
1614 969 1780 1004 spiritalibus

994 1012 1035 1039 lex
1056 1013 1195 1047 praecepit,
1207 1018 1234 1041 et
1249 1021 1313 1041 vere
1328 1013 1442 1048 lepram,
1460 1014 1486 1041 id
1501 1019 1544 1041 est
1563 1019 1713 1049 peccatum,
1730 1024 1780 1043 nos

994 1059 1089 1086 timere
1103 1059 1250 1086 desiderat.
1266 1059 1382 1094 Propter
1401 1060 1473 1094 quod
1495 1061 1554 1095 ejus
1573 1061 1779 1088 emundationes

993 1105 1123 1139 pluritnas
1147 1105 1286 1140 prtecepit,
1300 1113 1360 1133 cum
1383 1106 1410 1133 in
1429 1106 1504 1133 nullo
1519 1114 1565 1133 eas
1583 1106 1707 1139 aliorum,
1719 1115 1778 1142 qua!

992 1151 1063 1177 circa
1078 1159 1177 1186 corpus
1189 1155 1329 1187 geruntur,
1341 1152 1524 1186 praecepisset.
1542 1153 1674 1180 Subtilior
1689 1159 1777 1181 tamen

991 1197 1116 1231 probatio
1129 1198 1180 1224 erit
1193 1198 1292 1224 horum
1308 1206 1340 1225 ex
1356 1198 1594 1232 subsequentibus.

1026 1242 1108 1270 Vens.
1124 1243 1215 1270 lii-20.
1239 1253 1249 1268 ι
1266 1244 1396 1270 Assumet
1420 1243 1489 1270 duos
1506 1252 1590 1278 agnos
1619 1244 1778 1281 immacula-

992 1291 1043 1318 tos,
1061 1290 1088 1314 et
1115 1295 1193 1314 ovem
1219 1287 1375 1315 anniculam
1404 1287 1507 1321 absque
1530 1288 1645 1319 macula,
1673 1294 1700 1315 et
1724 1293 1778 1316 tres

989 1333 1108 1360 decimas
1123 1333 1216 1360 similae
1227 1333 1254 1360 in
1265 1333 1411 1365 sacriﬁcio,
1427 1341 1487 1368 qua:
1503 1340 1650 1367 conspersa
1661 1333 1695 1360 sit
1705 1334 1776 1362 olco.

990 1382 1017 1406 et
1030 1379 1144 1406 seorsim
1160 1379 1214 1406 olei
1228 1379 1387 1406 sextarium.
1409 1379 1532 1413 Cumque
1549 1380 1676 1407 sacerdos
1701 1381 1776 1414 puti-

991 1425 1074 1451 licans
1086 1424 1235 1456 hominem,
1250 1423 1556 1455 statueriteum,eth;ec
1564 1425 1667 1456 omnia,
1686 1432 1775 1452 coram
1794 1458 1796 1461 ν

989 1470 1103 1497 Ι)οωίηο
1115 1470 1142 1497 in
1158 1471 1228 1497 ostio
1241 1469 1406 1497 tabernaculi
1422 1469 1580 1502 testimonii,
1593 1470 1667 1497 tollet
1677 1478 1775 1506 agnum
1793 1495 1796 1498 .

989 1520 1016 1543 et
1042 1516 1137 1543 niteret
1161 1516 1236 1543 illum
1268 1523 1316 1551 pro
1348 1515 1458 1546 delicto,
1485 1515 1592 1549 oleique
1618 1515 1774 1542 sextarium.

950 1571 972 1599 ο
990 1560 1022 1587 Et
1035 1561 1134 1588 oblatis
1145 1565 1207 1587 ante
1216 1560 1358 1586 Dominum
1369 1559 1496 1587 omnibus
1510 1559 1661 1586 immolabit
1673 1567 1774 1595 agnum

991 1606 1036 1633 ubi
1052 1606 1184 1633 immolari
1215 1606 1282 1633 solet
1304 1606 1392 1632 hostia
1421 1613 1471 1641 pro
1493 1609 1618 1640 peccato,
1649 1610 1676 1633 et
1697 1606 1775 1633 holo-

989 1656 1124 1684 caustum,
1140 1651 1165 1679 id
1181 1657 1232 1684 est,
1247 1652 1306 1678 loco
1319 1654 1423 1678 sancto.
1439 1650 1516 1678 Sicut
1541 1651 1614 1678 enim
1638 1659 1688 1686 pro
1711 1659 1774 1687 pec-

988 1702 1059 1728 cato.
1089 1697 1125 1724 ita
1149 1701 1176 1724 et
1205 1705 1254 1732 pro
1281 1697 1379 1724 delicto
1403 1696 1436 1723 ad
1463 1697 1631 1724 sacerdotem
1658 1697 1775 1732 pertinet

989 1742 1091 1769 hostia:
1108 1742 1207 1770 Sancta
1221 1746 1377 1769 sanctorum
1396 1747 1447 1769 est.
1461 1743 1664 1777 Assumensque
1684 1751 1774 1770 sacer-

988 1788 1037 1814 dos
1061 1788 1094 1815 de
1121 1788 1253 1823 sanguine
1281 1788 1378 1815 hostiae
1404 1795 1465 1822 quae
1494 1788 1631 1815 immolata
1659 1793 1700 1816 est
1725 1797 1774 1823 pro

988 1833 1097 1866 delicto,
1125 1837 1208 1867 ponet
1233 1840 1315 1868 super
1341 1837 1494 1860 extremum
1522 1833 1650 1860 auriculas
1671 1834 1773 1861 deum:

987 1877 1047 1911 ejus
1063 1877 1108 1911 qui
1125 1876 1300 1909 mandantur,
1316 1881 1343 1904 et
1357 1885 1441 1911 super
1456 1877 1582 1912 pollicem
1595 1885 1691 1904 manus
1707 1879 1773 1904 dex-

987 1927 1034 1950 trae
1048 1927 1074 1949 et
1090 1923 1176 1956 pedis.
1194 1922 1228 1949 Et
1242 1922 1276 1949 de
1291 1921 1344 1949 olei
1363 1922 1484 1950 sextario
1505 1922 1595 1949 mittet
1619 1921 1644 1948 in
1662 1930 1771 1948 tuauum

986 1975 1061 1994 suam
1080 1967 1232 1995 sinistram:
1250 1967 1390 2001 tingetque
1406 1966 1522 2002 digitum
1543 1967 1668 1994 dextrum
1686 1967 1711 1992 in
1728 1975 1770 1997 co,

986 2018 1013 2039 et
1026 2016 1153 2046 asperget
1172 2012 1273 2046 septies
1291 2003 1387 2040 contra
1406 2013 1562 2040 Dominum.
1588 2012 1665 2045 Quod
1681 2018 1771 2039 autem

986 2059 1119 2093 reliquum
1134 2063 1176 2086 est
1192 2058 1254 2090 olei,
1275 2058 1304 2085 in
1328 2059 1423 2087 laevam
1436 2052 1558 2086 manum'
1574 2058 1668 2086 fundet
1691 2066 1772 2093 super

984 2107 1136 2131 extremum
1147 2104 1276 2131 auriculae
1291 2104 1409 2132 dexterae
1426 2104 1486 2140 ejus
1503 2104 1548 2139 qui
1576 2105 1733 2136 mundatur,
1745 2108 1772 2131 et

984 2158 1066 2185 super
1078 2150 1203 2185 pollicem
1229 2158 1337 2183 manus,
1364 2158 1396 2178 ac
1420 2151 1498 2186 pedis
1527 2150 1613 2178 dextri
1645 2154 1670 2178 et
1690 2158 1772 2185 super

984 2196 1154 2231 sanguinem,
1167 2196 1214 2231 qui
1226 2190 1303 2224 [usus
1314 2201 1355 2224 est
1368 2204 1416 2231 pro
1428 2196 1539 2229 delicto,
1556 2201 1583 2224 et
1598 2204 1679 2231 super
1690 2200 1771 2231 caput

143 2241 191 2268 per
213 2234 265 2261 hoc
287 2239 314 2262 et
334 2236 502 2263 occultarum
528 2238 645 2272 partium
666 2239 806 2278 praecepit.
826 2239 931 2266 Nullam
950 2243 969 2270 D
984 2243 1053 2277 ejus.
1073 2242 1241 2278 Rogabitqne
1258 2250 1307 2277 pro
1325 2249 1359 2270 eo
1384 2249 1476 2270 coram
1494 2242 1620 2274 Damiuo.
1649 2246 1676 2269 et
1691 2242 1772 2269 faciet

142 2288 207 2315 ergo
231 2281 254 2307 ei
276 2281 466 2316 cogitationem
488 2287 606 2311 veterem
631 2292 773 2318 remanere
792 2286 859 2317 vult,
876 2293 930 2312 non

141 2326 229 2352 solum
247 2326 305 2354 illas
322 2336 382 2362 quae
401 2334 527 2356 omatum
549 2329 662 2362 homini,
682 2335 777 2366 utpote
795 2332 929 2364 rationali,

141 2378 167 2398 et
183 2373 269 2399 multa
282 2373 316 2400 de
331 2374 432 2402 divinis
446 2375 609 2411 disceptanti
625 2377 746 2411 prtebent
763 2374 845 2404 :1llas
857 2378 929 2404 enim

142 2420 189 2451 per
201 2423 292 2452 caput,
309 2424 421 2454 propter
432 2425 569 2453 ornatum,
585 2426 613 2448 et
629 2422 829 2450 multitudinem
845 2422 929 2458 signi-

142 2465 212 2495 ticat,
231 2463 283 2494 sed
303 2473 352 2492 nec
368 2466 427 2499 rhas
453 2474 513 2501 qua:
535 2467 673 2501 hominem
690 2469 929 2503 contemplativunt

141 2509 325 2542 catastituuut,
346 2510 379 2537 de
407 2511 570 2538 sublimibus
595 2517 620 2540 ct
639 2513 827 2547 ,divinioribus
851 2514 931 2542 rebus

140 2556 318 2591 cogitantem.
341 2557 397 2585 [loc
419 2559 492 2586 enim
513 2560 665 2594 superciliis
682 2560 848 2595 designatur,
870 2569 930 2596 qua:

105 2609 111 2612 ·
141 2603 166 2629 in
192 2605 336 2632 altioribus
350 2610 418 2643 sunt
436 2606 497 2639 sita,
509 2611 549 2641 ,et
565 2607 636 2634 circa
656 2608 929 2642 contemplativorum

140 2650 278 2677 manentia
313 2659 444 2679 sensuum
476 2661 585 2688 organa.
613 2653 667 2681 Sed
695 2661 745 2681 nec
772 2655 845 2687 illas,
868 2663 928 2689 qua:

140 2695 358 2724 discretioualcm
372 2698 555 2731 continentes,
571 2707 618 2734 per
631 2700 742 2727 barbam
757 2704 830 2728 recte
843 2700 926 2736 signi—

140 2741 272 2775 ﬁcantur,
295 2744 357 2777 quia
375 2745 458 2772 barba
481 2745 597 2772 maxime
618 2745 689 2772 inter
705 2746 781 2774 virile
800 2755 885 2782 genus
901 2752 928 2775 et

140 2787 272 2816 muliebre
281 2789 420 2822 diiudicat.
440 2791 502 2819 ll:cc
517 2797 669 2821 autemnon
686 2795 821 2829 quomodo
835 2803 927 2823 carere

174 2885 196 2902 ³⁸
214 2887 224 2914 Ι
239 2888 301 2917 Cor.
322 2898 346 2923 ν,
365 2891 405 2918 ll.

446 2892 466 2908 ³⁹
481 2892 580 2928 Ephes.
601 2902 636 2927 tv,
651 2894 676 2921 ὅ.
717 2895 737 2911 "°
755 2895 824 2923 l‘sal.
841 2904 895 2930 xu,
913 2896 937 2924 4.

985 2288 1149 2316 sacriﬁcium
1163 2296 1213 2323 pro
1230 2292 1351 2323 peccato.
1366 2288 1444 2315 Tunc
1469 2287 1619 2314 immoiabit
1641 2287 1771 2314 holocau-

984 2340 1067 2367 stum,
1081 2339 1107 2361 et
1124 2339 1206 2369 ponet
1223 2334 1287 2361 illud
1306 2334 1332 2361 in
1347 2333 1432 2360 altare
1449 2341 1510 2360 cum
1526 2333 1684 2360 libamentis
1701 2332 1768 2363 suis,

983 2387 1010 2408 et
1027 2381 1109 2408 homo
1122 2381 1172 2407 rite
1189 2380 1373 2407 mundabitur.
1392 2389 1400 2404 ι

1019 2427 1125 2454 Scimus
1146 2427 1209 2461 quia
1227 2427 1269 2453 lex
1289 2425 1419 2460 spiritalis
1444 2429 1501 2457 est;
1530 2424 1602 2459 qttod
1629 2429 1768 2459 propterea

959 2494 960 2497 η
984 2472 1083 2500 Paulus
1102 2472 1139 2499 ait
1151 2473 1188 2504 “,
1205 2476 1233 2499 ιιι
1253 2472 1410 2506 spiritaliter
1427 2471 1607 2506 dijudicantes
1622 2478 1675 2496 non
1692 2470 1769 2497 dam-

980 2519 1122 2546 niﬁcemnr
1139 2518 1273 2545 fructibus
1286 2517 1362 2551 legis,
1380 2517 1424 2552 qui
1434 2517 1607 2544 occultantur
1626 2516 1652 2542 in
1667 2515 1768 2543 littera.

980 2563 1125 2598 Postquam
1144 2563 1218 2590 enim
1247 2563 1334 2598 prima
1351 2563 1395 2590 die
1417 2571 1470 2597 qua
1488 2562 1625 2598 egreditur
1643 2561 1769 2589 sacerdos

979 2615 1056 2638 extra
1070 2615 1171 2642 castra,
1194 2611 1327 2638 imtnolari
1356 2611 1389 2637 ad
1418 2610 1640 2646 cmundationcm
1670 2608 1768 2643 leprosi

981 2657 1127 2692 praecepit:
1144 2664 1209 2684 ecce
1224 2664 1319 2686 rursus
1335 2664 1409 2684 mtnc
1424 2662 1518 2684 octava
1533 2656 1587 2687 die,
1602 2655 1654 2682 alia
1669 2663 1718 2690 pro
1735 2662 1768 2682 eo

982 2704 1112 2731 sacriﬁcia
1128 2704 1336 2739 ﬁerijubeulur.
1353 2703 1454 2731 Octava
1477 2710 1542 2738 ergo
1557 2702 1615 2730 dies
1643 2701 1766 2729 eamdem

981 2742 1072 2785 quam‘
1082 2750 1169 2784 prima
1184 2751 1239 2777 vim
1255 2750 1335 2786 gerit,
1355 2750 1418 2785 quia
1432 2757 1512 2777 omne
1526 2756 1644 2784 praesens
1662 2753 1768 2781 tempus

983 2797 1009 2823 in
1027 2797 1243 2825 hebdomadibus
1257 2797 1420 2825 conciditur.
1436 2797 1498 2825 Post
1519 2804 1586 2832 quas
1604 2799 1698 2824 octava
1714 2798 1766 2826 est,

979 2897 998 2912 “
1017 2895 1093 2924 Itum.
1113 2905 1160 2931 vn,
1180 2897 1189 2924 l
1209 2905 1287 2933 seqq.
