2052 3146
265 211 319 244 955

267 277 382 305 aequam,
401 274 430 297 ut
454 269 581 304 diximus,
609 271 737 301 virtutem
765 277 859 311 prima:
884 286 991 313 gerens.
1011 280 1053 307 vel
1071 283 1090 310 Δ

267 315 378 342 omnino
395 314 480 350 ipsam
510 324 655 346 renovans.
686 319 734 347 Est
751 326 841 349 autem
871 323 930 352 haec
959 325 1053 360 inqua

267 358 390 386 Salvator
408 362 570 394 resurrexit,
591 363 618 390 in
636 372 688 399 qua
705 365 732 392 in
749 373 835 395 castra
858 369 1051 405 ingrediemur.

265 403 329 430 Post
351 405 409 433 dies
431 407 504 434 enim
535 412 639 442 septem
673 418 735 438 eum
766 414 812 448 qui
838 417 985 444 mundatus
1012 423 1054 445 cst

264 449 400 484 lcprosus,
424 452 468 480 die
493 454 618 482 videlicot
642 461 748 491 octava,
774 459 802 486 in
826 462 923 490 castris
949 463 1053 498 ingredi

264 496 411 530 praecepit:
432 499 479 526 sed
497 506 587 529 castra
604 503 714 537 qualia?
730 505 876 538 utiqueilla
892 516 952 542 quae
969 496 1054 538 Jacob

263 542 418 575 patriarcha
435 544 513 578 vidit,
530 548 641 581 quando
651 550 755 584 angelis
772 552 823 578 sibi
836 555 1052 588 occurrentibus,

264 585 355 613 locum
375 594 463 615 castra
488 590 533 617 Dei
549 593 737 627 appellavit“.
762 595 803 624 Ad
823 597 880 625 haec
906 585 1054 630 mundatus

264 630 400 666 lcprosus,
420 638 513 669 utpote
535 637 599 664 olim
613 639 788 674 justiﬁeatus,
814 647 936 679 tempore
962 655 1055 674 resur-

264 678 394 706 recliouis
414 681 498 708 venit.
524 682 551 708 lu
579 685 656 718 cujus
675 685 799 721 ﬁguram,
821 695 943 718 octavam
968 693 1052 726 diem,

264 723 334 749 sicut
347 724 474 759 diximus,
499 727 639 762 lcgislator
668 733 784 767 accepit.
811 733 877 766 Quae
905 741 995 764 autem
1024 723 1052 766 in

263 773 358 796 octava
375 770 418 797 die
431 772 472 806 agi
486 778 620 808 prmeepta
632 781 704 807 sunt,
718 777 864 813 imaginem
893 781 962 815 ejus,
980 785 1052 817 quod

264 815 414 842 secundum
432 825 482 844 nos
497 823 539 845 est
551 821 671 854 mystcrii
685 827 792 856 gerunt.
808 823 940 860 Praecepit
970 815 1053 862 siqui-

263 858 325 886 dem
344 860 412 888 duos
431 870 515 898 agnos
532 864 719 894 inunaculatos
741 869 882 898 anniculos
911 874 992 906 sumi,
1025 880 1052 902 ct

263 911 342 931 ovem
357 907 510 935 anniculam
528 910 728 940 immaculatam
749 923 841 949 unam,
856 924 972 951 quorum
989 921 1051 954 qni-

262 950 324 976 dem
342 958 424 978 unum
443 961 491 987 pro
507 961 636 989 peccato,
661 958 742 986 alium
764 965 854 989 autem
874 963 900 990 in
918 965 1048 993 holocau-
1067 956 1087 982 Β

262 997 334 1020 stum
350 997 478 1031 praecepit
493 998 636 1027 immolari.
649 1001 744 1030 Omnia
757 1009 846 1033 autem
861 1007 920 1035 haec
936 1009 1049 1044 ﬁguram

261 1044 360 1073 gerunt
382 1042 508 1070 sacriﬁcii
530 1044 687 1074 Salvatoris.
704 1048 764 1083 Ipse
777 1051 849 1078 enim
866 1042 977 1089 propter
1000 1065 1050 1084 no-

260 1088 315 1110 stra
331 1091 443 1119 peccata
458 1092 485 1115 et
502 1089 611 1121 delicta.
632 1091 721 1120 hostia
746 1094 804 1129 ipse
819 1097 846 1123 in
861 1088 1048 1129 holocaustum

259 1128 320 1156 fuit.
339 1130 376 1158 Ex
396 1137 511 1167 utroque
535 1140 625 1163 autem
649 1146 749 1173 genere
775 1147 919 1177 propterea
946 1147 1049 1174 sacriﬁ—

258 1173 331 1202 cium
346 1176 438 1204 oﬁ'erri
462 1181 601 1215 praecepit,
629 1187 657 1209 ut
676 1173 834 1214 ostenderet
846 1189 907 1223 quia
923 1190 1048 1219 Christus

257 1227 308 1254 pro
329 1222 410 1249 nobis
428 1223 553 1256 occisus,
580 1227 661 1254 simul
686 1232 835 1259 masculum
854 1222 1047 1272 rfeminamque

256 1265 383 1294 salvabit.
400 1267 460 1295 Non
479 1269 580 1298 frustra
595 1277 686 1300 autem
699 1277 854 1310 agniculum
878 1280 904 1306 in
933 1265 1046 1317 utrorjue

256 1311 396 1345 praecepit.
415 1313 462 1340 sed
478 1315 630 1348 perfectum
643 1326 692 1352 per
702 1320 753 1348 hoc
769 1324 930 1353 sacriﬁcium
949 1311 1047 1362 figura-

255 1354 304 1386 vit,
321 1356 399 1390 cujus
413 1359 549 1391 sacriﬁcii,
570 1361 641 1389 sicut
657 1363 757 1392 dictum
783 1372 834 1400 est,
860 1369 911 1397 ista
932 1354 1045 1407 ﬁgdram

255 1406 371 1434 gerunt;
389 1403 510 1437 perfecta
523 1406 596 1433 enim
615 1407 642 1434 iu
657 1411 793 1443 praedictis
808 1403 972 1445 animalibus
982 1424 1045 1447 sunt

254 1447 381 1475 annicula
397 1450 535 1484 animalia,
553 1453 588 1480 ita
600 1457 630 1480 ut
642 1459 668 1482 et
678 1457 710 1484 ad
726 1457 796 1487 ﬁlios
808 1465 977 1496 generande
990 1466 1045 1494 sint

253 1492 364 1520 idonea.
381 1495 435 1522 Sed
451 1497 513 1531 quia
532 1506 594 1525 eum
611 1501 655 1535 qui
673 1492 829 1538 mundatur,
846 1515 928 1543 super
942 1512 1044 1538 sacriﬁ-

253 1538 326 1565 cium
339 1539 476 1575 Unigeniti
497 1543 579 1570 etiam
599 1545 651 1573 ﬁde
677 1549 758 1577 totius
783 1538 924 1581 Trinitatis
942 1555 1042 1591 signari

253 1589 370 1617 oportet,
387 1590 443 1614 tres
469 1588 589 1616 decimas
613 1592 720 1626 similae,
756 1595 782 1622 id
811 1603 852 1624 est
880 1588 1041 1630 Trinitatem

253 1630 352 1663 Patris,
378 1636 405 1659 ct
427 1632 499 1666 Filii,
526 1639 552 1662 et
577 1638 662 1664 sancti
690 1639 817 1674 Spiritus.
844 1643 989 1674 habentem
1015 1649 1042 1675 in

253 1683 415 1712 unaquaque
434 1686 552 1713 persona
564 1683 770 1716 perfectionem.
785 1688 926 1719 Perfectus
942 1694 1043 1729 quippe

252 1724 296 1748 est
314 1722 442 1751 denarius
463 1732 605 1759 numerus.
634 1735 745 1766 propter
767 1735 839 1768 quod
861 1742 887 1764 et
911 1722 1042 1768 Dominus

251 1766 377 1794 dicebat:
405 1769 499 1797 Simile
516 1778 553 1799 est
569 1782 680 1810 regnum
702 1766 827 1807 calorum
852 1783 966 1818 mulieri,
984 1795 1042 1822 qua:

250 1813 382 1848 accipiens
401 1816 558 1848 fermentum
573 1820 709 1849 abscondit
733 1825 761 1851 in
783 1827 878 1861 farina
901 1831 952 1857 tria
966 1813 1041 1867 uita,

250 1866 332 1890 usque
345 1860 407 1887 dum
437 1864 690 1898 perfermentaretur
704 1860 832 1900 totum“.
857 1873 934 1903 Sumi
950 1860 1040 1906 autem

250 1903 309 1932 haec
327 1913 477 1942 conspersa
494 1909 556 1937 oleo
579 1911 606 1938 in
633 1915 796 1944 sacrificium
811 1918 906 1952 jubet:
935 1924 1040 1951 sacriﬁ-

247 1950 321 1978 cium
339 1957 430 1980 autem
446 1955 512 1982 dicit
526 1955 675 1993 Unigeniti,
698 1963 770 1996 quod
788 1950 819 1990 in
833 1965 893 1993 oleo
912 1950 1040 2005 consper-

247 2004 307 2024 sum
323 2002 375 2032 cst,
392 2000 456 2034 quia
485 2002 520 2029 ob
541 2006 759 2039 compar-sionem
788 2017 909 2040 nostram
934 2000 1039 2050 gestum

246 2048 297 2070 est.
316 2045 370 2072 Sed
383 2048 520 2081 quomodo
536 2049 688 2080 dicimusin
708 2062 741 2082 eo
754 2059 810 2085 tres
825 2058 919 2087 oﬁ‘erri
934 2045 1039 2091 “simila:

246 2088 384 2118 dicimas?
401 2090 456 2120 Aut
474 2094 538 2128 quia
553 2097 605 2124 etsi
637 2098 778 2136 Unigeniti
792 2105 931 2139 passione,
948 2088 1039 2136 tanien

246 2135 330 2162 totius
343 2136 495 2173 Trinitatis,
514 2141 567 2169 hoc
587 2145 659 2178 quod
672 2154 704 2173 ex
728 2147 776 2176 illo
789 2135 929 2180 sacriﬁcio,
947 2159 1037 2183 actum

244 2183 298 2210 est,
317 2182 475 2216 mysterium
495 2185 557 2214 fuit.
578 2188 607 2215 ln
622 2191 734 2219 nomine
749 2194 821 2222 enim
837 2195 935 2230 Patris,
956 2204 1037 2234 atque

245 2223 330 2258 ipsius
347 2227 478 2264 unigeniti
496 2230 555 2259 Filii
579 2239 606 2261 ct
632 2239 719 2265 sancti
735 2239 853 2274 Spiritus
869 2223 951 2271 etiam
968 2223 1035 2281 bap-

243 2270 324 2298 tisma
352 2273 452 2308 agitur,
467 2275 494 2302 in
510 2285 565 2312 quo
580 2279 608 2306 in
622 2287 709 2310 morte
725 2270 825 2313 Christi
851 2270 1031 2323 baptizamulr,
1050 2297 1072 2325 ι)

243 2319 269 2343 et
290 2321 376 2346 totum
405 2320 494 2356 ipsum
524 2327 682 2361 mysterium
717 2330 744 2356 in
772 2339 805 2359 eo
830 2319 1031 2366 sanctilicatur.

242 2361 375 2399 Pratcepit
389 2371 481 2396 autem
501 2375 528 2397 et
555 2375 703 2402 sextarium
719 2378 772 2405 olei
792 2380 874 2413 sumi,
888 2382 953 2416 quia
980 2383 1033 2412 ﬁde

240 2407 412 2446 intelligitur,
429 2421 457 2444 et
485 2417 576 2451 agitur
609 2424 825 2460 unumquodque
851 2407 946 2455 corium
972 2438 1033 2464 qua:

239 2455 368 2511 praedicta
384 2463 458 2486 sunt.
472 2460 537 2494 Quae
548 2463 623 2498 juste
638 2469 774 2497 sextarius
786 2472 956 2506 nominatur,
969 2477 1044 2511 quia‘

238 2501 466 2532 quemadmodum
480 2510 616 2538 sextarius
642 2521 770 2543 mensura
790 2521 842 2547 est.
859 2519 900 2546 vel
913 2521 935 2547 si
957 2501 1032 2558 coty-

238 2545 291 2558 1-...
330 2555 372 2558 -μ
425 2551 431 2558 ·
512 2555 522 2558 -
536 2556 554 2558 η
574 2557 579 2558 ν

837 2545 841 2547 -
864 2545 899 2546 νίν
913 2545 935 2547 “
959 2545 1013 2558 "'J

238 2545 291 2573 lam
329 2551 480 2580 secundum
511 2555 583 2585 LXX
610 2560 743 2594 dicamus,
776 2565 872 2593 eadem
902 2575 1030 2597 mensura

238 2593 454 2646 upiuscujusqpe
473 2601 563 2630 minus
579 2609 608 2632 et
623 2606 683 2640 plus
694 2593 748 2636 non
763 2611 844 2646 capit.
863 2613 940 2646 Quod
956 2617 1030 2644 enim

237 2637 298 2672 plus
313 2644 366 2672 est,
390 2642 549 2680 eﬁunditur,
565 2637 657 2679 minus
679 2658 771 2682 autem
796 2637 948 2692 rpropulerea
973 2669 1028 2689 non

235 2685 361 2738 suscipit,
379 2689 443 2743 quia
460 2691 511 2720 hoc
525 2696 598 2729 quod
614 2698 750 2728 minuitur
775 2685 948 2740 nequaquam

235 2732 381 2782 sextarius,
394 2736 436 2763 vel
453 2739 540 2774 cotyla
566 2744 666 2777 poterit
681 2732 826 2781 appellari:
848 2732 891 2779 Sic
907 2732 946 2779 et

235 2776 269 2803 ad
289 2781 390 2808 mentis
403 2789 504 2813 nostra:
521 2795 678 2819 mensuram
693 2793 783 2826 datur,
805 2804 865 2831 quae
881 2807 934 2826 nou
956 2803 1027 2836 capit

235 2825 345 2836 ,μη-,ιφ
371 2835 374 2836 ν
404 2833 410 2836 ,
466 2831 471 2836 .

234 2825 351 2859 amplius
365 2833 412 2856 aut
436 2831 526 2860 minus
542 2842 622 2870 quam
640 2838 788 2873 unicuique
801 2849 815 2867 a
839 2841 892 2870 Deo
906 2849 947 2871 est
972 2825 1028 2873 dis-

1056 1625 1077 1652 (Ζ

269 2912 292 2929 δ’
305 2913 372 2943 Cen.
392 2925 488 2951 xxxm,
505 2922 531 2947 2.
570 2923 593 2938 ⁵³
609 2923 674 2951 Luc.
690 2933 750 2959 xm,
767 2927 811 2955 2|.
854 2929 874 2945 ⁵⁵
889 2929 968 2958 Rom.
987 2940 1026 2966 ιιι,
1041 2933 1134 2961 20-22.

861 218 1042 252 HESYCIIII
1068 223 1304 254 PRESBYTEKI

1848 231 1900 263 956

1106 281 1203 315 pertita
1216 283 1337 317 cognitio
1349 292 1355 310 ε
1373 284 1446 318 quod
1459 292 1523 321 ergo
1534 286 1624 313 minus
1641 291 1683 314 cst
1707 292 1755 314 aut
1769 289 1898 323 amplius,

1104 327 1137 353 ad
1160 327 1348 356 inﬁdelitatem
1369 331 1465 358 tendit.
1485 331 1538 359 Sed
1552 333 1730 367 quamobrem
1749 335 1899 362 sextarium

1105 373 1169 406 olei,
1188 375 1230 401 vel
1241 376 1358 410 cotylau:
1374 377 1530 412 dixit?quia
1545 379 1700 412 miseratus,
1718 380 1816 415 inquit,
1827 380 1899 408 Deus

1105 419 1255 447 humanum
1270 429 1356 455 genus
1376 431 1438 449 cum
1460 424 1526 451 illud
1543 425 1576 451 ad
1589 426 1722 460 oxplcuda
1736 427 1801 462 legis
1813 436 1897 462 opera

1104 465 1273 493 inﬁrmatum
1292 467 1417 500 vidisset,
1432 469 1487 503 jam
1509 478 1563 497 non
1581 479 1613 498 ex
1632 473 1761 506 operibus
1780 473 1898 506 salvare,

1105 511 1152 538 sed
1177 519 1226 546 per
1244 513 1358 547 gratiam
1376 514 1516 542 hominem
1547 516 1642 544 voluit.
1668 517 1759 545 Gratia
1775 527 1839 546 vero
1863 528 1896 546 ex
1934 514 1939 518 ’

1104 557 1289 586 misericordia
1309 564 1389 594 atque
1418 562 1606 596 compassione
1634 564 1780 598 praebetur,
1797 569 1825 592 ct
1845 566 1898 594 ﬁde

1108 605 1348 639 comprehenditur
1369 607 1437 639 sola,
1454 615 1507 635 non
1531 615 1564 635 ex
1579 610 1721 644 operibus,
1751 616 1780 638 ut
1797 611 1897 640 Paulus

1104 649 1169 676 dicit
1185 649 1218 676 “.
1234 649 1301 677 Nam
1317 653 1405 686 gratia
1416 653 1476 686 jam
1492 661 1542 680 non
1559 655 1608 681 erit
1622 656 1710 690 gratia
1718 656 1750 683 “.
1767 657 1814 685 His
1832 666 1896 694 ergo

1103 694 1238 728 acceptis,
1258 695 1291 722 ad
1328 696 1427 723 ostiqu
1465 698 1633 726 tabernaculi
1667 701 1829 734 testimonii,
1861 704 1893 730 ad

1103 738 1255 773 ingressum
1274 740 1402 768 videlicet
1414 743 1536 771 scientia:
1546 744 1593 771 Dei
1612 745 1660 779 qui
1680 747 1827 774 mundatus
1842 753 1893 782 est,

1102 784 1254 812 adducitur.
1271 785 1404 814 Sacerdos
1427 792 1517 816 autem
1546 797 1659 818 sumens
1684 800 1782 827 agnum
1809 802 1893 821 unum

1101 838 1150 865 pro
1166 831 1266 859 delicto
1284 833 1416 861 immolat.
1431 834 1513 869 Atqui
1530 836 1552 863 si
1565 836 1598 864 de
1613 838 1747 872 corporali
1768 840 1894 873 passione

1101 875 1245 902 essethaec
1263 877 1377 910 sanctio,
1409 877 1480 905 sicut
1495 880 1659 914 quibusdam
1687 883 1805 916 videtur,
1829 885 1894 919 quid

1100 924 1159 946 erat
1185 928 1300 948 necesse
1323 930 1422 957 agnum
1452 932 1503 958 pro
1518 931 1631 960 peccato
1665 927 1824 956 immolari?
1840 930 1895 957 Sed

1100 965 1163 999 quia
1180 966 1326 995 adumbrat
1337 974 1451 1004 propter
1462 970 1647 999 inﬁrmitatem
1656 972 1814 1001 Iudaeorum
1836 984 1894 1011 my-

1101 1011 1195 1044 steria,
1211 1018 1293 1048 atque
1320 1014 1470 1049 spiritalem
1500 1016 1668 1045 intellectum
1695 1020 1838 1048 abscondit
1866 1022 1894 1049 in

1101 1058 1208 1091 littera,
1225 1060 1264 1087 sic
1281 1061 1363 1088 etiam
1377 1061 1424 1089 dat
1439 1064 1572 1098 quasdam
1595 1066 1756 1094 occasiones
1771 1073 1895 1096 conten:-

1101 1103 1228 1138 plationis
1255 1113 1304 1140 per
1330 1106 1459 1140 litteram,
1483 1112 1512 1135 et
1542 1109 1625 1137 verba
1652 1119 1712 1145 qua:
1739 1112 1894 1147 signiﬁcent

1099 1149 1268 1179 intellectum
1294 1154 1418 1188 spiritus.
1436 1155 1512 1183 Unde
1542 1162 1570 1184 et
1605 1165 1680 1186 nunc
1704 1167 1765 1186 cum
1793 1168 1892 1196 agnum

1099 1203 1182 1223 unum
1198 1205 1247 1232 pro
1274 1203 1386 1234 peccato
1411 1202 1585 1236 praecepisset
1614 1204 1759 1238 immolari,
1784 1207 1893 1241 qualem

1098 1249 1153 1269 non
1173 1243 1247 1276 dicit,
1262 1245 1324 1279 quia
1344 1246 1402 1280 ipse
1420 1251 1462 1274 est
1481 1249 1574 1282 procul
1590 1250 1674 1277 dubio
1688 1255 1742 1278 tam
1769 1260 1818 1287 pro
1842 1253 1892 1280 de-

1098 1287 1172 1320 licto,
1187 1297 1267 1324 quam
1284 1290 1356 1319 illius
1373 1292 1452 1327 cujus
1468 1301 1550 1322 aures
1564 1302 1578 1321 a
1594 1295 1669 1330 lepra
1686 1297 1890 1326 detinebantur.

1098 1334 1211 1368 Propter
1230 1335 1293 1370 quid
1311 1344 1375 1372 ergo
1391 1338 1430 1365 sic
1454 1338 1529 1370 facit,
1548 1340 1600 1367 nisi
1621 1341 1691 1369 forte
1707 1347 1735 1370 ut
1763 1344 1891 1372 auditum

1096 1379 1212 1412 muniat,
1229 1385 1256 1408 et
1281 1386 1391 1409 cautum
1422 1384 1539 1411 reddat?
1561 1384 1629 1417 Quia
1655 1387 1712 1422 ipse
1733 1396 1748 1415 a
1773 1389 1892 1417 dracone

1096 1425 1235 1458 seductus,
1255 1432 1397 1461 peccatum
1413 1433 1443 1456 ut
1456 1430 1573 1458 seduxit.
1590 1431 1643 1459 Per
1654 1434 1779 1461 actiones
1799 1439 1891 1463 autem

1095 1478 1206 1498 manum
1225 1472 1370 1508 signiﬁcat,
1396 1482 1446 1509 per
1459 1476 1556 1510 pedem
1576 1485 1642 1505 vero
1663 1487 1760 1507 omnes
1778 1487 1888 1508 nostros

1095 1521 1185 1544 motus
1215 1522 1242 1545 et
1256 1518 1313 1546 vias
1325 1521 1560 1554 comprehendere
1588 1528 1616 1550 et
1630 1525 1779 1558 prmvenirc
1793 1525 1890 1553 voluit.

1095 1562 1143 1590 His
1160 1562 1232 1590 enim
1259 1565 1416 1599 custoditis,
1439 1575 1487 1602 per
1516 1569 1677 1604 sanguinem
1712 1570 1891 1607 intelligibilis

1094 1607 1166 1643 agni,
1195 1613 1221 1635 ct
1250 1609 1331 1637 ﬁdem
1343 1619 1405 1646 qua:
1431 1612 1459 1639 in
1490 1621 1552 1641 eum
1573 1619 1624 1647 est,
1640 1623 1701 1651 quae
1731 1617 1812 1645 nobis
1842 1626 1890 1653 per

1095 1653 1309 1682 misericordiam
1336 1661 1364 1683 et
1391 1660 1609 1693 compassionem
1635 1661 1696 1697 ejus
1723 1662 1822 1690 donata
1848 1669 1890 1692 est

1094 1699 1273 1735 intelligibilis
1299 1702 1374 1737 lepra
1410 1712 1583 1740 nequaquam
1615 1708 1720 1742 poterit
1748 1709 1889 1738 hominem

1094 1751 1250 1779 penetrare,
1269 1756 1426 1783 quanquam
1448 1754 1476 1778 et
1492 1751 1583 1779 oleum
1600 1754 1725 1787 sextarii,
1741 1762 1789 1783 seu
1814 1761 1890 1792 coty-

1090 1790 1133 1823 ιω,
1160 1800 1242 1827 quam
1263 1801 1322 1821 esse
1352 1795 1433 1823 ﬁdem
1463 1797 1579 1826 dicimus
1595 1819 1603 1832 ,
1624 1799 1651 1826 in
1673 1808 1755 1828 manu
1779 1802 1890 1830 mittere

1092 1837 1263 1865 sacerdotem
1278 1839 1346 1871 vult,
1370 1845 1401 1868 ut
1424 1843 1576 1871 sacerdotis
1600 1844 1677 1877 ﬁdes,
1692 1854 1741 1880 per
1760 1855 1840 1882 quam
1860 1852 1889 1875 et

1091 1890 1144 1910 nos
1156 1884 1323 1918 proﬁcimus,
1350 1887 1377 1913 in
1392 1888 1523 1922 operibus
1540 1891 1711 1920 ostendatur.
1736 1891 1793 1920 Nec
1813 1894 1888 1921 enim

1090 1929 1169 1956 aliter
1178 1930 1232 1957 vim
1245 1939 1323 1958 suam
1336 1934 1449 1967 exserit,
1464 1935 1516 1962 nisi
1532 1944 1630 1963 manus
1641 1943 1780 1973 assumpta
1792 1939 1886 1970 fuerit.

1091 1974 1118 2001 id
1141 1978 1184 2001 est
1211 1976 1320 2004 actione
1350 1978 1522 2013 conﬁrmata,
1552 1985 1581 2008 et
1609 1982 1716 2017 signata
1745 1984 1884 2018 operibus.

1090 2019 1171 2047 Mittit
1187 2026 1278 2049 autem
1291 2023 1382 2051 oleum
1398 2024 1424 2051 in
1441 2026 1581 2054 sinistram
1596 2036 1720 2062 manum,
1736 2035 1763 2057 et
1775 2030 1888 2067 intingit

1089 2065 1202 2102 digitum
1217 2068 1343 2096 dextrum
1362 2070 1389 2098 in
1402 2071 1464 2099 oleo
1480 2073 1551 2100 sicut
1567 2075 1603 2101 ait
1616 2075 1730 2103 Paulus:
1745 2076 1797 2104 Per
1807 2086 1886 2106 arma

1085 2110 1199 2145 justitia:
1233 2122 1250 2140 α
1269 2115 1370 2142 dextris
1399 2121 1424 2143 et
1447 2126 1463 2144 a
1489 2119 1622 2152 sinistris,
1647 2129 1815 2149 conversatur
1839 2132 1887 2158 per

1088 2157 1201 2192 gloriam
1226 2164 1250 2186 et
1277 2161 1483 2196 ignobilitatem,
1509 2173 1556 2199 per
1582 2166 1723 2201 infamiam
1742 2173 1766 2194 et
1789 2157 1885 2197 bonum

1088 2203 1190 2237 famam
1200 2204 1223 2220 ⁸⁸
1235 2224 1242 2237 ,
1263 2211 1291 2233 et
1303 2215 1364 2242 qua:
1380 2208 1424 2236 his
1443 2210 1543 2238 similia
1559 2218 1634 2240 sunt.

1124 2250 1195 2277 Tunc
1209 2259 1330 2288 asperge!
1344 2256 1439 2290 septies
1454 2262 1546 2284 contra
1566 2258 1719 2287 Dominum.
1741 2261 1886 2290 Praesumit

1087 2295 1160 2322 enim
1179 2296 1239 2324 talis
1254 2299 1382 2327 sacerdos
1407 2302 1477 2335 apud
1506 2302 1604 2336 Deum,
1620 2305 1730 2339 quando
1749 2307 1885 2334 mundare

1085 2347 1131 2367 cos
1141 2341 1187 2375 qui
1203 2343 1395 2385 necessitatem
1408 2346 1559 2379 patiuntur,
1572 2353 1600 2375 et
1612 2348 1749 2377 dimittere
1761 2350 1802 2377 eis
1816 2358 1884 2385 pec-

1084 2391 1144 2413 cata
1168 2378 1298 2422 potncr‘it.
1324 2378 1438 2425 Propter
1453 2393 1526 2427 quod
1548 2378 1650 2429 septies
1666 2396 1794 2431 aspergit,
1817 2396 1883 2431 quia

1084 2437 1217 2459 numerus
1230 2433 1280 2460 istc
1301 2435 1428 2463 remissio
1444 2442 1621 2471 peccatorum
1636 2447 1697 2466 csse
1713 2440 1887 2468 demonstra-

1084 2481 1128 2504 tus
1139 2483 1191 2505 est.
1211 2479 1263 2506 Sed
1285 2486 1427 2516 postquam
1455 2483 1557 2512 fuderit
1578 2493 1662 2520 super
1676 2491 1797 2514 extrema
1813 2488 1884 2515 dex-

1084 2528 1186 2552 trarum
1213 2527 1409 2561 auricularum,
1427 2534 1455 2556 et
1475 2538 1558 2566 super
1584 2532 1697 2567 pollices
1726 2541 1836 2565 manus,
1850 2543 1884 2562 ac

1084 2570 1160 2603 pedis
1167 2570 1265 2605 dextri,
1277 2574 1427 2601 secundum
1436 2577 1508 2610 quod
1517 2585 1597 2612 supra
1604 2578 1734 2611 diximus,
1744 2580 1882 2614 reliquum

1082 2614 1133 2641 olei
1155 2616 1181 2642 in
1200 2623 1282 2652 caput
1297 2619 1386 2647 fundit
1399 2621 1459 2655 ejus
1470 2623 1516 2657 qui
1529 2629 1642 2652 vocatus
1658 2631 1700 2653 est
1722 2631 1751 2653 ut
1765 2627 1883 2654 munda—

1082 2667 1171 2691 rctur:
1191 2671 1240 2699 per
1263 2671 1346 2700 caput
1371 2669 1617 2698 sanctiﬁcationem
1642 2673 1716 2699 omni
1745 2679 1881 2708 praestans

1082 2709 1206 2743 corpori,
1235 2710 1426 2748 christumquc
1457 2715 1563 2742 Domini
1579 2724 1641 2743 eum
1662 2718 1708 2752 qui
1729 2719 1880 2746 mundatus

1082 2759 1135 2786 est,
1151 2763 1200 2789 per
1215 2755 1286 2784 hanc
1311 2759 1470 2786 unctionem
1496 2761 1631 2790 eﬁicicns.
1658 2763 1746 2797 Tunc,
1775 2766 1878 2800 inquit,

1083 2807 1132 2833 pro
1154 2806 1266 2834 per-calo
1284 2805 1448 2832 sacriﬁcium
1467 2806 1583 2834 oll‘crtur
1601 2818 1606 2835 ε
1636 2810 1751 2843 qualiter
1771 2817 1877 2843 autem,

1083 2853 1138 2872 non
1154 2846 1231 2878 dicit,
1250 2856 1278 2874 ex
1303 2849 1426 2878 hiscnim
1442 2860 1502 2886 qlne
1517 2854 1551 2880 de
1565 2854 1673 2882 delictis
1702 2856 1772 2883 dicta
1800 2862 1875 2890 sunt,

1183 2936 1202 2951 λδ
1219 2936 1296 2964 llom.
1314 2946 1348 2971 λι,
1364 2939 1389 2966 6.
1429 2941 1450 2957 ⁵⁶
1470 2942 1490 2969 l|
1507 2942 1569 2970 (lor.
1588 2951 1623 2976 vr,
1646 2943 1710 2978 7,8.
