  <div class='ocr_page' id='page_1' title='image "/cluster/home/n/w/nwhite01/storage/ocr_20150623/93/njp.32101077772836/538.png"; bbox 0 0 2052 3146; ppageno 0'>
   <div class='ocr_carea' id='block_1_1' title="bbox 165 195 219 230">
    <p class='ocr_par' dir='ltr' id='par_1_1' title="bbox 165 195 219 230">
     <span class='ocr_line' id='line_1_1' title="bbox 165 195 219 230; baseline -0.074 0"><span class='ocrx_word' id='word_1_1' title='bbox 165 195 219 230; x_wconf 77' lang='lat'><strong>957</strong></span> 
     </span>
    </p>
   </div>
   <div class='ocr_carea' id='block_1_2' title="bbox 742 198 1235 233">
    <p class='ocr_par' dir='ltr' id='par_1_2' title="bbox 742 198 1235 233">
     <span class='ocr_line' id='line_1_2' title="bbox 742 198 1235 233; baseline 0.004 -4"><span class='ocrx_word' id='word_1_2' title='bbox 742 198 784 229; x_wconf 83' lang='lat' dir='ltr'><strong>IN</strong></span> <span class='ocrx_word' id='word_1_3' title='bbox 802 200 1024 231; x_wconf 70' lang='lat' dir='ltr'><strong>LEVITICUM.</strong></span> <span class='ocrx_word' id='word_1_4' title='bbox 1045 213 1080 221; x_wconf 81' lang='grc'><strong>--·</strong></span> <span class='ocrx_word' id='word_1_5' title='bbox 1097 202 1170 232; x_wconf 87' lang='lat' dir='ltr'><strong>LIB.</strong></span> <span class='ocrx_word' id='word_1_6' title='bbox 1187 203 1235 233; x_wconf 89' lang='lat' dir='ltr'><strong>IV.</strong></span> 
     </span>
    </p>
   </div>
   <div class='ocr_carea' id='block_1_3' title="bbox 1755 205 1807 238">
    <p class='ocr_par' dir='ltr' id='par_1_3' title="bbox 1755 205 1807 238">
     <span class='ocr_line' id='line_1_3' title="bbox 1755 205 1807 238; baseline -0.019 0"><span class='ocrx_word' id='word_1_7' title='bbox 1755 205 1807 238; x_wconf 76' lang='lat'><strong>958</strong></span> 
     </span>
    </p>
   </div>
   <div class='ocr_carea' id='block_1_4' title="bbox 169 247 1807 294">
    <p class='ocr_par' dir='ltr' id='par_1_4' title="bbox 169 247 1807 294">
     <span class='ocr_line' id='line_1_4' title="bbox 169 247 1807 294; baseline 0.008 -19"><span class='ocrx_word' id='word_1_8' title='bbox 169 251 287 294; x_wconf 75' lang='lat' dir='ltr'><strong>possunt</strong></span> <span class='ocrx_word' id='word_1_9' title='bbox 302 247 385 294; x_wconf 82' lang='lat' dir='ltr'><strong>etiam</strong></span> <span class='ocrx_word' id='word_1_10' title='bbox 414 255 445 276; x_wconf 86' lang='lat' dir='ltr'><strong>ea</strong></span> <span class='ocrx_word' id='word_1_11' title='bbox 462 256 523 284; x_wconf 85' lang='lat' dir='ltr'><strong>quae</strong></span> <span class='ocrx_word' id='word_1_12' title='bbox 538 257 588 284; x_wconf 91' lang='lat' dir='ltr'><strong>pro</strong></span> <span class='ocrx_word' id='word_1_13' title='bbox 611 255 724 285; x_wconf 87' lang='lat' dir='ltr'><strong>peccato</strong></span> <span class='ocrx_word' id='word_1_14' title='bbox 747 256 822 286; x_wconf 84' lang='lat' dir='ltr'><strong>sunt,</strong></span> <span class='ocrx_word' id='word_1_15' title='bbox 845 254 960 288; x_wconf 89' lang='lat' dir='ltr'><strong>conjici:</strong></span> <span class='ocrx_word' id='word_1_16' title='bbox 977 256 999 284; x_wconf 81' lang='grc' dir='ltr'><strong>Α</strong></span> <span class='ocrx_word' id='word_1_17' title='bbox 1015 255 1274 289; x_wconf 72' lang='lat' dir='ltr'><strong>contemplationem</strong></span> <span class='ocrx_word' id='word_1_18' title='bbox 1295 256 1429 291; x_wconf 94' lang='lat' dir='ltr'><strong>intendat,</strong></span> <span class='ocrx_word' id='word_1_19' title='bbox 1459 262 1487 285; x_wconf 91' lang='lat' dir='ltr'><strong>et</strong></span> <span class='ocrx_word' id='word_1_20' title='bbox 1513 257 1546 286; x_wconf 86' lang='lat' dir='ltr'><strong>ad</strong></span> <span class='ocrx_word' id='word_1_21' title='bbox 1570 259 1676 286; x_wconf 87' lang='lat' dir='ltr'><strong>occulta</strong></span> <span class='ocrx_word' id='word_1_22' title='bbox 1693 259 1807 294; x_wconf 76' lang='lat' dir='ltr'><strong>spiritus</strong></span> 
     </span>
    </p>
   </div>
   <div class='ocr_carea' id='block_1_5' title="bbox 169 292 964 331">
    <p class='ocr_par' dir='ltr' id='par_1_5' title="bbox 169 292 964 331">
     <span class='ocr_line' id='line_1_5' title="bbox 169 292 964 331; baseline 0.01 -13"><span class='ocrx_word' id='word_1_23' title='bbox 169 292 260 319; x_wconf 87' lang='lat' dir='ltr'><strong>vicina</strong></span> <span class='ocrx_word' id='word_1_24' title='bbox 274 293 348 319; x_wconf 91' lang='lat' dir='ltr'><strong>enim</strong></span> <span class='ocrx_word' id='word_1_25' title='bbox 363 297 437 325; x_wconf 87' lang='lat' dir='ltr'><strong>sunt,</strong></span> <span class='ocrx_word' id='word_1_26' title='bbox 453 299 481 321; x_wconf 88' lang='lat' dir='ltr'><strong>et</strong></span> <span class='ocrx_word' id='word_1_27' title='bbox 495 295 649 322; x_wconf 88' lang='lat' dir='ltr'><strong>communia</strong></span> <span class='ocrx_word' id='word_1_28' title='bbox 664 301 759 331; x_wconf 79' lang='lat' dir='ltr'><strong>utpote</strong></span> <span class='ocrx_word' id='word_1_29' title='bbox 782 297 808 324; x_wconf 89' lang='lat' dir='ltr'><strong>in</strong></span> <span class='ocrx_word' id='word_1_30' title='bbox 825 300 964 326; x_wconf 91' lang='lat' dir='ltr'><strong>communi</strong></span> 
     </span>
    </p>
   </div>
   <div class='ocr_carea' id='block_1_6' title="bbox 170 338 965 380">
    <p class='ocr_par' dir='ltr' id='par_1_6' title="bbox 170 338 965 380">
     <span class='ocr_line' id='line_1_6' title="bbox 170 338 965 380; baseline 0.01 -16"><span class='ocrx_word' id='word_1_31' title='bbox 170 338 297 365; x_wconf 82' lang='lat' dir='ltr'><strong>materia.</strong></span> <span class='ocrx_word' id='word_1_32' title='bbox 312 338 378 366; x_wconf 86' lang='lat' dir='ltr'><strong>Post</strong></span> <span class='ocrx_word' id='word_1_33' title='bbox 401 339 454 366; x_wconf 90' lang='lat' dir='ltr'><strong>hoc</strong></span> <span class='ocrx_word' id='word_1_34' title='bbox 477 339 598 368; x_wconf 90' lang='lat' dir='ltr'><strong>immolat</strong></span> <span class='ocrx_word' id='word_1_35' title='bbox 612 342 813 375; x_wconf 83' lang='lat' dir='ltr'><strong>holocaustum,</strong></span> <span class='ocrx_word' id='word_1_36' title='bbox 830 348 859 371; x_wconf 88' lang='lat' dir='ltr'><strong>et</strong></span> <span class='ocrx_word' id='word_1_37' title='bbox 886 346 965 380; x_wconf 84' lang='lat' dir='ltr'><strong>ponit</strong></span> 
     </span>
    </p>
   </div>
   <div class='ocr_carea' id='block_1_7' title="bbox 170 383 962 425">
    <p class='ocr_par' dir='ltr' id='par_1_7' title="bbox 170 383 962 425">
     <span class='ocr_line' id='line_1_7' title="bbox 170 383 962 425; baseline 0.01 -15"><span class='ocrx_word' id='word_1_38' title='bbox 170 383 237 411; x_wconf 93' lang='lat' dir='ltr'><strong>illud</strong></span> <span class='ocrx_word' id='word_1_39' title='bbox 253 384 280 411; x_wconf 92' lang='lat' dir='ltr'><strong>in</strong></span> <span class='ocrx_word' id='word_1_40' title='bbox 296 384 392 417; x_wconf 88' lang='lat' dir='ltr'><strong>altare,</strong></span> <span class='ocrx_word' id='word_1_41' title='bbox 404 389 458 412; x_wconf 88' lang='lat' dir='ltr'><strong>tam</strong></span> <span class='ocrx_word' id='word_1_42' title='bbox 476 394 525 421; x_wconf 90' lang='lat' dir='ltr'><strong>pro</strong></span> <span class='ocrx_word' id='word_1_43' title='bbox 540 387 636 414; x_wconf 87' lang='lat' dir='ltr'><strong>ordine</strong></span> <span class='ocrx_word' id='word_1_44' title='bbox 656 389 863 421; x_wconf 89' lang='lat' dir='ltr'><strong>sacriﬁciorum,</strong></span> <span class='ocrx_word' id='word_1_45' title='bbox 881 398 962 425; x_wconf 90' lang='lat' dir='ltr'><strong>quam</strong></span> 
     </span>
    </p>
   </div>
   <div class='ocr_carea' id='block_1_8' title="bbox 170 430 962 470">
    <p class='ocr_par' dir='ltr' id='par_1_8' title="bbox 170 430 962 470">
     <span class='ocr_line' id='line_1_8' title="bbox 170 430 962 470; baseline 0.01 -14"><span class='ocrx_word' id='word_1_46' title='bbox 170 438 220 464; x_wconf 92' lang='lat' dir='ltr'><strong>pro</strong></span> <span class='ocrx_word' id='word_1_47' title='bbox 232 438 266 458; x_wconf 92' lang='lat' dir='ltr'><strong>eo</strong></span> <span class='ocrx_word' id='word_1_48' title='bbox 278 430 325 465; x_wconf 91' lang='lat' dir='ltr'><strong>qui</strong></span> <span class='ocrx_word' id='word_1_49' title='bbox 337 432 477 467; x_wconf 80' lang='lat' dir='ltr'><strong>paulisper</strong></span> <span class='ocrx_word' id='word_1_50' title='bbox 493 434 619 467; x_wconf 85' lang='lat' dir='ltr'><strong>provenit</strong></span> <span class='ocrx_word' id='word_1_51' title='bbox 633 434 699 470; x_wconf 75' lang='lat' dir='ltr'><strong>legis</strong></span> <span class='ocrx_word' id='word_1_52' title='bbox 722 435 857 469; x_wconf 84' lang='lat' dir='ltr'><strong>profectu.</strong></span> <span class='ocrx_word' id='word_1_53' title='bbox 885 436 962 464; x_wconf 79' lang='lat' dir='ltr'><strong>Prius</strong></span> 
     </span>
    </p>
   </div>
   <div class='ocr_carea' id='block_1_9' title="bbox 170 477 962 516">
    <p class='ocr_par' dir='ltr' id='par_1_9' title="bbox 170 477 962 516">
     <span class='ocr_line' id='line_1_9' title="bbox 170 477 962 516; baseline 0.01 -14"><span class='ocrx_word' id='word_1_54' title='bbox 170 477 245 503; x_wconf 72' lang='lat' dir='ltr'><strong>enim</strong></span> <span class='ocrx_word' id='word_1_55' title='bbox 262 477 427 504; x_wconf 89' lang='lat' dir='ltr'><strong>sacrilicium</strong></span> <span class='ocrx_word' id='word_1_56' title='bbox 445 479 550 512; x_wconf 82' lang='lat' dir='ltr'><strong>peccati</strong></span> <span class='ocrx_word' id='word_1_57' title='bbox 576 484 603 506; x_wconf 89' lang='lat' dir='ltr'><strong>et</strong></span> <span class='ocrx_word' id='word_1_58' title='bbox 618 480 708 507; x_wconf 82' lang='lat' dir='ltr'><strong>delicti</strong></span> <span class='ocrx_word' id='word_1_59' title='bbox 725 482 826 516; x_wconf 84' lang='lat' dir='ltr'><strong>posuit,</strong></span> <span class='ocrx_word' id='word_1_60' title='bbox 853 487 880 509; x_wconf 82' lang='lat' dir='ltr'><strong>et</strong></span> <span class='ocrx_word' id='word_1_61' title='bbox 897 487 962 511; x_wconf 90' lang='lat' dir='ltr'><strong>tunc</strong></span> 
     </span>
    </p>
   </div>
   <div class='ocr_carea' id='block_1_10' title="bbox 171 520 961 558">
    <p class='ocr_par' dir='ltr' id='par_1_10' title="bbox 171 520 961 558">
     <span class='ocr_line' id='line_1_10' title="bbox 171 520 961 558; baseline 0.009 -10"><span class='ocrx_word' id='word_1_62' title='bbox 171 520 372 549; x_wconf 84' lang='lat' dir='ltr'><strong>holocaustum.</strong></span> <span class='ocrx_word' id='word_1_63' title='bbox 400 522 471 558; x_wconf 79' lang='lat' dir='ltr'><strong>Ergo</strong></span> <span class='ocrx_word' id='word_1_64' title='bbox 487 524 562 558; x_wconf 91' lang='lat' dir='ltr'><strong>prius</strong></span> <span class='ocrx_word' id='word_1_65' title='bbox 577 532 627 552; x_wconf 87' lang='lat' dir='ltr'><strong>nos</strong></span> <span class='ocrx_word' id='word_1_66' title='bbox 644 525 745 552; x_wconf 79' lang='lat' dir='ltr'><strong>Christi</strong></span> <span class='ocrx_word' id='word_1_67' title='bbox 767 527 929 554; x_wconf 83' lang='lat' dir='ltr'><strong>sacriﬁcium</strong></span> <span class='ocrx_word' id='word_1_68' title='bbox 946 535 961 555; x_wconf 87' lang='lat' dir='ltr'><strong>a</strong></span> 
     </span>
    </p>
   </div>
   <div class='ocr_carea' id='block_1_11' title="bbox 170 568 962 602">
    <p class='ocr_par' dir='ltr' id='par_1_11' title="bbox 170 568 962 602">
     <span class='ocr_line' id='line_1_11' title="bbox 170 568 962 602; baseline 0.009 -8"><span class='ocrx_word' id='word_1_69' title='bbox 170 568 280 595; x_wconf 81' lang='lat' dir='ltr'><strong>delictis</strong></span> <span class='ocrx_word' id='word_1_70' title='bbox 296 573 323 594; x_wconf 90' lang='lat' dir='ltr'><strong>et</strong></span> <span class='ocrx_word' id='word_1_71' title='bbox 334 569 455 602; x_wconf 80' lang='lat' dir='ltr'><strong>peccatis</strong></span> <span class='ocrx_word' id='word_1_72' title='bbox 469 570 594 602; x_wconf 84' lang='lat' dir='ltr'><strong>mundat,</strong></span> <span class='ocrx_word' id='word_1_73' title='bbox 609 575 637 597; x_wconf 90' lang='lat' dir='ltr'><strong>et</strong></span> <span class='ocrx_word' id='word_1_74' title='bbox 653 575 720 598; x_wconf 92' lang='lat' dir='ltr'><strong>tunc</strong></span> <span class='ocrx_word' id='word_1_75' title='bbox 739 577 862 600; x_wconf 84' lang='lat' dir='ltr'><strong>nostrum</strong></span> <span class='ocrx_word' id='word_1_76' title='bbox 875 574 962 601; x_wconf 88' lang='lat' dir='ltr'><strong>eonﬁ-</strong></span> 
     </span>
    </p>
   </div>
   <div class='ocr_carea' id='block_1_12' title="bbox 170 614 958 650">
    <p class='ocr_par' dir='ltr' id='par_1_12' title="bbox 170 614 958 650">
     <span class='ocr_line' id='line_1_12' title="bbox 170 614 958 650; baseline 0.01 -11"><span class='ocrx_word' id='word_1_77' title='bbox 170 615 243 640; x_wconf 86' lang='lat' dir='ltr'><strong>citur</strong></span> <span class='ocrx_word' id='word_1_78' title='bbox 255 614 456 643; x_wconf 83' lang='lat' dir='ltr'><strong>holocaustum.</strong></span> <span class='ocrx_word' id='word_1_79' title='bbox 473 614 503 641; x_wconf 88' lang='lat' dir='ltr'><strong>El</strong></span> <span class='ocrx_word' id='word_1_80' title='bbox 516 620 659 650; x_wconf 81' lang='lat' dir='ltr'><strong>propterea</strong></span> <span class='ocrx_word' id='word_1_81' title='bbox 686 617 802 650; x_wconf 88' lang='lat' dir='ltr'><strong>primtttn</strong></span> <span class='ocrx_word' id='word_1_82' title='bbox 822 626 837 645; x_wconf 90' lang='lat' dir='ltr'><strong>a</strong></span> <span class='ocrx_word' id='word_1_83' title='bbox 863 619 958 648; x_wconf 84' lang='lat' dir='ltr'><strong>delictc</strong></span> 
     </span>
    </p>
   </div>
   <div class='ocr_carea' id='block_1_13' title="bbox 169 660 962 698">
    <p class='ocr_par' dir='ltr' id='par_1_13' title="bbox 169 660 962 698">
     <span class='ocr_line' id='line_1_13' title="bbox 169 660 962 698; baseline 0.008 -12"><span class='ocrx_word' id='word_1_84' title='bbox 169 660 284 693; x_wconf 90' lang='lat' dir='ltr'><strong>dicens,</strong></span> <span class='ocrx_word' id='word_1_85' title='bbox 308 661 407 688; x_wconf 84' lang='lat' dir='ltr'><strong>deinde</strong></span> <span class='ocrx_word' id='word_1_86' title='bbox 432 661 490 688; x_wconf 63' lang='lat' dir='ltr'><strong>hac</strong></span> <span class='ocrx_word' id='word_1_87' title='bbox 511 662 642 695; x_wconf 85' lang='lat' dir='ltr'><strong>subdidit,</strong></span> <span class='ocrx_word' id='word_1_88' title='bbox 659 663 721 698; x_wconf 88' lang='lat' dir='ltr'><strong>quia</strong></span> <span class='ocrx_word' id='word_1_89' title='bbox 737 664 771 690; x_wconf 85' lang='lat' dir='ltr'><strong>de</strong></span> <span class='ocrx_word' id='word_1_90' title='bbox 799 663 908 692; x_wconf 85' lang='lat' dir='ltr'><strong>Christo</strong></span> <span class='ocrx_word' id='word_1_91' title='bbox 934 670 962 693; x_wconf 87' lang='lat' dir='ltr'><strong>et</strong></span> 
     </span>
    </p>
   </div>
   <div class='ocr_carea' id='block_1_14' title="bbox 172 706 961 747">
    <p class='ocr_par' dir='ltr' id='par_1_14' title="bbox 172 706 961 747">
     <span class='ocr_line' id='line_1_14' title="bbox 172 706 961 747; baseline 0.01 -15"><span class='ocrx_word' id='word_1_92' title='bbox 172 706 230 733; x_wconf 68' lang='lat' dir='ltr'><strong>haec</strong></span> <span class='ocrx_word' id='word_1_93' title='bbox 248 711 276 734; x_wconf 90' lang='lat' dir='ltr'><strong>et</strong></span> <span class='ocrx_word' id='word_1_94' title='bbox 291 707 334 734; x_wconf 90' lang='lat' dir='ltr'><strong>illa</strong></span> <span class='ocrx_word' id='word_1_95' title='bbox 355 707 474 741; x_wconf 88' lang='lat' dir='ltr'><strong>dicebat,</strong></span> <span class='ocrx_word' id='word_1_96' title='bbox 491 713 519 735; x_wconf 88' lang='lat' dir='ltr'><strong>et</strong></span> <span class='ocrx_word' id='word_1_97' title='bbox 542 709 575 736; x_wconf 90' lang='lat' dir='ltr'><strong>ad</strong></span> <span class='ocrx_word' id='word_1_98' title='bbox 588 717 672 736; x_wconf 91' lang='lat' dir='ltr'><strong>unum</strong></span> <span class='ocrx_word' id='word_1_99' title='bbox 688 711 866 745; x_wconf 86' lang='lat' dir='ltr'><strong>sacriﬁcium,</strong></span> <span class='ocrx_word' id='word_1_100' title='bbox 888 713 961 747; x_wconf 91' lang='lat' dir='ltr'><strong>quod</strong></span> 
     </span>
    </p>
   </div>
   <div class='ocr_carea' id='block_1_15' title="bbox 170 753 962 792">
    <p class='ocr_par' dir='ltr' id='par_1_15' title="bbox 170 753 962 792">
     <span class='ocr_line' id='line_1_15' title="bbox 170 753 962 792; baseline 0.01 -14"><span class='ocrx_word' id='word_1_101' title='bbox 170 759 203 779; x_wconf 80' lang='lat' dir='ltr'><strong>ex</strong></span> <span class='ocrx_word' id='word_1_102' title='bbox 221 753 310 780; x_wconf 88' lang='lat' dir='ltr'><strong>hostia</strong></span> <span class='ocrx_word' id='word_1_103' title='bbox 325 753 405 780; x_wconf 87' lang='lat' dir='ltr'><strong>nobis</strong></span> <span class='ocrx_word' id='word_1_104' title='bbox 421 755 665 782; x_wconf 84' lang='lat' dir='ltr'><strong>sanetiﬁcatiouem</strong></span> <span class='ocrx_word' id='word_1_105' title='bbox 680 757 794 792; x_wconf 68' lang='lat' dir='ltr'><strong>praebet,</strong></span> <span class='ocrx_word' id='word_1_106' title='bbox 820 759 894 792; x_wconf 91' lang='lat' dir='ltr'><strong>quod</strong></span> <span class='ocrx_word' id='word_1_107' title='bbox 912 767 962 786; x_wconf 90' lang='lat' dir='ltr'><strong>nos</strong></span> 
     </span>
    </p>
   </div>
   <div class='ocr_carea' id='block_1_16' title="bbox 171 797 961 837">
    <p class='ocr_par' dir='ltr' id='par_1_16' title="bbox 171 797 961 837">
     <span class='ocr_line' id='line_1_16' title="bbox 171 797 961 837; baseline 0.008 -14"><span class='ocrx_word' id='word_1_108' title='bbox 171 797 205 824; x_wconf 86' lang='lat' dir='ltr'><strong>ad</strong></span> <span class='ocrx_word' id='word_1_109' title='bbox 219 797 305 824; x_wconf 86' lang='lat' dir='ltr'><strong>altare</strong></span> <span class='ocrx_word' id='word_1_110' title='bbox 315 798 464 825; x_wconf 81' lang='lat' dir='ltr'><strong>ascendere</strong></span> <span class='ocrx_word' id='word_1_111' title='bbox 480 799 553 826; x_wconf 90' lang='lat' dir='ltr'><strong>facit.</strong></span> <span class='ocrx_word' id='word_1_112' title='bbox 567 799 682 832; x_wconf 83' lang='lat' dir='ltr'><strong>Quando</strong></span> <span class='ocrx_word' id='word_1_113' title='bbox 691 800 764 827; x_wconf 86' lang='lat' dir='ltr'><strong>enim</strong></span> <span class='ocrx_word' id='word_1_114' title='bbox 781 801 961 837; x_wconf 80' lang='lat' dir='ltr'><strong>intelligibilis</strong></span> 
     </span>
    </p>
   </div>
   <div class='ocr_carea' id='block_1_17' title="bbox 169 842 961 881">
    <p class='ocr_par' dir='ltr' id='par_1_17' title="bbox 169 842 961 881">
     <span class='ocr_line' id='line_1_17' title="bbox 169 842 961 881; baseline 0.006 -12"><span class='ocrx_word' id='word_1_115' title='bbox 169 842 366 870; x_wconf 87' lang='lat' dir='ltr'><strong>emundatione</strong></span> <span class='ocrx_word' id='word_1_116' title='bbox 390 844 504 878; x_wconf 86' lang='lat' dir='ltr'><strong>spiritus</strong></span> <span class='ocrx_word' id='word_1_117' title='bbox 533 848 620 871; x_wconf 89' lang='lat' dir='ltr'><strong>totum</strong></span> <span class='ocrx_word' id='word_1_118' title='bbox 652 850 775 872; x_wconf 91' lang='lat' dir='ltr'><strong>nostrum</strong></span> <span class='ocrx_word' id='word_1_119' title='bbox 804 854 904 881; x_wconf 89' lang='lat' dir='ltr'><strong>corpus</strong></span> <span class='ocrx_word' id='word_1_120' title='bbox 933 852 961 874; x_wconf 91' lang='lat' dir='ltr'><strong>et</strong></span> 
     </span>
    </p>
   </div>
   <div class='ocr_carea' id='block_1_18' title="bbox 169 887 957 924">
    <p class='ocr_par' dir='ltr' id='par_1_18' title="bbox 169 887 957 924">
     <span class='ocr_line' id='line_1_18' title="bbox 169 887 957 924; baseline 0.006 -11"><span class='ocrx_word' id='word_1_121' title='bbox 169 887 289 914; x_wconf 84' lang='lat' dir='ltr'><strong>animam</strong></span> <span class='ocrx_word' id='word_1_122' title='bbox 322 889 535 921; x_wconf 87' lang='lat' dir='ltr'><strong>sanctiﬁcantes,</strong></span> <span class='ocrx_word' id='word_1_123' title='bbox 562 890 700 924; x_wconf 85' lang='lat' dir='ltr'><strong>spiritales</strong></span> <span class='ocrx_word' id='word_1_124' title='bbox 721 890 784 917; x_wconf 86' lang='lat' dir='ltr'><strong>facti</strong></span> <span class='ocrx_word' id='word_1_125' title='bbox 807 891 957 924; x_wconf 83' lang='lat' dir='ltr'><strong>fuerimus,</strong></span> 
     </span>
    </p>
   </div>
   <div class='ocr_carea' id='block_1_19' title="bbox 169 927 995 969">
    <p class='ocr_par' dir='ltr' id='par_1_19' title="bbox 169 927 995 969">
     <span class='ocr_line' id='line_1_19' title="bbox 169 927 995 969; baseline 0.006 -9"><span class='ocrx_word' id='word_1_126' title='bbox 169 938 236 961; x_wconf 87' lang='lat' dir='ltr'><strong>tunc</strong></span> <span class='ocrx_word' id='word_1_127' title='bbox 252 933 371 969; x_wconf 77' lang='lat' dir='ltr'><strong>digniad</strong></span> <span class='ocrx_word' id='word_1_128' title='bbox 394 935 584 962; x_wconf 87' lang='lat' dir='ltr'><strong>ascensionem</strong></span> <span class='ocrx_word' id='word_1_129' title='bbox 608 936 700 963; x_wconf 87' lang='lat' dir='ltr'><strong>altaris</strong></span> <span class='ocrx_word' id='word_1_130' title='bbox 725 937 875 965; x_wconf 85' lang='lat' dir='ltr'><strong>efﬁcimur:</strong></span> <span class='ocrx_word' id='word_1_131' title='bbox 895 942 959 965; x_wconf 89' lang='lat' dir='ltr'><strong>tunc</strong></span> <span class='ocrx_word' id='word_1_132' title='bbox 976 927 995 954; x_wconf 72' lang='grc' dir='ltr'><strong>Β</strong></span> 
     </span>
    </p>
   </div>
   <div class='ocr_carea' id='block_1_20' title="bbox 168 980 958 1019">
    <p class='ocr_par' dir='ltr' id='par_1_20' title="bbox 168 980 958 1019">
     <span class='ocr_line' id='line_1_20' title="bbox 168 980 958 1019; baseline 0.006 -13"><span class='ocrx_word' id='word_1_133' title='bbox 168 980 357 1014; x_wconf 88' lang='lat' dir='ltr'><strong>plenissimam</strong></span> <span class='ocrx_word' id='word_1_134' title='bbox 390 982 540 1016; x_wconf 87' lang='lat' dir='ltr'><strong>accipimus</strong></span> <span class='ocrx_word' id='word_1_135' title='bbox 570 983 787 1015; x_wconf 87' lang='lat' dir='ltr'><strong>mttndationem,</strong></span> <span class='ocrx_word' id='word_1_136' title='bbox 815 989 958 1019; x_wconf 77' lang='lat' dir='ltr'><strong>postquam</strong></span> 
     </span>
    </p>
   </div>
   <div class='ocr_carea' id='block_1_21' title="bbox 165 1023 958 1058">
    <p class='ocr_par' dir='ltr' id='par_1_21' title="bbox 165 1023 958 1058">
     <span class='ocr_line' id='line_1_21' title="bbox 165 1023 958 1058; baseline 0.009 -9"><span class='ocrx_word' id='word_1_137' title='bbox 165 1023 222 1058; x_wconf 81' lang='lat' dir='ltr'><strong>jam</strong></span> <span class='ocrx_word' id='word_1_138' title='bbox 237 1024 317 1051; x_wconf 84' lang='lat' dir='ltr'><strong>aliam</strong></span> <span class='ocrx_word' id='word_1_139' title='bbox 333 1027 516 1053; x_wconf 84' lang='lat' dir='ltr'><strong>necessariam</strong></span> <span class='ocrx_word' id='word_1_140' title='bbox 529 1034 582 1054; x_wconf 91' lang='lat' dir='ltr'><strong>non</strong></span> <span class='ocrx_word' id='word_1_141' title='bbox 600 1027 743 1055; x_wconf 92' lang='lat' dir='ltr'><strong>habetnus.</strong></span> <span class='ocrx_word' id='word_1_142' title='bbox 762 1028 868 1056; x_wconf 86' lang='lat' dir='ltr'><strong>Audisti</strong></span> <span class='ocrx_word' id='word_1_143' title='bbox 885 1029 958 1056; x_wconf 91' lang='lat' dir='ltr'><strong>enim</strong></span> 
     </span>
    </p>
   </div>
   <div class='ocr_carea' id='block_1_22' title="bbox 167 1071 959 1108">
    <p class='ocr_par' dir='ltr' id='par_1_22' title="bbox 167 1071 959 1108">
     <span class='ocr_line' id='line_1_22' title="bbox 167 1071 959 1108; baseline 0.006 -12"><span class='ocrx_word' id='word_1_144' title='bbox 167 1076 243 1096; x_wconf 87' lang='lat' dir='ltr'><strong>nunc</strong></span> <span class='ocrx_word' id='word_1_145' title='bbox 255 1071 484 1098; x_wconf 75' lang='lat' dir='ltr'><strong>eutuntlzttionum</strong></span> <span class='ocrx_word' id='word_1_146' title='bbox 499 1071 664 1106; x_wconf 77' lang='lat' dir='ltr'><strong>profectum,</strong></span> <span class='ocrx_word' id='word_1_147' title='bbox 687 1081 800 1107; x_wconf 82' lang='lat' dir='ltr'><strong>quarum</strong></span> <span class='ocrx_word' id='word_1_148' title='bbox 818 1073 876 1101; x_wconf 70' lang='lat' dir='ltr'><strong>hzec</strong></span> <span class='ocrx_word' id='word_1_149' title='bbox 898 1074 959 1108; x_wconf 86' lang='lat' dir='ltr'><strong>qui--</strong></span> 
     </span>
    </p>
   </div>
   <div class='ocr_carea' id='block_1_23' title="bbox 167 1116 958 1151">
    <p class='ocr_par' dir='ltr' id='par_1_23' title="bbox 167 1116 958 1151">
     <span class='ocr_line' id='line_1_23' title="bbox 167 1116 958 1151; baseline 0.006 -10"><span class='ocrx_word' id='word_1_150' title='bbox 167 1116 229 1142; x_wconf 88' lang='lat' dir='ltr'><strong>detn</strong></span> <span class='ocrx_word' id='word_1_151' title='bbox 247 1123 322 1142; x_wconf 88' lang='lat' dir='ltr'><strong>nosa</strong></span> <span class='ocrx_word' id='word_1_152' title='bbox 337 1116 489 1150; x_wconf 79' lang='lat' dir='ltr'><strong>pollutione</strong></span> <span class='ocrx_word' id='word_1_153' title='bbox 503 1117 586 1151; x_wconf 77' lang='lat' dir='ltr'><strong>lepra:</strong></span> <span class='ocrx_word' id='word_1_154' title='bbox 602 1117 710 1149; x_wconf 89' lang='lat' dir='ltr'><strong>liberat,</strong></span> <span class='ocrx_word' id='word_1_155' title='bbox 733 1119 784 1145; x_wconf 90' lang='lat' dir='ltr'><strong>alia</strong></span> <span class='ocrx_word' id='word_1_156' title='bbox 813 1124 904 1146; x_wconf 89' lang='lat' dir='ltr'><strong>autetn</strong></span> <span class='ocrx_word' id='word_1_157' title='bbox 929 1120 958 1146; x_wconf 92' lang='lat' dir='ltr'><strong>in</strong></span> 
     </span>
    </p>
   </div>
   <div class='ocr_carea' id='block_1_24' title="bbox 166 1161 958 1201">
    <p class='ocr_par' dir='ltr' id='par_1_24' title="bbox 166 1161 958 1201">
     <span class='ocr_line' id='line_1_24' title="bbox 166 1161 958 1201; baseline 0.006 -13"><span class='ocrx_word' id='word_1_158' title='bbox 166 1161 267 1189; x_wconf 73' lang='lat' dir='ltr'><strong>castris</strong></span> <span class='ocrx_word' id='word_1_159' title='bbox 280 1162 429 1191; x_wconf 86' lang='lat' dir='ltr'><strong>introducit</strong></span> <span class='ocrx_word' id='word_1_160' title='bbox 447 1163 510 1196; x_wconf 87' lang='lat' dir='ltr'><strong>Dei;</strong></span> <span class='ocrx_word' id='word_1_161' title='bbox 532 1164 590 1191; x_wconf 79' lang='lat' dir='ltr'><strong>inec</strong></span> <span class='ocrx_word' id='word_1_162' title='bbox 605 1169 697 1191; x_wconf 83' lang='lat' dir='ltr'><strong>autem</strong></span> <span class='ocrx_word' id='word_1_163' title='bbox 721 1165 753 1192; x_wconf 89' lang='lat' dir='ltr'><strong>ad</strong></span> <span class='ocrx_word' id='word_1_164' title='bbox 770 1165 854 1192; x_wconf 83' lang='lat' dir='ltr'><strong>altare</strong></span> <span class='ocrx_word' id='word_1_165' title='bbox 870 1166 958 1201; x_wconf 91' lang='lat' dir='ltr'><strong>ipsum</strong></span> 
     </span>
    </p>
   </div>
   <div class='ocr_carea' id='block_1_25' title="bbox 167 1207 959 1245">
    <p class='ocr_par' dir='ltr' id='par_1_25' title="bbox 167 1207 959 1245">
     <span class='ocr_line' id='line_1_25' title="bbox 167 1207 959 1245; baseline 0.008 -13"><span class='ocrx_word' id='word_1_166' title='bbox 167 1207 314 1239; x_wconf 87' lang='lat' dir='ltr'><strong>deducere,</strong></span> <span class='ocrx_word' id='word_1_167' title='bbox 330 1212 422 1243; x_wconf 78' lang='lat' dir='ltr'><strong>utpote</strong></span> <span class='ocrx_word' id='word_1_168' title='bbox 438 1208 595 1243; x_wconf 87' lang='lat' dir='ltr'><strong>plenissime</strong></span> <span class='ocrx_word' id='word_1_169' title='bbox 611 1209 765 1242; x_wconf 74' lang='lat' dir='ltr'><strong>mundatos,</strong></span> <span class='ocrx_word' id='word_1_170' title='bbox 778 1214 858 1245; x_wconf 89' lang='lat' dir='ltr'><strong>atque</strong></span> <span class='ocrx_word' id='word_1_171' title='bbox 868 1211 959 1238; x_wconf 81' lang='lat' dir='ltr'><strong>suble-</strong></span> 
     </span>
    </p>
   </div>
   <div class='ocr_carea' id='block_1_26' title="bbox 166 1253 958 1291">
    <p class='ocr_par' dir='ltr' id='par_1_26' title="bbox 166 1253 958 1291">
     <span class='ocr_line' id='line_1_26' title="bbox 166 1253 958 1291; baseline 0.006 -13"><span class='ocrx_word' id='word_1_172' title='bbox 166 1260 232 1279; x_wconf 84' lang='lat' dir='ltr'><strong>vare</strong></span> <span class='ocrx_word' id='word_1_173' title='bbox 255 1257 356 1287; x_wconf 86' lang='lat' dir='ltr'><strong>potest.</strong></span> <span class='ocrx_word' id='word_1_174' title='bbox 382 1253 449 1281; x_wconf 88' lang='lat' dir='ltr'><strong>Cutn</strong></span> <span class='ocrx_word' id='word_1_175' title='bbox 476 1258 567 1280; x_wconf 80' lang='lat' dir='ltr'><strong>autent</strong></span> <span class='ocrx_word' id='word_1_176' title='bbox 594 1262 723 1282; x_wconf 77' lang='lat' dir='ltr'><strong>vocemur</strong></span> <span class='ocrx_word' id='word_1_177' title='bbox 745 1255 777 1282; x_wconf 89' lang='lat' dir='ltr'><strong>ad</strong></span> <span class='ocrx_word' id='word_1_178' title='bbox 797 1257 958 1291; x_wconf 86' lang='lat' dir='ltr'><strong>sequentia,</strong></span> 
     </span>
    </p>
   </div>
   <div class='ocr_carea' id='block_1_27' title="bbox 166 1299 944 1329">
    <p class='ocr_par' dir='ltr' id='par_1_27' title="bbox 166 1299 944 1329">
     <span class='ocr_line' id='line_1_27' title="bbox 166 1299 944 1329; baseline 0.005 -5"><span class='ocrx_word' id='word_1_179' title='bbox 166 1305 282 1325; x_wconf 86' lang='lat' dir='ltr'><strong>necesse</strong></span> <span class='ocrx_word' id='word_1_180' title='bbox 299 1303 341 1325; x_wconf 90' lang='lat' dir='ltr'><strong>cst</strong></span> <span class='ocrx_word' id='word_1_181' title='bbox 355 1303 383 1325; x_wconf 91' lang='lat' dir='ltr'><strong>ut</strong></span> <span class='ocrx_word' id='word_1_182' title='bbox 400 1299 432 1326; x_wconf 89' lang='lat' dir='ltr'><strong>ad</strong></span> <span class='ocrx_word' id='word_1_183' title='bbox 451 1307 481 1326; x_wconf 84' lang='lat' dir='ltr'><strong>ea</strong></span> <span class='ocrx_word' id='word_1_184' title='bbox 494 1307 554 1326; x_wconf 91' lang='lat' dir='ltr'><strong>eum</strong></span> <span class='ocrx_word' id='word_1_185' title='bbox 569 1299 643 1326; x_wconf 89' lang='lat' dir='ltr'><strong>omni</strong></span> <span class='ocrx_word' id='word_1_186' title='bbox 657 1300 746 1327; x_wconf 88' lang='lat' dir='ltr'><strong>studio</strong></span> <span class='ocrx_word' id='word_1_187' title='bbox 765 1305 944 1329; x_wconf 81' lang='lat' dir='ltr'><strong>transeamus.</strong></span> 
     </span>
    </p>
   </div>
   <div class='ocr_carea' id='block_1_28' title="bbox 204 1344 960 1382">
    <p class='ocr_par' dir='ltr' id='par_1_28' title="bbox 204 1344 960 1382">
     <span class='ocr_line' id='line_1_28' title="bbox 204 1344 960 1382; baseline 0.005 -11"><span class='ocrx_word' id='word_1_188' title='bbox 204 1344 286 1371; x_wconf 69' lang='lat' dir='ltr'><strong>Vens.</strong></span> <span class='ocrx_word' id='word_1_189' title='bbox 302 1344 395 1372; x_wconf 76' lang='lat'><strong>21-3&#39;2.</strong></span> <span class='ocrx_word' id='word_1_190' title='bbox 418 1355 427 1370; x_wconf 77' lang='grc' dir='ltr'>ι</span> <span class='ocrx_word' id='word_1_191' title='bbox 443 1345 520 1378; x_wconf 85' lang='lat' dir='ltr'><strong>Quod</strong></span> <span class='ocrx_word' id='word_1_192' title='bbox 533 1345 554 1373; x_wconf 93' lang='lat' dir='ltr'><strong>si</strong></span> <span class='ocrx_word' id='word_1_193' title='bbox 572 1354 675 1381; x_wconf 79' lang='lat' dir='ltr'><strong>pauper</strong></span> <span class='ocrx_word' id='word_1_194' title='bbox 686 1351 738 1378; x_wconf 91' lang='lat' dir='ltr'><strong>est,</strong></span> <span class='ocrx_word' id='word_1_195' title='bbox 762 1353 789 1374; x_wconf 90' lang='lat' dir='ltr'><strong>et</strong></span> <span class='ocrx_word' id='word_1_196' title='bbox 801 1355 854 1374; x_wconf 90' lang='lat' dir='ltr'><strong>non</strong></span> <span class='ocrx_word' id='word_1_197' title='bbox 871 1352 960 1382; x_wconf 86' lang='lat' dir='ltr'><strong>potest</strong></span> 
     </span>
    </p>
   </div>
   <div class='ocr_carea' id='block_1_29' title="bbox 166 1390 958 1428">
    <p class='ocr_par' dir='ltr' id='par_1_29' title="bbox 166 1390 958 1428">
     <span class='ocr_line' id='line_1_29' title="bbox 166 1390 958 1428; baseline 0.006 -12"><span class='ocrx_word' id='word_1_198' title='bbox 166 1397 266 1417; x_wconf 81' lang='lat' dir='ltr'><strong>manus</strong></span> <span class='ocrx_word' id='word_1_199' title='bbox 281 1390 342 1425; x_wconf 90' lang='lat' dir='ltr'><strong>ejus</strong></span> <span class='ocrx_word' id='word_1_200' title='bbox 359 1391 484 1418; x_wconf 85' lang='lat' dir='ltr'><strong>invenire</strong></span> <span class='ocrx_word' id='word_1_201' title='bbox 498 1399 558 1426; x_wconf 68' lang='lat' dir='ltr'><strong>qua:</strong></span> <span class='ocrx_word' id='word_1_202' title='bbox 574 1392 646 1419; x_wconf 88' lang='lat' dir='ltr'><strong>dicta</strong></span> <span class='ocrx_word' id='word_1_203' title='bbox 664 1396 739 1424; x_wconf 89' lang='lat' dir='ltr'><strong>sunt,</strong></span> <span class='ocrx_word' id='word_1_204' title='bbox 754 1398 845 1420; x_wconf 83' lang='lat' dir='ltr'><strong>sumet</strong></span> <span class='ocrx_word' id='word_1_205' title='bbox 859 1401 958 1428; x_wconf 81' lang='lat' dir='ltr'><strong>agnum</strong></span> 
     </span>
    </p>
   </div>
   <div class='ocr_carea' id='block_1_30' title="bbox 165 1435 959 1473">
    <p class='ocr_par' dir='ltr' id='par_1_30' title="bbox 165 1435 959 1473">
     <span class='ocr_line' id='line_1_30' title="bbox 165 1435 959 1473; baseline 0.006 -11"><span class='ocrx_word' id='word_1_206' title='bbox 165 1443 217 1472; x_wconf 89' lang='lat' dir='ltr'><strong>pro</strong></span> <span class='ocrx_word' id='word_1_207' title='bbox 234 1435 335 1463; x_wconf 91' lang='lat' dir='ltr'><strong>delicto</strong></span> <span class='ocrx_word' id='word_1_208' title='bbox 350 1437 383 1464; x_wconf 89' lang='lat' dir='ltr'><strong>ad</strong></span> <span class='ocrx_word' id='word_1_209' title='bbox 399 1437 574 1470; x_wconf 79' lang='lat' dir='ltr'><strong>oblationem,</strong></span> <span class='ocrx_word' id='word_1_210' title='bbox 587 1442 618 1465; x_wconf 89' lang='lat' dir='ltr'><strong>ut</strong></span> <span class='ocrx_word' id='word_1_211' title='bbox 631 1442 707 1473; x_wconf 82' lang='lat' dir='ltr'><strong>roget</strong></span> <span class='ocrx_word' id='word_1_212' title='bbox 715 1446 763 1473; x_wconf 92' lang='lat' dir='ltr'><strong>pro</strong></span> <span class='ocrx_word' id='word_1_213' title='bbox 776 1446 809 1465; x_wconf 85' lang='lat' dir='ltr'><strong>eo</strong></span> <span class='ocrx_word' id='word_1_214' title='bbox 823 1440 959 1473; x_wconf 81' lang='lat' dir='ltr'><strong>sacerdos,</strong></span> 
     </span>
    </p>
   </div>
   <div class='ocr_carea' id='block_1_31' title="bbox 165 1481 960 1517">
    <p class='ocr_par' dir='ltr' id='par_1_31' title="bbox 165 1481 960 1517">
     <span class='ocr_line' id='line_1_31' title="bbox 165 1481 960 1517; baseline 0.006 -10"><span class='ocrx_word' id='word_1_215' title='bbox 165 1481 357 1516; x_wconf 82' lang='lat' dir='ltr'><strong>decimamque</strong></span> <span class='ocrx_word' id='word_1_216' title='bbox 371 1485 475 1516; x_wconf 83' lang='lat' dir='ltr'><strong>partem</strong></span> <span class='ocrx_word' id='word_1_217' title='bbox 489 1482 583 1510; x_wconf 65' lang='lat' dir='ltr'><strong>simila:</strong></span> <span class='ocrx_word' id='word_1_218' title='bbox 595 1490 773 1517; x_wconf 87' lang='lat' dir='ltr'><strong>conspersatn</strong></span> <span class='ocrx_word' id='word_1_219' title='bbox 790 1484 850 1511; x_wconf 87' lang='lat' dir='ltr'><strong>oleo</strong></span> <span class='ocrx_word' id='word_1_220' title='bbox 874 1485 902 1512; x_wconf 92' lang='lat' dir='ltr'><strong>in</strong></span> <span class='ocrx_word' id='word_1_221' title='bbox 917 1493 960 1512; x_wconf 86' lang='lat' dir='ltr'><strong>sa-</strong></span> 
     </span>
    </p>
   </div>
   <div class='ocr_carea' id='block_1_32' title="bbox 164 1526 960 1564">
    <p class='ocr_par' dir='ltr' id='par_1_32' title="bbox 164 1526 960 1564">
     <span class='ocr_line' id='line_1_32' title="bbox 164 1526 960 1564; baseline 0.006 -11"><span class='ocrx_word' id='word_1_222' title='bbox 164 1526 313 1557; x_wconf 83' lang='lat' dir='ltr'><strong>criﬁcium,</strong></span> <span class='ocrx_word' id='word_1_223' title='bbox 327 1532 354 1554; x_wconf 84' lang='lat' dir='ltr'><strong>ct</strong></span> <span class='ocrx_word' id='word_1_224' title='bbox 369 1528 420 1554; x_wconf 90' lang='lat' dir='ltr'><strong>olei</strong></span> <span class='ocrx_word' id='word_1_225' title='bbox 432 1529 592 1561; x_wconf 83' lang='lat' dir='ltr'><strong>sextarium,</strong></span> <span class='ocrx_word' id='word_1_226' title='bbox 611 1529 736 1564; x_wconf 89' lang='lat' dir='ltr'><strong>duosque</strong></span> <span class='ocrx_word' id='word_1_227' title='bbox 755 1534 876 1558; x_wconf 86' lang='lat' dir='ltr'><strong>turtures</strong></span> <span class='ocrx_word' id='word_1_228' title='bbox 902 1532 960 1558; x_wconf 88' lang='lat' dir='ltr'><strong>sive</strong></span> 
     </span>
    </p>
   </div>
   <div class='ocr_carea' id='block_1_33' title="bbox 165 1572 995 1624">
    <p class='ocr_par' dir='ltr' id='par_1_33' title="bbox 165 1572 995 1624">
     <span class='ocr_line' id='line_1_33' title="bbox 165 1572 995 1624; baseline 0.006 -26"><span class='ocrx_word' id='word_1_229' title='bbox 165 1573 236 1599; x_wconf 86' lang='lat' dir='ltr'><strong>duos</strong></span> <span class='ocrx_word' id='word_1_230' title='bbox 248 1572 338 1607; x_wconf 88' lang='lat' dir='ltr'><strong>pullos</strong></span> <span class='ocrx_word' id='word_1_231' title='bbox 348 1573 493 1605; x_wconf 62' lang='lat' dir='ltr'><strong>columbae,</strong></span> <span class='ocrx_word' id='word_1_232' title='bbox 510 1581 627 1608; x_wconf 87' lang='lat' dir='ltr'><strong>quorum</strong></span> <span class='ocrx_word' id='word_1_233' title='bbox 641 1575 676 1601; x_wconf 88' lang='lat' dir='ltr'><strong>sit</strong></span> <span class='ocrx_word' id='word_1_234' title='bbox 688 1582 759 1602; x_wconf 93' lang='lat' dir='ltr'><strong>unus</strong></span> <span class='ocrx_word' id='word_1_235' title='bbox 773 1583 822 1609; x_wconf 90' lang='lat' dir='ltr'><strong>pro</strong></span> <span class='ocrx_word' id='word_1_236' title='bbox 837 1581 958 1609; x_wconf 84' lang='lat' dir='ltr'><strong>peccato,</strong></span> <span class='ocrx_word' id='word_1_237' title='bbox 973 1595 995 1624; x_wconf 65' lang='grc' dir='ltr'><strong>ο</strong></span> 
     </span>
    </p>
   </div>
   <div class='ocr_carea' id='block_1_34' title="bbox 165 1619 960 1655">
    <p class='ocr_par' dir='ltr' id='par_1_34' title="bbox 165 1619 960 1655">
     <span class='ocr_line' id='line_1_34' title="bbox 165 1619 960 1655; baseline 0.005 -10"><span class='ocrx_word' id='word_1_238' title='bbox 165 1624 195 1645; x_wconf 86' lang='lat' dir='ltr'><strong>et</strong></span> <span class='ocrx_word' id='word_1_239' title='bbox 213 1619 283 1646; x_wconf 83' lang='lat' dir='ltr'><strong>alter</strong></span> <span class='ocrx_word' id='word_1_240' title='bbox 297 1619 325 1645; x_wconf 91' lang='lat' dir='ltr'><strong>in</strong></span> <span class='ocrx_word' id='word_1_241' title='bbox 348 1619 556 1652; x_wconf 80' lang='lat' dir='ltr'><strong>holocaustum,</strong></span> <span class='ocrx_word' id='word_1_242' title='bbox 583 1620 718 1655; x_wconf 84' lang='lat' dir='ltr'><strong>oﬁ&#39;crtque</strong></span> <span class='ocrx_word' id='word_1_243' title='bbox 739 1628 772 1648; x_wconf 89' lang='lat' dir='ltr'><strong>ea</strong></span> <span class='ocrx_word' id='word_1_244' title='bbox 795 1622 839 1649; x_wconf 91' lang='lat' dir='ltr'><strong>die</strong></span> <span class='ocrx_word' id='word_1_245' title='bbox 864 1627 960 1649; x_wconf 90' lang='lat' dir='ltr'><strong>octavo</strong></span> 
     </span>
    </p>
   </div>
   <div class='ocr_carea' id='block_1_35' title="bbox 167 1664 960 1699">
    <p class='ocr_par' dir='ltr' id='par_1_35' title="bbox 167 1664 960 1699">
     <span class='ocr_line' id='line_1_35' title="bbox 167 1664 960 1699; baseline 0.001 -8"><span class='ocrx_word' id='word_1_246' title='bbox 167 1664 369 1699; x_wconf 83' lang='lat' dir='ltr'><strong>puriﬁcationis</strong></span> <span class='ocrx_word' id='word_1_247' title='bbox 385 1672 441 1692; x_wconf 74' lang='lat' dir='ltr'><strong>suo:</strong></span> <span class='ocrx_word' id='word_1_248' title='bbox 455 1665 589 1692; x_wconf 82' lang='lat' dir='ltr'><strong>sacerdoti</strong></span> <span class='ocrx_word' id='word_1_249' title='bbox 614 1665 647 1692; x_wconf 88' lang='lat' dir='ltr'><strong>ad</strong></span> <span class='ocrx_word' id='word_1_250' title='bbox 664 1666 764 1692; x_wconf 85' lang='lat' dir='ltr'><strong>ostium</strong></span> <span class='ocrx_word' id='word_1_251' title='bbox 795 1666 960 1693; x_wconf 88' lang='lat' dir='ltr'><strong>tabernaculi</strong></span> 
     </span>
    </p>
   </div>
   <div class='ocr_carea' id='block_1_36' title="bbox 167 1711 961 1748">
    <p class='ocr_par' dir='ltr' id='par_1_36' title="bbox 167 1711 961 1748">
     <span class='ocr_line' id='line_1_36' title="bbox 167 1711 961 1748; baseline 0.003 -10"><span class='ocrx_word' id='word_1_252' title='bbox 167 1711 319 1740; x_wconf 75' lang='lat' dir='ltr'><strong>testimonii</strong></span> <span class='ocrx_word' id='word_1_253' title='bbox 329 1719 421 1738; x_wconf 91' lang='lat' dir='ltr'><strong>coratn</strong></span> <span class='ocrx_word' id='word_1_254' title='bbox 437 1711 559 1738; x_wconf 90' lang='lat' dir='ltr'><strong>Domino.</strong></span> <span class='ocrx_word' id='word_1_255' title='bbox 569 1711 621 1744; x_wconf 87' lang='lat' dir='ltr'><strong>Qui</strong></span> <span class='ocrx_word' id='word_1_256' title='bbox 635 1712 791 1747; x_wconf 89' lang='lat' dir='ltr'><strong>suscipiens</strong></span> <span class='ocrx_word' id='word_1_257' title='bbox 801 1720 900 1747; x_wconf 83' lang='lat' dir='ltr'><strong>agnum</strong></span> <span class='ocrx_word' id='word_1_258' title='bbox 911 1721 961 1748; x_wconf 91' lang='lat' dir='ltr'><strong>pro</strong></span> 
     </span>
    </p>
   </div>
   <div class='ocr_carea' id='block_1_37' title="bbox 165 1757 961 1791">
    <p class='ocr_par' dir='ltr' id='par_1_37' title="bbox 165 1757 961 1791">
     <span class='ocr_line' id='line_1_37' title="bbox 165 1757 961 1791; baseline 0.004 -8"><span class='ocrx_word' id='word_1_259' title='bbox 165 1757 286 1788; x_wconf 74' lang='lat' dir='ltr'><strong>delicto,</strong></span> <span class='ocrx_word' id='word_1_260' title='bbox 302 1763 330 1784; x_wconf 89' lang='lat' dir='ltr'><strong>et</strong></span> <span class='ocrx_word' id='word_1_261' title='bbox 344 1758 492 1785; x_wconf 83' lang='lat' dir='ltr'><strong>sextarium</strong></span> <span class='ocrx_word' id='word_1_262' title='bbox 513 1759 581 1788; x_wconf 81' lang='lat' dir='ltr'><strong>olei,</strong></span> <span class='ocrx_word' id='word_1_263' title='bbox 599 1759 699 1786; x_wconf 85' lang='lat' dir='ltr'><strong>levabit</strong></span> <span class='ocrx_word' id='word_1_264' title='bbox 715 1759 812 1791; x_wconf 90' lang='lat' dir='ltr'><strong>simul;</strong></span> <span class='ocrx_word' id='word_1_265' title='bbox 836 1759 961 1786; x_wconf 89' lang='lat' dir='ltr'><strong>immola-</strong></span> 
     </span>
    </p>
   </div>
   <div class='ocr_carea' id='block_1_38' title="bbox 168 1803 960 1838">
    <p class='ocr_par' dir='ltr' id='par_1_38' title="bbox 168 1803 960 1838">
     <span class='ocr_line' id='line_1_38' title="bbox 168 1803 960 1838; baseline 0.003 -9"><span class='ocrx_word' id='word_1_266' title='bbox 168 1807 251 1836; x_wconf 88' lang='lat' dir='ltr'><strong>toque</strong></span> <span class='ocrx_word' id='word_1_267' title='bbox 262 1810 342 1836; x_wconf 70' lang='lat' dir='ltr'><strong>agno.</strong></span> <span class='ocrx_word' id='word_1_268' title='bbox 354 1803 389 1832; x_wconf 84' lang='lat' dir='ltr'><strong>de</strong></span> <span class='ocrx_word' id='word_1_269' title='bbox 403 1803 535 1837; x_wconf 75' lang='lat' dir='ltr'><strong>sanguine</strong></span> <span class='ocrx_word' id='word_1_270' title='bbox 547 1804 606 1838; x_wconf 83' lang='lat' dir='ltr'><strong>ejus</strong></span> <span class='ocrx_word' id='word_1_271' title='bbox 621 1808 794 1838; x_wconf 90' lang='lat' dir='ltr'><strong>ponetsuper</strong></span> <span class='ocrx_word' id='word_1_272' title='bbox 809 1809 960 1831; x_wconf 84' lang='lat' dir='ltr'><strong>extremum</strong></span> 
     </span>
    </p>
   </div>
   <div class='ocr_carea' id='block_1_39' title="bbox 166 1847 962 1883">
    <p class='ocr_par' dir='ltr' id='par_1_39' title="bbox 166 1847 962 1883">
     <span class='ocr_line' id='line_1_39' title="bbox 166 1847 962 1883; baseline 0.001 -10"><span class='ocrx_word' id='word_1_273' title='bbox 166 1848 298 1875; x_wconf 72' lang='lat' dir='ltr'><strong>auriculae</strong></span> <span class='ocrx_word' id='word_1_274' title='bbox 311 1847 415 1875; x_wconf 77' lang='lat' dir='ltr'><strong>dextrze</strong></span> <span class='ocrx_word' id='word_1_275' title='bbox 441 1847 500 1882; x_wconf 80' lang='lat' dir='ltr'><strong>ejus</strong></span> <span class='ocrx_word' id='word_1_276' title='bbox 515 1848 560 1882; x_wconf 85' lang='lat' dir='ltr'><strong>qui</strong></span> <span class='ocrx_word' id='word_1_277' title='bbox 574 1848 751 1880; x_wconf 86' lang='lat' dir='ltr'><strong>emundatur,</strong></span> <span class='ocrx_word' id='word_1_278' title='bbox 767 1852 794 1875; x_wconf 88' lang='lat' dir='ltr'><strong>et</strong></span> <span class='ocrx_word' id='word_1_279' title='bbox 807 1855 889 1883; x_wconf 86' lang='lat' dir='ltr'><strong>super</strong></span> <span class='ocrx_word' id='word_1_280' title='bbox 904 1849 962 1882; x_wconf 79' lang='lat' dir='ltr'><strong>pol-</strong></span> 
     </span>
    </p>
   </div>
   <div class='ocr_carea' id='block_1_40' title="bbox 168 1894 960 1929">
    <p class='ocr_par' dir='ltr' id='par_1_40' title="bbox 168 1894 960 1929">
     <span class='ocr_line' id='line_1_40' title="bbox 168 1894 960 1929; baseline -0.003 -7"><span class='ocrx_word' id='word_1_281' title='bbox 168 1895 235 1922; x_wconf 84' lang='lat' dir='ltr'><strong>lices</strong></span> <span class='ocrx_word' id='word_1_282' title='bbox 252 1902 349 1922; x_wconf 86' lang='lat' dir='ltr'><strong>manus</strong></span> <span class='ocrx_word' id='word_1_283' title='bbox 361 1894 421 1928; x_wconf 89' lang='lat' dir='ltr'><strong>ejus</strong></span> <span class='ocrx_word' id='word_1_284' title='bbox 438 1902 470 1921; x_wconf 89' lang='lat' dir='ltr'><strong>ac</strong></span> <span class='ocrx_word' id='word_1_285' title='bbox 485 1894 562 1929; x_wconf 87' lang='lat' dir='ltr'><strong>pedis</strong></span> <span class='ocrx_word' id='word_1_286' title='bbox 575 1894 673 1921; x_wconf 53' lang='lat' dir='ltr'><strong>dextri.</strong></span> <span class='ocrx_word' id='word_1_287' title='bbox 690 1894 747 1921; x_wconf 87' lang='lat' dir='ltr'><strong>Oiei</strong></span> <span class='ocrx_word' id='word_1_288' title='bbox 763 1901 829 1921; x_wconf 84' lang='lat' dir='ltr'><strong>vero</strong></span> <span class='ocrx_word' id='word_1_289' title='bbox 856 1899 960 1928; x_wconf 87' lang='lat' dir='ltr'><strong>partetn</strong></span> 
     </span>
    </p>
   </div>
   <div class='ocr_carea' id='block_1_41' title="bbox 168 1940 961 1974">
    <p class='ocr_par' dir='ltr' id='par_1_41' title="bbox 168 1940 961 1974">
     <span class='ocr_line' id='line_1_41' title="bbox 168 1940 961 1974; baseline -0.001 -7"><span class='ocrx_word' id='word_1_290' title='bbox 168 1942 260 1969; x_wconf 84' lang='lat' dir='ltr'><strong>mittet</strong></span> <span class='ocrx_word' id='word_1_291' title='bbox 273 1941 298 1968; x_wconf 89' lang='lat' dir='ltr'><strong>in</strong></span> <span class='ocrx_word' id='word_1_292' title='bbox 315 1948 425 1968; x_wconf 89' lang='lat' dir='ltr'><strong>manum</strong></span> <span class='ocrx_word' id='word_1_293' title='bbox 442 1949 518 1968; x_wconf 84' lang='lat' dir='ltr'><strong>suam</strong></span> <span class='ocrx_word' id='word_1_294' title='bbox 533 1940 685 1972; x_wconf 83' lang='lat' dir='ltr'><strong>sinistram,</strong></span> <span class='ocrx_word' id='word_1_295' title='bbox 699 1940 726 1966; x_wconf 92' lang='lat' dir='ltr'><strong>in</strong></span> <span class='ocrx_word' id='word_1_296' title='bbox 740 1947 794 1974; x_wconf 89' lang='lat' dir='ltr'><strong>quo</strong></span> <span class='ocrx_word' id='word_1_297' title='bbox 823 1940 961 1974; x_wconf 83' lang='lat' dir='ltr'><strong>intiugens</strong></span> 
     </span>
    </p>
   </div>
   <div class='ocr_carea' id='block_1_42' title="bbox 167 1985 961 2021">
    <p class='ocr_par' dir='ltr' id='par_1_42' title="bbox 167 1985 961 2021">
     <span class='ocr_line' id='line_1_42' title="bbox 167 1985 961 2021; baseline -0.006 -6"><span class='ocrx_word' id='word_1_298' title='bbox 167 1986 284 2021; x_wconf 69' lang='lat' dir='ltr'><strong>digitum</strong></span> <span class='ocrx_word' id='word_1_299' title='bbox 315 1986 418 2013; x_wconf 70' lang='lat' dir='ltr'><strong>deum</strong></span> <span class='ocrx_word' id='word_1_300' title='bbox 446 1993 559 2018; x_wconf 84' lang='lat' dir='ltr'><strong>manus,</strong></span> <span class='ocrx_word' id='word_1_301' title='bbox 588 1989 716 2020; x_wconf 79' lang='lat' dir='ltr'><strong>aspergct</strong></span> <span class='ocrx_word' id='word_1_302' title='bbox 738 1985 840 2019; x_wconf 86' lang='lat' dir='ltr'><strong>septies</strong></span> <span class='ocrx_word' id='word_1_303' title='bbox 866 1988 961 2011; x_wconf 88' lang='lat' dir='ltr'><strong>contra</strong></span> 
     </span>
    </p>
   </div>
   <div class='ocr_carea' id='block_1_43' title="bbox 170 2026 962 2067">
    <p class='ocr_par' dir='ltr' id='par_1_43' title="bbox 170 2026 962 2067">
     <span class='ocr_line' id='line_1_43' title="bbox 170 2026 962 2067; baseline -0.003 -8"><span class='ocrx_word' id='word_1_304' title='bbox 170 2033 328 2062; x_wconf 76' lang='lat' dir='ltr'><strong>Dominum.</strong></span> <span class='ocrx_word' id='word_1_305' title='bbox 348 2031 506 2067; x_wconf 72' lang='lat' dir='ltr'><strong>Tangi-tque</strong></span> <span class='ocrx_word' id='word_1_306' title='bbox 535 2035 689 2060; x_wconf 58' lang='lat' dir='ltr'><strong>extremum</strong></span> <span class='ocrx_word' id='word_1_307' title='bbox 704 2031 806 2058; x_wconf 65' lang='lat' dir='ltr'><strong>dextrae</strong></span> <span class='ocrx_word' id='word_1_308' title='bbox 833 2026 962 2059; x_wconf 70' lang='lat' dir='ltr'><strong>auricula:</strong></span> 
     </span>
    </p>
   </div>
   <div class='ocr_carea' id='block_1_44' title="bbox 169 2076 962 2114">
    <p class='ocr_par' dir='ltr' id='par_1_44' title="bbox 169 2076 962 2114">
     <span class='ocr_line' id='line_1_44' title="bbox 169 2076 962 2114; baseline -0.004 -8"><span class='ocrx_word' id='word_1_309' title='bbox 169 2080 243 2106; x_wconf 76' lang='lat' dir='ltr'><strong>illius</strong></span> <span class='ocrx_word' id='word_1_310' title='bbox 265 2079 312 2114; x_wconf 85' lang='lat' dir='ltr'><strong>qui</strong></span> <span class='ocrx_word' id='word_1_311' title='bbox 329 2079 478 2107; x_wconf 85' lang='lat' dir='ltr'><strong>mundatur</strong></span> <span class='ocrx_word' id='word_1_312' title='bbox 506 2083 533 2105; x_wconf 93' lang='lat' dir='ltr'><strong>ct</strong></span> <span class='ocrx_word' id='word_1_313' title='bbox 559 2078 673 2113; x_wconf 86' lang='lat' dir='ltr'><strong>pollices</strong></span> <span class='ocrx_word' id='word_1_314' title='bbox 700 2084 809 2108; x_wconf 88' lang='lat' dir='ltr'><strong>manus,</strong></span> <span class='ocrx_word' id='word_1_315' title='bbox 825 2084 858 2104; x_wconf 88' lang='lat' dir='ltr'><strong>ac</strong></span> <span class='ocrx_word' id='word_1_316' title='bbox 885 2076 962 2111; x_wconf 88' lang='lat' dir='ltr'><strong>pedis</strong></span> 
     </span>
    </p>
   </div>
   <div class='ocr_carea' id='block_1_45' title="bbox 169 2121 960 2158">
    <p class='ocr_par' dir='ltr' id='par_1_45' title="bbox 169 2121 960 2158">
     <span class='ocr_line' id='line_1_45' title="bbox 169 2121 960 2158; baseline -0.005 -7"><span class='ocrx_word' id='word_1_317' title='bbox 169 2124 259 2152; x_wconf 61' lang='lat' dir='ltr'><strong>dextri</strong></span> <span class='ocrx_word' id='word_1_318' title='bbox 277 2124 305 2151; x_wconf 91' lang='lat' dir='ltr'><strong>in</strong></span> <span class='ocrx_word' id='word_1_319' title='bbox 321 2124 381 2151; x_wconf 89' lang='lat' dir='ltr'><strong>loco</strong></span> <span class='ocrx_word' id='word_1_320' title='bbox 392 2122 534 2158; x_wconf 81' lang='lat' dir='ltr'><strong>sanguinis</strong></span> <span class='ocrx_word' id='word_1_321' title='bbox 551 2123 597 2157; x_wconf 90' lang='lat' dir='ltr'><strong>qui</strong></span> <span class='ocrx_word' id='word_1_322' title='bbox 611 2122 716 2152; x_wconf 82' lang='lat' dir='ltr'><strong>elIusus</strong></span> <span class='ocrx_word' id='word_1_323' title='bbox 726 2127 767 2149; x_wconf 89' lang='lat' dir='ltr'><strong>est</strong></span> <span class='ocrx_word' id='word_1_324' title='bbox 782 2129 832 2156; x_wconf 90' lang='lat' dir='ltr'><strong>pro</strong></span> <span class='ocrx_word' id='word_1_325' title='bbox 852 2121 960 2148; x_wconf 89' lang='lat' dir='ltr'><strong>delicto.</strong></span> 
     </span>
    </p>
   </div>
   <div class='ocr_carea' id='block_1_46' title="bbox 168 2165 962 2204">
    <p class='ocr_par' dir='ltr' id='par_1_46' title="bbox 168 2165 962 2204">
     <span class='ocr_line' id='line_1_46' title="bbox 168 2165 962 2204; baseline -0.008 -7"><span class='ocrx_word' id='word_1_326' title='bbox 168 2169 314 2204; x_wconf 65' lang='lat' dir='ltr'><strong>Baliquam</strong></span> <span class='ocrx_word' id='word_1_327' title='bbox 328 2173 419 2196; x_wconf 84' lang='lat' dir='ltr'><strong>autem</strong></span> <span class='ocrx_word' id='word_1_328' title='bbox 444 2173 549 2203; x_wconf 86' lang='lat' dir='ltr'><strong>partem</strong></span> <span class='ocrx_word' id='word_1_329' title='bbox 565 2167 629 2199; x_wconf 86' lang='lat' dir='ltr'><strong>olei,</strong></span> <span class='ocrx_word' id='word_1_330' title='bbox 653 2174 713 2201; x_wconf 75' lang='lat' dir='ltr'><strong>quae</strong></span> <span class='ocrx_word' id='word_1_331' title='bbox 740 2166 826 2193; x_wconf 87' lang='lat' dir='ltr'><strong>estin</strong></span> <span class='ocrx_word' id='word_1_332' title='bbox 852 2165 962 2192; x_wconf 86' lang='lat' dir='ltr'><strong>sinistra</strong></span> 
     </span>
    </p>
   </div>
   <div class='ocr_carea' id='block_1_47' title="bbox 169 2211 963 2249">
    <p class='ocr_par' dir='ltr' id='par_1_47' title="bbox 169 2211 963 2249">
     <span class='ocr_line' id='line_1_47' title="bbox 169 2211 963 2249; baseline -0.006 -6"><span class='ocrx_word' id='word_1_333' title='bbox 169 2223 254 2244; x_wconf 88' lang='lat' dir='ltr'><strong>manu</strong></span> <span class='ocrx_word' id='word_1_334' title='bbox 272 2215 363 2242; x_wconf 86' lang='lat' dir='ltr'><strong>mittet</strong></span> <span class='ocrx_word' id='word_1_335' title='bbox 374 2222 458 2249; x_wconf 88' lang='lat' dir='ltr'><strong>super</strong></span> <span class='ocrx_word' id='word_1_336' title='bbox 482 2218 564 2248; x_wconf 90' lang='lat' dir='ltr'><strong>caput</strong></span> <span class='ocrx_word' id='word_1_337' title='bbox 584 2212 731 2248; x_wconf 90' lang='lat' dir='ltr'><strong>puriﬁcati,</strong></span> <span class='ocrx_word' id='word_1_338' title='bbox 757 2216 787 2239; x_wconf 94' lang='lat' dir='ltr'><strong>ut</strong></span> <span class='ocrx_word' id='word_1_339' title='bbox 801 2211 890 2247; x_wconf 86' lang='lat' dir='ltr'><strong>placet</strong></span> <span class='ocrx_word' id='word_1_340' title='bbox 913 2219 963 2246; x_wconf 91' lang='lat' dir='ltr'><strong>pro</strong></span> 
     </span>
    </p>
   </div>
   <div class='ocr_carea' id='block_1_48' title="bbox 1017 300 1806 338">
    <p class='ocr_par' dir='ltr' id='par_1_48' title="bbox 1017 300 1806 338">
     <span class='ocr_line' id='line_1_48' title="bbox 1017 300 1806 338; baseline 0.009 -12"><span class='ocrx_word' id='word_1_341' title='bbox 1017 300 1133 327; x_wconf 88' lang='lat' dir='ltr'><strong>deducat</strong></span> <span class='ocrx_word' id='word_1_342' title='bbox 1148 308 1211 328; x_wconf 89' lang='lat' dir='ltr'><strong>eum</strong></span> <span class='ocrx_word' id='word_1_343' title='bbox 1232 301 1278 336; x_wconf 85' lang='lat' dir='ltr'><strong>qui</strong></span> <span class='ocrx_word' id='word_1_344' title='bbox 1294 302 1351 329; x_wconf 90' lang='lat' dir='ltr'><strong>vult</strong></span> <span class='ocrx_word' id='word_1_345' title='bbox 1367 303 1470 338; x_wconf 76' lang='lat' dir='ltr'><strong>ingredi</strong></span> <span class='ocrx_word' id='word_1_346' title='bbox 1486 304 1519 331; x_wconf 90' lang='lat' dir='ltr'><strong>ad</strong></span> <span class='ocrx_word' id='word_1_347' title='bbox 1533 305 1675 333; x_wconf 85' lang='lat' dir='ltr'><strong>thesauros</strong></span> <span class='ocrx_word' id='word_1_348' title='bbox 1690 306 1806 334; x_wconf 89' lang='lat' dir='ltr'><strong>abscon-</strong></span> 
     </span>
    </p>
   </div>
   <div class='ocr_carea' id='block_1_49' title="bbox 1014 345 1807 377">
    <p class='ocr_par' dir='ltr' id='par_1_49' title="bbox 1014 345 1807 377">
     <span class='ocr_line' id='line_1_49' title="bbox 1014 345 1807 377; baseline 0.008 -6"><span class='ocrx_word' id='word_1_349' title='bbox 1014 345 1087 372; x_wconf 89' lang='lat' dir='ltr'><strong>ditos</strong></span> <span class='ocrx_word' id='word_1_350' title='bbox 1107 345 1240 373; x_wconf 69' lang='lat' dir='ltr'><strong>scientiae.</strong></span> <span class='ocrx_word' id='word_1_351' title='bbox 1255 346 1322 373; x_wconf 91' lang='lat' dir='ltr'><strong>Cum</strong></span> <span class='ocrx_word' id='word_1_352' title='bbox 1339 347 1433 375; x_wconf 89' lang='lat' dir='ltr'><strong>liceret</strong></span> <span class='ocrx_word' id='word_1_353' title='bbox 1443 349 1515 375; x_wconf 90' lang='lat' dir='ltr'><strong>enim</strong></span> <span class='ocrx_word' id='word_1_354' title='bbox 1529 349 1554 376; x_wconf 92' lang='lat' dir='ltr'><strong>ei</strong></span> <span class='ocrx_word' id='word_1_355' title='bbox 1571 354 1712 376; x_wconf 84' lang='lat' dir='ltr'><strong>coarctare</strong></span> <span class='ocrx_word' id='word_1_356' title='bbox 1722 350 1807 377; x_wconf 57' lang='lat' dir='ltr'><strong>sacri.</strong></span> 
     </span>
    </p>
   </div>
   <div class='ocr_carea' id='block_1_50' title="bbox 1013 390 1804 430">
    <p class='ocr_par' dir='ltr' id='par_1_50' title="bbox 1013 390 1804 430">
     <span class='ocr_line' id='line_1_50' title="bbox 1013 390 1804 430; baseline 0.005 -13"><span class='ocrx_word' id='word_1_357' title='bbox 1013 390 1138 418; x_wconf 72' lang='lat' dir='ltr'><strong>liciorum</strong></span> <span class='ocrx_word' id='word_1_358' title='bbox 1150 399 1307 423; x_wconf 86' lang='lat' dir='ltr'><strong>numerum,</strong></span> <span class='ocrx_word' id='word_1_359' title='bbox 1320 398 1433 428; x_wconf 89' lang='lat' dir='ltr'><strong>propter</strong></span> <span class='ocrx_word' id='word_1_360' title='bbox 1449 400 1637 430; x_wconf 88' lang='lat' dir='ltr'><strong>paupertatem</strong></span> <span class='ocrx_word' id='word_1_361' title='bbox 1652 396 1804 428; x_wconf 79' lang='lat' dir='ltr'><strong>oﬁ&#39;erentis,</strong></span> 
     </span>
    </p>
   </div>
   <div class='ocr_carea' id='block_1_51' title="bbox 1013 435 1804 476">
    <p class='ocr_par' dir='ltr' id='par_1_51' title="bbox 1013 435 1804 476">
     <span class='ocr_line' id='line_1_51' title="bbox 1013 435 1804 476; baseline 0.009 -15"><span class='ocrx_word' id='word_1_362' title='bbox 1013 435 1066 462; x_wconf 88' lang='lat' dir='ltr'><strong>hoc</strong></span> <span class='ocrx_word' id='word_1_363' title='bbox 1079 436 1218 469; x_wconf 62' lang='lat' dir='ltr'><strong>omitti-,ns,</strong></span> <span class='ocrx_word' id='word_1_364' title='bbox 1232 438 1294 464; x_wconf 88' lang='lat' dir='ltr'><strong>vilia</strong></span> <span class='ocrx_word' id='word_1_365' title='bbox 1309 439 1432 473; x_wconf 72' lang='lat' dir='ltr'><strong>quaedam</strong></span> <span class='ocrx_word' id='word_1_366' title='bbox 1446 441 1482 472; x_wconf 90' lang='lat' dir='ltr'><strong>ei,</strong></span> <span class='ocrx_word' id='word_1_367' title='bbox 1497 445 1524 467; x_wconf 91' lang='lat' dir='ltr'><strong>et</strong></span> <span class='ocrx_word' id='word_1_368' title='bbox 1542 449 1596 467; x_wconf 91' lang='lat' dir='ltr'><strong>non</strong></span> <span class='ocrx_word' id='word_1_369' title='bbox 1621 441 1710 476; x_wconf 79' lang='lat' dir='ltr'><strong>magni</strong></span> <span class='ocrx_word' id='word_1_370' title='bbox 1725 441 1804 476; x_wconf 90' lang='lat' dir='ltr'><strong>pretii</strong></span> 
     </span>
    </p>
   </div>
   <div class='ocr_carea' id='block_1_52' title="bbox 1013 482 1804 521">
    <p class='ocr_par' dir='ltr' id='par_1_52' title="bbox 1013 482 1804 521">
     <span class='ocr_line' id='line_1_52' title="bbox 1013 482 1804 521; baseline 0.006 -13"><span class='ocrx_word' id='word_1_371' title='bbox 1013 482 1142 515; x_wconf 86' lang='lat' dir='ltr'><strong>exquirit,</strong></span> <span class='ocrx_word' id='word_1_372' title='bbox 1155 484 1227 517; x_wconf 86' lang='lat' dir='ltr'><strong>quod</strong></span> <span class='ocrx_word' id='word_1_373' title='bbox 1237 483 1364 511; x_wconf 89' lang='lat' dir='ltr'><strong>facittam</strong></span> <span class='ocrx_word' id='word_1_374' title='bbox 1380 486 1532 520; x_wconf 80' lang='lat' dir='ltr'><strong>paupertati</strong></span> <span class='ocrx_word' id='word_1_375' title='bbox 1552 486 1695 521; x_wconf 76' lang='lat' dir='ltr'><strong>ignosrens</strong></span> <span class='ocrx_word' id='word_1_376' title='bbox 1722 494 1804 521; x_wconf 90' lang='lat' dir='ltr'><strong>quam</strong></span> 
     </span>
    </p>
   </div>
   <div class='ocr_carea' id='block_1_53' title="bbox 1012 527 1803 567">
    <p class='ocr_par' dir='ltr' id='par_1_53' title="bbox 1012 527 1803 567">
     <span class='ocr_line' id='line_1_53' title="bbox 1012 527 1803 567; baseline 0.008 -14"><span class='ocrx_word' id='word_1_377' title='bbox 1012 527 1094 554; x_wconf 88' lang='lat' dir='ltr'><strong>etiam</strong></span> <span class='ocrx_word' id='word_1_378' title='bbox 1111 527 1187 555; x_wconf 92' lang='lat' dir='ltr'><strong>lucro</strong></span> <span class='ocrx_word' id='word_1_379' title='bbox 1203 529 1411 563; x_wconf 88' lang='lat' dir='ltr'><strong>sacriﬁciorum,</strong></span> <span class='ocrx_word' id='word_1_380' title='bbox 1433 531 1528 558; x_wconf 87' lang='lat' dir='ltr'><strong>volens</strong></span> <span class='ocrx_word' id='word_1_381' title='bbox 1552 533 1597 558; x_wconf 89' lang='lat' dir='ltr'><strong>dat</strong></span> <span class='ocrx_word' id='word_1_382' title='bbox 1611 532 1762 567; x_wconf 80' lang='lat' dir='ltr'><strong>intelligere</strong></span> <span class='ocrx_word' id='word_1_383' title='bbox 1788 540 1803 558; x_wconf 88' lang='lat' dir='ltr'><strong>a</strong></span> 
     </span>
    </p>
   </div>
   <div class='ocr_carea' id='block_1_54' title="bbox 1012 571 1804 611">
    <p class='ocr_par' dir='ltr' id='par_1_54' title="bbox 1012 571 1804 611">
     <span class='ocr_line' id='line_1_54' title="bbox 1012 571 1804 611; baseline 0.008 -14"><span class='ocrx_word' id='word_1_384' title='bbox 1012 578 1064 604; x_wconf 90' lang='lat' dir='ltr'><strong>qua</strong></span> <span class='ocrx_word' id='word_1_385' title='bbox 1079 571 1153 606; x_wconf 90' lang='lat' dir='ltr'><strong>lepra</strong></span> <span class='ocrx_word' id='word_1_386' title='bbox 1168 573 1298 600; x_wconf 86' lang='lat' dir='ltr'><strong>malitiam</strong></span> <span class='ocrx_word' id='word_1_387' title='bbox 1309 574 1458 609; x_wconf 80' lang='lat' dir='ltr'><strong>signiﬁcat,</strong></span> <span class='ocrx_word' id='word_1_388' title='bbox 1479 575 1580 603; x_wconf 92' lang='lat' dir='ltr'><strong>deinde</strong></span> <span class='ocrx_word' id='word_1_389' title='bbox 1598 576 1681 611; x_wconf 87' lang='lat' dir='ltr'><strong>hujus</strong></span> <span class='ocrx_word' id='word_1_390' title='bbox 1708 584 1804 603; x_wconf 87' lang='lat' dir='ltr'><strong>emun-</strong></span> 
     </span>
    </p>
   </div>
   <div class='ocr_carea' id='block_1_55' title="bbox 1012 618 1803 656">
    <p class='ocr_par' dir='ltr' id='par_1_55' title="bbox 1012 618 1803 656">
     <span class='ocr_line' id='line_1_55' title="bbox 1012 618 1803 656; baseline 0.004 -12"><span class='ocrx_word' id='word_1_391' title='bbox 1012 618 1085 644; x_wconf 86' lang='lat' dir='ltr'><strong>datio</strong></span> <span class='ocrx_word' id='word_1_392' title='bbox 1097 623 1139 646; x_wconf 89' lang='lat' dir='ltr'><strong>est</strong></span> <span class='ocrx_word' id='word_1_393' title='bbox 1155 619 1326 653; x_wconf 67' lang='lat' dir='ltr'><strong>pwnitentia.</strong></span> <span class='ocrx_word' id='word_1_394' title='bbox 1344 619 1407 647; x_wconf 63' lang='lat' dir='ltr'><strong>llaec</strong></span> <span class='ocrx_word' id='word_1_395' title='bbox 1428 625 1520 647; x_wconf 87' lang='lat' dir='ltr'><strong>autem</strong></span> <span class='ocrx_word' id='word_1_396' title='bbox 1542 629 1624 656; x_wconf 90' lang='lat' dir='ltr'><strong>opera</strong></span> <span class='ocrx_word' id='word_1_397' title='bbox 1649 621 1803 648; x_wconf 87' lang='lat' dir='ltr'><strong>necessaria</strong></span> 
     </span>
    </p>
   </div>
   <div class='ocr_carea' id='block_1_56' title="bbox 1013 667 1805 702">
    <p class='ocr_par' dir='ltr' id='par_1_56' title="bbox 1013 667 1805 702">
     <span class='ocr_line' id='line_1_56' title="bbox 1013 667 1805 702; baseline 0.005 -9"><span class='ocrx_word' id='word_1_398' title='bbox 1013 667 1102 699; x_wconf 85' lang='lat' dir='ltr'><strong>balet,</strong></span> <span class='ocrx_word' id='word_1_399' title='bbox 1133 675 1193 702; x_wconf 65' lang='lat' dir='ltr'><strong>quae</strong></span> <span class='ocrx_word' id='word_1_400' title='bbox 1216 668 1364 695; x_wconf 88' lang='lat' dir='ltr'><strong>virtutibus</strong></span> <span class='ocrx_word' id='word_1_401' title='bbox 1390 673 1418 695; x_wconf 89' lang='lat' dir='ltr'><strong>et</strong></span> <span class='ocrx_word' id='word_1_402' title='bbox 1445 669 1562 696; x_wconf 84' lang='lat' dir='ltr'><strong>actionis</strong></span> <span class='ocrx_word' id='word_1_403' title='bbox 1585 669 1675 697; x_wconf 90' lang='lat' dir='ltr'><strong>studio</strong></span> <span class='ocrx_word' id='word_1_404' title='bbox 1698 670 1805 698; x_wconf 88' lang='lat' dir='ltr'><strong>valeant</strong></span> 
     </span>
    </p>
   </div>
   <div class='ocr_carea' id='block_1_57' title="bbox 1011 711 1804 748">
    <p class='ocr_par' dir='ltr' id='par_1_57' title="bbox 1011 711 1804 748">
     <span class='ocr_line' id='line_1_57' title="bbox 1011 711 1804 748; baseline 0.004 -10"><span class='ocrx_word' id='word_1_405' title='bbox 1011 711 1103 738; x_wconf 85' lang='lat' dir='ltr'><strong>delere</strong></span> <span class='ocrx_word' id='word_1_406' title='bbox 1131 716 1262 746; x_wconf 87' lang='lat' dir='ltr'><strong>peccata,</strong></span> <span class='ocrx_word' id='word_1_407' title='bbox 1290 717 1404 747; x_wconf 87' lang='lat' dir='ltr'><strong>propter</strong></span> <span class='ocrx_word' id='word_1_408' title='bbox 1431 713 1502 747; x_wconf 89' lang='lat' dir='ltr'><strong>quod</strong></span> <span class='ocrx_word' id='word_1_409' title='bbox 1536 713 1656 740; x_wconf 85' lang='lat' dir='ltr'><strong>Joannes</strong></span> <span class='ocrx_word' id='word_1_410' title='bbox 1684 713 1804 748; x_wconf 89' lang='lat' dir='ltr'><strong>Baptista</strong></span> 
     </span>
    </p>
   </div>
   <div class='ocr_carea' id='block_1_58' title="bbox 1011 757 1804 794">
    <p class='ocr_par' dir='ltr' id='par_1_58' title="bbox 1011 757 1804 794">
     <span class='ocr_line' id='line_1_58' title="bbox 1011 757 1804 794; baseline 0.005 -11"><span class='ocrx_word' id='word_1_411' title='bbox 1011 757 1112 792; x_wconf 90' lang='lat' dir='ltr'><strong>populo</strong></span> <span class='ocrx_word' id='word_1_412' title='bbox 1124 757 1293 785; x_wconf 68' lang='lat' dir='ltr'><strong>Iudaeorum.</strong></span> <span class='ocrx_word' id='word_1_413' title='bbox 1304 758 1430 786; x_wconf 87' lang='lat' dir='ltr'><strong>dicebat:</strong></span> <span class='ocrx_word' id='word_1_414' title='bbox 1451 758 1542 786; x_wconf 81' lang='lat' dir='ltr'><strong>Facite</strong></span> <span class='ocrx_word' id='word_1_415' title='bbox 1563 759 1678 794; x_wconf 79' lang='lat' dir='ltr'><strong>fructum</strong></span> <span class='ocrx_word' id='word_1_416' title='bbox 1695 761 1804 794; x_wconf 81' lang='lat' dir='ltr'><strong>dignum</strong></span> 
     </span>
    </p>
   </div>
   <div class='ocr_carea' id='block_1_59' title="bbox 1011 802 1804 836">
    <p class='ocr_par' dir='ltr' id='par_1_59' title="bbox 1011 802 1804 836">
     <span class='ocr_line' id='line_1_59' title="bbox 1011 802 1804 836; baseline 0.004 -8"><span class='ocrx_word' id='word_1_417' title='bbox 1011 802 1217 835; x_wconf 63' lang='lat' dir='ltr'><strong>poenitentia&quot;.</strong></span> <span class='ocrx_word' id='word_1_418' title='bbox 1249 802 1439 830; x_wconf 90' lang='lat' dir='ltr'><strong>Consideravit</strong></span> <span class='ocrx_word' id='word_1_419' title='bbox 1475 803 1566 836; x_wconf 86' lang='lat' dir='ltr'><strong>enim,</strong></span> <span class='ocrx_word' id='word_1_420' title='bbox 1591 804 1662 831; x_wconf 87' lang='lat' dir='ltr'><strong>sicut</strong></span> <span class='ocrx_word' id='word_1_421' title='bbox 1695 804 1804 832; x_wconf 85' lang='lat' dir='ltr'><strong>subtilis</strong></span> 
     </span>
    </p>
   </div>
   <div class='ocr_carea' id='block_1_60' title="bbox 1011 848 1804 884">
    <p class='ocr_par' dir='ltr' id='par_1_60' title="bbox 1011 848 1804 884">
     <span class='ocr_line' id='line_1_60' title="bbox 1011 848 1804 884; baseline 0.001 -9"><span class='ocrx_word' id='word_1_422' title='bbox 1011 848 1158 883; x_wconf 82' lang='lat' dir='ltr'><strong>lcgislator,</strong></span> <span class='ocrx_word' id='word_1_423' title='bbox 1171 855 1219 876; x_wconf 86' lang='lat' dir='ltr'><strong>eos</strong></span> <span class='ocrx_word' id='word_1_424' title='bbox 1236 848 1282 883; x_wconf 90' lang='lat' dir='ltr'><strong>qui</strong></span> <span class='ocrx_word' id='word_1_425' title='bbox 1294 857 1350 876; x_wconf 91' lang='lat' dir='ltr'><strong>non</strong></span> <span class='ocrx_word' id='word_1_426' title='bbox 1359 849 1450 876; x_wconf 87' lang='lat' dir='ltr'><strong>omnia</strong></span> <span class='ocrx_word' id='word_1_427' title='bbox 1465 849 1582 884; x_wconf 86' lang='lat' dir='ltr'><strong>possint,</strong></span> <span class='ocrx_word' id='word_1_428' title='bbox 1593 857 1653 884; x_wconf 75' lang='lat' dir='ltr'><strong>quae</strong></span> <span class='ocrx_word' id='word_1_429' title='bbox 1666 849 1804 884; x_wconf 84' lang='lat' dir='ltr'><strong>pertinent</strong></span> 
     </span>
    </p>
   </div>
   <div class='ocr_carea' id='block_1_61' title="bbox 1011 894 1804 930">
    <p class='ocr_par' dir='ltr' id='par_1_61' title="bbox 1011 894 1804 930">
     <span class='ocr_line' id='line_1_61' title="bbox 1011 894 1804 930; baseline 0.001 -9"><span class='ocrx_word' id='word_1_430' title='bbox 1011 895 1044 921; x_wconf 90' lang='lat' dir='ltr'><strong>ad</strong></span> <span class='ocrx_word' id='word_1_431' title='bbox 1060 895 1211 922; x_wconf 86' lang='lat' dir='ltr'><strong>districtam</strong></span> <span class='ocrx_word' id='word_1_432' title='bbox 1227 894 1360 921; x_wconf 89' lang='lat' dir='ltr'><strong>rationem</strong></span> <span class='ocrx_word' id='word_1_433' title='bbox 1376 894 1546 929; x_wconf 68' lang='lat' dir='ltr'><strong>paenitentia:</strong></span> <span class='ocrx_word' id='word_1_434' title='bbox 1569 895 1711 927; x_wconf 76' lang='lat' dir='ltr'><strong>exhibere,</strong></span> <span class='ocrx_word' id='word_1_435' title='bbox 1735 902 1804 930; x_wconf 83' lang='lat' dir='ltr'><strong>opus</strong></span> 
     </span>
    </p>
   </div>
   <div class='ocr_carea' id='block_1_62' title="bbox 1011 938 1800 974">
    <p class='ocr_par' dir='ltr' id='par_1_62' title="bbox 1011 938 1800 974">
     <span class='ocr_line' id='line_1_62' title="bbox 1011 938 1800 974; baseline 0 -8"><span class='ocrx_word' id='word_1_436' title='bbox 1011 939 1085 966; x_wconf 93' lang='lat' dir='ltr'><strong>enim</strong></span> <span class='ocrx_word' id='word_1_437' title='bbox 1098 940 1181 966; x_wconf 87' lang='lat' dir='ltr'><strong>habet</strong></span> <span class='ocrx_word' id='word_1_438' title='bbox 1196 939 1359 974; x_wconf 67' lang='lat' dir='ltr'><strong>paenitentia</strong></span> <span class='ocrx_word' id='word_1_439' title='bbox 1379 939 1531 966; x_wconf 90' lang='lat' dir='ltr'><strong>orationem</strong></span> <span class='ocrx_word' id='word_1_440' title='bbox 1558 938 1702 970; x_wconf 86' lang='lat' dir='ltr'><strong>intentam,</strong></span> <span class='ocrx_word' id='word_1_441' title='bbox 1729 939 1800 966; x_wconf 81' lang='lat' dir='ltr'><strong>elec-</strong></span> 
     </span>
    </p>
   </div>
   <div class='ocr_carea' id='block_1_63' title="bbox 1011 983 1803 1020">
    <p class='ocr_par' dir='ltr' id='par_1_63' title="bbox 1011 983 1803 1020">
     <span class='ocr_line' id='line_1_63' title="bbox 1011 983 1803 1020; baseline -0.003 -8"><span class='ocrx_word' id='word_1_442' title='bbox 1011 992 1160 1020; x_wconf 76' lang='lat' dir='ltr'><strong>mosynatn,</strong></span> <span class='ocrx_word' id='word_1_443' title='bbox 1189 985 1305 1019; x_wconf 73' lang='lat' dir='ltr'><strong>vigilias,</strong></span> <span class='ocrx_word' id='word_1_444' title='bbox 1340 991 1460 1017; x_wconf 86' lang='lat' dir='ltr'><strong>saccum,</strong></span> <span class='ocrx_word' id='word_1_445' title='bbox 1485 983 1639 1018; x_wconf 87' lang='lat' dir='ltr'><strong>jejunium;</strong></span> <span class='ocrx_word' id='word_1_446' title='bbox 1665 987 1803 1018; x_wconf 89' lang='lat' dir='ltr'><strong>postremo</strong></span> 
     </span>
    </p>
   </div>
   <div class='ocr_carea' id='block_1_64' title="bbox 1010 1029 1803 1065">
    <p class='ocr_par' dir='ltr' id='par_1_64' title="bbox 1010 1029 1803 1065">
     <span class='ocr_line' id='line_1_64' title="bbox 1010 1029 1803 1065; baseline -0.003 -7"><span class='ocrx_word' id='word_1_447' title='bbox 1010 1032 1090 1059; x_wconf 84' lang='lat' dir='ltr'><strong>etiam</strong></span> <span class='ocrx_word' id='word_1_448' title='bbox 1110 1031 1153 1058; x_wconf 90' lang='lat' dir='ltr'><strong>illa</strong></span> <span class='ocrx_word' id='word_1_449' title='bbox 1179 1039 1238 1065; x_wconf 54' lang='lat' dir='ltr'><strong>quae</strong></span> <span class='ocrx_word' id='word_1_450' title='bbox 1263 1031 1346 1058; x_wconf 81' lang='lat' dir='ltr'><strong>David</strong></span> <span class='ocrx_word' id='word_1_451' title='bbox 1366 1031 1452 1058; x_wconf 90' lang='lat' dir='ltr'><strong>dicit:</strong></span> <span class='ocrx_word' id='word_1_452' title='bbox 1478 1030 1568 1056; x_wconf 64' lang='lat' dir='ltr'><strong>Factis</strong></span> <span class='ocrx_word' id='word_1_453' title='bbox 1585 1033 1646 1056; x_wconf 72' lang='lat' dir='ltr'><strong>sunt</strong></span> <span class='ocrx_word' id='word_1_454' title='bbox 1673 1029 1738 1055; x_wconf 81' lang='lat' dir='ltr'><strong>nti/ti</strong></span> <span class='ocrx_word' id='word_1_455' title='bbox 1761 1029 1803 1056; x_wconf 81' lang='lat' dir='ltr'><strong>la-</strong></span> 
     </span>
    </p>
   </div>
   <div class='ocr_carea' id='block_1_65' title="bbox 1009 1074 1804 1112">
    <p class='ocr_par' dir='ltr' id='par_1_65' title="bbox 1009 1074 1804 1112">
     <span class='ocr_line' id='line_1_65' title="bbox 1009 1074 1804 1112; baseline -0.005 -8"><span class='ocrx_word' id='word_1_456' title='bbox 1009 1085 1104 1112; x_wconf 73' lang='lat' dir='ltr'><strong>crymaz</strong></span> <span class='ocrx_word' id='word_1_457' title='bbox 1120 1085 1182 1104; x_wconf 71' lang='lat' dir='ltr'><strong>mete</strong></span> <span class='ocrx_word' id='word_1_458' title='bbox 1200 1085 1280 1111; x_wconf 80' lang='lat' dir='ltr'><strong>partes</strong></span> <span class='ocrx_word' id='word_1_459' title='bbox 1298 1077 1341 1103; x_wconf 74' lang='lat' dir='ltr'><strong>die</strong></span> <span class='ocrx_word' id='word_1_460' title='bbox 1363 1084 1395 1103; x_wconf 89' lang='lat' dir='ltr'><strong>ac</strong></span> <span class='ocrx_word' id='word_1_461' title='bbox 1413 1079 1486 1102; x_wconf 82' lang='lat' dir='ltr'><strong>nocte</strong></span> <span class='ocrx_word' id='word_1_462' title='bbox 1495 1074 1518 1091; x_wconf 74' lang='grc'><strong>⁸⁸</strong></span> <span class='ocrx_word' id='word_1_463' title='bbox 1529 1095 1537 1102; x_wconf 90' lang='grc'><strong><em>.</em></strong></span> <span class='ocrx_word' id='word_1_464' title='bbox 1554 1075 1608 1102; x_wconf 87' lang='lat' dir='ltr'><strong>Et:</strong></span> <span class='ocrx_word' id='word_1_465' title='bbox 1626 1074 1731 1101; x_wconf 82' lang='lat' dir='ltr'><strong>Lavabo</strong></span> <span class='ocrx_word' id='word_1_466' title='bbox 1757 1082 1804 1108; x_wconf 87' lang='lat' dir='ltr'><strong>per</strong></span> 
     </span>
    </p>
   </div>
   <div class='ocr_carea' id='block_1_66' title="bbox 1008 1121 1802 1159">
    <p class='ocr_par' dir='ltr' id='par_1_66' title="bbox 1008 1121 1802 1159">
     <span class='ocr_line' id='line_1_66' title="bbox 1008 1121 1802 1159; baseline -0.005 -9"><span class='ocrx_word' id='word_1_467' title='bbox 1008 1123 1126 1159; x_wconf 66' lang='lat' dir='ltr'><strong>singulos</strong></span> <span class='ocrx_word' id='word_1_468' title='bbox 1135 1127 1219 1149; x_wconf 77' lang='lat' dir='ltr'><strong>noctes</strong></span> <span class='ocrx_word' id='word_1_469' title='bbox 1233 1122 1329 1149; x_wconf 81' lang='lat' dir='ltr'><strong>lectum</strong></span> <span class='ocrx_word' id='word_1_470' title='bbox 1340 1130 1447 1153; x_wconf 84' lang='lat' dir='ltr'><strong>meum;</strong></span> <span class='ocrx_word' id='word_1_471' title='bbox 1458 1121 1582 1156; x_wconf 79' lang='lat' dir='ltr'><strong>lacrymt‘s</strong></span> <span class='ocrx_word' id='word_1_472' title='bbox 1590 1125 1703 1147; x_wconf 74' lang='lat' dir='ltr'><strong>stratum</strong></span> <span class='ocrx_word' id='word_1_473' title='bbox 1716 1128 1802 1146; x_wconf 88' lang='lat' dir='ltr'><strong>meum</strong></span> 
     </span>
    </p>
   </div>
   <div class='ocr_carea' id='block_1_67' title="bbox 1009 1166 1796 1205">
    <p class='ocr_par' dir='ltr' id='par_1_67' title="bbox 1009 1166 1796 1205">
     <span class='ocr_line' id='line_1_67' title="bbox 1009 1166 1796 1205; baseline -0.006 -9"><span class='ocrx_word' id='word_1_474' title='bbox 1009 1169 1149 1205; x_wconf 75' lang='lat' dir='ltr'><strong>t‘igabo“.</strong></span> <span class='ocrx_word' id='word_1_475' title='bbox 1167 1169 1220 1195; x_wconf 86' lang='lat' dir='ltr'><strong>Sed</strong></span> <span class='ocrx_word' id='word_1_476' title='bbox 1237 1172 1279 1195; x_wconf 85' lang='lat' dir='ltr'><strong>ct:</strong></span> <span class='ocrx_word' id='word_1_477' title='bbox 1301 1167 1422 1195; x_wconf 78' lang='lat' dir='ltr'><strong>Cinct‘em</strong></span> <span class='ocrx_word' id='word_1_478' title='bbox 1446 1167 1514 1194; x_wconf 79' lang='lat' dir='ltr'><strong>sicut</strong></span> <span class='ocrx_word' id='word_1_479' title='bbox 1529 1174 1625 1200; x_wconf 77' lang='lat' dir='ltr'><strong>partem</strong></span> <span class='ocrx_word' id='word_1_480' title='bbox 1653 1166 1796 1192; x_wconf 80' lang='lat' dir='ltr'><strong>manduca-</strong></span> 
     </span>
    </p>
   </div>
   <div class='ocr_carea' id='block_1_68' title="bbox 1010 1210 1803 1248">
    <p class='ocr_par' dir='ltr' id='par_1_68' title="bbox 1010 1210 1803 1248">
     <span class='ocr_line' id='line_1_68' title="bbox 1010 1210 1803 1248; baseline -0.005 -7"><span class='ocrx_word' id='word_1_481' title='bbox 1010 1214 1080 1243; x_wconf 87' lang='lat' dir='ltr'><strong>bam.</strong></span> <span class='ocrx_word' id='word_1_482' title='bbox 1104 1218 1128 1241; x_wconf 85' lang='lat' dir='ltr'><strong>el</strong></span> <span class='ocrx_word' id='word_1_483' title='bbox 1142 1219 1232 1248; x_wconf 84' lang='lat' dir='ltr'><strong>potum</strong></span> <span class='ocrx_word' id='word_1_484' title='bbox 1245 1222 1330 1240; x_wconf 80' lang='lat' dir='ltr'><strong>meum</strong></span> <span class='ocrx_word' id='word_1_485' title='bbox 1354 1221 1412 1240; x_wconf 81' lang='lat' dir='ltr'><strong>cum</strong></span> <span class='ocrx_word' id='word_1_486' title='bbox 1426 1213 1489 1247; x_wconf 80' lang='lat' dir='ltr'><strong>ﬂetu</strong></span> <span class='ocrx_word' id='word_1_487' title='bbox 1514 1211 1703 1238; x_wconf 77' lang='lat' dir='ltr'><strong>miscebam”.</strong></span> <span class='ocrx_word' id='word_1_488' title='bbox 1733 1210 1803 1238; x_wconf 90' lang='lat' dir='ltr'><strong>Sunt</strong></span> 
     </span>
    </p>
   </div>
   <div class='ocr_carea' id='block_1_69' title="bbox 1010 1258 1802 1295">
    <p class='ocr_par' dir='ltr' id='par_1_69' title="bbox 1010 1258 1802 1295">
     <span class='ocr_line' id='line_1_69' title="bbox 1010 1258 1802 1295; baseline -0.006 -7"><span class='ocrx_word' id='word_1_489' title='bbox 1010 1261 1109 1288; x_wconf 89' lang='lat' dir='ltr'><strong>etenim</strong></span> <span class='ocrx_word' id='word_1_490' title='bbox 1124 1260 1170 1295; x_wconf 88' lang='lat' dir='ltr'><strong>qui</strong></span> <span class='ocrx_word' id='word_1_491' title='bbox 1191 1260 1250 1287; x_wconf 68' lang='lat' dir='ltr'><strong>haec</strong></span> <span class='ocrx_word' id='word_1_492' title='bbox 1278 1258 1369 1287; x_wconf 89' lang='lat' dir='ltr'><strong>omnia</strong></span> <span class='ocrx_word' id='word_1_493' title='bbox 1396 1258 1508 1285; x_wconf 81' lang='lat' dir='ltr'><strong>forsitan</strong></span> <span class='ocrx_word' id='word_1_494' title='bbox 1537 1261 1649 1292; x_wconf 87' lang='lat' dir='ltr'><strong>propter</strong></span> <span class='ocrx_word' id='word_1_495' title='bbox 1675 1261 1802 1283; x_wconf 80' lang='lat' dir='ltr'><strong>senectu-</strong></span> 
     </span>
    </p>
   </div>
   <div class='ocr_carea' id='block_1_70' title="bbox 1010 1303 1802 1341">
    <p class='ocr_par' dir='ltr' id='par_1_70' title="bbox 1010 1303 1802 1341">
     <span class='ocr_line' id='line_1_70' title="bbox 1010 1303 1802 1341; baseline -0.008 -7"><span class='ocrx_word' id='word_1_496' title='bbox 1010 1311 1075 1338; x_wconf 89' lang='lat' dir='ltr'><strong>tem,</strong></span> <span class='ocrx_word' id='word_1_497' title='bbox 1088 1310 1135 1334; x_wconf 88' lang='lat' dir='ltr'><strong>aut</strong></span> <span class='ocrx_word' id='word_1_498' title='bbox 1155 1310 1266 1341; x_wconf 90' lang='lat' dir='ltr'><strong>propter</strong></span> <span class='ocrx_word' id='word_1_499' title='bbox 1282 1305 1395 1332; x_wconf 83' lang='lat' dir='ltr'><strong>nimiam</strong></span> <span class='ocrx_word' id='word_1_500' title='bbox 1410 1303 1533 1339; x_wconf 90' lang='lat' dir='ltr'><strong>corporis</strong></span> <span class='ocrx_word' id='word_1_501' title='bbox 1551 1303 1748 1335; x_wconf 88' lang='lat' dir='ltr'><strong>inﬁrmitatem,</strong></span> <span class='ocrx_word' id='word_1_502' title='bbox 1760 1303 1802 1329; x_wconf 87' lang='lat' dir='ltr'><strong>vel</strong></span> 
     </span>
    </p>
   </div>
   <div class='ocr_carea' id='block_1_71' title="bbox 1010 1348 1804 1385">
    <p class='ocr_par' dir='ltr' id='par_1_71' title="bbox 1010 1348 1804 1385">
     <span class='ocr_line' id='line_1_71' title="bbox 1010 1348 1804 1385; baseline -0.006 -6"><span class='ocrx_word' id='word_1_503' title='bbox 1010 1353 1087 1379; x_wconf 88' lang='lat' dir='ltr'><strong>aliam</strong></span> <span class='ocrx_word' id='word_1_504' title='bbox 1103 1352 1305 1382; x_wconf 86' lang='lat' dir='ltr'><strong>necessitatem,</strong></span> <span class='ocrx_word' id='word_1_505' title='bbox 1320 1358 1400 1385; x_wconf 80' lang='lat' dir='ltr'><strong>agere</strong></span> <span class='ocrx_word' id='word_1_506' title='bbox 1416 1357 1471 1377; x_wconf 92' lang='lat' dir='ltr'><strong>non</strong></span> <span class='ocrx_word' id='word_1_507' title='bbox 1486 1353 1613 1384; x_wconf 88' lang='lat' dir='ltr'><strong>possunt,</strong></span> <span class='ocrx_word' id='word_1_508' title='bbox 1627 1349 1697 1376; x_wconf 91' lang='lat' dir='ltr'><strong>sicut</strong></span> <span class='ocrx_word' id='word_1_509' title='bbox 1711 1349 1738 1375; x_wconf 92' lang='lat' dir='ltr'><strong>in</strong></span> <span class='ocrx_word' id='word_1_510' title='bbox 1750 1348 1804 1375; x_wconf 91' lang='lat' dir='ltr'><strong>alio</strong></span> 
     </span>
    </p>
   </div>
   <div class='ocr_carea' id='block_1_72' title="bbox 1009 1392 1804 1433">
    <p class='ocr_par' dir='ltr' id='par_1_72' title="bbox 1009 1392 1804 1433">
     <span class='ocr_line' id='line_1_72' title="bbox 1009 1392 1804 1433; baseline -0.008 -9"><span class='ocrx_word' id='word_1_511' title='bbox 1009 1398 1120 1433; x_wconf 86' lang='lat' dir='ltr'><strong>negotio</strong></span> <span class='ocrx_word' id='word_1_512' title='bbox 1136 1396 1281 1431; x_wconf 82' lang='lat' dir='ltr'><strong>praesentis</strong></span> <span class='ocrx_word' id='word_1_513' title='bbox 1296 1395 1356 1422; x_wconf 80' lang='lat' dir='ltr'><strong>liliri</strong></span> <span class='ocrx_word' id='word_1_514' title='bbox 1370 1394 1540 1429; x_wconf 86' lang='lat' dir='ltr'><strong>interpretati</strong></span> <span class='ocrx_word' id='word_1_515' title='bbox 1557 1401 1669 1420; x_wconf 85' lang='lat' dir='ltr'><strong>sumus:</strong></span> <span class='ocrx_word' id='word_1_516' title='bbox 1689 1392 1804 1428; x_wconf 76' lang='lat' dir='ltr'><strong>ignoscit</strong></span> 
     </span>
    </p>
   </div>
   <div class='ocr_carea' id='block_1_73' title="bbox 1011 1439 1818 1478">
    <p class='ocr_par' dir='ltr' id='par_1_73' title="bbox 1011 1439 1818 1478">
     <span class='ocr_line' id='line_1_73' title="bbox 1011 1439 1818 1478; baseline -0.006 -9"><span class='ocrx_word' id='word_1_517' title='bbox 1011 1443 1062 1475; x_wconf 84' lang='lat' dir='ltr'><strong>his,</strong></span> <span class='ocrx_word' id='word_1_518' title='bbox 1080 1442 1141 1476; x_wconf 87' lang='lat' dir='ltr'><strong>quia</strong></span> <span class='ocrx_word' id='word_1_519' title='bbox 1162 1441 1256 1468; x_wconf 91' lang='lat' dir='ltr'><strong>volunt</strong></span> <span class='ocrx_word' id='word_1_520' title='bbox 1270 1441 1389 1476; x_wconf 88' lang='lat' dir='ltr'><strong>quidem,</strong></span> <span class='ocrx_word' id='word_1_521' title='bbox 1407 1447 1461 1467; x_wconf 94' lang='lat' dir='ltr'><strong>non</strong></span> <span class='ocrx_word' id='word_1_522' title='bbox 1474 1439 1582 1466; x_wconf 89' lang='lat' dir='ltr'><strong>invenit</strong></span> <span class='ocrx_word' id='word_1_523' title='bbox 1597 1443 1690 1466; x_wconf 89' lang='lat' dir='ltr'><strong>autem</strong></span> <span class='ocrx_word' id='word_1_524' title='bbox 1705 1445 1818 1478; x_wconf 43' lang='lat' dir='ltr'><strong>manus.</strong></span> 
     </span>
    </p>
   </div>
   <div class='ocr_carea' id='block_1_74' title="bbox 1011 1482 1801 1520">
    <p class='ocr_par' dir='ltr' id='par_1_74' title="bbox 1011 1482 1801 1520">
     <span class='ocr_line' id='line_1_74' title="bbox 1011 1482 1801 1520; baseline -0.006 -7"><span class='ocrx_word' id='word_1_525' title='bbox 1011 1485 1185 1514; x_wconf 82' lang='lat' dir='ltr'><strong>eorum.l\‘0n</strong></span> <span class='ocrx_word' id='word_1_526' title='bbox 1202 1491 1317 1520; x_wconf 90' lang='lat' dir='ltr'><strong>possunt</strong></span> <span class='ocrx_word' id='word_1_527' title='bbox 1334 1485 1419 1518; x_wconf 88' lang='lat' dir='ltr'><strong>enim,</strong></span> <span class='ocrx_word' id='word_1_528' title='bbox 1443 1488 1469 1511; x_wconf 88' lang='lat' dir='ltr'><strong>et</strong></span> <span class='ocrx_word' id='word_1_529' title='bbox 1488 1487 1582 1518; x_wconf 90' lang='lat' dir='ltr'><strong>utpote</strong></span> <span class='ocrx_word' id='word_1_530' title='bbox 1595 1483 1702 1510; x_wconf 79' lang='lat' dir='ltr'><strong>veniant</strong></span> <span class='ocrx_word' id='word_1_531' title='bbox 1723 1482 1801 1514; x_wconf 84' lang='lat' dir='ltr'><strong>dans,</strong></span> 
     </span>
    </p>
   </div>
   <div class='ocr_carea' id='block_1_75' title="bbox 1011 1527 1803 1566">
    <p class='ocr_par' dir='ltr' id='par_1_75' title="bbox 1011 1527 1803 1566">
     <span class='ocr_line' id='line_1_75' title="bbox 1011 1527 1803 1566; baseline -0.008 -7"><span class='ocrx_word' id='word_1_532' title='bbox 1011 1533 1125 1559; x_wconf 89' lang='lat' dir='ltr'><strong>alteram</strong></span> <span class='ocrx_word' id='word_1_533' title='bbox 1142 1532 1182 1558; x_wconf 90' lang='lat' dir='ltr'><strong>eis</strong></span> <span class='ocrx_word' id='word_1_534' title='bbox 1202 1531 1273 1558; x_wconf 86' lang='lat' dir='ltr'><strong>viam</strong></span> <span class='ocrx_word' id='word_1_535' title='bbox 1296 1530 1475 1566; x_wconf 72' lang='lat' dir='ltr'><strong>pmnitentite,</strong></span> <span class='ocrx_word' id='word_1_536' title='bbox 1498 1530 1550 1556; x_wconf 89' lang='lat' dir='ltr'><strong>alia</strong></span> <span class='ocrx_word' id='word_1_537' title='bbox 1573 1536 1672 1564; x_wconf 81' lang='lat' dir='ltr'><strong>genera</strong></span> <span class='ocrx_word' id='word_1_538' title='bbox 1699 1527 1803 1555; x_wconf 87' lang='lat' dir='ltr'><strong>sacrifi-</strong></span> 
     </span>
    </p>
   </div>
   <div class='ocr_carea' id='block_1_76' title="bbox 1011 1574 1803 1612">
    <p class='ocr_par' dir='ltr' id='par_1_76' title="bbox 1011 1574 1803 1612">
     <span class='ocr_line' id='line_1_76' title="bbox 1011 1574 1803 1612; baseline -0.006 -8"><span class='ocrx_word' id='word_1_539' title='bbox 1011 1578 1114 1605; x_wconf 87' lang='lat' dir='ltr'><strong>ciorum</strong></span> <span class='ocrx_word' id='word_1_540' title='bbox 1146 1577 1274 1612; x_wconf 78' lang='lat' dir='ltr'><strong>exquirit,</strong></span> <span class='ocrx_word' id='word_1_541' title='bbox 1305 1580 1333 1603; x_wconf 92' lang='lat' dir='ltr'><strong>et</strong></span> <span class='ocrx_word' id='word_1_542' title='bbox 1364 1580 1427 1603; x_wconf 85' lang='lat' dir='ltr'><strong>ante</strong></span> <span class='ocrx_word' id='word_1_543' title='bbox 1453 1575 1545 1603; x_wconf 90' lang='lat' dir='ltr'><strong>omnia</strong></span> <span class='ocrx_word' id='word_1_544' title='bbox 1572 1574 1681 1609; x_wconf 89' lang='lat' dir='ltr'><strong>quidem</strong></span> <span class='ocrx_word' id='word_1_545' title='bbox 1704 1580 1803 1608; x_wconf 81' lang='lat' dir='ltr'><strong>agnum</strong></span> 
     </span>
    </p>
   </div>
   <div class='ocr_carea' id='block_1_77' title="bbox 1011 1618 1797 1658">
    <p class='ocr_par' dir='ltr' id='par_1_77' title="bbox 1011 1618 1797 1658">
     <span class='ocr_line' id='line_1_77' title="bbox 1011 1618 1797 1658; baseline -0.009 -8"><span class='ocrx_word' id='word_1_546' title='bbox 1011 1623 1098 1650; x_wconf 88' lang='lat' dir='ltr'><strong>dicit:</strong></span> <span class='ocrx_word' id='word_1_547' title='bbox 1128 1626 1237 1658; x_wconf 86' lang='lat' dir='ltr'><strong>oportet</strong></span> <span class='ocrx_word' id='word_1_548' title='bbox 1258 1621 1330 1648; x_wconf 91' lang='lat' dir='ltr'><strong>enim</strong></span> <span class='ocrx_word' id='word_1_549' title='bbox 1355 1627 1580 1655; x_wconf 88' lang='lat' dir='ltr'><strong>unumquemque</strong></span> <span class='ocrx_word' id='word_1_550' title='bbox 1606 1618 1797 1654; x_wconf 70' lang='lat' dir='ltr'><strong>paenitentiam</strong></span> 
     </span>
    </p>
   </div>
   <div class='ocr_carea' id='block_1_78' title="bbox 1011 1663 1804 1704">
    <p class='ocr_par' dir='ltr' id='par_1_78' title="bbox 1011 1663 1804 1704">
     <span class='ocr_line' id='line_1_78' title="bbox 1011 1663 1804 1704; baseline -0.01 -8"><span class='ocrx_word' id='word_1_551' title='bbox 1011 1673 1137 1704; x_wconf 85' lang='lat' dir='ltr'><strong>agentem</strong></span> <span class='ocrx_word' id='word_1_552' title='bbox 1161 1668 1194 1695; x_wconf 89' lang='lat' dir='ltr'><strong>ad</strong></span> <span class='ocrx_word' id='word_1_553' title='bbox 1217 1665 1414 1701; x_wconf 82' lang='lat' dir='ltr'><strong>benignitatem</strong></span> <span class='ocrx_word' id='word_1_554' title='bbox 1437 1669 1501 1692; x_wconf 88' lang='lat' dir='ltr'><strong>ante</strong></span> <span class='ocrx_word' id='word_1_555' title='bbox 1515 1664 1606 1691; x_wconf 89' lang='lat' dir='ltr'><strong>omnia</strong></span> <span class='ocrx_word' id='word_1_556' title='bbox 1635 1663 1752 1698; x_wconf 85' lang='lat' dir='ltr'><strong>migrare</strong></span> <span class='ocrx_word' id='word_1_557' title='bbox 1776 1665 1804 1688; x_wconf 86' lang='lat' dir='ltr'><strong>et</strong></span> 
     </span>
    </p>
   </div>
   <div class='ocr_carea' id='block_1_79' title="bbox 1012 1706 1804 1746">
    <p class='ocr_par' dir='ltr' id='par_1_79' title="bbox 1012 1706 1804 1746">
     <span class='ocr_line' id='line_1_79' title="bbox 1012 1706 1804 1746; baseline -0.01 -5"><span class='ocrx_word' id='word_1_558' title='bbox 1012 1714 1084 1741; x_wconf 89' lang='lat' dir='ltr'><strong>hanc</strong></span> <span class='ocrx_word' id='word_1_559' title='bbox 1115 1713 1235 1744; x_wconf 88' lang='lat' dir='ltr'><strong>studere,</strong></span> <span class='ocrx_word' id='word_1_560' title='bbox 1253 1711 1315 1746; x_wconf 87' lang='lat' dir='ltr'><strong>quia</strong></span> <span class='ocrx_word' id='word_1_561' title='bbox 1340 1710 1400 1738; x_wconf 71' lang='lat' dir='ltr'><strong>haec</strong></span> <span class='ocrx_word' id='word_1_562' title='bbox 1424 1709 1507 1737; x_wconf 87' lang='lat' dir='ltr'><strong>etiam</strong></span> <span class='ocrx_word' id='word_1_563' title='bbox 1523 1708 1638 1735; x_wconf 86' lang='lat' dir='ltr'><strong>cuilibet</strong></span> <span class='ocrx_word' id='word_1_564' title='bbox 1657 1707 1745 1734; x_wconf 88' lang='lat' dir='ltr'><strong>facilis</strong></span> <span class='ocrx_word' id='word_1_565' title='bbox 1770 1706 1804 1733; x_wconf 92' lang='lat' dir='ltr'><strong>ad</strong></span> 
     </span>
    </p>
   </div>
   <div class='ocr_carea' id='block_1_80' title="bbox 1011 1753 1696 1795">
    <p class='ocr_par' dir='ltr' id='par_1_80' title="bbox 1011 1753 1696 1795">
     <span class='ocr_line' id='line_1_80' title="bbox 1011 1753 1696 1795; baseline -0.01 -8"><span class='ocrx_word' id='word_1_566' title='bbox 1011 1759 1218 1795; x_wconf 87' lang='lat' dir='ltr'><strong>adipiscendum</strong></span> <span class='ocrx_word' id='word_1_567' title='bbox 1232 1762 1273 1785; x_wconf 89' lang='lat' dir='ltr'><strong>est</strong></span> <span class='ocrx_word' id='word_1_568' title='bbox 1289 1764 1371 1792; x_wconf 87' lang='lat' dir='ltr'><strong>quam</strong></span> <span class='ocrx_word' id='word_1_569' title='bbox 1390 1763 1405 1783; x_wconf 89' lang='lat' dir='ltr'><strong>a</strong></span> <span class='ocrx_word' id='word_1_570' title='bbox 1427 1755 1506 1782; x_wconf 88' lang='lat' dir='ltr'><strong>malis</strong></span> <span class='ocrx_word' id='word_1_571' title='bbox 1525 1753 1696 1782; x_wconf 88' lang='lat' dir='ltr'><strong>abstinuerit.</strong></span> 
     </span>
    </p>
   </div>
   <div class='ocr_carea' id='block_1_81' title="bbox 1048 1799 1806 1839">
    <p class='ocr_par' dir='ltr' id='par_1_81' title="bbox 1048 1799 1806 1839">
     <span class='ocr_line' id='line_1_81' title="bbox 1048 1799 1806 1839; baseline -0.011 -6"><span class='ocrx_word' id='word_1_572' title='bbox 1048 1806 1183 1834; x_wconf 75' lang='lat' dir='ltr'><strong>Decimum</strong></span> <span class='ocrx_word' id='word_1_573' title='bbox 1198 1808 1300 1839; x_wconf 85' lang='lat' dir='ltr'><strong>partem</strong></span> <span class='ocrx_word' id='word_1_574' title='bbox 1314 1802 1409 1830; x_wconf 80' lang='lat' dir='ltr'><strong>simin</strong></span> <span class='ocrx_word' id='word_1_575' title='bbox 1435 1808 1601 1836; x_wconf 78' lang='lat' dir='ltr'><strong>conspersum</strong></span> <span class='ocrx_word' id='word_1_576' title='bbox 1615 1801 1680 1826; x_wconf 78' lang='lat' dir='ltr'><strong>oleo.</strong></span> <span class='ocrx_word' id='word_1_577' title='bbox 1708 1799 1738 1826; x_wconf 85' lang='lat' dir='ltr'><strong>Id</strong></span> <span class='ocrx_word' id='word_1_578' title='bbox 1764 1802 1806 1826; x_wconf 84' lang='lat' dir='ltr'><strong>est</strong></span> 
     </span>
    </p>
   </div>
   <div class='ocr_carea' id='block_1_82' title="bbox 1011 1844 1806 1885">
    <p class='ocr_par' dir='ltr' id='par_1_82' title="bbox 1011 1844 1806 1885">
     <span class='ocr_line' id='line_1_82' title="bbox 1011 1844 1806 1885; baseline -0.013 -6"><span class='ocrx_word' id='word_1_579' title='bbox 1011 1851 1113 1879; x_wconf 85' lang='lat' dir='ltr'><strong>Christi</strong></span> <span class='ocrx_word' id='word_1_580' title='bbox 1131 1849 1293 1885; x_wconf 77' lang='lat' dir='ltr'><strong>theologiam</strong></span> <span class='ocrx_word' id='word_1_581' title='bbox 1307 1848 1428 1882; x_wconf 87' lang='lat' dir='ltr'><strong>assequi,</strong></span> <span class='ocrx_word' id='word_1_582' title='bbox 1444 1846 1491 1882; x_wconf 91' lang='lat' dir='ltr'><strong>qui</strong></span> <span class='ocrx_word' id='word_1_583' title='bbox 1503 1846 1565 1873; x_wconf 89' lang='lat' dir='ltr'><strong>oleo</strong></span> <span class='ocrx_word' id='word_1_584' title='bbox 1584 1853 1633 1872; x_wconf 89' lang='lat' dir='ltr'><strong>seu</strong></span> <span class='ocrx_word' id='word_1_585' title='bbox 1650 1844 1806 1871; x_wconf 82' lang='lat' dir='ltr'><strong>misericor-</strong></span> 
     </span>
    </p>
   </div>
   <div class='ocr_carea' id='block_1_83' title="bbox 1011 1889 1805 1928">
    <p class='ocr_par' dir='ltr' id='par_1_83' title="bbox 1011 1889 1805 1928">
     <span class='ocr_line' id='line_1_83' title="bbox 1011 1889 1805 1928; baseline -0.013 -5"><span class='ocrx_word' id='word_1_586' title='bbox 1011 1897 1054 1923; x_wconf 86' lang='lat' dir='ltr'><strong>dia</strong></span> <span class='ocrx_word' id='word_1_587' title='bbox 1070 1895 1155 1923; x_wconf 91' lang='lat' dir='ltr'><strong>nostri</strong></span> <span class='ocrx_word' id='word_1_588' title='bbox 1169 1893 1368 1928; x_wconf 88' lang='lat' dir='ltr'><strong>contemperari</strong></span> <span class='ocrx_word' id='word_1_589' title='bbox 1386 1899 1482 1927; x_wconf 83' lang='lat' dir='ltr'><strong>passus</strong></span> <span class='ocrx_word' id='word_1_590' title='bbox 1498 1894 1541 1918; x_wconf 90' lang='lat' dir='ltr'><strong>est</strong></span> <span class='ocrx_word' id='word_1_591' title='bbox 1556 1889 1648 1916; x_wconf 87' lang='lat' dir='ltr'><strong>carni.</strong></span> <span class='ocrx_word' id='word_1_592' title='bbox 1666 1889 1700 1915; x_wconf 87' lang='lat' dir='ltr'><strong>Et</strong></span> <span class='ocrx_word' id='word_1_593' title='bbox 1713 1891 1805 1914; x_wconf 72' lang='lat' dir='ltr'><strong>sexta-</strong></span> 
     </span>
    </p>
   </div>
   <div class='ocr_carea' id='block_1_84' title="bbox 1012 1931 1806 1972">
    <p class='ocr_par' dir='ltr' id='par_1_84' title="bbox 1012 1931 1806 1972">
     <span class='ocr_line' id='line_1_84' title="bbox 1012 1931 1806 1972; baseline -0.013 -5"><span class='ocrx_word' id='word_1_594' title='bbox 1012 1940 1093 1972; x_wconf 92' lang='lat' dir='ltr'><strong>rium,</strong></span> <span class='ocrx_word' id='word_1_595' title='bbox 1111 1939 1324 1966; x_wconf 71' lang='lat' dir='ltr'><strong>seusecundum</strong></span> <span class='ocrx_word' id='word_1_596' title='bbox 1336 1936 1418 1969; x_wconf 83' lang='lat' dir='ltr'><strong>LXX,</strong></span> <span class='ocrx_word' id='word_1_597' title='bbox 1435 1936 1550 1970; x_wconf 78' lang='lat' dir='ltr'><strong>cotylam</strong></span> <span class='ocrx_word' id='word_1_598' title='bbox 1560 1934 1611 1960; x_wconf 80' lang='lat' dir='ltr'><strong>olei</strong></span> <span class='ocrx_word' id='word_1_599' title='bbox 1627 1940 1724 1963; x_wconf 83' lang='lat' dir='ltr'><strong>unam;</strong></span> <span class='ocrx_word' id='word_1_600' title='bbox 1735 1931 1806 1958; x_wconf 87' lang='lat' dir='ltr'><strong>hanc</strong></span> 
     </span>
    </p>
   </div>
   <div class='ocr_carea' id='block_1_85' title="bbox 1013 1976 1806 2012">
    <p class='ocr_par' dir='ltr' id='par_1_85' title="bbox 1013 1976 1806 2012">
     <span class='ocr_line' id='line_1_85' title="bbox 1013 1976 1806 2012; baseline -0.014 1"><span class='ocrx_word' id='word_1_601' title='bbox 1013 1990 1103 2012; x_wconf 86' lang='lat' dir='ltr'><strong>autem</strong></span> <span class='ocrx_word' id='word_1_602' title='bbox 1117 1992 1177 2012; x_wconf 89' lang='lat' dir='ltr'><strong>esse</strong></span> <span class='ocrx_word' id='word_1_603' title='bbox 1203 1983 1429 2011; x_wconf 82' lang='lat' dir='ltr'><strong>manifestissime</strong></span> <span class='ocrx_word' id='word_1_604' title='bbox 1456 1981 1538 2008; x_wconf 91' lang='lat' dir='ltr'><strong>ﬁdem</strong></span> <span class='ocrx_word' id='word_1_605' title='bbox 1565 1979 1594 2006; x_wconf 92' lang='lat' dir='ltr'><strong>in</strong></span> <span class='ocrx_word' id='word_1_606' title='bbox 1624 1976 1806 2004; x_wconf 84' lang='lat' dir='ltr'><strong>attteriorihus</strong></span> 
     </span>
    </p>
   </div>
   <div class='ocr_carea' id='block_1_86' title="bbox 1013 2021 1807 2062">
    <p class='ocr_par' dir='ltr' id='par_1_86' title="bbox 1013 2021 1807 2062">
     <span class='ocr_line' id='line_1_86' title="bbox 1013 2021 1807 2062; baseline -0.013 -5"><span class='ocrx_word' id='word_1_607' title='bbox 1013 2029 1273 2058; x_wconf 86' lang='lat' dir='ltr'><strong>demonstravimus.</strong></span> <span class='ocrx_word' id='word_1_608' title='bbox 1287 2027 1341 2055; x_wconf 87' lang='lat' dir='ltr'><strong>Sed</strong></span> <span class='ocrx_word' id='word_1_609' title='bbox 1350 2026 1415 2062; x_wconf 88' lang='lat' dir='ltr'><strong>quid</strong></span> <span class='ocrx_word' id='word_1_610' title='bbox 1432 2025 1525 2053; x_wconf 82' lang='lat' dir='ltr'><strong>oﬁerri</strong></span> <span class='ocrx_word' id='word_1_611' title='bbox 1538 2031 1600 2052; x_wconf 91' lang='lat' dir='ltr'><strong>cum</strong></span> <span class='ocrx_word' id='word_1_612' title='bbox 1614 2023 1657 2050; x_wconf 89' lang='lat' dir='ltr'><strong>his</strong></span> <span class='ocrx_word' id='word_1_613' title='bbox 1670 2021 1807 2057; x_wconf 86' lang='lat' dir='ltr'><strong>legislator</strong></span> 
     </span>
    </p>
   </div>
   <div class='ocr_carea' id='block_1_87' title="bbox 1012 2076 1162 2113">
    <p class='ocr_par' dir='ltr' id='par_1_87' title="bbox 1012 2076 1162 2113">
     <span class='ocr_line' id='line_1_87' title="bbox 1012 2076 1162 2113; baseline -0.013 -9"><span class='ocrx_word' id='word_1_614' title='bbox 1012 2076 1162 2113; x_wconf 72' lang='lat' dir='ltr'><strong>przecepit?</strong></span> 
     </span>
    </p>
   </div>
   <div class='ocr_carea' id='block_1_88' title="bbox 1051 2113 1807 2154">
    <p class='ocr_par' dir='ltr' id='par_1_88' title="bbox 1051 2113 1807 2154">
     <span class='ocr_line' id='line_1_88' title="bbox 1051 2113 1807 2154; baseline -0.012 -5"><span class='ocrx_word' id='word_1_615' title='bbox 1051 2123 1258 2153; x_wconf 76' lang='lat' dir='ltr'><strong>Duosturturcs,</strong></span> <span class='ocrx_word' id='word_1_616' title='bbox 1286 2120 1326 2148; x_wconf 81' lang='lat' dir='ltr'><strong>vel</strong></span> <span class='ocrx_word' id='word_1_617' title='bbox 1339 2121 1404 2148; x_wconf 69' lang='lat' dir='ltr'><strong>duo:</strong></span> <span class='ocrx_word' id='word_1_618' title='bbox 1425 2119 1511 2154; x_wconf 82' lang='lat' dir='ltr'><strong>pullos</strong></span> <span class='ocrx_word' id='word_1_619' title='bbox 1531 2116 1723 2144; x_wconf 78' lang='lat' dir='ltr'><strong>columbarum.</strong></span> <span class='ocrx_word' id='word_1_620' title='bbox 1743 2113 1807 2141; x_wconf 75' lang='lat' dir='ltr'><strong>Haec</strong></span> 
     </span>
    </p>
   </div>
   <div class='ocr_carea' id='block_1_89' title="bbox 1014 2159 1806 2202">
    <p class='ocr_par' dir='ltr' id='par_1_89' title="bbox 1014 2159 1806 2202">
     <span class='ocr_line' id='line_1_89' title="bbox 1014 2159 1806 2202; baseline -0.013 -6"><span class='ocrx_word' id='word_1_621' title='bbox 1014 2174 1104 2196; x_wconf 85' lang='lat' dir='ltr'><strong>autem</strong></span> <span class='ocrx_word' id='word_1_622' title='bbox 1128 2168 1208 2195; x_wconf 86' lang='lat' dir='ltr'><strong>facile</strong></span> <span class='ocrx_word' id='word_1_623' title='bbox 1223 2167 1400 2202; x_wconf 88' lang='lat' dir='ltr'><strong>reperiuntur</strong></span> <span class='ocrx_word' id='word_1_624' title='bbox 1422 2172 1437 2192; x_wconf 88' lang='lat' dir='ltr'><strong>a</strong></span> <span class='ocrx_word' id='word_1_625' title='bbox 1452 2164 1585 2200; x_wconf 84' lang='lat' dir='ltr'><strong>quolibet,</strong></span> <span class='ocrx_word' id='word_1_626' title='bbox 1603 2163 1631 2190; x_wconf 90' lang='lat' dir='ltr'><strong>id</strong></span> <span class='ocrx_word' id='word_1_627' title='bbox 1651 2166 1694 2189; x_wconf 89' lang='lat' dir='ltr'><strong>est</strong></span> <span class='ocrx_word' id='word_1_628' title='bbox 1717 2159 1806 2188; x_wconf 87' lang='lat' dir='ltr'><strong>conti-</strong></span> 
     </span>
    </p>
   </div>
   <div class='ocr_carea' id='block_1_90' title="bbox 1014 2205 1808 2249">
    <p class='ocr_par' dir='ltr' id='par_1_90' title="bbox 1014 2205 1808 2249">
     <span class='ocr_line' id='line_1_90' title="bbox 1014 2205 1808 2249; baseline -0.013 -7"><span class='ocrx_word' id='word_1_629' title='bbox 1014 2223 1095 2242; x_wconf 87' lang='lat' dir='ltr'><strong>nuam</strong></span> <span class='ocrx_word' id='word_1_630' title='bbox 1114 2213 1181 2249; x_wconf 88' lang='lat' dir='ltr'><strong>legis</strong></span> <span class='ocrx_word' id='word_1_631' title='bbox 1209 2211 1428 2241; x_wconf 84' lang='lat' dir='ltr'><strong>meditationem.</strong></span> <span class='ocrx_word' id='word_1_632' title='bbox 1447 2217 1508 2245; x_wconf 76' lang='lat' dir='ltr'><strong>qute</strong></span> <span class='ocrx_word' id='word_1_633' title='bbox 1521 2217 1576 2236; x_wconf 92' lang='lat' dir='ltr'><strong>non</strong></span> <span class='ocrx_word' id='word_1_634' title='bbox 1598 2208 1685 2236; x_wconf 87' lang='lat' dir='ltr'><strong>solum</strong></span> <span class='ocrx_word' id='word_1_635' title='bbox 1703 2214 1736 2234; x_wconf 78' lang='lat' dir='ltr'><strong>ex</strong></span> <span class='ocrx_word' id='word_1_636' title='bbox 1761 2205 1808 2232; x_wconf 85' lang='lat' dir='ltr'><strong>Ie-</strong></span> 
     </span>
    </p>
   </div>
   <div class='ocr_carea' id='block_1_91' title="bbox 168 2249 962 2293">
    <p class='ocr_par' dir='ltr' id='par_1_91' title="bbox 168 2257 962 2293">
     <span class='ocr_line' id='line_1_91' title="bbox 168 2257 962 2293; baseline -0.005 -5"><span class='ocrx_word' id='word_1_637' title='bbox 168 2269 204 2288; x_wconf 85' lang='lat' dir='ltr'><strong>eo</strong></span> <span class='ocrx_word' id='word_1_638' title='bbox 223 2261 380 2288; x_wconf 85' lang='lat' dir='ltr'><strong>Dominum.</strong></span> <span class='ocrx_word' id='word_1_639' title='bbox 401 2260 435 2287; x_wconf 82' lang='lat' dir='ltr'><strong>Et</strong></span> <span class='ocrx_word' id='word_1_640' title='bbox 450 2264 596 2292; x_wconf 87' lang='lat' dir='ltr'><strong>turturem,</strong></span> <span class='ocrx_word' id='word_1_641' title='bbox 616 2258 673 2286; x_wconf 80' lang='lat' dir='ltr'><strong>sive</strong></span> <span class='ocrx_word' id='word_1_642' title='bbox 699 2258 802 2293; x_wconf 91' lang='lat' dir='ltr'><strong>pullum</strong></span> <span class='ocrx_word' id='word_1_643' title='bbox 829 2257 962 2285; x_wconf 74' lang='lat' dir='ltr'><strong>columbae</strong></span> 
     </span>
    </p>
   </div>
   <div class='ocr_carea' id='block_1_92' title="bbox 1011 2249 1808 2293">
    <p class='ocr_par' dir='ltr' id='par_1_92' title="bbox 1016 2249 1808 2290">
     <span class='ocr_line' id='line_1_92' title="bbox 1016 2249 1808 2290; baseline -0.014 -3"><span class='ocrx_word' id='word_1_644' title='bbox 1016 2260 1118 2290; x_wconf 85' lang='lat' dir='ltr'><strong>ctione,</strong></span> <span class='ocrx_word' id='word_1_645' title='bbox 1134 2266 1168 2285; x_wconf 88' lang='lat' dir='ltr'><strong>ne</strong></span> <span class='ocrx_word' id='word_1_646' title='bbox 1185 2257 1256 2285; x_wconf 89' lang='lat' dir='ltr'><strong>forte</strong></span> <span class='ocrx_word' id='word_1_647' title='bbox 1269 2261 1298 2284; x_wconf 92' lang='lat' dir='ltr'><strong>et</strong></span> <span class='ocrx_word' id='word_1_648' title='bbox 1311 2257 1384 2283; x_wconf 87' lang='lat' dir='ltr'><strong>hanc</strong></span> <span class='ocrx_word' id='word_1_649' title='bbox 1397 2255 1472 2282; x_wconf 84' lang='lat' dir='ltr'><strong>dicas</strong></span> <span class='ocrx_word' id='word_1_650' title='bbox 1486 2261 1547 2282; x_wconf 86' lang='lat' dir='ltr'><strong>esse</strong></span> <span class='ocrx_word' id='word_1_651' title='bbox 1561 2252 1724 2288; x_wconf 89' lang='lat' dir='ltr'><strong>quibusdam</strong></span> <span class='ocrx_word' id='word_1_652' title='bbox 1737 2249 1808 2277; x_wconf 78' lang='lat' dir='ltr'><strong>dith-</strong></span> 
     </span>
    </p>
   </div>
   <div class='ocr_carea' id='block_1_93' title="bbox 168 2303 962 2341">
    <p class='ocr_par' dir='ltr' id='par_1_93' title="bbox 168 2303 962 2341">
     <span class='ocr_line' id='line_1_93' title="bbox 168 2303 962 2341; baseline -0.008 -7"><span class='ocrx_word' id='word_1_653' title='bbox 168 2307 278 2339; x_wconf 78' lang='lat' dir='ltr'><strong>oﬁ&#39;erct,</strong></span> <span class='ocrx_word' id='word_1_654' title='bbox 298 2314 382 2334; x_wconf 90' lang='lat' dir='ltr'><strong>unum</strong></span> <span class='ocrx_word' id='word_1_655' title='bbox 398 2314 448 2341; x_wconf 86' lang='lat' dir='ltr'><strong>pro</strong></span> <span class='ocrx_word' id='word_1_656' title='bbox 463 2305 573 2336; x_wconf 90' lang='lat' dir='ltr'><strong>delicto,</strong></span> <span class='ocrx_word' id='word_1_657' title='bbox 598 2309 626 2331; x_wconf 89' lang='lat' dir='ltr'><strong>et</strong></span> <span class='ocrx_word' id='word_1_658' title='bbox 641 2305 756 2331; x_wconf 89' lang='lat' dir='ltr'><strong>alterum</strong></span> <span class='ocrx_word' id='word_1_659' title='bbox 780 2303 807 2329; x_wconf 92' lang='lat' dir='ltr'><strong>in</strong></span> <span class='ocrx_word' id='word_1_660' title='bbox 833 2303 962 2330; x_wconf 87' lang='lat' dir='ltr'><strong>holocau-</strong></span> 
     </span>
    </p>
   </div>
   <div class='ocr_carea' id='block_1_94' title="bbox 169 2348 962 2383">
    <p class='ocr_par' dir='ltr' id='par_1_94' title="bbox 169 2348 962 2383">
     <span class='ocr_line' id='line_1_94' title="bbox 169 2348 962 2383; baseline -0.008 -3"><span class='ocrx_word' id='word_1_661' title='bbox 169 2358 243 2380; x_wconf 82' lang='lat' dir='ltr'><strong>stum</strong></span> <span class='ocrx_word' id='word_1_662' title='bbox 253 2359 316 2379; x_wconf 86' lang='lat' dir='ltr'><strong>cum</strong></span> <span class='ocrx_word' id='word_1_663' title='bbox 325 2350 482 2379; x_wconf 81' lang='lat' dir='ltr'><strong>lihamentis</strong></span> <span class='ocrx_word' id='word_1_664' title='bbox 494 2350 560 2378; x_wconf 89' lang='lat' dir='ltr'><strong>suis.</strong></span> <span class='ocrx_word' id='word_1_665' title='bbox 572 2349 630 2377; x_wconf 84' lang='lat' dir='ltr'><strong>Hoc</strong></span> <span class='ocrx_word' id='word_1_666' title='bbox 640 2353 682 2376; x_wconf 88' lang='lat' dir='ltr'><strong>est</strong></span> <span class='ocrx_word' id='word_1_667' title='bbox 692 2348 854 2376; x_wconf 87' lang='lat' dir='ltr'><strong>sacriﬁcium</strong></span> <span class='ocrx_word' id='word_1_668' title='bbox 864 2348 962 2383; x_wconf 87' lang='lat' dir='ltr'><strong>leprosi</strong></span> 
     </span>
    </p>
   </div>
   <div class='ocr_carea' id='block_1_95' title="bbox 169 2395 960 2434">
    <p class='ocr_par' dir='ltr' id='par_1_95' title="bbox 169 2395 960 2434">
     <span class='ocr_line' id='line_1_95' title="bbox 169 2395 960 2434; baseline -0.006 -8"><span class='ocrx_word' id='word_1_669' title='bbox 169 2399 217 2434; x_wconf 85' lang='lat' dir='ltr'><strong>qui</strong></span> <span class='ocrx_word' id='word_1_670' title='bbox 230 2398 331 2426; x_wconf 87' lang='lat' dir='ltr'><strong>habere</strong></span> <span class='ocrx_word' id='word_1_671' title='bbox 346 2406 400 2425; x_wconf 92' lang='lat' dir='ltr'><strong>non</strong></span> <span class='ocrx_word' id='word_1_672' title='bbox 416 2401 508 2432; x_wconf 90' lang='lat' dir='ltr'><strong>potest</strong></span> <span class='ocrx_word' id='word_1_673' title='bbox 523 2396 614 2424; x_wconf 90' lang='lat' dir='ltr'><strong>omnia</strong></span> <span class='ocrx_word' id='word_1_674' title='bbox 628 2396 654 2422; x_wconf 91' lang='lat' dir='ltr'><strong>in</strong></span> <span class='ocrx_word' id='word_1_675' title='bbox 670 2395 864 2423; x_wconf 87' lang='lat' dir='ltr'><strong>emundatione</strong></span> <span class='ocrx_word' id='word_1_676' title='bbox 879 2395 931 2421; x_wconf 91' lang='lat' dir='ltr'><strong>sui.</strong></span> <span class='ocrx_word' id='word_1_677' title='bbox 951 2404 960 2420; x_wconf 78' lang='grc' dir='ltr'><em>ι</em></span> 
     </span>
    </p>
   </div>
   <div class='ocr_carea' id='block_1_96' title="bbox 207 2439 963 2478">
    <p class='ocr_par' dir='ltr' id='par_1_96' title="bbox 207 2439 963 2478">
     <span class='ocr_line' id='line_1_96' title="bbox 207 2439 963 2478; baseline -0.007 -7"><span class='ocrx_word' id='word_1_678' title='bbox 207 2443 371 2471; x_wconf 78' lang='lat' dir='ltr'><strong>Admirabili</strong></span> <span class='ocrx_word' id='word_1_679' title='bbox 385 2451 448 2478; x_wconf 88' lang='lat' dir='ltr'><strong>erga</strong></span> <span class='ocrx_word' id='word_1_680' title='bbox 461 2450 509 2470; x_wconf 91' lang='lat' dir='ltr'><strong>eos</strong></span> <span class='ocrx_word' id='word_1_681' title='bbox 525 2442 571 2477; x_wconf 93' lang='lat' dir='ltr'><strong>qui</strong></span> <span class='ocrx_word' id='word_1_682' title='bbox 582 2442 668 2477; x_wconf 82' lang='lat' dir='ltr'><strong>legem</strong></span> <span class='ocrx_word' id='word_1_683' title='bbox 679 2439 963 2475; x_wconf 84' lang='lat' dir='ltr'><strong>accipiuutlegislator</strong></span> 
     </span>
    </p>
   </div>
   <div class='ocr_carea' id='block_1_97' title="bbox 171 2486 963 2521">
    <p class='ocr_par' dir='ltr' id='par_1_97' title="bbox 171 2486 963 2521">
     <span class='ocr_line' id='line_1_97' title="bbox 171 2486 963 2521; baseline -0.008 -4"><span class='ocrx_word' id='word_1_684' title='bbox 171 2490 407 2517; x_wconf 81' lang='lat' dir='ltr'><strong>condescensione</strong></span> <span class='ocrx_word' id='word_1_685' title='bbox 423 2489 519 2516; x_wconf 89' lang='lat' dir='ltr'><strong>utitur.</strong></span> <span class='ocrx_word' id='word_1_686' title='bbox 537 2488 606 2515; x_wconf 84' lang='lat' dir='ltr'><strong>Ecce</strong></span> <span class='ocrx_word' id='word_1_687' title='bbox 620 2488 693 2514; x_wconf 86' lang='lat' dir='ltr'><strong>enim</strong></span> <span class='ocrx_word' id='word_1_688' title='bbox 721 2486 828 2513; x_wconf 78' lang='lat' dir='ltr'><strong>veniam</strong></span> <span class='ocrx_word' id='word_1_689' title='bbox 845 2493 963 2521; x_wconf 86' lang='lat' dir='ltr'><strong>pauper-</strong></span> 
     </span>
    </p>
   </div>
   <div class='ocr_carea' id='block_1_98' title="bbox 171 2532 964 2569">
    <p class='ocr_par' dir='ltr' id='par_1_98' title="bbox 171 2532 964 2569">
     <span class='ocr_line' id='line_1_98' title="bbox 171 2532 964 2569; baseline -0.006 -7"><span class='ocrx_word' id='word_1_690' title='bbox 171 2535 221 2562; x_wconf 78' lang='lat' dir='ltr'><strong>tati</strong></span> <span class='ocrx_word' id='word_1_691' title='bbox 232 2536 289 2566; x_wconf 88' lang='lat' dir='ltr'><strong>dat,</strong></span> <span class='ocrx_word' id='word_1_692' title='bbox 306 2539 333 2562; x_wconf 89' lang='lat' dir='ltr'><strong>et</strong></span> <span class='ocrx_word' id='word_1_693' title='bbox 347 2535 486 2562; x_wconf 85' lang='lat' dir='ltr'><strong>moderata</strong></span> <span class='ocrx_word' id='word_1_694' title='bbox 505 2533 617 2569; x_wconf 91' lang='lat' dir='ltr'><strong>pauperi</strong></span> <span class='ocrx_word' id='word_1_695' title='bbox 638 2532 770 2560; x_wconf 89' lang='lat' dir='ltr'><strong>sacriﬁcia</strong></span> <span class='ocrx_word' id='word_1_696' title='bbox 788 2539 847 2559; x_wconf 88' lang='lat' dir='ltr'><strong>esse</strong></span> <span class='ocrx_word' id='word_1_697' title='bbox 861 2539 964 2566; x_wconf 59' lang='lat' dir='ltr'><strong>pracc-</strong></span> 
     </span>
    </p>
   </div>
   <div class='ocr_carea' id='block_1_99' title="bbox 171 2578 963 2617">
    <p class='ocr_par' dir='ltr' id='par_1_99' title="bbox 171 2578 963 2617">
     <span class='ocr_line' id='line_1_99' title="bbox 171 2578 963 2617; baseline -0.006 -8"><span class='ocrx_word' id='word_1_698' title='bbox 171 2582 221 2617; x_wconf 85' lang='lat' dir='ltr'><strong>pit,</strong></span> <span class='ocrx_word' id='word_1_699' title='bbox 236 2589 272 2609; x_wconf 88' lang='lat' dir='ltr'><strong>ne</strong></span> <span class='ocrx_word' id='word_1_700' title='bbox 297 2581 368 2609; x_wconf 88' lang='lat' dir='ltr'><strong>forte</strong></span> <span class='ocrx_word' id='word_1_701' title='bbox 390 2581 576 2615; x_wconf 79' lang='lat' dir='ltr'><strong>Obstupescat.</strong></span> <span class='ocrx_word' id='word_1_702' title='bbox 602 2579 666 2606; x_wconf 93' lang='lat' dir='ltr'><strong>dum</strong></span> <span class='ocrx_word' id='word_1_703' title='bbox 692 2579 794 2614; x_wconf 87' lang='lat' dir='ltr'><strong>majora</strong></span> <span class='ocrx_word' id='word_1_704' title='bbox 821 2578 856 2610; x_wconf 88' lang='lat' dir='ltr'><strong>ei,</strong></span> <span class='ocrx_word' id='word_1_705' title='bbox 881 2585 963 2613; x_wconf 87' lang='lat' dir='ltr'><strong>quam</strong></span> 
     </span>
    </p>
   </div>
   <div class='ocr_carea' id='block_1_100' title="bbox 172 2625 963 2663">
    <p class='ocr_par' dir='ltr' id='par_1_100' title="bbox 172 2625 963 2663">
     <span class='ocr_line' id='line_1_100' title="bbox 172 2625 963 2663; baseline -0.008 -7"><span class='ocrx_word' id='word_1_706' title='bbox 172 2629 260 2656; x_wconf 76' lang='lat' dir='ltr'><strong>virtus</strong></span> <span class='ocrx_word' id='word_1_707' title='bbox 272 2633 326 2659; x_wconf 86' lang='lat' dir='ltr'><strong>est,</strong></span> <span class='ocrx_word' id='word_1_708' title='bbox 341 2627 549 2663; x_wconf 63' lang='lat' dir='ltr'><strong>praecipiuntur.</strong></span> <span class='ocrx_word' id='word_1_709' title='bbox 561 2625 615 2653; x_wconf 88' lang='lat' dir='ltr'><strong>Sed</strong></span> <span class='ocrx_word' id='word_1_710' title='bbox 631 2625 693 2660; x_wconf 86' lang='lat' dir='ltr'><strong>quia</strong></span> <span class='ocrx_word' id='word_1_711' title='bbox 708 2633 760 2652; x_wconf 88' lang='lat' dir='ltr'><strong>nec</strong></span> <span class='ocrx_word' id='word_1_712' title='bbox 782 2631 877 2652; x_wconf 87' lang='lat' dir='ltr'><strong>eorum</strong></span> <span class='ocrx_word' id='word_1_713' title='bbox 903 2631 963 2658; x_wconf 66' lang='lat' dir='ltr'><strong>quas</strong></span> 
     </span>
    </p>
   </div>
   <div class='ocr_carea' id='block_1_101' title="bbox 172 2672 964 2709">
    <p class='ocr_par' dir='ltr' id='par_1_101' title="bbox 172 2672 964 2709">
     <span class='ocr_line' id='line_1_101' title="bbox 172 2672 964 2709; baseline -0.009 -6"><span class='ocrx_word' id='word_1_714' title='bbox 172 2676 245 2703; x_wconf 86' lang='lat' dir='ltr'><strong>dicta</strong></span> <span class='ocrx_word' id='word_1_715' title='bbox 271 2680 336 2702; x_wconf 89' lang='lat' dir='ltr'><strong>sunt</strong></span> <span class='ocrx_word' id='word_1_716' title='bbox 357 2674 496 2709; x_wconf 91' lang='lat' dir='ltr'><strong>quidpiam</strong></span> <span class='ocrx_word' id='word_1_717' title='bbox 524 2673 605 2700; x_wconf 86' lang='lat' dir='ltr'><strong>facile</strong></span> <span class='ocrx_word' id='word_1_718' title='bbox 628 2672 655 2699; x_wconf 91' lang='lat' dir='ltr'><strong>in</strong></span> <span class='ocrx_word' id='word_1_719' title='bbox 685 2675 789 2706; x_wconf 72' lang='lat' dir='ltr'><strong>quaestu</strong></span> <span class='ocrx_word' id='word_1_720' title='bbox 815 2677 964 2706; x_wconf 86' lang='lat' dir='ltr'><strong>pauperum</strong></span> 
     </span>
    </p>
   </div>
   <div class='ocr_carea' id='block_1_102' title="bbox 174 2715 965 2754">
    <p class='ocr_par' dir='ltr' id='par_1_102' title="bbox 174 2715 965 2754">
     <span class='ocr_line' id='line_1_102' title="bbox 174 2715 965 2754; baseline -0.01 -5"><span class='ocrx_word' id='word_1_721' title='bbox 174 2720 349 2753; x_wconf 63' lang='lat' dir='ltr'><strong>invenimus,</strong></span> <span class='ocrx_word' id='word_1_722' title='bbox 379 2719 426 2754; x_wconf 91' lang='lat' dir='ltr'><strong>qui</strong></span> <span class='ocrx_word' id='word_1_723' title='bbox 456 2718 530 2746; x_wconf 89' lang='lat' dir='ltr'><strong>enim</strong></span> <span class='ocrx_word' id='word_1_724' title='bbox 558 2725 611 2745; x_wconf 89' lang='lat' dir='ltr'><strong>non</strong></span> <span class='ocrx_word' id='word_1_725' title='bbox 645 2717 728 2744; x_wconf 83' lang='lat' dir='ltr'><strong>habet</strong></span> <span class='ocrx_word' id='word_1_726' title='bbox 749 2723 862 2751; x_wconf 89' lang='lat' dir='ltr'><strong>panem,</strong></span> <span class='ocrx_word' id='word_1_727' title='bbox 893 2715 965 2742; x_wconf 87' lang='lat' dir='ltr'><strong>unde</strong></span> 
     </span>
    </p>
   </div>
   <div class='ocr_carea' id='block_1_103' title="bbox 173 2761 965 2803">
    <p class='ocr_par' dir='ltr' id='par_1_103' title="bbox 173 2761 965 2803">
     <span class='ocr_line' id='line_1_103' title="bbox 173 2761 965 2803; baseline -0.01 -8"><span class='ocrx_word' id='word_1_728' title='bbox 173 2767 290 2803; x_wconf 75' lang='lat' dir='ltr'><strong>agnum?</strong></span> <span class='ocrx_word' id='word_1_729' title='bbox 305 2766 353 2802; x_wconf 88' lang='lat' dir='ltr'><strong>qui</strong></span> <span class='ocrx_word' id='word_1_730' title='bbox 367 2770 459 2793; x_wconf 89' lang='lat' dir='ltr'><strong>autem</strong></span> <span class='ocrx_word' id='word_1_731' title='bbox 474 2764 589 2800; x_wconf 86' lang='lat' dir='ltr'><strong>pecunia</strong></span> <span class='ocrx_word' id='word_1_732' title='bbox 604 2768 674 2799; x_wconf 77' lang='lat' dir='ltr'><strong>eget,</strong></span> <span class='ocrx_word' id='word_1_733' title='bbox 688 2763 761 2790; x_wconf 87' lang='lat' dir='ltr'><strong>unde</strong></span> <span class='ocrx_word' id='word_1_734' title='bbox 773 2766 846 2789; x_wconf 88' lang='lat' dir='ltr'><strong>emat</strong></span> <span class='ocrx_word' id='word_1_735' title='bbox 860 2761 965 2788; x_wconf 88' lang='lat' dir='ltr'><strong>colum-</strong></span> 
     </span>
    </p>
   </div>
   <div class='ocr_carea' id='block_1_104' title="bbox 176 2807 963 2842">
    <p class='ocr_par' dir='ltr' id='par_1_104' title="bbox 176 2807 963 2842">
     <span class='ocr_line' id='line_1_104' title="bbox 176 2807 963 2842; baseline -0.01 -1"><span class='ocrx_word' id='word_1_736' title='bbox 176 2814 237 2842; x_wconf 82' lang='lat' dir='ltr'><strong>bam</strong></span> <span class='ocrx_word' id='word_1_737' title='bbox 254 2813 295 2840; x_wconf 78' lang='lat' dir='ltr'><strong>vel</strong></span> <span class='ocrx_word' id='word_1_738' title='bbox 319 2816 452 2840; x_wconf 90' lang='lat' dir='ltr'><strong>tttrturcm</strong></span> <span class='ocrx_word' id='word_1_739' title='bbox 468 2812 479 2837; x_wconf 85' lang='lat'><strong>?</strong></span> <span class='ocrx_word' id='word_1_740' title='bbox 495 2810 669 2838; x_wconf 83' lang='lat' dir='ltr'><strong>manifestum</strong></span> <span class='ocrx_word' id='word_1_741' title='bbox 687 2813 729 2836; x_wconf 91' lang='lat' dir='ltr'><strong>est</strong></span> <span class='ocrx_word' id='word_1_742' title='bbox 749 2807 820 2842; x_wconf 88' lang='lat' dir='ltr'><strong>qttod</strong></span> <span class='ocrx_word' id='word_1_743' title='bbox 847 2807 963 2842; x_wconf 87' lang='lat' dir='ltr'><strong>aliquam</strong></span> 
     </span>
    </p>
   </div>
   <div class='ocr_carea' id='block_1_105' title="bbox 213 2912 452 2946">
    <p class='ocr_par' dir='ltr' id='par_1_105' title="bbox 213 2912 452 2946">
     <span class='ocr_line' id='line_1_105' title="bbox 213 2912 452 2946; baseline -0.008 -6"><span class='ocrx_word' id='word_1_744' title='bbox 213 2912 235 2931; x_wconf 70' lang='grc' dir='ltr'>δ’</span> <span class='ocrx_word' id='word_1_745' title='bbox 252 2912 345 2940; x_wconf 74' lang='lat' dir='ltr'><strong>Maltlt.</strong></span> <span class='ocrx_word' id='word_1_746' title='bbox 366 2920 407 2946; x_wconf 82' lang='lat' dir='ltr'><strong>ttt,</strong></span> <span class='ocrx_word' id='word_1_747' title='bbox 426 2912 452 2939; x_wconf 79' lang='lat'><strong>8.</strong></span> 
     </span>
    </p>
   </div>
   <div class='ocr_carea' id='block_1_106' title="bbox 493 2907 956 2943">
    <p class='ocr_par' dir='ltr' id='par_1_106' title="bbox 493 2907 956 2943">
     <span class='ocr_line' id='line_1_106' title="bbox 493 2907 956 2943; baseline -0.013 -5"><span class='ocrx_word' id='word_1_748' title='bbox 493 2911 512 2927; x_wconf 64' lang='grc'><strong>³⁸</strong></span> <span class='ocrx_word' id='word_1_749' title='bbox 533 2911 602 2940; x_wconf 63' lang='grc' dir='ltr'>Ρδςιι.</span> <span class='ocrx_word' id='word_1_750' title='bbox 618 2918 670 2943; x_wconf 63' lang='grc' dir='ltr'><strong>λιι,</strong></span> <span class='ocrx_word' id='word_1_751' title='bbox 687 2909 712 2938; x_wconf 62' lang='grc'><strong>4.</strong></span> <span class='ocrx_word' id='word_1_752' title='bbox 753 2909 773 2924; x_wconf 60' lang='grc'><strong>³⁵</strong></span> <span class='ocrx_word' id='word_1_753' title='bbox 789 2908 860 2936; x_wconf 76' lang='lat' dir='ltr'><strong>Psal.</strong></span> <span class='ocrx_word' id='word_1_754' title='bbox 876 2914 913 2940; x_wconf 88' lang='lat' dir='ltr'><strong>vt,</strong></span> <span class='ocrx_word' id='word_1_755' title='bbox 930 2907 956 2933; x_wconf 80' lang='lat'><strong>7.</strong></span> 
     </span>
    </p>
   </div>
   <div class='ocr_carea' id='block_1_107' title="bbox 995 2905 1216 2938">
    <p class='ocr_par' dir='ltr' id='par_1_107' title="bbox 995 2905 1216 2938">
     <span class='ocr_line' id='line_1_107' title="bbox 995 2905 1216 2938; baseline -0.014 -4"><span class='ocrx_word' id='word_1_756' title='bbox 995 2906 1017 2922; x_wconf 84' lang='grc'><strong>⁸⁰</strong></span> <span class='ocrx_word' id='word_1_757' title='bbox 1033 2905 1104 2933; x_wconf 83' lang='lat' dir='ltr'><strong>Psal.</strong></span> <span class='ocrx_word' id='word_1_758' title='bbox 1119 2913 1155 2938; x_wconf 74' lang='grc' dir='ltr'><strong>ει,</strong></span> <span class='ocrx_word' id='word_1_759' title='bbox 1176 2905 1216 2932; x_wconf 87' lang='lat' dir='ltr'><strong>l0.</strong></span> 
     </span>
    </p>
   </div>
   <div class='ocr_carea' id='block_1_108' title="bbox 990 2295 1808 2337">
    <p class='ocr_par' dir='ltr' id='par_1_108' title="bbox 990 2295 1808 2337">
     <span class='ocr_line' id='line_1_108' title="bbox 990 2295 1808 2337; baseline -0.013 -5"><span class='ocrx_word' id='word_1_760' title='bbox 990 2309 993 2311; x_wconf 89' lang='lat'>&#39;</span> <span class='ocrx_word' id='word_1_761' title='bbox 1014 2306 1104 2337; x_wconf 87' lang='lat' dir='ltr'><strong>cilem,</strong></span> <span class='ocrx_word' id='word_1_762' title='bbox 1116 2304 1163 2331; x_wconf 85' lang='lat' dir='ltr'><strong>sed</strong></span> <span class='ocrx_word' id='word_1_763' title='bbox 1175 2308 1203 2331; x_wconf 92' lang='lat' dir='ltr'><strong>et</strong></span> <span class='ocrx_word' id='word_1_764' title='bbox 1222 2311 1255 2330; x_wconf 83' lang='lat' dir='ltr'><strong>ex</strong></span> <span class='ocrx_word' id='word_1_765' title='bbox 1272 2301 1514 2336; x_wconf 79' lang='lat' dir='ltr'><strong>contemplatione,</strong></span> <span class='ocrx_word' id='word_1_766' title='bbox 1533 2306 1593 2334; x_wconf 72' lang='lat' dir='ltr'><strong>quae</strong></span> <span class='ocrx_word' id='word_1_767' title='bbox 1611 2303 1653 2324; x_wconf 85' lang='lat' dir='ltr'><strong>est</strong></span> <span class='ocrx_word' id='word_1_768' title='bbox 1668 2297 1696 2323; x_wconf 94' lang='lat' dir='ltr'><strong>in</strong></span> <span class='ocrx_word' id='word_1_769' title='bbox 1716 2295 1808 2322; x_wconf 86' lang='lat' dir='ltr'><strong>animo</strong></span> 
     </span>
    </p>
   </div>
   <div class='ocr_carea' id='block_1_109' title="bbox 1013 2342 1810 2379">
    <p class='ocr_par' dir='ltr' id='par_1_109' title="bbox 1013 2342 1810 2379">
     <span class='ocr_line' id='line_1_109' title="bbox 1013 2342 1810 2379; baseline -0.013 -4"><span class='ocrx_word' id='word_1_770' title='bbox 1013 2352 1042 2375; x_wconf 86' lang='lat' dir='ltr'><strong>et</strong></span> <span class='ocrx_word' id='word_1_771' title='bbox 1065 2351 1167 2379; x_wconf 77' lang='lat' dir='ltr'><strong>triente,</strong></span> <span class='ocrx_word' id='word_1_772' title='bbox 1198 2346 1352 2374; x_wconf 91' lang='lat' dir='ltr'><strong>conﬁcitur.</strong></span> <span class='ocrx_word' id='word_1_773' title='bbox 1373 2344 1440 2378; x_wconf 67' lang='lat' dir='ltr'><strong>Quae</strong></span> <span class='ocrx_word' id='word_1_774' title='bbox 1463 2348 1580 2378; x_wconf 82' lang='lat' dir='ltr'><strong>utraque</strong></span> <span class='ocrx_word' id='word_1_775' title='bbox 1606 2349 1657 2377; x_wconf 89' lang='lat' dir='ltr'><strong>pro</strong></span> <span class='ocrx_word' id='word_1_776' title='bbox 1680 2348 1761 2367; x_wconf 84' lang='lat' dir='ltr'><strong>sacco</strong></span> <span class='ocrx_word' id='word_1_777' title='bbox 1781 2342 1810 2365; x_wconf 87' lang='lat' dir='ltr'><strong>et</strong></span> 
     </span>
    </p>
   </div>
   <div class='ocr_carea' id='block_1_110' title="bbox 1011 2389 1809 2428">
    <p class='ocr_par' dir='ltr' id='par_1_110' title="bbox 1011 2389 1809 2428">
     <span class='ocr_line' id='line_1_110' title="bbox 1011 2389 1809 2428; baseline -0.013 -7"><span class='ocrx_word' id='word_1_778' title='bbox 1011 2393 1116 2428; x_wconf 88' lang='lat' dir='ltr'><strong>jejunio</strong></span> <span class='ocrx_word' id='word_1_779' title='bbox 1139 2398 1166 2419; x_wconf 84' lang='lat' dir='ltr'><strong>et</strong></span> <span class='ocrx_word' id='word_1_780' title='bbox 1189 2392 1330 2428; x_wconf 82' lang='lat' dir='ltr'><strong>lacrymis,</strong></span> <span class='ocrx_word' id='word_1_781' title='bbox 1359 2395 1387 2418; x_wconf 86' lang='lat' dir='ltr'><strong>et</strong></span> <span class='ocrx_word' id='word_1_782' title='bbox 1407 2391 1518 2421; x_wconf 88' lang='lat' dir='ltr'><strong>cinere,</strong></span> <span class='ocrx_word' id='word_1_783' title='bbox 1540 2389 1602 2416; x_wconf 90' lang='lat' dir='ltr'><strong>cibo</strong></span> <span class='ocrx_word' id='word_1_784' title='bbox 1625 2390 1709 2419; x_wconf 91' lang='lat' dir='ltr'><strong>sunt,</strong></span> <span class='ocrx_word' id='word_1_785' title='bbox 1727 2391 1809 2418; x_wconf 87' lang='lat' dir='ltr'><strong>atque</strong></span> 
     </span>
    </p>
   </div>
   <div class='ocr_carea' id='block_1_111' title="bbox 1014 2429 1809 2470">
    <p class='ocr_par' dir='ltr' id='par_1_111' title="bbox 1014 2429 1809 2470">
     <span class='ocr_line' id='line_1_111' title="bbox 1014 2429 1809 2470; baseline -0.014 -4"><span class='ocrx_word' id='word_1_786' title='bbox 1014 2439 1160 2470; x_wconf 89' lang='lat' dir='ltr'><strong>similibus,</strong></span> <span class='ocrx_word' id='word_1_787' title='bbox 1175 2438 1197 2464; x_wconf 92' lang='lat' dir='ltr'><strong>si</strong></span> <span class='ocrx_word' id='word_1_788' title='bbox 1211 2438 1255 2464; x_wconf 87' lang='lat' dir='ltr'><strong>illa</strong></span> <span class='ocrx_word' id='word_1_789' title='bbox 1279 2436 1312 2464; x_wconf 78' lang='lat' dir='ltr'><strong>ad</strong></span> <span class='ocrx_word' id='word_1_790' title='bbox 1328 2435 1527 2463; x_wconf 84' lang='lat' dir='ltr'><strong>humiliandam</strong></span> <span class='ocrx_word' id='word_1_791' title='bbox 1541 2440 1651 2461; x_wconf 89' lang='lat' dir='ltr'><strong>carnem</strong></span> <span class='ocrx_word' id='word_1_792' title='bbox 1666 2436 1696 2457; x_wconf 85' lang='lat' dir='ltr'><strong>et</strong></span> <span class='ocrx_word' id='word_1_793' title='bbox 1721 2429 1809 2456; x_wconf 83' lang='lat' dir='ltr'><strong>refre-</strong></span> 
     </span>
    </p>
   </div>
   <div class='ocr_carea' id='block_1_112' title="bbox 1014 2474 1810 2521">
    <p class='ocr_par' dir='ltr' id='par_1_112' title="bbox 1014 2474 1810 2521">
     <span class='ocr_line' id='line_1_112' title="bbox 1014 2474 1810 2521; baseline -0.015 -9"><span class='ocrx_word' id='word_1_794' title='bbox 1014 2485 1133 2512; x_wconf 88' lang='lat' dir='ltr'><strong>nandam</strong></span> <span class='ocrx_word' id='word_1_795' title='bbox 1148 2484 1266 2510; x_wconf 88' lang='lat' dir='ltr'><strong>animam</strong></span> <span class='ocrx_word' id='word_1_796' title='bbox 1281 2490 1296 2509; x_wconf 90' lang='lat' dir='ltr'><strong>a</strong></span> <span class='ocrx_word' id='word_1_797' title='bbox 1319 2481 1437 2521; x_wconf 78' lang='lat' dir='ltr'><strong>terrenis</strong></span> <span class='ocrx_word' id='word_1_798' title='bbox 1454 2479 1584 2515; x_wconf 90' lang='lat' dir='ltr'><strong>operibus</strong></span> <span class='ocrx_word' id='word_1_799' title='bbox 1599 2477 1715 2513; x_wconf 82' lang='lat' dir='ltr'><strong>agimus.</strong></span> <span class='ocrx_word' id='word_1_800' title='bbox 1735 2474 1810 2502; x_wconf 83' lang='lat' dir='ltr'><strong>Facit</strong></span> 
     </span>
    </p>
   </div>
   <div class='ocr_carea' id='block_1_113' title="bbox 1015 2520 1810 2563">
    <p class='ocr_par' dir='ltr' id='par_1_113' title="bbox 1015 2520 1810 2563">
     <span class='ocr_line' id='line_1_113' title="bbox 1015 2520 1810 2563; baseline -0.016 -5"><span class='ocrx_word' id='word_1_801' title='bbox 1015 2535 1105 2558; x_wconf 78' lang='lat' dir='ltr'><strong>autent</strong></span> <span class='ocrx_word' id='word_1_802' title='bbox 1121 2530 1179 2557; x_wconf 64' lang='lat' dir='ltr'><strong>haec</strong></span> <span class='ocrx_word' id='word_1_803' title='bbox 1194 2529 1275 2556; x_wconf 85' lang='lat' dir='ltr'><strong>etiam</strong></span> <span class='ocrx_word' id='word_1_804' title='bbox 1287 2520 1355 2563; x_wconf 78' lang='lat' dir='ltr'><strong>legis</strong></span> <span class='ocrx_word' id='word_1_805' title='bbox 1368 2526 1520 2557; x_wconf 85' lang='lat' dir='ltr'><strong>meditatio,</strong></span> <span class='ocrx_word' id='word_1_806' title='bbox 1533 2529 1562 2552; x_wconf 89' lang='lat' dir='ltr'><strong>et</strong></span> <span class='ocrx_word' id='word_1_807' title='bbox 1581 2522 1740 2550; x_wconf 89' lang='lat' dir='ltr'><strong>continuum</strong></span> <span class='ocrx_word' id='word_1_808' title='bbox 1757 2520 1810 2546; x_wconf 91' lang='lat' dir='ltr'><strong>hoc</strong></span> 
     </span>
    </p>
   </div>
   <div class='ocr_carea' id='block_1_114' title="bbox 1015 2570 1810 2609">
    <p class='ocr_par' dir='ltr' id='par_1_114' title="bbox 1015 2570 1810 2609">
     <span class='ocr_line' id='line_1_114' title="bbox 1015 2570 1810 2609; baseline -0.016 -5"><span class='ocrx_word' id='word_1_809' title='bbox 1015 2577 1137 2604; x_wconf 87' lang='lat' dir='ltr'><strong>studium</strong></span> <span class='ocrx_word' id='word_1_810' title='bbox 1151 2575 1329 2609; x_wconf 86' lang='lat' dir='ltr'><strong>districtaque</strong></span> <span class='ocrx_word' id='word_1_811' title='bbox 1343 2573 1498 2601; x_wconf 90' lang='lat' dir='ltr'><strong>divinorum</strong></span> <span class='ocrx_word' id='word_1_812' title='bbox 1516 2570 1708 2598; x_wconf 90' lang='lat' dir='ltr'><strong>mandatorum</strong></span> <span class='ocrx_word' id='word_1_813' title='bbox 1728 2570 1810 2600; x_wconf 87' lang='lat' dir='ltr'><strong>atque</strong></span> 
     </span>
    </p>
   </div>
   <div class='ocr_carea' id='block_1_115' title="bbox 1015 2613 1810 2654">
    <p class='ocr_par' dir='ltr' id='par_1_115' title="bbox 1015 2613 1810 2654">
     <span class='ocr_line' id='line_1_115' title="bbox 1015 2613 1810 2654; baseline -0.015 -4"><span class='ocrx_word' id='word_1_814' title='bbox 1015 2621 1212 2651; x_wconf 89' lang='lat' dir='ltr'><strong>beneﬁciorutu</strong></span> <span class='ocrx_word' id='word_1_815' title='bbox 1229 2619 1434 2654; x_wconf 85' lang='lat' dir='ltr'><strong>contemplatio.</strong></span> <span class='ocrx_word' id='word_1_816' title='bbox 1451 2622 1478 2644; x_wconf 88' lang='lat' dir='ltr'><strong>et</strong></span> <span class='ocrx_word' id='word_1_817' title='bbox 1508 2613 1690 2651; x_wconf 81' lang='lat' dir='ltr'><strong>perscrutatio</strong></span> <span class='ocrx_word' id='word_1_818' title='bbox 1715 2619 1810 2639; x_wconf 86' lang='lat' dir='ltr'><strong>neces-</strong></span> 
     </span>
    </p>
   </div>
   <div class='ocr_carea' id='block_1_116' title="bbox 1016 2657 1808 2700">
    <p class='ocr_par' dir='ltr' id='par_1_116' title="bbox 1016 2657 1808 2700">
     <span class='ocr_line' id='line_1_116' title="bbox 1016 2657 1808 2700; baseline -0.016 -4"><span class='ocrx_word' id='word_1_819' title='bbox 1016 2668 1087 2696; x_wconf 87' lang='lat' dir='ltr'><strong>sarie</strong></span> <span class='ocrx_word' id='word_1_820' title='bbox 1101 2667 1160 2695; x_wconf 82' lang='lat' dir='ltr'><strong>haec</strong></span> <span class='ocrx_word' id='word_1_821' title='bbox 1173 2666 1305 2694; x_wconf 85' lang='lat' dir='ltr'><strong>sacriﬁcia</strong></span> <span class='ocrx_word' id='word_1_822' title='bbox 1324 2673 1373 2700; x_wconf 91' lang='lat' dir='ltr'><strong>pro</strong></span> <span class='ocrx_word' id='word_1_823' title='bbox 1393 2664 1448 2691; x_wconf 89' lang='lat' dir='ltr'><strong>illis</strong></span> <span class='ocrx_word' id='word_1_824' title='bbox 1469 2661 1632 2691; x_wconf 76' lang='lat' dir='ltr'><strong>introduxit,</strong></span> <span class='ocrx_word' id='word_1_825' title='bbox 1650 2666 1710 2694; x_wconf 70' lang='lat' dir='ltr'><strong>qua:</strong></span> <span class='ocrx_word' id='word_1_826' title='bbox 1727 2657 1808 2684; x_wconf 85' lang='lat' dir='ltr'><strong>etiam</strong></span> 
     </span>
    </p>
   </div>
   <div class='ocr_carea' id='block_1_117' title="bbox 1017 2702 1810 2747">
    <p class='ocr_par' dir='ltr' id='par_1_117' title="bbox 1017 2702 1810 2747">
     <span class='ocr_line' id='line_1_117' title="bbox 1017 2702 1810 2747; baseline -0.018 -6"><span class='ocrx_word' id='word_1_827' title='bbox 1017 2713 1100 2741; x_wconf 81' lang='lat' dir='ltr'><strong>David</strong></span> <span class='ocrx_word' id='word_1_828' title='bbox 1124 2712 1238 2747; x_wconf 81' lang='lat' dir='ltr'><strong>exponit</strong></span> <span class='ocrx_word' id='word_1_829' title='bbox 1255 2711 1367 2738; x_wconf 87' lang='lat' dir='ltr'><strong>dicens:</strong></span> <span class='ocrx_word' id='word_1_830' title='bbox 1391 2708 1491 2735; x_wconf 76' lang='lat' dir='ltr'><strong>Beatus</strong></span> <span class='ocrx_word' id='word_1_831' title='bbox 1510 2707 1550 2733; x_wconf 81' lang='lat' dir='ltr'><strong>vir</strong></span> <span class='ocrx_word' id='word_1_832' title='bbox 1568 2706 1613 2741; x_wconf 84' lang='lat' dir='ltr'><strong>qui</strong></span> <span class='ocrx_word' id='word_1_833' title='bbox 1633 2712 1684 2731; x_wconf 85' lang='lat' dir='ltr'><strong>non</strong></span> <span class='ocrx_word' id='word_1_834' title='bbox 1702 2702 1766 2729; x_wconf 81' lang='lat' dir='ltr'><strong>abiit</strong></span> <span class='ocrx_word' id='word_1_835' title='bbox 1782 2702 1810 2741; x_wconf 78' lang='lat' dir='ltr'><strong>in</strong></span> 
     </span>
    </p>
   </div>
   <div class='ocr_carea' id='block_1_118' title="bbox 1017 2749 1809 2793">
    <p class='ocr_par' dir='ltr' id='par_1_118' title="bbox 1017 2749 1809 2793">
     <span class='ocr_line' id='line_1_118' title="bbox 1017 2749 1809 2793; baseline -0.018 -7"><span class='ocrx_word' id='word_1_836' title='bbox 1017 2759 1125 2788; x_wconf 67' lang='lat' dir='ltr'><strong>consilio</strong></span> <span class='ocrx_word' id='word_1_837' title='bbox 1138 2758 1290 2793; x_wconf 83' lang='lat' dir='ltr'><strong>impiorum,</strong></span> <span class='ocrx_word' id='word_1_838' title='bbox 1307 2760 1331 2782; x_wconf 81' lang='grc' dir='ltr'><strong>ιιι</strong></span> <span class='ocrx_word' id='word_1_839' title='bbox 1346 2755 1373 2782; x_wconf 81' lang='lat' dir='ltr'><strong>in</strong></span> <span class='ocrx_word' id='word_1_840' title='bbox 1383 2755 1425 2781; x_wconf 82' lang='lat' dir='ltr'><strong>via</strong></span> <span class='ocrx_word' id='word_1_841' title='bbox 1446 2757 1611 2788; x_wconf 85' lang='lat' dir='ltr'><strong>peccatorum</strong></span> <span class='ocrx_word' id='word_1_842' title='bbox 1627 2758 1676 2777; x_wconf 87' lang='lat' dir='ltr'><strong>non</strong></span> <span class='ocrx_word' id='word_1_843' title='bbox 1692 2749 1772 2779; x_wconf 83' lang='lat' dir='ltr'><strong>stetit,</strong></span> <span class='ocrx_word' id='word_1_844' title='bbox 1785 2751 1809 2773; x_wconf 82' lang='lat' dir='ltr'><strong>et</strong></span> 
     </span>
    </p>
   </div>
   <div class='ocr_carea' id='block_1_119' title="bbox 1019 2793 1810 2838">
    <p class='ocr_par' dir='ltr' id='par_1_119' title="bbox 1019 2793 1810 2838">
     <span class='ocr_line' id='line_1_119' title="bbox 1019 2793 1810 2838; baseline -0.018 -5"><span class='ocrx_word' id='word_1_845' title='bbox 1019 2807 1046 2832; x_wconf 80' lang='lat' dir='ltr'><strong>in</strong></span> <span class='ocrx_word' id='word_1_846' title='bbox 1062 2805 1186 2832; x_wconf 75' lang='lat' dir='ltr'><strong>cathedra</strong></span> <span class='ocrx_word' id='word_1_847' title='bbox 1200 2803 1353 2838; x_wconf 69' lang='lat' dir='ltr'><strong>pestilentia:</strong></span> <span class='ocrx_word' id='word_1_848' title='bbox 1365 2809 1417 2827; x_wconf 80' lang='lat' dir='ltr'><strong>non</strong></span> <span class='ocrx_word' id='word_1_849' title='bbox 1432 2799 1526 2826; x_wconf 67' lang='lat' dir='ltr'><strong>sedit“</strong></span> <span class='ocrx_word' id='word_1_850' title='bbox 1540 2820 1545 2824; x_wconf 87' lang='lat'><strong>.</strong></span> <span class='ocrx_word' id='word_1_851' title='bbox 1563 2796 1640 2830; x_wconf 64' lang='lat' dir='ltr'><strong>Quod</strong></span> <span class='ocrx_word' id='word_1_852' title='bbox 1653 2793 1810 2823; x_wconf 70' lang='lat' dir='ltr'><strong>manifestat</strong></span> 
     </span>
    </p>
   </div>
   <div class='ocr_carea' id='block_1_120' title="bbox 1257 2901 1447 2935">
    <p class='ocr_par' dir='ltr' id='par_1_120' title="bbox 1257 2901 1447 2935">
     <span class='ocr_line' id='line_1_120' title="bbox 1257 2901 1447 2935; baseline -0.021 -4"><span class='ocrx_word' id='word_1_853' title='bbox 1257 2904 1277 2920; x_wconf 87' lang='grc'><strong>¹¹</strong></span> <span class='ocrx_word' id='word_1_854' title='bbox 1295 2902 1367 2931; x_wconf 82' lang='lat' dir='ltr'><strong>Psal.</strong></span> <span class='ocrx_word' id='word_1_855' title='bbox 1385 2910 1405 2935; x_wconf 85' lang='lat' dir='ltr'><strong>t,</strong></span> <span class='ocrx_word' id='word_1_856' title='bbox 1424 2901 1447 2928; x_wconf 90' lang='lat' dir='ltr'><strong>l.</strong></span> 
     </span>
    </p>
   </div>
  </div>
