2052 3146
214 182 275 214 θδυι

806 177 983 208 ΙΙΕΒΥΟΠῘΞ
1006 175 1240 206 PRESBYTERI

1789 170 1842 202 96:1
1859 167 1861 170 ’

215 238 277 274 agni
294 238 455 266 sacriﬁcium
471 237 545 265 omni
560 235 678 264 carentis
690 235 806 264 macula,
819 238 901 268 atque
919 239 1000 267 prop—
1017 237 1038 263 Α
1088 229 1236 263 Quijuvari
1252 227 1395 260 desiderat,
1415 231 1506 254 sancta
1522 226 1653 261 spiritalia
1673 226 1840 261 negligenter

216 290 291 311 terea
308 283 492 311 innocentiam
514 283 635 318 signans.
650 280 701 308 Sed
713 281 740 306 in
755 279 809 313 lege
832 278 937 304 Domini
953 277 1001 312 fuit

216 327 337 353 uolunta:
353 326 454 360 ejus":
473 325 545 352 illius
568 325 694 352 videlicet
707 323 752 358 qui
769 322 896 349 mundam
921 320 1002 346 habet

216 372 369 402 scientiam,
390 379 438 406 per
454 370 712 404 contemplationem
728 367 912 395 innocentium
929 366 1003 400 cogi-

217 416 349 443 tationum
367 416 461 450 quales
473 417 603 450 quosdam
623 414 722 440 Paulus
743 413 828 439 dicit:
844 410 939 446 Legem
953 418 1004 436 non

217 459 350 491 habentes,
363 465 386 486 et
400 467 478 493 opera
489 459 552 493 legis
565 459 662 492 scriptu
678 458 704 484 in
714 456 832 483 cordibus
841 455 896 482 suis
905 454 941 486 ⁵³;
955 461 1004 488 per

218 506 404 540 disciplinatas
429 510 574 539 castusque
588 504 764 538 cogitationes
775 502 1003 532 demonstrantes.

218 551 305 586 qualis
336 550 536 585 quodatntnodo
573 554 614 576 est
639 548 751 575 turturis
785 546 895 574 oblatio.
929 545 1005 572 Unde

218 598 402 633 cognitionem
415 597 524 624 animali
538 596 594 630 ipse
611 595 658 621 Dei
674 594 785 629 spiritus
798 600 847 628 per
859 591 1005 619 Jeremiam

218 642 380 677 prophetam
397 641 486 668 inesse
499 644 672 668 tcstalus'est
688 649 694 666 :
711 640 808 666 Turtur
819 660 826 671 ,
842 643 866 665 et
881 638 1004 669 hirundo,

220 693 244 714 et
261 688 373 718 ciconia,
394 687 570 713 custodierunt
596 691 696 720 tempus
710 686 835 712 adventus
860 684 912 715 sui;
928 691 1008 718 popu-

221 732 261 758 lus
273 737 362 758 autem
372 740 443 757 meus
452 739 502 757 non
516 731 634 766 cognovit
644 731 775 765 judicium
791 729 940 756 Domini“.
954 727 1006 755 Sed

221 778 286 812 quid
303 777 384 803 David
411 777 573 810 supradictis
587 775 707 803 addidit?
732 775 765 801 Et
781 776 807 801 in
831 775 885 809 lege
902 774 1007 801 Domini

222 821 272 854 fuit
290 821 410 847 voluntas
424 821 494 854 ejus,
509 825 533 847 et
548 821 574 846 in
597 820 651 854 lege
663 820 719 853 ejus
734 819 902 846 meditabitur
924 819 965 845 die
976 826 1008 844 ac

222 866 344 893 nocte".
363 865 431 892 lluic
449 873 639 900 comparamus
653 865 817 895 colutubam,
833 871 913 898 quam
930 864 1007 898 quasi

223 912 372 938 meditandi
399 912 452 938 vim
480 911 581 938 habere
606 910 691 937 isaias
713 911 849 945 propheta
875 910 953 941 dicit,
968 910 1007 936 ait
1024 902 1045 928 Β

221 956 310 982 enim:
327 955 399 982 Sicut
410 955 496 989 pullus
510 955 669 987 hirundinis,
693 955 730 981 sic
745 954 877 986 clamabo;
894 954 1006 981 medita-

222 1001 269 1028 bor
279 1006 306 1028 ut
317 1001 435 1028 columba
445 1002 467 1018 ⁵⁸
477 1021 483 1027 .
500 1000 606 1028 invenit
620 1008 683 1036 ergo
709 1000 845 1035 lcgislator
859 1000 940 1032 viam,
960 1008 1008 1034 per

222 1055 303 1081 quam
320 1052 348 1074 et
362 1047 500 1074 ittiirmum
514 1047 646 1073 mundare
658 1046 713 1073 Deo
723 1054 783 1081 qua:
796 1045 881 1081 possit
897 1045 1006 1073 oliorre.

222 1092 257 1120 llt
270 1097 414 1127 propterea
430 1093 498 1127 legis
520 1093 601 1127 hujus
619 1092 814 1127 subsequentia
839 1100 893 1118 non
910 1092 1008 1118 imum-

223 1138 300 1171 tavil,
317 1138 464 1165 ostendens
483 1137 556 1171 quia,
584 1137 636 1164 etsi
656 1144 752 1163 manus
769 1137 929 1171 cujusquam
953 1144 1008 1163 non

224 1183 418 1210 inveniatrhoc
438 1183 509 1217 quod
529 1182 694 1216 ptenitcntia:
717 1182 833 1209 intentio
859 1182 1009 1209 secundum

223 1229 338 1264 primatu
357 1228 488 1255 rationem
499 1227 592 1261 exigit,
607 1227 756 1261 ignoscitur
769 1227 877 1260 quidem
888 1227 924 1258 ci,
941 1227 1010 1254 sicut

224 1281 257 1300 cx
282 1274 440 1300 inﬁrmitate
469 1272 600 1307 patienti:
631 1272 761 1307 prznccpit
783 1277 872 1298 tamen
892 1280 953 1306 qua:
973 1273 1010 1300 illi

223 1319 348 1345 eamdem
359 1318 594 1349 emundatiouem,
606 1319 784 1354 eamdemque
799 1318 964 1347 oblationem
977 1318 1011 1345 ad

226 1364 310 1391 [leum
327 1364 472 1400 proﬂigare
498 1365 612 1399 possint.
642 1365 706 1392 Post
724 1365 782 1392 hate
801 1366 834 1392 ad
849 1365 930 1392 aliam
956 1365 1012 1393 dis-

225 1410 426 1444 pensationem,
445 1410 533 1437 cidem
550 1410 670 1436 materia:
686 1410 880 1443 cohaerentem,
904 1410 1010 1437 transit.

264 1453 346 1480 Vsus.
359 1454 455 1480 55-47.
481 1464 489 1480 ι
508 1453 628 1481 Locutus
644 1459 686 1482 est
705 1454 835 1482 Dominus
850 1455 883 1482 ad
902 1455 1011 1490 Moysen

224 1503 252 1526 et
270 1501 356 1527 Aaron
372 1500 483 1527 dicens:
505 1499 572 1527 Cum
595 1500 708 1535 ingrcssi
739 1500 845 1528 fueritis
861 1500 887 1526 in
912 1505 1012 1527 terram

225 1545 366 1578 Chanaan,
377 1553 458 1579 quant
471 1553 522 1581 ego
533 1546 603 1573 dabo
613 1547 691 1573 vobis
707 1546 733 1573 in
752 1546 972 1580 possessionem:
991 1547 1012 1574 si

226 1592 307 1619 i‘ucrit
323 1593 398 1628 plaga
419 1593 501 1628 lepra;
518 1594 545 1620 in
556 1593 669 1626 aedibus,
687 1593 737 1620 ibit
751 1594 830 1628 cujus
844 1597 886 1621 est
902 1593 1009 1625 domus,

227 1637 356 1665 nuntians
377 1638 523 1668 sacerdoti.
550 1643 578 1666 et
603 1639 675 1666 dicet
695 1648 700 1665 :
719 1638 802 1670 Quasi
825 1638 902 1674 plaga
931 1638 1014 1673 lepra!

226 1682 334 1709 videtur
349 1683 414 1710 mihi
429 1691 490 1710 esse
505 1683 532 1710 in
545 1684 627 1712 domo
640 1692 711 1712 mea.
724 1685 759 1712 At
774 1684 820 1711 ille
833 1683 972 1719 praecipiet
984 1690 1014 1712 ut

226 1729 342 1756 efferant
366 1729 491 1757 universa
503 1730 537 1757 de
560 1730 642 1758 domo
665 1731 823 1765 priusquam
846 1730 1014 1766 ingrediatur

227 1783 301 1805 eam,
321 1780 351 1805 ut
367 1776 455 1803 videat
473 1781 564 1803 utrum
583 1777 657 1812 lepra
675 1777 766 1809 sil,nc
783 1777 922 1804 immunda
949 1777 1015 1804 ﬁant

227 1821 318 1848 omnia
338 1829 399 1855 quat
419 1821 446 1849 in
472 1822 554 1849 domo
573 1827 646 1850 sunt.
669 1821 837 1858 lntrabitque
860 1827 966 1858 postea,
984 1828 1016 1851 ut

227 1866 382 1895 consideret
401 1867 509 1894 domum
523 1867 614 1902 lcpraa.
633 1868 667 1895 Et
686 1877 749 1896 cum
772 1869 868 1896 viderit
883 1869 911 1897 in
925 1871 1015 1905 parie-

228 1911 302 1939 tibus
329 1911 401 1939 illius
414 1913 492 1946 quasi
521 1913 683 1945 valiiculas,
701 1914 814 1949 pallore,
835 1915 895 1943 sive
916 1916 1015 1944 rubore

227 1957 375 1988 (tetrantes,
385 1961 412 1984 ct
424 1957 585 1985 humiliores
604 1958 748 1993 superﬁcie
758 1959 879 1995 reliqua,
891 1961 1015 1996 egredie-

229 2008 272 2029 tur
287 2004 386 2030 ostium
403 2003 512 2035 domus,
540 2008 568 2031 et
590 2005 680 2032 statim
704 2005 812 2034 claudet
828 2014 888 2034 eam
911 2012 1016 2042 septem

228 2049 333 2076 diebus.
352 2049 542 2085 Reversusque
555 2051 598 2078 die
609 2051 736 2086 septituo,
749 2052 932 2081 considerabit
943 2061 1014 2081 eam:

228 2095 250 2121 si
272 2095 409 2123 invenerit
422 2096 543 2123 crevisse
571 2096 686 2132 lepram,
701 2097 807 2132 jubcbit
825 2098 885 2126 erui
900 2099 1015 2134 lapides,

229 2139 257 2166 in
275 2141 374 2174 quibus
386 2141 459 2175 lepra
477 2146 527 2174 est.
543 2147 570 2170 et
585 2143 744 2178 projicieos
770 2148 847 2171 extra
863 2144 1014 2177 civitatem,

230 2185 258 2212 in
270 2185 329 2212 loco
343 2186 493 2219 immundo,
507 2188 617 2215 domum
636 2193 726 2216 autem
742 2189 828 2224 ipsam
844 2190 903 2218 radi
917 2191 1016 2218 intrin-

1054 275 1178 303 tncditari
1192 283 1244 301 ttott
1261 274 1351 304 dchct,
1369 281 1398 300 ea
1411 281 1472 308 quae
1495 272 1611 299 maxime
1631 272 1842 306 circumspicere

1053 322 1077 348 ei
1094 328 1206 348 necesse
1220 325 1271 352 cst,
1290 320 1315 346 iu
1330 320 1429 354 quibus
1450 318 1551 345 inimici
1582 317 1737 352 indoctique
1753 318 1841 345 oii‘cn-

1054 367 1132 394 duut.
1152 366 1220 392 Nam
1237 373 1301 392 ecce
1318 365 1427 399 quidam
1451 364 1477 391 itt
1507 364 1672 399 nupericcta
1701 363 1760 399 lege
1790 364 1842 390 hoc

1055 411 1270 447 reprehendunt,
1283 410 1356 445 quia,
1373 410 1521 437 secundum
1535 409 1606 443 quod
1623 408 1692 435 LXX
1705 411 1841 438 asserunt,

1055 458 1139 484 Deum
1156 457 1291 483 dicentem
1314 456 1416 490 Moyses
1430 455 1596 482 introduxit:
1612 454 1687 481 Dabo
1710 453 1843 480 maculam

1056 501 1136 535 lepra?
1148 501 1176 527 in
1186 501 1304 527 domibus
1314 501 1413 530 vestris,
1430 501 1457 525 in
1471 505 1540 526 terra
1553 500 1731 534 promissionis
1742 504 1841 526 vestra).

1057 547 1187 579 Putasne,
1199 547 1278 578 Dcus,
1296 547 1432 581 inquiunt,
1449 546 1552 572 inducit
1567 546 1656 572 mala?
1671 545 1776 578 Quibus
1800 553 1844 572 re-

1058 593 1236 628 spondemus,
1250 593 1336 620 Etiam
1351 601 1356 618 :
1370 593 1416 619 scd
1429 599 1478 619 nec
1492 592 1580 626 turpia
1590 597 1713 618 suntncc
1723 591 1843 623 maia,ca

1057 647 1118 674 qua:
1127 638 1248 674 aiiligunt
1265 638 1298 665 ad
1322 639 1514 665 cruditioucm.
1531 645 1579 664 seu
1601 645 1680 671 poena
1697 645 1746 671 pro
1767 636 1845 671 juva-

1057 685 1131 712 mine
1145 685 1301 716 constituta,
1321 685 1403 711 veluti
1424 685 1518 715 futues,
1537 689 1616 710 terra:
1627 688 1728 714 motus,
1754 683 1845 710 hiatus

1059 735 1148 763 terrae,
1169 734 1316 764 tempestas
1337 730 1430 760 maris,
1441 730 1540 756 bellum
1555 734 1635 763 atque
1650 729 1757 759 similia,
1775 729 1845 755 sicut

1058 781 1086 803 et
1103 776 1160 811 ipse
1177 783 1225 811 per
1235 777 1394 810 prophetam
1421 776 1503 802 dicit:
1521 775 1576 811 Ego
1595 774 1731 806 Dominus,
1749 778 1773 800 ct
1793 781 1846 799 non

1059 821 1184 853 estalius,
1201 822 1318 856 formans
1338 821 1432 851 lucem,
1444 826 1467 846 et
1483 828 1575 846 creatis
1595 819 1722 850 tenebras,
1748 818 1846 852 faciens

1059 873 1303 901 pacem,etcreuns
1321 867 1436 893 mala".
1466 866 1572 898 Quibus
1599 864 1696 891 similia
1724 868 1751 890 et
1778 863 1847 890 alter

1059 904 1191 947 propheta
1205 912 1286 939 dicit:
1311 911 1378 943 Quia
1405 911 1592 938 descenderunt
1604 910 1709 936 malua
1733 909 1847 936 Domino

1059 956 1204 990 inparium
1226 955 1384 986 Jerusalem,
1403 954 1540 987 tumultus,
1564 954 1698 989 quadriga:
1721 953 1846 987 stuporis,

1059 1001 1191 1027 habitanti
1206 1000 1346 1027 Lac/tis“.
1373 1000 1426 1027 Sed
1440 1004 1467 1026 et
1486 1000 1617 1034 propheta
1643 999 1726 1025 Amos
1746 998 1799 1024 ait:
1818 997 1847 1025 Si

1061 1051 1098 1073 est
1110 1046 1209 1073 malum
1219 1046 1245 1072 in
1259 1046 1371 1078 civitate,
1386 1046 1453 1081 quod
1467 1040 1592 1072 Dominus
1606 1053 1656 1071 non
1668 1045 1727 1080 fecit
1735 1043 1848 1077 “iQua:

1060 1093 1170 1127 quidem
1187 1092 1268 1123 Deus,
1283 1100 1336 1118 non
1351 1097 1379 1118 ut
1398 1096 1505 1124 noceat,
1522 1091 1629 1126 ingerit,
1660 1091 1706 1117 sed
1723 1094 1753 1116 ut
1770 1090 1848 1117 valde

1058 1138 1135 1172 juvct
1150 1138 1306 1166 hominem:
1319 1138 1435 1164 alllictus
1449 1138 1548 1172 quippe
1573 1137 1740 1168 humiliatur,
1756 1135 1848 1162 humi-

1062 1184 1142 1211 liatus
1164 1189 1255 1210 autem
1285 1184 1370 1210 currit
1397 1184 1430 1210 ad
1454 1191 1515 1210 eum
1540 1183 1585 1217 qui
1610 1183 1713 1217 erigere
1741 1186 1848 1216 potest,

1062 1229 1183 1264 dicitque
1198 1237 1259 1256 cutn
1278 1229 1378 1255 David:
1401 1228 1502 1254 Bonum
1518 1229 1590 1260 nti/ti,
1609 1228 1678 1262 quod
1703 1227 1850 1254 humiliasti
1894 1226 1899 1229 ’

1062 1284 1113 1307 me,
1137 1280 1166 1302 ut
1180 1275 1303 1302 discerem
1314 1275 1514 1308 justi/'ctstiours
1530 1274 1634 1304 tuus“,
1650 1278 1677 1299 et
1691 1273 1800 1300 ieSIinat
1816 1273 1850 1299 ad

1063 1321 1212 1352 medicum,
1226 1320 1270 1354 qui
1285 1328 1347 1346 cum
1363 1320 1388 1345 lii
1400 1325 1459 1346 crct
1478 1328 1492 1346 a
1508 1319 1631 1346 vulnere.
1653 1319 1687 1346 Et
1708 1319 1765 1345 lucc
1787 1319 1848 1352 qui-

1065 1368 1127 1395 dem
1138 1367 1175 1394 ita
1185 1374 1214 1394 se
1237 1366 1349 1393 habent.
1380 1365 1433 1393 Sed
1452 1374 1501 1392 nos
1524 1365 1557 1392 ad
1582 1365 1850 1399 contemplationem,

1065 1420 1126 1447 quae
1137 1412 1272 1444 imminet,
1296 1419 1482 1443 recurramus,
1500 1419 1533 1438 ne
1549 1411 1639 1438 forsan
1667 1411 1852 1445 lcgislatorem

1065 1458 1142 1493 quasi
1156 1458 1190 1485 de
1207 1458 1298 1493 lignis,
1309 1463 1335 1485 et
1349 1458 1493 1492 lapidibus,
1509 1462 1536 1484 et
1547 1457 1695 1492 parietibus
1707 1457 1853 1484 inscnsatis

1066 1503 1248 1536 sancientem,
1277 1503 1386 1537 quidam
1406 1510 1500 1530 corum
1524 1503 1569 1537 qui
1594 1503 1665 1529 circa
1688 1503 1852 1530 exteriorem

1065 1548 1228 1583 sapientiam
1244 1553 1346 1580 errant,
1367 1548 1568 1582 reprehendere
1581 1548 1712 1579 nitantur,
1728 1555 1744 1574 a
1754 1547 1853 1582 quibus

1066 1595 1129 1629 quia
1140 1594 1203 1621 mali
1215 1598 1290 1626 sunt,
1306 1594 1376 1621 mala
1391 1594 1472 1621 ctiam
1497 1594 1567 1621 bona
1579 1594 1746 1628 iudicantur.
1775 1593 1854 1620 Nunc

1066 1640 1140 1667 enim
1156 1639 1320 1675 legislatoris
1347 1639 1464 1666 intentio
1491 1644 1542 1671 cst,
1569 1640 1604 1666 de
1625 1639 1696 1666 veris
1727 1639 1855 1665 domibus

1067 1684 1193 1712 videlicet
1215 1692 1247 1712 ca
1265 1685 1337 1712 laesis
1358 1685 1474 1716 sancire,
1493 1684 1520 1711 id
1533 1688 1574 1711 est
1593 1691 1652 1718 qua:
1675 1683 1701 1710 itt
1715 1683 1769 1710 illis
1790 1691 1855 1718 pas-

1067 1730 1159 1757 siones
1173 1730 1318 1762 curabiies,
1332 1729 1458 1757 iucilesve
1470 1727 1502 1757 ad
1514 1729 1745 1760 emundationem,
1761 1736 1856 1764 quaeve

1067 1777 1122 1804 sint
1151 1776 1335 1808 incurabiles,
1362 1776 1631 1810 destructionemqu
1662 1775 1849 1810 plenissimam

1067 1823 1234 1859 ingerentes.
1260 1822 1314 1849 Sed
1332 1819 1428 1849 horum
1450 1822 1560 1849 modum
1581 1821 1721 1853 discimus,
1736 1829 1797 1848 cum
1822 1821 1857 1847 ad

1068 1877 1100 1897 ea
1111 1877 1172 1904 quae
1191 1868 1263 1896 dicta
1277 1872 1353 1901 sunt,
1371 1868 1537 1895 venerimus.
1557 1867 1744 1894 Possessiouis
1755 1870 1856 1893 nostra:

1069 1919 1142 1942 terra
1170 1918 1222 1947 est,
1243 1921 1324 1949 quam
1340 1921 1392 1941 nos
1417 1913 1601 1949 possidemus,
1624 1912 1767 1940 liam-editas
1791 1918 1857 1946 gen-

1070 1961 1149 1988 tium.
1181 1960 1241 1995 Ipsa
1265 1963 1308 1987 est
1333 1959 1405 1987 enim
1428 1964 1522 1986 nostra
1553 1959 1698 1994 possessio,
1724 1958 1774 1985 ctsi
1793 1962 1860 1984 tunc

1069 2007 1189 2034 hostium
1210 2011 1366 2034 nostrorum
1391 2006 1443 2033 iuit
1460 2015 1466 2032 :
1484 2006 1511 2032 in
1534 2006 1585 2032 hac
1613 2005 1685 2032 enim
1710 2012 1761 2031 nos
1784 2004 1858 2030 Dcus

1069 2053 1222 2088 acquisivit,
1237 2057 1265 2080 et
1281 2060 1328 2080 eos
1340 2052 1386 2086 qui
1401 2051 1537 2086 quondam
1552 2059 1607 2078 non
1625 2054 1704 2077 erant
1727 2050 1855 2084 populus,

1069 2107 1143 2125 nunc
1158 2098 1288 2133 populum
1310 2098 1389 2125 habet
1406 2097 1464 2130 Dei,
1492 2101 1602 2132 propter
1627 2096 1699 2130 quod
1723 2096 1861 2130 possessio

1071 2148 1143 2169 recte
1157 2141 1354 2169 nontinabitur.
1372 2140 1409 2167 De
1420 2141 1471 2168 hac
1488 2145 1559 2168 terra
1576 2141 1708 2167 Dominus
1733 2140 1860 2167 diccbat:

1070 2189 1121 2221 Qui
1135 2196 1194 2216 vero
1211 2189 1239 2214 in
1255 2193 1353 2214 terram
1363 2188 1458 2214 bonum
1474 2187 1619 2213 seminatus
1632 2191 1680 2218 est,
1695 2186 1735 2212 hic
1752 2190 1788 2212 est
1813 2186 1859 2220 qui

230 2239 310 2259 secus
324 2240 372 2266 per
390 2232 548 2266 circuitum,
573 2239 601 2261 et
623 2235 713 2270 spargi
745 2235 884 2270 pulverem
915 2244 1015 2264 rasurae
1030 2240 1053 2269 ι)
1068 2235 1142 2265 audit
1153 2234 1257 2261 verbum
1265 2239 1289 2260 et
1300 2232 1573 2267 intelligit“.Domus
1582 2232 1654 2259 enim
1664 2235 1762 2258 nostra
1772 2231 1864 2258 Eccle-

228 2281 305 2305 cxtra
319 2278 425 2312 urbctn,
448 2279 474 2306 in
490 2279 549 2307 loco
560 2280 711 2313 immundo,
727 2281 882 2316 lapidesque
899 2282 967 2309 alios
975 2289 1019 2309 re-

230 2324 294 2359 poni
308 2332 356 2365 pro
371 2324 470 2359 bisqui
496 2326 579 2353 ablati
598 2326 710 2359 iuerint,
727 2330 754 2353 et
780 2326 838 2354 luto
864 2326 918 2354 alio
944 2327 1018 2354 liniri

229 2370 351 2398 domum.
364 2371 412 2398 Sin
424 2376 515 2399 autem
529 2376 676 2407 postquam.
694 2373 764 2399 eruti
780 2377 846 2400 sunt
865 2372 980 2408 lapides,
991 2378 1020 2401 et

231 2415 319 2450 pulvis
339 2417 437 2448 elatus,
453 2423 480 2444 et
493 2417 545 2444 alia
563 2423 635 2444 terra
653 2417 710 2450 lita,
729 2418 867 2453 ingreSsus
893 2419 1020 2447 sacerdos

231 2461 327 2488 viderit
342 2470 479 2489 reversam
491 2463 650 2497 iepram,'et
663 2463 782 2498 parietes
791 2471 916 2499 aspersos
929 2472 1019 2493 macu-

232 2507 274 2539 lis,
294 2506 367 2541 lepra
382 2513 425 2534 est
436 2516 624 2542 perseverans,
640 2514 668 2536 et
679 2510 819 2537 immunda
830 2510 928 2538 domus
939 2517 1021 2546 quam

232 2553 324 2579 statim
347 2553 507 2581 destruent:
536 2559 564 2581 et
579 2554 684 2589 lapides
710 2555 768 2589 ejus
783 2563 815 2582 ac
840 2556 922 2591 ligna,
941 2561 1023 2591 atque

233 2597 391 2625 universum
413 2599 551 2633 pulverem
573 2600 717 2634 projicient
737 2605 811 2628 extra
826 2601 965 2636 oppidum,
995 2602 1021 2628 in

233 2645 293 2671 loco
304 2643 455 2672 immundo.
467 2645 519 2677 Qui
530 2645 670 2673 intraverit
677 2647 799 2679 domutn,
809 2648 919 2682 quando
931 2648 1022 2675 clausa

233 2694 284 2722 est,
307 2691 472 2718 immundus-
488 2692 540 2719 erit
557 2699 642 2727 usque
670 2693 703 2720 ad
731 2701 886 2728 vesperum.
916 2695 949 2721 Et
975 2695 1021 2729 qui

233 2735 375 2762 dormierit
389 2736 416 2762 itt
448 2744 491 2768 ea,
515 2742 542 2764 ct
566 2738 716 2766 comederit
739 2739 887 2774 quidpiam,
923 2741 1023 2768 iuvabit

233 2779 394 2807 vestimenta
414 2789 473 2808 sua.
494 2791 502 2807 I

270 2848 292 2863 "
309 2847 378 2874 Psal.
397 2856 415 2879 ι,
428 2848 455 2875 2.
493 2850 515 2866 ⁵³
531 2850 608 2878 Rom.
625 2859 654 2881 ιι.
672 2852 714 2879 i5.

764 2851 786 2867 “
802 2851 902 2878 .lcrcm.
923 2859 983 2883 vut,
1001 2851 1026 2878 Ἰ.

233 2883 256 2900 ⁵⁸
272 2883 354 2911 Mich.
367 2891 385 2917 ι,
402 2885 442 2917 i2,
463 2885 502 2912 i3.

542 2887 564 2901 ⁶’
583 2889 666 2914 Amos
681 2895 722 2918 tu,
739 2885 764 2913 6.

804 2887 826 2901 "
839 2887 908 2914 Psai.
925 2895 1020 2918 C.\\'tli,
1038 2886 1080 2914 7i.

1070 2284 1119 2311 sia)
1131 2286 1205 2314 sunt,
1220 2282 1254 2308 de
1268 2281 1366 2315 quibus
1380 2278 1480 2306 Paulus
1494 2278 1617 2306 dicebat:
1627 2277 1655 2305 Si
1671 2278 1823 2309 tardavcro,
1834 2283 1863 2303 ut

1070 2329 1140 2356 scias
1149 2328 1277 2363 quomodo
1288 2333 1311 2353 te
1321 2330 1440 2361 oporteat
1451 2327 1476 2352 in
1488 2326 1564 2352 domo
1572 2325 1621 2352 Dei
1634 2324 1792 2355 conversari,
1803 2331 1864 2358 qum

1071 2379 1107 2402 est
1124 2374 1231 2401 ecclesia
1248 2373 1295 2400 Dei
1310 2373 1360 2399 viui
1373 2373 1406 2400 “.
1423 2373 1451 2399 In
1464 2372 1515 2403 his,
1531 2371 1682 2399 secundum
1699 2369 1780 2400 LXX,
1796 2369 1864 2396 dare

1071 2428 1100 2448 se
1116 2419 1248 2447 maculam
1262 2419 1343 2453 lepra:
1357 2418 1427 2445 Deus
1435 2417 1579 2453 promittit.
1593 2416 1670 2450 Quod
1687 2415 1865 2442 ntaniiestaut

1072 2466 1130 2501 ipsa
1142 2464 1302 2500 legislatoris
1322 2465 1419 2495 verba;
1432 2471 1493 2490 cum
1507 2463 1580 2489 enim
1599 2462 1713 2489 dixisset
1727 2470 1733 2487 :
1748 2460 1780 2487 Et
1795 2461 1865 2486 dabo

1073 2511 1204 2538 maculam
1219 2511 1297 2544 lepra:
1308 2511 1334 2536 in
1347 2509 1476 2540 dantibus,
1493 2513 1563 2535 terra
1576 2507 1746 2542 possessionis
1761 2510 1864 2532 nostra.

1074 2559 1108 2585 Et
1124 2558 1207 2584 ueniet
1221 2558 1297 2592 cujus
1320 2562 1356 2584 est
1372 2558 1465 2584 domus
1478 2576 1484 2588 ,
1505 2556 1576 2583 illico
1600 2555 1741 2590 subiunxit
1756 2562 1764 2580 :
1788 2553 1868 2580 Nun-

1075 2602 1145 2629 tians
1155 2602 1297 2633 sacerdoti,
1314 2606 1338 2628 et
1358 2602 1445 2628 dicet:
1471 2599 1553 2632 Quasi
1578 2599 1684 2626 macula
1699 2599 1779 2633 leprtz
1792 2599 1868 2625 vidc-

1075 2651 1117 2673 tur
1132 2646 1196 2673 milii
1208 2647 1301 2673 essein
1328 2647 1406 2672 domo
1425 2653 1494 2672 mea.
1521 2645 1588 2672 "00'
1603 2649 1696 2672 autem
1723 2643 1868 2671 sentientis

1076 2692 1229 2727 passionem
1243 2697 1293 2725 est,
1310 2691 1381 2726 quod
1402 2699 1456 2718 non
1469 2696 1511 2718 est
1522 2691 1640 2726 cujusiib
1657 2695 1668 2717 t
1679 2691 1755 2723 doni,
1769 2694 1797 2716 et
1814 2689 1868 2717 tale

1076 2738 1155 2772 quale
1170 2738 1253 2764 Deum
1268 2738 1400 2765 condccct
1412 2737 1554 2772 itnpcrtiri.
1575 2737 1602 2764 Si
1623 2737 1696 2764 enim
1709 2736 1788 2763 dccct
1806 2743 1867 2762 tne-

1077 2785 1177 2816 dicutn,
1196 2790 1225 2810 ut
1241 2791 1294 2810 non
1307 2783 1438 2810 concedat
1452 2789 1582 2818 aegrotum
1595 2783 1718 2817 quaedam
1728 2780 1868 2808 mortifera

1065 2852 1087 2867 ⁵⁵
1102 2850 1171 2878 Psal.
1190 2859 1207 2878 ι.
1224 2850 1252 2876 9..
1291 2850 1313 2865 "
1328 2850 1380 2877 isa.
1400 2857 1514 2882 xxxviii,
1533 2849 1574 2875 il.
1614 2849 1635 2864 ⁵⁷
1652 2849 1702 2876 Isa.
1721 2856 1781 2880 XLV,
1797 2846 1824 2878 6,
1839 2845 1866 2873 'l.

1121 2886 1141 2902 “
1159 2886 1253 2912 Matth.
1278 2893 1336 2913 χιιι.
1352 2886 1396 2911 25.
1436 2886 1456 2901 ⁶¹
1478 2884 1567 2911 ΙΤὶιιι.
1588 2893 1628 2916 ιιι,
1647 2884 1688 2910 iii.
