2052 3146
155 181 207 212 961

731 187 772 216 ΙΝ
793 187 1016 219 LEVITICUM.
1032 201 1063 204 —
1082 189 1156 219 LIB.
1174 190 1222 220 iV.

1742 197 1792 230 EFﬂ

154 243 250 270 agere,
263 236 343 264 decet
356 243 383 265 ct
394 238 478 265 Deum
493 247 546 266 non
574 239 724 267 concedere
740 241 888 275 peccatori,
910 242 952 269 in-
967 246 988 273 Α
1002 250 1085 277 super
1112 250 1172 275 nos,
1186 244 1304 272 liberans
1318 253 1369 273 nos
1383 247 1417 274 ab
1443 247 1485 274 his
1511 249 1610 283 quibus
1621 250 1795 283 dudum-scr-

154 283 348 316 .eeusibilitatis
361 285 456 310 morbo
478 284 581 312 diutius
606 285 731 318 detineri,
746 294 782 313 ne
796 287 824 313 in
838 286 951 321 profun-

156 328 223 355 dum
233 328 334 355 inferni
352 337 468 363 pt‘Ct'ﬂnS
487 331 514 357 iu
531 335 664 358 a-ternum
690 333 852 372 ruat,.quod
865 333 950 360 David

154 381 238 406 orans
249 374 358 402 dicebat
377 384 382 401 :
404 376 442 401 Ne
455 381 558 404 avertas
570 378 665 412 [aciem
681 384 754 406 lnam
768 388 784 406 a
796 388 847 412 me,
862 384 886 406 et
906 387 950 406 ero

154 419 255 452 sintilis
268 421 482 447 dcsccndrutibus
496 422 522 447 in
536 422 625 448 lacum
650 423 683 449 ⁸³.
696 422 753 450 Hoc
769 424 871 451 donum
887 431 950 451 sett-

153 472 201 493 sus
215 465 345 492 Ecclesiae
356 466 451 492 datur:
465 467 612 503 Syuagogtc
624 474 714 496 autem
729 470 885 498 Iudaeorum
893 479 948 499 non

152 510 245 542 datur,
260 511 333 545 quod
346 513 572 540 manili-stumest
588 521 621 541 ex
635 522 668 541 eo
690 515 762 550 quod
793 516 851 550 ipse
876 516 949 544 Deus

152 565 202 591 per
218 556 290 584 Osee
306 558 467 591 prophetam
481 560 534 585 ait:
553 559 686 592 Quoniam
710 561 761 588 nisi
782 570 841 589 cum
865 571 948 590 mere-

152 602 262 628 tricibus
280 603 461 636 versabantur,
472 612 494 631 et
507 613 566 632 cum
574 606 729 640 eﬂeminatis
747 608 946 642 sacriﬁcabant.

151 647 186 674 Et
201 648 314 682 populus
325 656 376 675 non
392 649 539 685 intelligens
564 652 702 686 vapulabit
715 653 748 679 ⁸⁵.
764 653 798 680 Et
821 661 918 682 rursus
937 662 945 681 :

150 694 229 720 Dedit
246 695 284 721 eis
296 694 365 721 Deus
379 696 502 730 spiritum
518 698 733 732 compunctionis,
750 699 837 726 oculos
852 705 881 726 ut
896 708 946 727 non

150 740 268 774 videant,
282 747 304 768 et
320 750 398 771 aures
409 747 440 770 ut
451 750 503 769 non
512 744 623 771 audiant
637 745 670 770 “.
681 745 771 772 Alium
785 746 867 773 etiam
883 754 946 781 pro-

151 787 263 821 phetam
301 787 465 820 audivimus.
504 789 640 817 dicentem
658 799 664 816 :
683 790 841 818 Clauserunt
858 793 946 820 oculos

150 840 223 863 suos,
237 836 267 858 ut
284 840 335 859 non
349 834 476 865 viderent,
489 839 512 860 et
526 843 603 862 aures
617 844 679 862 suos
693 842 883 872 aggravarunt,
913 846 946 865 ne

150 876 274 903 audirent
285 877 330 902 “z
362 881 456 912 utpote
482 887 496 906 a
519 880 594 914 justo
601 880 694 914 judice
711 889 744 909 ex
755 889 805 909 suo
832 887 944 917 peccato

149 922 313 956 puniuntur.
338 922 460 951 Ecclesia
481 930 573 952 autem
595 934 649 954 non
678 927 716 954 ita
730 947 738 959 ,
764 929 812 956 sed
836 930 944 964 quoties

147 973 255 1003 peccat,
271 968 335 996 facit
348 977 406 997 eam
422 971 492 998 Deus
514 972 615 999 sentire
638 978 790 1007 peccatum.
815 975 893 1004 Unde
914 981 943 1004 et

146 1019 210 1039 eum
218 1013 264 1047 qui
277 1013 303 1040 in
319 1013 449 1042 Corintho
469 1015 620 1043 fornicatus
635 1023 686 1050 cst,
704 1018 804 1047 Paulus
834 1021 942 1049 Satanas

147 1058 270 1090 tradidit.
286 1063 315 1086 ut
327 1059 443 1087 amictus
457 1062 491 1088 ab
506 1069 548 1095 eo,
570 1068 713 1097 peccatum
724 1066 858 1093 sentiret:
875 1067 941 1094 Tra-

145 1104 211 1136 didi,
222 1104 362 1139 inquiens,
381 1114 440 1133 eum
462 1107 507 1141 qui
523 1108 676 1142 Itujusmodi
706 1115 754 1144 est,
768 1112 862 1146 angelo
887 1112 940 1140 Sa-

145 1154 216 1176 tanta
239 1150 268 1176 in
288 1151 424 1177 interitum
448 1154 535 1180 carnis
549 1154 571 1169 ⁸⁷
597 1163 603 1180 :
636 1155 735 1183 similia
756 1158 939 1192 praesentibus

144 1195 310 1230 legislatoris
321 1197 412 1224 verbis
423 1198 527 1230 dicens.
544 1198 577 1226 Et
588 1200 634 1229 hic
643 1201 765 1235 quidem,
784 1204 936 1232 secundum

143 1241 234 1273 LXX,
252 1241 337 1276 Dabo,
351 1243 448 1278 inquit,
463 1245 595 1277 "torulum
614 1247 704 1281 lepra,
719 1255 775 1276 non
791 1251 870 1285 quasi
893 1251 936 1279 iu-

142 1292 256 1322 gerente
268 1289 324 1315 Deo
340 1289 454 1323 lepram,
471 1291 518 1319 sed
539 1293 613 1320 velut
639 1300 784 1323 exercente
798 1301 881 1332 atque
891 1305 936 1325 ar-

142 1338 253 1368 guentc.
270 1334 318 1361 Ille
334 1341 424 1362 autem
449 1337 486 1363 ait
504 1346 511 1365 :
541 1337 649 1366 Tradidi
672 1340 824 1375 lmjusmodi
843 1344 936 1379 angelo

141 1379 269 1412 Satanae;
280 1382 355 1416 atqui
368 1389 510 1417 acceperat
525 1391 588 1412 eum
607 1385 672 1413 olim
682 1394 732 1421 per
742 1387 866 1417 illicitam
879 1390 935 1418 for-

141 1427 319 1461 nicationem,
330 1430 377 1457 sed
399 1436 427 1457 ut
442 1431 538 1466 majori
567 1437 704 1468 potestate
719 1435 753 1462 ab
766 1443 800 1464 eo
817 1438 934 1473 castiga-

141 1477 195 1507 tus,
211 1474 251 1501 ait
266 1475 340 1502 enim
357 1476 408 1502 :In
423 1477 561 1509 interitum
588 1481 687 1513 carnis,
706 1485 736 1508 ut
754 1483 863 1517 spiritus
876 1484 933 1510 sal-

140 1527 185 1546 vus
199 1519 259 1554 ﬁat,
272 1528 381 1548 sensum
395 1523 499 1556 peccati
515 1525 679 1559 perciperet,
689 1526 820 1562 ﬁeretque
836 1537 931 1557 emen-

141 1565 230 1592 datior
247 1574 253 1591 :
270 1567 351 1599 simul
366 1569 447 1595 etiam
468 1575 498 1597 ut
522 1571 746 1601 manifestaretur
770 1574 842 1609 aliis,
862 1583 932 1611 qua-
947 1585 968 1615 ο

144 1617 223 1638 tenus
236 1621 299 1639 eum
314 1613 425 1641 minime
440 1615 560 1644 debeant
578 1618 691 1646 imitari.
709 1619 763 1648 Sed
777 1625 819 1648 est
835 1621 932 1649 domus

140 1658 196 1684 lucc
217 1663 297 1685 teme
313 1661 506 1694 possessionis,
528 1662 555 1690 id
567 1667 609 1690 est
623 1663 754 1692 Ecclesiis
762 1666 932 1696 haereditatis

140 1703 273 1736 gentium.
288 1704 351 1732 Cum
365 1707 475 1741 ingrcssi
487 1708 602 1743 fueritis,
623 1709 725 1745 Moyses
736 1715 760 1738 et
770 1712 863 1740 Aaron
876 1735 884 1746 ,
902 1714 932 1741 in

138 1754 235 1776 terram
252 1749 473 1781 Citattattworttm.
489 1753 620 1786 Quaenam
638 1760 680 1784 est
694 1757 774 1785 haec?
790 1757 877 1791 Quam
885 1768 931 1795 ego

137 1795 204 1824 dabo
218 1796 290 1823 vobis
308 1798 335 1823 in
355 1800 555 1832 possessionem.
580 1801 649 1834 Quia
660 1809 726 1838 ergo
747 1809 853 1839 septem
878 1813 930 1833 nu-

138 1849 212 1876 utero
222 1848 328 1875 gentes,
345 1844 370 1871 id
387 1849 427 1872 est
440 1845 598 1880 Chananaei,
610 1847 758 1883 Pherezaei,
782 1850 928 1887 Gergestei,

136 1888 300 1922 Amori-limi,
328 1888 464 1924 Geliusaai,
489 1891 604 1926 Cetbtei,
628 1899 656 1922 et
668 1894 801 1930 Haradei,
827 1901 928 1926 terram

138 1934 301 1966 promissam
321 1934 437 1964 Abrahae
454 1938 642 1972 possidebant.
665 1941 813 1976 Imaginem
836 1948 927 1972 autem

135 1979 268 2010 gerebant
282 1981 321 2007 hae
337 1986 443 2016 septem
469 1983 624 2018 iniquorum
637 1987 792 2022 spirituum,
809 1989 844 2017 de
865 1991 926 2025 qui-

134 2024 184 2051 bus
200 2025 334 2053 Dominus
347 2027 375 2054 in
389 2028 544 2065 Evangeliis
555 2031 621 2060 dicit
633 2040 640 2058 :
668 2033 733 2061 Cum
752 2036 863 2069 spiritus
874 2024 926 2064 im—

134 2072 247 2098 mundus
269 2073 361 2100 exierit
375 2074 409 2101 ab
421 2075 535 2109 homine,
552 2083 667 2106 aestimet
679 2080 745 2107 alios
760 2086 858 2116 septem
869 2085 919 2117 spi-

134 2116 211 2149 ritus,
227 2118 364 2152 nequiores
374 2128 412 2153 se,
426 2125 451 2147 et
462 2120 567 2149 habitat
579 2123 607 2150 in
621 2124 734 2159 homine,
752 2127 826 2162 cujus
839 2129 926 2155 novis-

131 2162 200 2189 sima
229 2168 292 2190 sunt
310 2165 441 2193 deteriora
464 2168 595 2202 prioribus
609 2169 641 2197 ⁸³.
663 2170 694 2198 Hi
710 2177 800 2200 autem
813 2173 924 2208 spiritus

132 2215 225 2235 veram
255 2213 356 2237 terram
370 2212 533 2246 promissam
558 2214 610 2249 ipsi
626 2216 752 2251 Abrahte,
768 2219 793 2246 id
808 2225 849 2247 est
859 2228 924 2256 gen-

1002 288 1153 322 viebamus,
1167 295 1237 318 utet
1253 291 1279 317 hi
1293 291 1338 326 qui
1360 299 1393 318 ex
1419 294 1566 327 generibus
1590 301 1665 328 sunt,
1690 298 1795 331 possint

1002 333 1079 361 Isaia:
1092 334 1236 362 Canticum
1243 336 1335 364 dicere
1351 345 1357 362 :
1373 337 1485 366 Domine
1497 339 1567 367 Deus
1586 346 1682 374 noster,
1698 350 1794 376 θροηθ-

1000 380 1093 407 derunt
1108 389 1154 408 nos
1167 382 1267 408 domini
1283 383 1379 417 absque
1389 388 1423 416 te,
1437 390 1542 412 tantum
1553 387 1580 412 in
1592 392 1616 413 te
1625 389 1792 415 recordemur

1000 426 1113 452 nominis
1125 428 1164 453 tui
1178 428 1210 453 7°.
1222 427 1396 464 Quaecunque
1413 436 1504 458 autem
1519 432 1578 467 ejus
1591 435 1730 468 possessio
1738 440 1790 468 est,

999 471 1081 498 etiam
1094 480 1234 500 servorum
1259 474 1501 511 ministrorumque
1515 478 1574 512 ejus
1589 480 1684 512 procul
1706 480 1792 508 dubio

998 520 1050 543 est.
1064 516 1135 552 Ergo
1148 519 1256 552 quando
1268 521 1410 555 prophetae
1433 527 1459 548 et
1471 522 1512 549 lex
1527 523 1554 549 in
1568 524 1689 559 gentium
1703 525 1788 553 haere-

998 561 1111 590 ditatem
1135 564 1251 598 ingressi
1279 565 1391 597 fuerint,
1417 567 1603 596 ministrantes
1628 570 1789 605 evangelica:

997 608 1196 643 pmdicationi,
1223 615 1251 638 et
1275 619 1308 638 ea
1333 619 1393 646 qua:
1417 621 1490 640 nunc
1515 614 1549 641 de
1575 615 1790 651 intelligibilibus

997 654 1125 682 domibus
1138 656 1210 684 dicta
1225 662 1299 691 sunt,
1314 666 1446 694 apparere
1459 661 1610 694 potuerint.

1033 711 1085 738 Ibit
1099 712 1174 747 cujus
1186 719 1224 740 est
1238 715 1340 746 donius,
1359 716 1484 743 nuntians
1492 718 1636 751 sacerdoti,
1655 724 1680 746 et
1696 720 1764 748 dicet
1778 729 1789 748 .'

996 757 1080 790 Quasi
1092 758 1173 794 plaga
1192 759 1271 794 leprw
1282 762 1385 787 videtur
1419 762 1482 788 milii
1508 771 1562 790 csse
1570 764 1596 790 in
1616 765 1693 791 domo
1717 773 1787 793 mea.

995 804 1062 837 Quae
1075 805 1147 832 enim
1162 811 1226 834 sunt
1239 807 1395 835 domestica
1416 808 1554 841 Ecclesia},
1586 815 1615 837 ut
1644 816 1787 846 propterea

995 850 1066 878 dicat
1083 859 1090 877 :

1032 915 1086 943 Ibit
1105 918 1182 952 cujus
1195 923 1231 945 est
1248 919 1351 946 domus.
1376 921 1526 948 Audiamus
1550 922 1663 950 Paulum
1691 923 1787 950 dicen-

996 965 1048 989 tem
1065 970 1071 988 :
1096 961 1219 991 Salutate
1234 964 1365 998 Priscum,
1380 971 1405 993 ct
1427 967 1563 1002 Aquilam,
1578 973 1602 994 et
1615 969 1786 1000 domesticam

994 1015 1083 1034 eorum
1109 1009 1245 1037 ecclesiam
1257 1011 1289 1038 '“.
1304 1011 1355 1045 Qui
1382 1021 1447 1048 ergo
1461 1014 1524 1040 huic
1545 1019 1653 1049 praeest,
1665 1015 1688 1042 si
1703 1016 1787 1044 sentit

992 1051 1096 1088 lepram
1106 1053 1314 1090 intelligibilem,
1342 1057 1367 1084 id
1388 1062 1438 1087 est.
1453 1058 1474 1085 si
1489 1059 1566 1086 make
1579 1064 1606 1086 et
1620 1060 1710 1094 impiae
1735 1060 1784 1088 do-

992 1100 1085 1127 ctrina:
1112 1108 1224 1128 sensum
1242 1104 1397 1138 quempiam
1418 1105 1784 1139 comprehenderit:timens

990 1155 1025 1174 ne
1038 1147 1089 1175 hoc
1102 1149 1174 1183 quod
1185 1150 1289 1177 studuit
1302 1151 1336 1177 ad
1345 1151 1489 1185 justitiam,
1501 1151 1545 1179 iiut
1559 1153 1582 1179 ei
1594 1153 1626 1179 ad
1637 1153 1782 1187 judiciumv

989 1194 1124 1221 veniatad
1138 1196 1319 1229 sacerdotem,
1346 1197 1392 1230 qui
1418 1197 1574 1225 discernere
1600 1203 1699 1233 potest,
1723 1199 1783 1233 ipse

988 1239 1062 1267 enim
1075 1247 1131 1267 non
1146 1240 1269 1268 absolute
1290 1242 1416 1269 sacerdos
1437 1248 1488 1275 est,
1506 1243 1579 1277 quod
1605 1243 1781 1271 manifestum

988 1289 1030 1312 est
1044 1293 1077 1313 ex
1090 1285 1134 1313 his
1147 1295 1208 1321 qua:
1227 1295 1322 1315 rursus
1337 1289 1436 1316 Paulus
1455 1290 1487 1315 ad
1502 1290 1678 1318 Colosscnses
1693 1291 1782 1327 scrip-

987 1331 1023 1359 sit
1037 1339 1045 1358 :
1059 1331 1180 1359 Salutate
1192 1333 1352 1368 Nympham,
1380 1340 1405 1362 ct
1427 1337 1597 1364 domesticam
1619 1338 1676 1372 ejus
1701 1338 1783 1365 eccle-

986 1377 1055 1404 siam
1067 1378 1102 1404 ⁷².
1134 1377 1204 1410 Quia
1230 1379 1307 1405 multi
1341 1386 1453 1415 propter
1478 1383 1565 1409 zelum
1600 1387 1628 1410 et
1652 1384 1782 1418 pietatem

986 1424 1118 1452 ecclesias
1132 1424 1296 1452 domesticas
1310 1427 1520 1459 constituentes,
1545 1429 1572 1455 in
1587 1429 1627 1456 eis
1653 1430 1780 1459 doctores

985 1469 1151 1504 divinorum,
1166 1471 1370 1506 ministrosque,
1384 1480 1490 1500 necnon
1505 1474 1538 1501 ad
1555 1476 1780 1504 connuunionem

985 1520 1069 1550 atque
1084 1517 1294 1545 exsultationem
1315 1526 1409 1546 eorum
1423 1522 1630 1553 convenientes,
1646 1522 1779 1558 suscipio.

984 1560 1061 1588 bant.
1081 1562 1107 1589 ls
1129 1570 1194 1598 ergo
1220 1564 1266 1598 qui
1281 1564 1502 1599 hujusmodicsl,
1525 1566 1576 1593 ibit
1589 1567 1623 1594 ad
1652 1575 1715 1595 eum
1729 1570 1775 1603 qui

984 1607 1042 1634 veri
1056 1608 1201 1636 sacerdotii
1214 1610 1327 1644 ligurum
1339 1611 1418 1646 gerit,
1433 1611 1528 1645 quales
1541 1612 1653 1640 luerunt
1665 1613 1776 1648 Petrus,

984 1654 1027 1681 vel
1048 1655 1159 1688 Paulus,
1175 1655 1218 1682 vel
1239 1655 1409 1690 Timethcus,
1441 1659 1589 1693 canorique
1613 1660 1659 1695 qui
1681 1668 1777 1689 eorum

983 1700 1136 1728 doctrinam
1159 1701 1331 1736 virtutesque
1347 1703 1548 1737 custodierunt,
1576 1705 1777 1741 irreprehcnsi—

981 1746 1050 1774 biles
1065 1752 1269 1782 permanentes.
1282 1747 1389 1783 Oportet
1405 1749 1473 1776 enim
1498 1751 1648 1785 episcopum
1662 1752 1779 1787 irrepre-

981 1791 1130 1819 ltemibilcm
1147 1801 1200 1820 esse
1213 1794 1247 1826 ⁷³,
1265 1799 1295 1822 ut
1313 1800 1458 1829 propterea
1473 1796 1560 1830 possit
1585 1798 1675 1825 aliena
1701 1798 1777 1832 judi-

981 1846 1044 1866 care
1055 1844 1177 1874 peccata.
1202 1840 1236 1867 Et
1250 1841 1327 1868 dicet
1341 1850 1347 1868 :
1364 1841 1447 1874 Quasi
1471 1843 1550 1877 plaga
1568 1843 1648 1878 lepra;
1671 1845 1776 1872 videtur

980 1884 1044 1910 milii
1056 1892 1112 1911 esse
1125 1885 1152 1910 in
1165 1885 1252 1917 domo,
1271 1885 1298 1912 id
1312 1889 1363 1917 est,
1376 1894 1473 1913 sensus
1489 1887 1579 1921 impiae
1590 1887 1722 1915 doctrina!
1745 1889 1772 1915 in

979 1937 1040 1956 mea
1055 1929 1209 1957 domestica-
1223 1936 1335 1965 apparet
1359 1932 1492 1959 Ecclesia.
1514 1933 1547 1959 At
1565 1933 1609 1960 ille
1625 1933 1771 1967 pra'cipiet,

978 1980 1007 2002 ut
1016 1976 1272 2010 auferantuuiversu
1290 1978 1322 2003 de
1339 1977 1434 2010 domo;
1451 1978 1508 2005 sive
1532 1983 1562 2006 ut
1589 1979 1660 2005 LXX
1674 1980 1770 2012 edunt,

978 2019 1013 2047 Et
1026 2021 1159 2054 prwcipiet
1174 2022 1296 2048 sacerdos
1310 2023 1426 2057 detegere
1436 2025 1555 2054 domum,
1570 2029 1657 2051 etnon
1668 2025 1771 2059 ﬂorcbit

977 2067 1003 2093 in
1020 2069 1123 2094 omnem
1151 2067 1275 2100 domum;
1302 2068 1329 2095 id
1356 2072 1427 2096 est:
1458 2068 1600 2104 Praecipiet
1641 2071 1771 2098 recedere

976 2119 1085 2139 omnem
1104 2111 1233 2146 populum
1245 2113 1291 2147 qui
1313 2113 1340 2140 in
1358 2121 1390 2140 ea
1405 2113 1591 2149 colligebatur.
1607 2114 1656 2142 Hic
1671 2120 1713 2143 est
1730 2121 1770 2143 te-

976 2162 1050 2184 ctum
1066 2156 1172 2189 domus,
1190 2157 1247 2184 sive
1262 2158 1439 2192 iustructura,
1457 2161 1610 2195 secundum
1623 2162 1694 2197 quod
1711 2163 1768 2190 free

975 2207 1090 2237 quenter
1104 2203 1283 2235 ostendimus.
1301 2204 1445 2233 Discedere
1459 2211 1551 2234 autem
1568 2215 1616 2236 eos
1628 2209 1765 2244 praecepit,

131 2254 199 2281 tium
227 2255 413 2285 haereditatem
442 2260 627 2294 possidebant,
653 2263 704 2298 ipsi
729 2249 801 2292 enim
820 2249 922 2295 dietum
940 2249 1002 2279 Dm
1028 2253 1070 2298 6.“
1103 2257 1185 2298 Oper?
1206 2251 1364 2298 (is‘Endgl-e’
1392 2252 1464 2286 quad
1493 2253 1575 2280 alieni
1592 2254 1765 2287 Simamalo’

129 2305 172 2326 est
198 2308 206 2326 :
235 2301 306 2333 Quia
332 2308 436 2337 patrem
461 2305 607 2334 multarum
631 2310 748 2344 gentium
762 2313 837 2344 positi
850 2318 874 2340 te
887 2313 922 2340 “.

130 2345 246 2378 Quando
255 2347 360 2383 Moyses
372 2354 400 2377 et
412 2350 512 2384 Aaron,
526 2353 568 2379 lex
581 2353 708 2382 videlicet
730 2361 757 2383 et
770 2358 920 2392 prophetat,

132 2391 229 2419 horum
244 2393 317 2422 enim
332 2394 444 2430 ﬁguram
469 2398 495 2425 hi
521 2404 629 2434 gerunt,
655 2401 718 2436 quia
731 2391 828 2430 Aaron,
848 2404 922 2441 Moy-

130 2445 201 2470 seos,
222 2439 269 2473 qui
295 2439 407 2475 ﬁguram
434 2443 500 2481 legis
511 2445 580 2480 gerit
605 2447 736 2482 propheta
748 2456 809 2477 esse
832 2439 921 2479 dictus

129 2488 180 2515 est,
194 2485 312 2519 ingrcssi
326 2486 429 2515 iuerint
441 2488 512 2517 inter
531 2496 637 2526 gentes,
652 2498 718 2521 tunc
731 2502 780 2529 per
792 2503 839 2523 eos
848 2496 922 2523 Deus

130 2529 301 2562 tyrannidem
315 2532 470 2562 obtinentes
484 2535 510 2562 in
523 2537 661 2571 gentibus,
676 2539 722 2572 qui
737 2544 803 2567 sunt
819 2540 921 2568 intelli-

130 2574 233 2607 gibiles,
249 2574 419 2611 Chananaeos
431 2580 694 2617 pratdictosexpellit
710 2585 823 2618 spiritus
838 2593 844 2612 :
859 2594 922 2621 pos-

129 2620 279 2648 sessionem
291 2624 464 2660 autem-legis
476 2631 504 2653 et
516 2629 723 2663 prophetarum,
737 2635 765 2658 et
780 2631 838 2659 haec
850 2620 921 2666 prse-

128 2664 277 2694 dicandum
292 2667 350 2702 ipse
361 2676 421 2697 esse
434 2673 558 2700 concedit
570 2679 673 2709 gentes,
692 2675 738 2710 qui
750 2684 796 2704 eas
810 2664 920 2713 proprio

129 2711 270 2746 sanguine,
286 2717 340 2748 tam
358 2723 406 2749 per
419 2717 583 2746 oblationem
599 2711 823 2756 regenerationis,
836 2711 916 2758 quam

130 2758 336 2786 renovationem
350 2762 436 2789 sancti
456 2762 584 2798 Spiritus,
597 2773 678 2800 quem
696 2767 793 2796 ell'udit
809 2769 916 2797 abunde

162 2853 368 2894 "_Rsal.__cxt.tt,
384 2859 408 2885 7.
457 2859 480 2874 “
492 2859 561 2887 Osee
573 2870 609 2894 tv,
624 2863 665 2889 ll.

130 2886 173 2919 45,
187 2890 230 2917 44.
270 2892 292 2906 "
308 2886 378 2919 Gen.
396 2901 462 2926 xvtt,
479 2886 506 2922 ιζ
520 2886 633 2924 νῗτῗοίῐέιιξ
645 2886 726 2931 ἶχνι,

714 2864 736 2879 ⁸⁵
756 2863 834 2892 Rom.
855 2873 892 2894 ιι,
912 2866 938 2892 8.

826 2901 846 2915 τ’
864 2900 941 2927 liom.
959 2909 1013 2935 xvt,
1033 2903 1073 2929 l9.

976 2295 1048 2330 quod
1066 2296 1190 2330 apparuit
1211 2297 1238 2323 in
1256 2296 1387 2330 Ecclesia,
1422 2302 1451 2325 et
1478 2306 1532 2326 non
1564 2301 1768 2328 communicent

976 2349 1075 2376 ptume,
1091 2350 1152 2376 quae
1167 2347 1210 2369 est
1221 2342 1311 2377 impiis
1336 2343 1494 2378 ingerenda.
1514 2343 1630 2380 Propter
1641 2347 1714 2380 quod
1739 2353 1767 2374 et

975 2388 1090 2422 Moyses,
1105 2389 1213 2423 quando
1237 2389 1341 2417 Dathan
1356 2395 1383 2417 et
1412 2391 1515 2418 Abiron
1537 2392 1570 2419 ad
1598 2394 1765 2426 puniendum

975 2439 1057 2469 atque
1068 2434 1279 2462 discernendum
1291 2436 1459 2464 deducturus
1474 2443 1542 2470 erat,
1555 2439 1684 2466 recedere
1703 2441 1766 2467 reli-

974 2487 1055 2514 quam
1071 2480 1283 2513 multitudinem,
1303 2486 1333 2510 ut
1355 2490 1408 2509 non
1426 2483 1573 2518 participes
1592 2484 1767 2513 edicerentur

973 2533 1069 2559 ptume,
1092 2527 1221 2561 praecepit
1237 2535 1243 2553 :
1261 2527 1312 2556 hoc
1326 2532 1368 2556 est
1382 2529 1456 2556 enim
1473 2530 1545 2564 quod
1563 2531 1602 2558 ait
1623 2539 1629 2556 :

1006 2582 1193 2609 Neimmunda
1211 2583 1278 2618 fiant
1292 2585 1380 2612 omnia
1413 2594 1471 2620 qua:
1488 2586 1514 2613 in
1526 2587 1602 2614 (lauto
1617 2593 1687 2617 stitit.
1717 2588 1764 2616 In—

973 2628 1105 2664 trabitque
1120 2633 1209 2663 postea
1228 2630 1296 2656 idem
1307 2632 1439 2665 sacerdos,
1455 2637 1484 2659 ut
1509 2635 1654 2661 consideret
1671 2636 1764 2662 domus

974 2675 1085 2709 lepram.
1102 2676 1135 2702 Et
1145 2684 1203 2703 cum
1214 2677 1308 2704 viderit
1324 2678 1352 2704 in
1363 2680 1509 2714 parietibus
1523 2681 1605 2714 illius,
1618 2683 1694 2716 quasi
1706 2682 1764 2708 vul-

974 2722 1077 2754 liculas,
1093 2723 1196 2757 pallore
1206 2724 1258 2751 sive
1268 2725 1363 2752 rubore
1370 2726 1511 2760 deformes.
1527 2726 1648 2755 Parit-tes
1666 2729 1764 2756 domus

973 2771 1047 2794 recte
1062 2768 1190 2797 dicuntur
1203 2770 1230 2797 lii
1242 2771 1287 2806 qui
1303 2779 1361 2798 eam
1380 2773 1533 2806 continent,
1546 2774 1571 2801 id
1589 2779 1640 2806 est,
1652 2775 1763 2802 ordines

992 2867 1014 2881 ⁶⁶
1033 2867 1146 2895 Zachar.
1161 2877 1208 2898 vn.
1227 2869 1270 2896 ll.

1311 2870 1332 2885 ⁸⁷
1347 2870 1435 2910 [ρον.
1453 2873 1546 2910 Υ)
1560 2874 1582 2889 ⁸³
1597 2874 1693 2902 Matth.
1710 2883 1759 2910 Ill,

1130 2904 1153 2919 '”
1170 2905 1273 2932 (Soloss.
1294 2913 1330 2936 tv,
1352 2906 1395 2933 l5.

1454 2907 1494 2934 "l
1517 2908 1584 2936 ’l‘im.
1603 2917 1645 2940 Ill,
1660 2911 1688 2937 ‘2.
