2052 3146
247 193 300 226 963

247 247 339 274 divina
353 244 500 273 dicentium
512 248 594 278 atque
608 242 775 271 docentium.
811 241 849 269 Ex
869 243 911 270 his
937 243 1038 278 quippe
1053 245 1075 273 Α

249 299 312 320 vere
326 290 451 319 consistit
483 289 616 322 Ecclesia,
638 293 666 316 et
690 297 745 316 non
763 288 835 316 sicut
851 289 962 323 quidam
987 296 1039 323 pu-

249 342 316 370 tant,
333 345 366 364 ex
387 336 466 371 lignis
486 340 568 370 atque
583 335 730 370 lapidibus.
757 335 834 363 Unde
866 339 894 362 et
921 334 1037 370 Moyses,

246 383 356 417 quando
370 382 498 417 colligere
525 381 674 417 jubebatur
701 381 863 413 Ecclesiam,
885 389 940 408 non
956 381 1038 416 ligna,

246 433 274 455 et
292 427 404 462 lapides,
418 431 571 461 cmteraque
586 427 696 457 similia,
710 427 758 454 sed
773 426 891 461 plebem,
905 426 1038 458 seniores,

247 473 410 507 Levitasque
424 473 604 500 convocabat.
620 472 777 499 Secundum
795 479 876 506 quam
896 472 977 499 etiam
996 479 1041 498 ra-

248 518 362 549 tionem,
376 517 508 550 Iacobus,
532 522 560 545 et
576 517 694 552 Cepbas,
709 522 737 544 et
763 516 883 544 Joannes
908 517 1041 544 columnae

247 565 377 592 Ecclesia:
392 565 568 592 dicebantur.
594 564 666 599 Ergo
681 564 802 598 parietes
822 567 897 590 recte
924 563 1040 590 ministri

247 619 399 643 sacrorum,
414 611 620 645 doctoresque:
655 614 750 645 utpote
785 610 836 645 ipsi
864 610 1041 638 stabilitatem

250 657 378 684 Ecclesiae
390 656 536 683 fulcientes
565 661 594 683 ut
611 656 718 691 plebem
744 656 946 690 quodammodo
971 655 1042 682 intra

248 704 412 738 semctipsos
430 703 600 738 colligentes.
615 703 833 735 Pallensautem,
851 709 900 729 seu
917 706 946 729 ut
960 701 1041 734 LXX,

247 749 381 781 viridans,
393 753 421 776 et
434 749 587 776 rubicunda
601 749 707 775 macula
720 746 808 782 qualis
819 755 913 782 quzeve
923 747 968 780 sit,
978 747 1043 774 satis

250 795 446 829 interpretatio
464 795 645 828 praecedentis
656 793 806 820 sanctionis
822 793 953 820 ostendit.
977 792 1044 819 Esse

248 841 322 868 enim
343 841 414 867 illam
431 848 527 867 vanam
554 841 667 875 gloriam
700 844 782 874 atque
811 839 967 874 superbiam
996 839 1044 865 de-

249 886 423 912 monstravit.
441 885 477 911 Ex
493 885 592 919 quibus
626 884 743 911 maxime
777 884 898 919 parietes
915 883 1044 911 Ecclesiae

249 938 402 966 corpusque
429 923 507 958 sacra
541 931 756 958 ministrantium
784 931 982 964 doctorumque
1010 929 1044 957 ad

250 977 335 1004 malas
365 985 397 1004 ac
423 971 551 1009 nefarias,
568 976 721 1011 impiasquc
747 975 887 1002 doctrinas
919 982 1046 1010 prorum-

249 1028 329 1059 punt.
355 1023 383 1050 Si
399 1031 464 1058 ergo
494 1028 635 1058 aspectum
656 1023 802 1058 parietum,
832 1022 971 1050 valliculas
997 1029 1045 1048 seu

249 1070 335 1097 fossas
352 1070 508 1101 habentem,
526 1070 552 1097 id
568 1075 620 1102 est,
637 1070 659 1097 si
691 1069 836 1096 humiliora
865 1076 943 1095 sacra
963 1066 1044 1094 mini-

249 1116 405 1148 strantium,
420 1116 461 1143 vel
480 1116 672 1151 magistrorum
700 1116 871 1150 opinionem,
900 1114 1044 1142 valescen-

250 1165 360 1195 temque
375 1160 577 1195 quodammodo
591 1167 624 1187 ex
641 1160 842 1194 comprehenso
855 1164 968 1194 peccato
980 1166 1044 1192 per-

248 1206 381 1242 spexerit,
399 1206 559 1240 Egredietur
572 1206 668 1232 ostium
697 1206 800 1237 domus,
821 1209 845 1231 et
862 1205 954 1230 statim
969 1203 1046 1230 clau-

249 1248 297 1279 del
307 1261 367 1279 eam
377 1257 475 1285 septem
488 1251 588 1279 diebus.
616 1251 747 1279 Ecclesia:
771 1251 941 1278 moderatam
970 1251 1047 1286 inge-

250 1298 559 1333 rensincrepationem,
576 1306 629 1332 qua
660 1297 829 1332 pmnitentiae
857 1297 971 1332 percipit
1001 1305 1048 1325 ve-

250 1343 334 1376 niam,
353 1348 379 1370 et
392 1343 554 1371 absolvitur.
569 1342 748 1378 Septenarius
763 1351 829 1378 ergo
849 1350 979 1369 numerus
988 1349 1048 1377 pec-

251 1389 304 1416 cati
325 1390 432 1416 veniam
453 1389 600 1424 signiﬁcat.

286 1435 464 1470 Reuersusque
478 1435 520 1461 die
539 1435 650 1470 septima
666 1435 842 1461 considerabit
859 1443 918 1461 eum
941 1436 983 1462 :si
1008 1436 1049 1462 iu-

251 1481 349 1508 venerit
359 1482 469 1508 crevisse
481 1481 593 1515 lepram,
604 1481 705 1515 jubebit
720 1481 777 1508 erui
787 1481 899 1515 lapides,
915 1482 942 1507 in
955 1481 1048 1516 quibus

251 1525 326 1562 lepra
336 1532 385 1560 est,
397 1531 420 1553 et
431 1527 527 1561 projici
539 1535 582 1554 eos
597 1531 672 1554 extra
685 1527 817 1553 civitatem
832 1527 859 1552 in
867 1526 924 1553 loco
932 1527 1049 1553 immun-

252 1572 296 1598 do.
330 1572 365 1599 Et
382 1571 444 1603 hoc,
473 1571 536 1606 quia
551 1570 676 1598 diﬁusam
693 1571 829 1598 maculam
852 1578 908 1598 non
935 1571 1048 1604 invenit,
1064 1578 1085 1607 ο

253 1625 306 1645 nec
319 1617 517 1644 esuberantem
552 1616 735 1652 impietatem,
754 1617 781 1644 id
803 1621 857 1649 est,
875 1616 918 1644 his
936 1617 1047 1651 quidem

253 1663 300 1698 qui
313 1666 507 1697 peccaverunt,
517 1666 610 1697 utpote
627 1662 838 1697 ptenitentibus,
850 1662 966 1698 ignoscit
979 1667 1006 1690 et
1019 1667 1049 1691 ut

254 1715 288 1735 ex
301 1708 459 1735 inﬁrmitate
473 1708 662 1743 peccantibus.
693 1709 822 1744 Dogmata
844 1713 935 1736 autem
949 1713 977 1736 ct
989 1717 1050 1744 syn-

255 1757 416 1789 grammata,
433 1753 461 1780 in
475 1753 573 1788 quibus
587 1758 630 1781 est
649 1754 827 1789 intelligibilis
853 1755 944 1790 leprm,
954 1755 1050 1782 videli-

255 1803 299 1826 cet
314 1799 462 1834 impietatis
477 1799 594 1831 macula,
621 1799 680 1827 haec
703 1807 759 1827 non
784 1800 873 1827 solum
901 1805 978 1839 extra
999 1801 1049 1828 do-

254 1853 341 1878 mum,
362 1846 409 1872 sed
424 1849 500 1872 extra
517 1845 655 1873 civitatem
668 1850 740 1873 recte
752 1846 911 1881 projiciunt,
929 1854 985 1874 non
1003 1854 1049 1874 so-

255 1891 311 1917 lum
325 1891 358 1917 de
371 1899 424 1918 una
440 1890 571 1923 Ecclesia,
585 1891 634 1919 sed
652 1892 686 1919 de
716 1892 865 1919 universali
896 1893 1047 1928 ejicientes.

259 1936 429 1964 Universalis
451 1937 524 1964 enim
547 1937 668 1964 Ecclesia
692 1937 846 1965 Jerusalem
874 1943 926 1970 est,
955 1938 1050 1966 civitas

257 1983 303 2010 Dei
316 1983 380 2015 vivi,
402 1990 463 2017 quae
475 1983 599 2011 continet
612 1984 761 2011 Ecclesiam
776 1985 1050 2019 primitivorumcon-

255 2027 385 2062 scriptam
397 2028 425 2054 in
442 2027 564 2055 collis“.
591 2027 776 2061 Quamobrem
799 2030 883 2056 etiam
907 2030 936 2057 in
960 2031 1049 2058 lorum

256 2075 427 2102 immundum
440 2074 600 2110 projiciunt,
611 2075 684 2102 inter
711 2075 906 2103 haereticorum
922 2077 1052 2104 videlicet

255 2120 446 2148 conventicula
460 2128 468 2146 :
481 2119 526 2147 hic
537 2125 580 2148 est
590 2121 664 2147 enim
693 2120 779 2154 locus,
790 2121 959 2154 immundus,
988 2114 1051 2157 quia

256 2165 348 2192 omnia
371 2164 469 2199 recipit
503 2165 629 2201 dogmata
661 2165 820 2200 impietatis.
844 2167 878 2194 Et
895 2167 960 2202 quid
989 2173 1051 2203 post

257 2209 334 2238 haec?

293 2256 406 2283 Domum
421 2261 511 2284 autem
526 2257 612 2292 ipsum
635 2258 696 2285 radi
709 2259 870 2286 intrinsecus
886 2268 934 2294 per
949 2261 1050 2287 circui-
1066 2248 1088 2276 D

257 2307 324 2334 tum,
340 2308 364 2328 et
376 2303 468 2337 spargi
480 2303 613 2336 pulverem
629 2311 732 2330 rasurae
748 2309 824 2330 extra
842 2306 943 2338 urbem,
956 2307 983 2332 in
995 2306 1050 2333 loco

256 2350 402 2376 immundo.
420 2349 529 2376 liadunt
545 2350 666 2382 domum,
692 2350 739 2385 qui
756 2351 840 2378 libros
849 2352 1052 2381 ecclesiasticos

257 2395 414 2430 intelligere
431 2400 515 2430 atque
528 2396 687 2423 discernere
709 2397 846 2425 subtiliter
867 2399 988 2433 student,
1021 2405 1052 2428 ut

257 2441 309 2476 ipsi
324 2449 434 2468 onmem
448 2442 582 2469 malitiam
604 2442 751 2478 diligenter
765 2449 980 2479 perscrutantes,
1008 2447 1052 2474 in-

258 2486 430 2521 sidentesque
445 2488 571 2515 doctores
580 2488 608 2515 in
626 2489 719 2523 pravis
730 2489 817 2523 libris,
837 2492 942 2519 rosario
952 2493 1052 2527 dijudi-

258 2532 376 2559 cationis
387 2533 569 2566 excutienles,
585 2535 675 2561 nullas
692 2535 719 2561 in
733 2542 764 2562 ea
786 2535 935 2570 impietatis
961 2538 1053 2566 sittant

259 2585 402 2604 remanere
416 2579 545 2613 reliquias
561 2588 567 2606 :
582 2580 630 2607 sed
649 2584 676 2607 et
690 2588 750 2615 quae
765 2581 928 2615 abraserint,
944 2583 1003 2611 haec
1025 2584 1053 2611 in

260 2624 421 2658 praedictum
439 2624 610 2652 immundum
626 2626 727 2659 locum,
742 2627 814 2654 sicut
829 2627 968 2656 immunda
985 2633 1012 2656 et
1025 2630 1054 2657 in

259 2668 408 2695 immundis
421 2669 530 2697 inventa
548 2675 622 2697 recte
643 2671 799 2706 deportant,
813 2673 972 2708 lapidesque
985 2675 1053 2702 alios

260 2715 356 2750 reponi
374 2723 424 2750 pro
439 2716 482 2744 liis
495 2717 541 2752 qui
559 2717 641 2744 ablati
656 2718 775 2751 fuerant,
796 2720 889 2747 ctluto
908 2721 961 2749 alio
978 2721 1052 2750 liniri

260 2762 472 2796 tlomum.Quod
496 2765 600 2800 lapides
630 2771 756 2801 oporteat
788 2767 902 2803 intelligi
926 2769 1052 2804 dogmata

260 2809 458 2843 cxponcutium
472 2810 593 2839 divinam
621 2811 708 2848 legem
726 2817 753 2838 et
781 2818 992 2848 syngrammata,
1018 2815 1052 2842 de

314 2880 337 2896 ⁷⁵
352 2880 436 2907 Hebr.
465 2890 514 2913 χιι,
528 2881 574 2914 22,
594 2881 640 2908 23.

688 2880 712 2896 "
724 2880 839 2908 Zachar.
857 2889 894 2914 lx,
910 2882 953 2910 16.

265 2911 347 2944 “lsa.
364 2923 410 2949 ιιι,
426 2917 457 2950 7;
474 2911 552 2945 Hom.
567 2911 604 2950 'x,
619 2916 664 2942 15.

720 2917 742 2932 ⁷⁸
753 2917 813 2944 Act.
828 2925 872 2950 xv,
891 2917 902 2944 i
921 2925 997 2953 seqq.

847 190 1029 222 IlESYCHII
1050 187 1287 221 PRESBYTERI

1005 2885 1036 2900 7"
1055 2883 1063 2910 Ι
1081 2884 1142 2911 Cor.
1162 2892 1205 2916 tu,
1223 2884 1267 2911 12.

1834 183 1889 219 εισι

1089 243 1189 277 quibus
1203 243 1313 278 quando
1332 249 1417 270 sacrae
1428 242 1559 270 doctrinae
1568 247 1643 275 sunt,
1663 249 1719 270 non
1735 242 1889 278 incongrue

1091 287 1191 315 dicitur
1212 297 1219 314 :
1239 288 1353 323 Lapides
1365 289 1451 315 sancti
1468 288 1608 315 volvuntur
1632 296 1712 322 super
1739 293 1839 316 terram
1850 289 1887 317 ".

1091 333 1124 360 Et
1137 342 1232 361 rursus
1251 343 1257 360 :
1273 334 1426 369 Quicunque
1443 334 1613 370 wdiﬁcavrrit
1628 343 1708 369 super
1726 335 1888 370 fundamen-

1092 384 1146 406 tum
1160 381 1207 406 Ιιοσ
1221 389 1329 412 aurum,
1340 386 1490 416 argentum,
1510 380 1611 415 lapides
1625 380 1790 416 pretiosos."
1801 382 1809 390 '
1820 380 1888 409 Pul-

1092 434 1183 453 vereni
1195 434 1259 453 vero
1273 434 1333 453 eam
1350 435 1410 461 qua:
1430 426 1597 462 participalis
1612 432 1665 459 est,
1681 427 1889 462 interpretatio-

1092 479 1154 499 nem
1175 476 1256 506 atque
1272 473 1436 506 doctrinam,
1451 472 1510 507 ipse
1526 472 1630 507 Moyses
1646 472 1785 508 legislator
1799 472 1889 508 signi,-

1092 518 1166 550 ﬁcat,
1181 519 1331 545 secundum
1340 518 1426 546 LXX..
1436 518 1550 551 Quando
1566 526 1629 554 ergo
1646 519 1888 546 Deuteronomium

1093 564 1155 590 ﬁliis
1172 564 1256 591 Israel
1271 564 1379 595 edebat,
1399 565 1457 592 haec
1472 565 1506 591 ad
1530 572 1580 591 nos
1604 565 1713 592 dicebat
1737 573 1743 590 :
1771 565 1804 591 Et
1836 566 1889 592 erit

1093 617 1249 644 quacunque
1272 609 1486 644 dietransgressi
1505 610 1609 644 [ueritis
1637 610 1762 636 Jordant‘s
1775 615 1888 643 terram,

1094 663 1173 689 quant
1187 654 1316 681 Dominus
1331 654 1399 681 Deus
1415 659 1474 681 tuus
1484 655 1567 688 dabit,
1580 660 1680 682 statues
1696 656 1890 690 lupidesgran-

1093 702 1154 732 des,
1173 706 1197 727 et
1215 701 1290 728 [iniec
1308 709 1350 728 eos
1368 701 1491 735 pulvere,
1512 706 1536 728 et
1561 701 1657 728 scribes
1682 709 1761 736 super
1787 702 1892 737 lapides

1095 754 1183 772 omnes
1194 754 1325 773 sermones
1337 746 1401 782 legis
1422 746 1502 781 hujus
1517 747 1549 772 ⁷⁸.
1568 745 1671 773 Deinde
1694 746 1815 781 lapidum
1833 747 1890 774 vim

1095 793 1216 824 tradens,
1237 792 1358 826 apertius
1371 791 1476 818 addidit
1497 800 1503 818 :
1533 791 1568 818 Et
1579 791 1675 818 scribes
1689 800 1767 825 super
1788 791 1891 827 lapides

1094 845 1196 863 omnem
1213 837 1295 872 legem
1314 837 1380 864 Itane
1396 843 1458 871 apte
1488 837 1576 864 nimis.
1595 837 1676 872 Lapis
1690 842 1780 864 autem
1802 838 1891 872 legem

1095 891 1151 910 non
1165 883 1302 918 explanat,
1315 884 1361 910 scd
1376 883 1524 918 explanant
1541 891 1601 910 eam
1615 883 1810 918 exponendum
1821 884 1890 918 dog-

1096 935 1168 957 mata
1184 935 1267 965 atque
1289 935 1490 965 syngrammata
1516 937 1548 957 ac
1568 930 1736 964 participatis
1752 930 1891 964 interpre-

1096 976 1181 1003 tatio:
1196 984 1312 1011 quorum
1331 977 1382 1003 hoc
1394 976 1504 1011 quidem
1520 984 1569 1011 per
1582 976 1696 1011 lapides,
1711 976 1783 1003 aliud
1798 981 1891 1003 autem

1096 1029 1145 1056 per
1155 1022 1294 1056 pulverem
1310 1022 1482 1057 signiﬁcavit.
1498 1021 1574 1049 Unde
1587 1026 1615 1049 et
1631 1022 1763 1049 Dominus
1778 1027 1890 1057 aposto-

1098 1067 1133 1094 iis
1147 1067 1287 1102 praecepit,
1304 1072 1334 1094 ut
1347 1073 1442 1095 contra
1454 1075 1501 1095 eos
1516 1068 1563 1102 qui
1575 1075 1630 1094 non
1647 1068 1818 1102 susciperent
1829 1075 1892 1094 ver-

1097 1113 1161 1141 bum
1174 1121 1268 1140 eorum
1283 1119 1365 1149 atque
1378 1114 1542 1147 doctrinam,
1553 1114 1636 1141 etiam
1653 1113 1792 1149 pulverem
1807 1114 1893 1140 exeu-

1098 1164 1186 1186 terent
1201 1160 1301 1194 pedum
1319 1169 1325 1186 :
1344 1159 1497 1195 Quicunque
1509 1167 1560 1186 non
1588 1159 1733 1194 receperint
1759 1167 1813 1191 vos,
1845 1166 1892 1185 nec

1097 1205 1241 1238 audierint,
1258 1211 1379 1232 exeuntes
1394 1206 1453 1233 inde
1464 1206 1577 1232 excutite
1587 1205 1718 1239 pulverem
1737 1205 1768 1231 de
1782 1205 1893 1239 pedibus

1097 1252 1200 1284 uestris,
1218 1252 1247 1278 in
1264 1252 1442 1279 testimonium
1457 1251 1511 1278 illis
1525 1252 1559 1278 ⁷⁷.
1591 1251 1670 1284 Quod
1685 1251 1714 1278 in
1738 1251 1781 1278 his
1800 1251 1893 1279 verbis

1098 1297 1304 1332 praecipientem
1318 1297 1464 1325 Dominum
1478 1297 1585 1324 Marcus
1603 1297 1698 1330 refert,
1721 1297 1785 1332 quia
1817 1297 1893 1324 enim

1098 1344 1192 1378 pedes,
1214 1344 1387 1380 evangelieos
1406 1344 1491 1372 libros
1504 1351 1563 1377 eos,
1586 1343 1660 1378 quod
1688 1344 1716 1371 in
1745 1343 1811 1379 ipsis
1840 1343 1892 1371 iter

1098 1388 1224 1416 doctores
1236 1394 1328 1424 agant,
1340 1389 1432 1416 divina
1444 1389 1569 1424 intelligit
1585 1389 1736 1423 Scriptura,
1753 1389 1826 1416 unde
1839 1390 1891 1416 ait:

1099 1434 1184 1467 Quam
1197 1436 1307 1470 speciosi
1323 1437 1399 1471 pedes
1412 1435 1651 1471 euangelizandum
1666 1443 1758 1470 pacem
1767 1435 1800 1462 ⁷⁸.
1809 1436 1895 1463 [tecte

1100 1482 1242 1516 pulverem
1255 1483 1306 1510 sub
1320 1482 1403 1517 pedes
1410 1490 1518 1516 eorum,
1527 1482 1748 1518 evangelicorum
1760 1482 1894 1509 librorum

1101 1528 1226 1555 videlicet
1245 1528 1510 1562 interpretationem,
1526 1532 1639 1563 propter
1653 1528 1766 1554 nimiam
1780 1528 1894 1562 accepit

1101 1575 1290 1602 subtilitatem.
1303 1575 1420 1610 Lapides
1433 1582 1500 1610 ergo
1513 1574 1597 1606 eradi,
1615 1579 1643 1601 et
1654 1574 1794 1609 pulverem
1810 1573 1895 1600 alium

1100 1621 1195 1648 ini‘erri
1213 1621 1317 1654 dicens,
1332 1625 1446 1656 purgata
1457 1621 1492 1648 ab
1508 1621 1582 1648 omni
1597 1620 1669 1647 malo
1683 1620 1820 1655 dogmata,
1851 1623 1896 1646 at-

1099 1675 1153 1702 que
1168 1667 1322 1695 doctrinam
1343 1675 1392 1702 pro
1417 1668 1496 1695 malis
1511 1667 1564 1694 illis
1577 1667 1684 1700 inferri,
1701 1672 1729 1694 et
1743 1666 1894 1693 Ecclesiam

1099 1714 1171 1740 liniri
1183 1714 1243 1741 sine
1252 1713 1307 1742 ulla
1320 1714 1463 1741 dubietate
1477 1723 1483 1741 :
1511 1714 1563 1741 hoc
1573 1713 1646 1740 enim
1674 1713 1753 1740 nobis
1766 1712 1896 1740 conside-

1101 1761 1169 1787 ratio
1180 1760 1248 1795 legis
1263 1760 1405 1787 evidenter
1421 1760 1551 1787 ostendit.
1572 1760 1671 1786 Annon
1696 1764 1725 1786 et
1739 1759 1840 1786 Paulus
1856 1759 1897 1785 le-

1101 1814 1176 1841 pram
1188 1806 1344 1841 dogmatum
1357 1807 1385 1833 in
1406 1806 1564 1834 doctoribus
1579 1805 1758 1833 Antiochenat
1766 1813 1895 1838 cernens,

1099 1853 1201 1880 Iacobo
1221 1857 1315 1888 utpote
1333 1853 1470 1880 sacerdoti
1494 1860 1594 1888 magno
1616 1852 1785 1880 nuntiavit"
1799 1852 1812 1878 ἲ
1825 1851 1896 1884 Quia

1099 1899 1184 1926 erasis
1195 1907 1341 1934 pravorum
1358 1899 1501 1926 doctorum
1519 1899 1591 1925 notis
1611 1898 1795 1933 dogmatibus,
1812 1898 1894 1925 aul‘e-

1101 1953 1164 1972 rens
1184 1945 1288 1980 lapides
1301 1945 1328 1971 in
1343 1945 1402 1972 loco
1415 1952 1509 1971 eorum
1527 1952 1533 1970 :
1549 1944 1716 1971 rectissimas
1739 1943 1896 1978 Hieroson-

1101 1991 1211 2018 mitanaa
1231 1991 1353 2018 ecclesiae
1366 1991 1481 2023 litteras,
1495 1995 1523 2017 et
1539 1990 1679 2025 pulverem
1698 1998 1705 2015 :
1725 1997 1803 2016 suam
1818 1989 1896 2016 vide-

1102 2036 1163 2063 licet
1176 2036 1330 2063 doetrinam
1340 2035 1454 2068 addens,
1478 2036 1556 2062 unxit
1570 2035 1719 2062 Ecclesiam
1733 2035 1897 2070 curavitque

1101 2083 1172 2116 quod
1185 2082 1332 2109 acciderat.
1354 2081 1409 2109 Sed
1424 2089 1476 2109 nec
1496 2082 1537 2109 sic
1548 2089 1607 2109 eam
1625 2081 1743 2116 relinqui
1756 2081 1898 2109 indiscus-

1102 2135 1158 2155 sam
1171 2128 1198 2154 in
1208 2128 1436 2162 subsequentibus
1444 2128 1561 2155 sancivit
1576 2137 1583 2154 :
1599 2128 1663 2163 quia
1676 2127 1748 2155 enim
1766 2127 1899 2162 iniquitas

1102 2174 1130 2201 in
1142 2181 1200 2207 eos,
1213 2175 1259 2209 qui
1275 2182 1422 2209 pravorum
1440 2174 1596 2209 dogmatum
1612 2174 1707 2202 morbo
1726 2173 1898 2208 adiciuntur,

1102 2221 1156 2248 cito
1175 2221 1332 2253 revertitur,
1351 2225 1378 2248 et
1388 2225 1531 2255 propterea
1542 2221 1577 2247 ait
1593 2229 1599 2246 :

1139 2267 1187 2294 Sin
1200 2274 1289 2294 autem
1307 2272 1446 2302 postquam
1474 2268 1542 2293 nuli
1560 2271 1621 2293 sunt
1637 2266 1748 2301 lapides,
1764 2271 1788 2292 et
1812 2265 1900 2299 pulvis

1103 2313 1201 2346 elatus,
1220 2318 1244 2339 et
1259 2313 1315 2339 alia
1339 2318 1410 2339 terra
1433 2312 1480 2339 lita
1491 2333 1498 2344 ,
1515 2313 1646 2347 ingressus
1662 2312 1783 2338 sacerdos
1804 2312 1899 2338 viderit

1104 2367 1237 2386 reuersum
1250 2359 1350 2393 lepram
1362 2363 1386 2385 et
1405 2359 1519 2393 parietes
1548 2366 1670 2392 asperso:
1683 2358 1805 2390 maculis,
1822 2358 1899 2392 lepra

1104 2410 1142 2432 est
1159 2413 1336 2439 perseverans,
1354 2409 1378 2432 et
1392 2405 1528 2431 immunda
1544 2405 1645 2431 demus.
1665 2403 1695 2430 Si
1710 2403 1782 2430 enim
1801 2403 1901 2438 ejectis

1104 2451 1183 2478 malis
1196 2450 1378 2485 dogmatibus,
1391 2454 1419 2477 et
1426 2450 1486 2477 aliis
1497 2458 1570 2477 same
1579 2449 1710 2477 doctrinae
1722 2449 1899 2481 introductis,

1101 2497 1159 2531 ipsa
1176 2503 1270 2523 rursus
1284 2496 1433 2530 impietatis
1447 2496 1571 2523 doctrina
1597 2496 1753 2523 inveniatur
1775 2503 1900 2529 aspersa,

1103 2542 1129 2568 id
1144 2545 1187 2568 est
1203 2541 1313 2574 diﬁ'usa,
1327 2542 1385 2568 sive
1397 2542 1563 2573 exuberans,
1578 2546 1644 2568 tunc
1657 2541 1785 2568 sacerdos
1798 2547 1855 2566 non
1867 2548 1902 2567 ex

1103 2585 1253 2620 longinquo
1271 2585 1376 2617 auditu,
1400 2586 1448 2613 sed
1478 2586 1648 2619 inspectione
1675 2593 1724 2612 sua
1747 2585 1901 2620 cognoscit,

1104 2631 1177 2664 quod
1191 2638 1358 2665 permanens
1366 2633 1407 2657 est
1421 2630 1572 2665 impietatis
1585 2630 1686 2665 passio,
1704 2634 1732 2656 et
1747 2629 1904 2656 immundat

1107 2677 1186 2704 aliam
1208 2677 1396 2704 ministrorum
1418 2676 1617 2710 doctorumque
1635 2675 1786 2703 Ecclesiam
1801 2675 1830 2702 in
1848 2683 1904 2710 qua

1109 2722 1191 2750 fuerit
1201 2730 1312 2757 aspersa
1322 2730 1370 2749 seu
1378 2722 1489 2750 dill'usa.
1499 2723 1628 2756 Impietas
1639 2726 1714 2749 recte
1723 2721 1903 2754 discernitur,

1107 2769 1180 2803 quod
1191 2769 1337 2796 ostendent
1348 2768 1507 2803 sequentia:
1525 2768 1563 2795 ait
1575 2768 1650 2795 enim
1664 2777 1671 2794 :

1143 2814 1229 2848 Quum
1239 2816 1332 2842 statim
1346 2815 1492 2848 destruent,
1511 2819 1535 2842 et
1560 2814 1661 2849 lapides
1687 2814 1745 2849 eius
1769 2822 1800 2841 ac
1817 2814 1903 2850 ligna,

1317 2884 1339 2900 "
1355 2884 1436 2912 Deut.
1458 2892 1544 2918 xxvu,
1565 2885 1626 2913 4-8.
1666 2886 1687 2902 ⁷⁷
1701 2883 1784 2912 Marc.
1800 2893 1840 2918 vn,
1859 2884 1906 2914 Η.
