2052 3146
132 177 178 208 965
712 178 754 208 ΙΝ
775 178 996 209 ιΕνιίἰαυΜ.
1011 191 1047 196 -
1065 179 1138 210 LIB.
1157 179 1188 209 Υ.

1705 177 1759 210 966

131 242 203 269 atque
218 233 369 260 uniuersum
386 233 519 267 puluerem
538 233 677 268 proficient
693 239 768 261 extra
784 236 917 268 oppidum,
934 238 954 265 Α
971 245 1019 269 ιιι-ο
1031 237 1108 263 nobis
1125 241 1162 262 est
1177 236 1345 268 incamatus,
1365 233 1557 262 committitur.
1572 234 1760 270 Etpropterea

132 281 155 306 in
170 280 254 306 locum
269 279 445 306 immundum.
457 280 485 307 Id
502 284 553 312 est,
573 287 626 306 non
645 280 732 307 solum
767 281 819 315 jam
849 289 914 307 tton-

132 324 400 359 denmantdogmata,
414 324 461 351 sed
479 328 507 351 et
527 324 600 358 ipsos
626 325 653 350 itt
679 325 779 360 quibus
805 325 915 352 inventa

133 369 238 401 luerim,
253 374 280 396 et
293 370 342 396 hos
357 378 388 396 ex
403 377 519 404 quorum
542 370 680 397 locutione
702 370 784 404 impia
801 370 915 397 ecclesia

132 415 299 446 constiterat,
308 422 472 449 omnemque
482 416 568 450 ipsam
595 416 741 442 destruunt
757 415 915 442 Ecclesiam.

132 462 202 488 Odiui
217 461 304 493 enim,
317 461 415 496 inquit,
435 462 663 496 congregationem
676 461 864 496 malignorum,
892 464 916 486 ct

133 515 188 533 cum
204 507 292 542 impiis
307 515 357 533 non
374 507 477 539 sedebo,
493 507 563 534 sicut
582 506 666 534 David
682 506 790 534 dicebat
801 506 834 532 '°.
847 505 917 540 Ergo

132 557 156 579 et
165 555 240 578 extra
252 559 322 583 eam,
337 559 397 586 qua:
412 551 438 578 in
454 551 529 578 ccelis
543 555 585 578 est
599 551 756 583 constituta,
772 550 831 578 viva
841 550 918 577 viue-

133 597 191 623 licet
204 604 236 623 ac
252 604 313 623 vcra
331 596 484 623 excluditur
504 596 612 624 civitate
623 601 649 622 et
677 603 739 622 cum
772 595 918 622 immundis

132 647 271 677 reputatur
286 642 431 668 hzereticis.

165 688 214 719 Qui
228 687 363 713 intraverit
380 686 407 713 in
418 687 525 713 domum
542 687 634 719 istam,
650 687 754 721 quando
770 687 861 714 clausa
870 691 917 713 eu.

134 734 159 761 Id
172 740 223 765 est,
238 741 298 768 quae
314 733 405 759 multa:
419 741 468 760 seu
485 740 571 767 poena:
588 732 711 768 subjecta
726 737 778 759 est.

163 780 212 812 Qui
226 781 355 814 ingressus
368 779 456 814 fuerit.
487 778 515 805 ln
530 779 652 813 quolibet
664 779 690 806 ei
715 779 920 806 communicans

133 825 322 853 conventiculo
341 825 499 851 immundus
515 825 567 851 erit
588 832 676 859 usque
688 824 753 852 dum
777 824 918 859 pmnitcal.

133 872 162 899 Et
177 872 264 898 multo
278 870 363 906 magis
374 870 421 905 qui
433 870 461 897 in
479 878 512 897 ea
530 871 641 903 dormit,
655 870 700 897 hic
716 871 850 905 siquidem
866 878 920 897 non

133 919 208 945 aliter
223 917 380 952 suscipitur,
393 917 446 944 nisi
468 917 593 952 lacrymis
608 917 706 943 laverit
720 916 918 952 intelligibilem

134 965 239 992 stolam.
255 963 376 990 Dormire
391 967 482 989 autem
498 963 526 989 in
549 970 580 989 ea
609 962 784 997 intelligimus
811 962 920 996 requie-

134 1013 254 1036 scentem
263 1008 289 1034 in
302 1008 393 1035 verbis
403 1008 472 1042 ejus,
482 1012 510 1034 et.
521 1014 577 1034 non
585 1006 796 1034 consuetudinis
805 1006 920 1041 alicujus

135 1062 210 1082 causa
224 1054 253 1081 in
269 1053 327 1088 ejus
336 1053 455 1080 consiliis
467 1053 660 1080 divertentem.

167 1100 218 1127 Sed
231 1104 256 1126 et
271 1099 315 1134 qui
329 1098 468 1125 comederit
485 1099 512 1124 in
528 1107 569 1125 ea.
588 1098 686 1125 Cibum
698 1097 803 1125 scilicet
827 1096 921 1132 mysti-

135 1151 194 1170 cum
209 1142 327 1170 similem
343 1142 420 1177 legis,
436 1145 463 1168 et
481 1142 607 1169 eumdem
626 1142 696 1176 juris
711 1141 806 1168 sortita
819 1146 860 1168 est
879 1141 921 1167 el-

137 1189 234 1214 icctutn
246 1195 253 1213 :
265 1187 328 1222 quia
342 1186 416 1213 illius
442 1186 571 1221 mysteria
586 1186 725 1222 percipere
749 1184 922 1220 praesumpsit

135 1232 271 1265 Ecclesiae,
287 1240 367 1266 quam
385 1231 520 1259 destruxit
535 1231 671 1264 sacerdos,
688 1231 826 1266 reperiens
840 1230 922 1265 impie

135 1283 270 1314 agentem,
281 1282 309 1304 et
323 1278 460 1304 doctrinas
472 1277 567 1309 malas,
596 1277 622 1303 id
646 1280 698 1309 est,
717 1276 800 1311 ligna,
815 1275 920 1308 fetuum,

135 1323 262 1359 stipulam
272 1323 430 1350 habentem.
442 1322 519 1350 Unde
541 1329 595 1349 non
616 1322 703 1349 solum
725 1321 829 1356 lapides
851 1321 920 1355 ejus,

136 1376 224 1403 neque
240 1368 314 1395 enim
330 1372 408 1395 erant
425 1367 549 1403 pretiosi,
566 1367 615 1394 sed
627 1371 655 1394 et
666 1367 739 1402 ligna
753 1371 847 1401 utpote
856 1374 923 1393 con-

134 1416 227 1450 juncta
242 1414 307 1442 feno
326 1422 358 1442 ac
370 1415 476 1450 stipula
489 1414 614 1450 projecit.

171 1473 254 1502 Vens.
266 1473 362 1501 48-55.
378 1482 387 1499 ε
401 1472 480 1506 Quod
498 1473 520 1500 si
532 1471 668 1500 introierit
683 1471 809 1499 sacerdos
821 1471 848 1498 in
874 1471 924 1498 do-

136 1528 221 1553 mum,
235 1525 264 1548 et
277 1520 376 1548 viderit
389 1519 491 1554 lepram
518 1526 572 1546 non
588 1518 707 1546 crevisse
722 1522 863 1552 postquam
876 1517 925 1544 de-

137 1574 190 1594 nuo
203 1566 289 1593 lenita
297 1569 349 1599 est,
367 1564 523 1600 purillcabit
543 1572 603 1592 eam
623 1564 729 1591 reddita
740 1563 865 1590 sanitate.
891 1563 924 1590 Et

136 1612 162 1638 in
177 1611 368 1647 puriﬁcatione
379 1611 438 1646 ejus
450 1610 532 1638 sumit
543 1610 613 1638 duos
626 1617 750 1645 passeres
764 1609 923 1644 lignumque

137 1659 289 1692 cedrinum,
301 1662 329 1685 et
342 1657 531 1688 vermiculum,
543 1661 624 1691 atque
635 1656 792 1691 hyssopum.
817 1655 850 1681 Et
877 1655 925 1681 im-

137 1704 237 1732 molato
250 1711 306 1731 uno
321 1711 431 1739 passere
447 1703 474 1730 in
484 1710 548 1730 vase
565 1702 639 1730 ﬁctili
649 1709 732 1736 super
745 1708 830 1736 aquas
837 1700 923 1732 vivas,

139 1750 206 1777 tollit
216 1750 321 1786 lignum
334 1749 475 1777 cedrinum
495 1753 523 1776 et
536 1749 698 1784 hyssopum,
715 1751 742 1774 et
755 1755 880 1780 coccum,
898 1751 926 1774 et

137 1803 276 1831 passerem
295 1796 400 1828 vivum,
415 1799 443 1822 et
468 1794 585 1830 intinget
614 1794 706 1821 omnia
736 1793 765 1820 in
794 1792 927 1828 sanguine

137 1842 255 1877 passeris
263 1841 404 1873 immolati,
412 1840 530 1876 atquein
539 1840 617 1875 aquis
623 1839 788 1872 viventibus,
800 1843 827 1866 et
835 1846 927 1873 asper-

137 1888 304 1923 getdomum
321 1887 431 1923 septies,
446 1885 656 1922 puriﬁcabitque
669 1889 803 1917 eam,tam
818 1884 845 1910 in
863 1891 927 1910 san—

138 1935 220 1969 guine
228 1934 358 1968 passeris,
369 1940 450 1968 quam
464 1933 492 1959 in
505 1931 582 1967 aquis
595 1931 762 1963 viventibus,
780 1933 808 1957 et
824 1929 851 1956 in
865 1937 927 1964 pas-

138 1987 199 2007 sere
213 1980 288 2012 vivo,
300 1979 428 2015 lignoque
444 1977 569 2009 cedrino,
581 1981 610 2005 et
624 1977 754 2012 hyssopo,
769 1979 852 2010 atque
867 1982 928 2001 ver-

138 2026 252 2053 miculo.
272 2026 396 2059 Cumque
428 2024 565 2052 dimiserit
590 2030 734 2058 passerem
761 2021 870 2048 avolare
900 2020 927 2047 in

137 2079 234 2106 agrum
250 2072 335 2099 libere
345 2093 352 2105 ,
365 2071 455 2098 orabit
465 2077 514 2106 pro
529 2070 623 2100 domo.
635 2073 664 2096 et
673 2069 733 2103 jure
741 2066 927 2095 mundabilur.

177 2117 263 2151 Cujus
283 2116 428 2151 imaginem
450 2115 507 2142 haec
521 2113 663 2146 sacriﬁcia,
680 2113 714 2140 de
727 2112 825 2147 quibus
840 2110 930 2146 loqui-

139 2167 185 2189 tur
207 2161 477 2197 legislator,gerant,
501 2167 551 2195 per
574 2158 770 2193 subsequentia
794 2156 931 2184 subtiliter

138 2215 313 2242 exponemus
332 2215 339 2233 τ
355 2206 465 2241 quando
491 2213 523 2233 ea
538 2209 566 2232 et
584 2204 612 2231 in
637 2210 803 2238 unoquoque
825 2202 931 2237 leproso

967 283 993 308 in
1009 282 1119 309 domqu
1135 282 1318 308 mundandam
1337 281 1395 308 haec
1411 281 1534 316 aecipere
1546 281 1675 308 sacriﬁcia
1688 288 1759 316 proe-

966 327 1041 362 cipit,
1070 335 1130 362 qua:
1159 327 1315 361 mysterium
1340 326 1400 360 ejus
1431 326 1617 360 passionisque
1629 325 1759 360 ﬁgurant,

967 376 1062 406 utpote
1078 379 1138 406 qum
1150 371 1317 398 sullicicnter
1328 379 1376 405 per
1393 371 1452 403 has,
1470 379 1530 406 qua:
1556 371 1590 398 de
1620 370 1663 398 his
1683 375 1758 403 sunt,

981 417 1115 452 heologias
1126 418 1212 452 possit
1227 425 1323 444 sanare
1339 418 1509 452 peccantium
1525 418 1639 453 linguas,
1653 417 1760 444 omnia-

968 470 1020 497 que
1034 470 1128 490 eorum
1142 463 1276 490 mundare
1298 467 1419 497 peccata.

1005 509 1084 535 Vitas.
1096 508 1192 536 54-57.
1208 518 1216 534 ε
1236 508 1289 535 Ista
1306 512 1348 535 est
1366 509 1454 535 omnis
1479 509 1521 536 lex
1536 509 1628 543 lepra-ta,
1648 513 1675 536 et
1694 516 1759 543 per-

969 562 1090 582 cussurtc
1104 555 1198 589 leprm,
1218 555 1346 586 vestium,
1368 559 1395 581 et
1411 555 1553 582 domorum
1569 555 1712 588 cicatricis,
1734 559 1762 582 et

969 601 1174 635 erumpentium
1188 601 1351 636 papularum
1371 600 1490 627 lucentis
1516 600 1641 633 maculae,
1676 606 1703 628 et
1734 601 1762 627 in

970 647 1061 674 varias
1076 647 1183 681 species
1200 646 1338 673 coloribus
1368 645 1529 678 immutatis,
1542 649 1572 672 ut
1586 645 1672 680 possit
1699 646 1761 672 sciri

971 699 1026 726 quo
1047 696 1170 726 tempore
1189 691 1255 726 quid
1278 691 1412 718 mundum
1440 690 1483 718 vel
1503 690 1673 717 immundum
1689 691 1734 717 sit.
1750 701 1759 716 ι

1007 737 1059 764 Ista
1076 740 1117 763 est
1131 736 1221 763 omnis
1235 735 1276 763 lex
1297 736 1398 770 lepraz:
1417 735 1480 770 quia
1496 735 1577 762 latius
1592 735 1763 762 sanctionem

971 783 1053 817 lepra:
1069 782 1207 817 exposuit,
1223 781 1406 808 necessarium
1418 780 1548 815 judicavit
1561 781 1620 815 ejus
1633 781 1763 807 reiterarc

971 827 1109 862 capitula,
1142 832 1169 853 et
1203 826 1279 861 prius
1310 826 1420 860 quidem
1456 826 1624 859 complcxive
1656 833 1760 860 genus,

973 877 1033 908 post
1058 873 1116 900 haec
1139 875 1230 899 autem
1255 871 1360 906 species
1376 879 1425 906 per
1449 874 1541 905 partes
1556 871 1684 906 exponit;
1700 879 1762 898 cum

974 919 1046 946 ettim
1063 918 1131 946 dixit
1148 926 1157 944 :

1009 965 1050 992 [tu
1068 970 1106 992 est
1127 964 1210 991 omnis
1222 964 1263 990 lex
1279 964 1357 997 lepra:
1368 984 1374 993 .
1393 963 1561 998 complexive
1575 971 1660 998 genus
1673 968 1757 991 osten-

974 1010 1023 1037 dit.
1041 1009 1154 1045 Species
1170 1013 1261 1038 autem
1282 1013 1347 1036 sunt
1361 1009 1549 1043 apertissima,
1566 1016 1634 1043 quas
1653 1009 1679 1035 in
1697 1009 1763 1036 sub-

974 1056 1151 1091 sequentibus
1179 1055 1291 1088 addidit,
1314 1062 1476 1090 praeponens
1489 1060 1562 1082 recte
1584 1062 1763 1090 percussum,

975 1103 1047 1137 quod
1075 1110 1130 1129 non
1156 1105 1198 1128 est
1223 1101 1413 1136 qualecunque
1444 1105 1614 1135 peccatum:
1641 1101 1764 1128 omttium

975 1148 1075 1182 quippe
1090 1155 1150 1175 esse
1167 1147 1219 1174 hoc
1239 1146 1360 1174 deterius
1373 1147 1500 1174 diximus.
1522 1146 1570 1173 Est
1588 1151 1679 1174 autem
1698 1147 1765 1182 dog-

976 1198 1077 1221 tuatnm
1101 1193 1237 1228 impietas,
1253 1200 1314 1227 quae
1335 1192 1470 1228 contingit
1482 1193 1644 1227 quibusdam
1658 1193 1693 1220 de
1715 1201 1766 1228 po-

976 1241 1050 1275 pulo.
1080 1239 1114 1266 de
1139 1239 1239 1273 quibus
1269 1242 1297 1266 et
1329 1238 1468 1273 legislator
1488 1238 1615 1266 dicebat:
1647 1238 1702 1272 Vir,
1718 1243 1766 1266 aut

978 1284 1082 1317 mulier,
1106 1285 1134 1311 in
1156 1292 1207 1321 quo
1231 1284 1310 1319 fuerit
1331 1283 1410 1318 plaga
1436 1283 1524 1317 lepra.
1548 1282 1577 1310 Si
1602 1287 1691 1310 autem
1707 1287 1768 1310 tan—

976 1330 1115 1358 tummodo
1137 1329 1310 1357 sacerdotum
1330 1329 1490 1356 memoriam
1517 1329 1628 1356 fecisset
1643 1350 1650 1362 ,
1670 1329 1768 1357 mulio—

977 1385 1034 1403 rcnt
1047 1376 1157 1403 minime
1173 1376 1352 1404 nominasset.
1367 1375 1433 1403 Post
1447 1375 1504 1402 haec
1518 1375 1632 1410 lepram,
1650 1383 1711 1410 quae
1725 1380 1767 1403 est

977 1421 1004 1448 in
1022 1422 1179 1453 virtutibus,
1197 1421 1307 1456 posuit;
1325 1421 1383 1447 hzec
1405 1425 1469 1447 sunt
1481 1421 1554 1447 enim
1569 1420 1667 1448 anima:
1683 1421 1767 1448 vesti-

978 1471 1079 1500 menta,
1102 1467 1129 1494 id
1152 1472 1194 1494 est
1215 1475 1247 1494 ea
1260 1474 1320 1501 quae
1337 1471 1403 1493 sunt
1425 1466 1451 1493 in
1470 1467 1653 1494 Ecelesiarum
1670 1467 1768 1495 docto-

977 1513 1054 1540 ribus
1068 1520 1100 1540 ac
1114 1512 1314 1540 sacerdotibus.
1340 1512 1373 1538 lli
1390 1512 1463 1539 enim
1479 1512 1577 1540 domus
1597 1517 1626 1540 et
1647 1513 1767 1548 parietes

980 1564 1059 1586 terrae
1078 1558 1260 1593 possessionis
1285 1558 1389 1585 ostensi
1410 1562 1483 1585 sunt.
1504 1558 1607 1585 Deinde
1631 1558 1767 1586 cicatricis

975 1610 1001 1632 et
1015 1604 1216 1639 erumpentium
1230 1603 1391 1639 papularum
1402 1604 1559 1630 memoriam
1573 1603 1649 1635 facit,
1663 1603 1767 1638 lepram

975 1657 1066 1678 veram
1087 1649 1255 1681 describens,
1277 1657 1337 1676 eam
1353 1657 1413 1684 quae
1432 1649 1460 1676 in
1488 1648 1618 1684 peccatis,
1636 1649 1695 1676 sive
1714 1649 1767 1677 du-

976 1696 1038 1728 biis,
1052 1696 1109 1723 sive
1121 1695 1240 1730 probatis
1255 1695 1391 1725 omnibus.
1409 1695 1451 1723 bis
1466 1695 1585 1723 subdidit
1599 1703 1606 1722 :

1014 1742 1045 1770 Ut
1059 1742 1137 1776 possit
1150 1741 1212 1768 sciri
1227 1749 1277 1776 quo
1293 1745 1407 1774 tempore
1432 1741 1495 1776 quid
1517 1742 1645 1768 mundum
1671 1742 1710 1769 vel
1721 1742 1768 1769 im-

976 1788 1103 1814 mundum
1120 1787 1163 1813 sit.
1186 1785 1351 1819 Ostendens,
1377 1786 1440 1820 quia
1457 1791 1521 1813 tunc
1540 1786 1703 1821 delinquens
1715 1787 1768 1813 itu-

977 1833 1095 1860 mundus
1122 1835 1163 1859 est
1191 1831 1300 1866 quando
1336 1831 1426 1858 sciens
1456 1832 1630 1866 peccaverit;
1660 1833 1770 1867 quando

977 1884 1068 1906 autem
1094 1878 1232 1914 ignorans,
1255 1877 1363 1905 veniam
1388 1881 1499 1912 propter
1514 1878 1694 1913 ignorantiam
1713 1886 1770 1905 me-

978 1929 1069 1957 retur,
1087 1924 1157 1951 sicut
1174 1928 1202 1951 et
1217 1931 1305 1950 carcus
1319 1923 1471 1954 offendens,
1488 1923 1524 1950 ita
1539 1927 1568 1950 ut
1588 1923 1720 1950 Dominus
1735 1923 1769 1951 de

977 1970 1079 1998 Judazis
1092 1970 1195 1997 diccrct
1219 1977 1225 1995 :
1242 1969 1270 1995 Si
1286 1969 1347 1996 ιιιιεί
1358 1969 1454 2001 essetis,
1473 1977 1525 1995 non
1537 1969 1666 1996 haberetis
1677 1977 1770 2003 pecca-

979 2021 1049 2048 tum;
1072 2023 1140 2042 nunc
1159 2020 1249 2041 autent
1280 2015 1377 2047 dicitis,
1394 2015 1457 2050 quia
1479 2015 1607 2048 uidemus,
1633 2020 1777 2050 peccatum-

979 2067 1092 2089 vestrum
1126 2061 1254 2088 manet".
1281 2061 1334 2088 Sed
1362 2069 1413 2088 nos
1435 2061 1522 2089 oculis
1540 2061 1662 2089 scientiae
1688 2061 1722 2088 ad
1739 2069 1771 2088 ea

980 2115 1040 2143 quae
1055 2107 1202 2142 expediunt
1217 2111 1336 2140 utamur,
1359 2111 1389 2134 ut
1406 2115 1454 2143 per
1470 2108 1545 2143 ipsos
1559 2108 1694 2136 evitemus
1705 2115 1771 2143 pec-

981 2158 1052 2186 cata,
1075 2153 1321 2188 conquiramusque
1347 2153 1521 2181 munditiam.
1549 2154 1675 2182 Sciamus
1698 2154 1772 2182 diem

981 2201 1010 2228 in
1022 2207 1075 2235 qua
1086 2199 1280 2227 mundabimur
1299 2199 1472 2234 scientesque
1484 2207 1672 2234 occurramus,
1685 2204 1712 2228 et
1731 2205 1773 2228 to-

137 2252 226 2287 accipi
241 2251 382 2286 prmeepit.
402 2251 460 2278 Hoc
469 2256 560 2278 autem
578 2249 734 2277 necessarie
746 2248 856 2280 dicitur,
866 2247 929 2283 quia
946 2256 968 2283 ο
984 2250 1038 2273 tam
1064 2245 1150 2280 legem
1173 2244 1257 2279 leprae
1273 2243 1468 2272 custodiamus.
1499 2245 1592 2272 Mundi
1616 2245 1690 2272 enim
1720 2245 1774 2272 hoc

138 2297 286 2325 manifeste
298 2301 410 2332 apparet
423 2296 496 2331 quod
527 2295 663 2330 legislator
695 2294 767 2321 illam
789 2293 874 2328 magis
903 2293 932 2320 in

983 2292 1064 2319 modo
1073 2291 1100 2318 in
1109 2290 1254 2318 dominicis
1265 2290 1448 2318 tabernaculis
1456 2291 1648 2323 habitabimus,
1659 2290 1773 2318 inChri-

139 2340 292 2369 Ecclesiam
303 2341 459 2369 docentium
474 2340 656 2375 iniquitatem,
673 2347 734 2374 quae.
756 2342 798 2366 est
817 2339 845 2365 in
868 2338 935 2373 dog-
984 2341 1025 2365 sto
1054 2336 1140 2370 Jesu,
1168 2344 1216 2371 per
1242 2344 1323 2372 quem
1364 2340 1392 2364 et.
1422 2343 1484 2363 cum
1501 2343 1555 2371 quo
1579 2335 1663 2371 gloria
1689 2335 1772 2369 l’atri,

140 2392 214 2414 male
230 2387 431 2422 reprehendat,
447 2391 475 2414 et
489 2387 517 2414 in
538 2385 772 2421 dispensationem
793 2384 863 2419 ejus,
888 2384 933 2419 qui

985 2391 1047 2411 cum
1073 2387 1169 2409 sancto
1193 2381 1347 2417 Spiritu,in
1371 2381 1469 2408 saecula
1485 2381 1658 2408 saacnlorum.
1674 2379 1774 2406 Amen.

711 2552 886 2596 LIBER
916 2552 1201 2605 QUINTUS.

432 2728 640 2759 PRIEFATIO.

177 2778 231 2811 Qui
243 2777 312 2813 legis
320 2776 491 2804 meditationi
500 2783 610 2811 operam
621 2775 687 2803 dant
699 2775 732 2802 ad
743 2782 824 2809 quem
839 2773 932 2807 ﬁnem,

141 2827 313 2860 quantumve
342 2821 545 2853 conscendant,
577 2827 713 2855 quamque
735 2819 932 2848 beatitudinem

199 2892 222 2909 ⁸⁸
236 2891 307 2919 Psal.
325 2898 369 2923 xv,
381 2890 407 2917 5.
462 2889 484 2919 εί
496 2888 575 2916 Joan.
592 2895 630 2921 tx,
644 2888 686 2915 8|.

987 2726 1099 2761 spiritus
1115 2730 1220 2762 gerant,
1239 2726 1321 2753 David
1334 2727 1464 2762 propheta
1477 2727 1556 2762 plane
1571 2727 1690 2763 exponit.
1706 2727 1776 2755 Eum

987 2772 1060 2799 enim
1077 2772 1122 2807 qui
1138 2772 1220 2799 habet
1233 2772 1401 2800 voluntatem
1417 2773 1443 2800 in
1460 2774 1517 2809 lege
1533 2774 1649 2806 Domini,
1672 2777 1700 2800 et
1715 2773 1775 2800 die-

987 2819 1037 2846 bus
1061 2822 1088 2846 ot
1113 2817 1240 2846 noctibus
1262 2818 1288 2844 in
1316 2825 1347 2846 ea
1374 2819 1517 2847 meditator
1531 2824 1582 2854 est,
1597 2819 1681 2848 dicit:
1698 2817 1774 2847 Sicut
