2052 3146
282 199 335 231 967

878 195 1058 226 IIESYCHlI
1088 194 1325 225 PRESBYTERI

1863 195 1916 226 963

271 257 381 292 lignum
396 255 463 289 quod
479 254 628 288 plantatum
649 258 685 280 est
700 261 772 280 serus
785 253 909 279 decursus
926 260 1068 287 aquarum,
1085 254 1106 281 Α
1122 256 1175 279 tem
1189 251 1282 284 habet,
1301 252 1375 279 hunc
1389 258 1450 279 esse
1465 251 1527 286 jure
1549 251 1620 279 dixit
1634 249 1804 278 immundum
1819 255 1916 286 utpote

282 301 350 333 quod
365 306 389 327 et
405 301 476 326 dabit
499 301 612 335 fructum
637 308 716 326 suum
733 301 760 326 in
775 304 890 334 tempore
915 307 971 331 suo,
989 303 1012 325 et
1032 299 1070 333 fo-

282 347 345 373 lium
361 347 418 379 eius
434 355 484 372 non
499 347 594 373 decidit
602 347 635 373 δ’.
648 346 720 379 Quid
741 350 832 373 autem
845 345 998 373 faciendum
1014 352 1072 370 cre-

281 392 370 418 dimus
390 397 419 418 ιιι
441 392 527 426 possit
543 391 641 426 aliquis
662 391 762 426 lignum
777 391 896 418 inveniri
912 390 996 417 vitm?
1019 390 1070 416 nisi

282 437 308 463 id
340 438 411 472 quod
437 437 567 464 Dominus
581 437 689 464 dicebat
707 446 713 463 ι
731 437 894 463 Scrutamini
908 435 1070 470 Sertpturus,

282 483 344 518 quia
375 485 401 510 in
422 484 485 517 ipsis
508 492 550 510 nos
565 484 665 518 putatis
678 484 761 509 vitam
783 487 909 509 aeternam
923 482 1026 508 habere.
1040 481 1072 508 Et

281 531 344 563 ipsre
357 534 418 555 sunt
433 537 492 564 quae
518 529 695 556 testimonium
715 529 850 563 perhibent
874 528 906 554 (le
920 527 1001 554 me".
1018 526 1072 553 Sed

282 581 307 602 ('l
318 576 363 602 illo
373 576 432 602 loco
441 576 606 609 prophetica:
613 574 787 609 psalmodiae:
801 573 898 600 Beatus
910 573 986 599 homo
996 581 1073 606 quem

285 629 313 649 tu
339 623 478 655 erudicris,
507 622 625 652 Domine,
642 625 665 648 et
680 621 712 647 de
727 621 781 655 lege
799 624 845 646 tua
861 619 981 646 docueris
1002 626 1071 651 cum,

282 674 309 694 ut
330 669 431 703 mitiges
445 677 528 695 euma
541 667 630 694 diebus
650 667 766 694 malis”.
782 666 980 701 Cognoscimus
997 665 1071 692 enim

281 719 309 740 et
328 714 515 741 liberationem
531 714 610 740 nobis
628 717 814 747 peccatorum,
831 716 859 739 et
873 711 1072 746 ltevigationem

279 759 370 785 abhis
398 766 458 793 quae
478 766 529 785 nos
541 761 645 784 terrent
656 758 683 784 in
699 757 742 784 die
752 756 994 787 mala,doctrinam
1008 763 1073 783 san-

281 810 385 831 ctarum
404 804 483 831 nobis
496 804 640 838 providere
654 803 872 838 Scripturarum.
894 802 949 830 Sed
968 806 995 830 et
1008 809 1073 837 pro-

282 851 382 877 iectum
407 851 504 876 anima:
528 857 582 876 non
597 849 733 876 modicum
750 857 783 876 ex
797 857 829 876 ea
845 848 996 883 carpimus,
1009 855 1073 883 pro-

280 901 342 930 pter
356 897 427 930 quod
454 900 481 922 et
500 896 600 922 Paulus
618 895 712 922 scribit
727 895 760 922 ad
793 894 967 922 Timotheum
986 903 993 921 :
1010 892 1073 920 Ha’c

283 941 410 967 meditare
425 942 450 966 iu
463 941 512 971 liis,
531 945 558 966 ut
578 941 709 975 profectus
725 945 784 967 tuus
801 941 957 975 manifestus
968 941 1004 966 sit
1019 947 1072 966 om.

282 987 364 1013 nibus.
389 986 497 1012 Intende
525 986 675 1021 tibimetipsi
694 991 717 1013 et
743 986 880 1019 doctrina),
897 994 1023 1020 permane
1044 985 1072 1011 in

282 1033 329 1059 eis.
373 1032 426 1058 Hoc
452 1033 520 1058 enim
553 1033 662 1067 fariens,
680 1037 703 1059 et
725 1033 889 1066 temetipsum
918 1032 1032 1059 salvabis
1049 1036 1072 1059 et

281 1085 324 1103 eos
336 1077 382 1110 qui
393 1081 417 1102 te
434 1077 585 1104 audiunt”.
613 1076 679 1104 Cum
706 1077 846 1112 praedictis
863 1076 1001 1109 omnibus,
1017 1080 1072 1104 tam

281 1126 402 1148 nostram
420 1122 538 1156 ipsorum
555 1123 668 1149 salutem
685 1130 766 1157 quam
785 1122 902 1149 aliorum
919 1122 1073 1157 peritorum

282 1169 419 1194 lucremur
435 1168 564 1199 studium,
581 1173 608 1195 et
620 1173 762 1202 propterea
777 1168 869 1195 nullus
885 1168 972 1199 labor,
986 1174 1074 1202 neque

282 1215 376 1245 sudor,
397 1214 440 1240 vel
462 1222 508 1240 eos
529 1214 576 1248 qui
594 1221 640 1240 eas
654 1217 804 1247 exportant,
828 1214 871 1240 vel
887 1213 1011 1240 indoctos
1035 1212 1074 1239 le-

282 1263 376 1293 gentes
391 1266 405 1285 a
430 1266 569 1285 saerarum
598 1257 800 1292 Seripturarum
829 1265 971 1284 removere
992 1257 1074 1284 debet

282 1305 510 1340 perscrutatione,
535 1304 685 1339 przesertim
722 1312 785 1332 cum
801 1311 897 1339 magna
909 1303 1012 1330 utilitas
1023 1303 1073 1330 sub

281 1351 380 1386 spiritu
411 1351 478 1386 legis
507 1351 587 1385 lutjus
616 1351 670 1377 sit:
694 1350 733 1377 illi
753 1358 788 1377 ex
800 1350 840 1378 eis
855 1354 945 1377 autem
961 1349 1074 1384 capiunt

282 1397 451 1432 margaritas,
466 1396 511 1431 qui
531 1396 665 1430 frequenti
679 1404 725 1423 eas
738 1395 915 1423 meditatione
926 1399 1074 1429 operantes

282 1442 424 1470 eﬂodiunt.
440 1442 494 1469 Sed
507 1449 538 1469 ea
553 1449 612 1476 quae
626 1447 777 1477 sequuntur
791 1442 873 1476 hujus
882 1441 994 1469 Levitici
1010 1441 1073 1468 libri

281 1496 464 1524 exsequamur
480 1496 530 1523 per
550 1488 684 1518 ordinem,
705 1488 954 1523 supersediﬁcantes
976 1487 1073 1515 funda-

283 1540 416 1566 mentum.
432 1535 504 1569 quod
517 1535 573 1569 jam
589 1535 724 1566 Christus,
746 1535 817 1562 sicut
837 1534 948 1569 quidam
964 1534 1073 1569 sapiens

1123 298 1169 331 qui
1194 297 1345 324 doctrinam
1364 305 1419 324 nou
1437 302 1520 328 caste.
1546 297 1593 324 sed
1615 302 1710 324 contra
1733 302 1872 328 naturam,
1888 296 1916 324 id

1123 348 1165 370 est
1180 348 1274 370 contra
1291 343 1350 378 ejus
1362 344 1424 378 jura
1448 349 1475 370 et
1492 344 1578 378 legem
1602 343 1755 370 inordinate
1768 347 1916 377 corrupte-

1124 395 1176 421 qne
1201 387 1339 420 dili'un-lit,
1372 393 1402 415 ut
1422 396 1453 416 ex
1476 396 1507 415 ea
1521 386 1603 415 ctiam
1625 395 1716 414 mores
1726 391 1916 421 corrumperet

1124 434 1303 468 populorum:
1323 442 1383 468 quas
1399 434 1588 469 cognoscimus
1601 441 1649 469 per
1664 438 1766 468 partes,
1781 437 1812 460 ut
1826 437 1916 459 textus

1125 478 1224 504 seriem
1239 479 1419 505 disserentes.

1160 524 1323 559 Lorutusque
1331 529 1368 551 est
1379 524 1505 552 Dominus
1512 526 1546 552 ad
1558 525 1664 560 Moysen
1674 530 1698 552 et
1709 527 1798 552 Aaron
1808 525 1896 551 dicens
1907 532 1916 550 :

1126 569 1277 604 Loquimini
1303 571 1365 605 ﬁliis
1385 571 1478 604 Israel,
1501 578 1524 598 ct
1541 572 1633 598 dicetis
1659 573 1706 599 eis.
1732 572 1815 599 Recte
1831 570 1915 606 Moysi

1124 616 1232 649 quidem
1247 621 1274 643 et
1289 616 1377 643 Aaron
1398 617 1504 644 locutus
1519 622 1572 650 est,
1586 617 1634 644 sed
1651 617 1721 645 tradi
1742 617 1804 644 ﬁliis
1818 617 1913 650 lsracl,

1125 661 1152 688 id
1170 666 1211 688 est
1224 662 1296 688 otnni
1319 663 1428 697 popttlo,
1448 663 1604 690 mandatum
1627 663 1728 698 jubet:
1752 664 1816 699 quia
1841 672 1918 699 qua:-

1124 713 1231 741 cunque
1254 715 1301 741 prr
1320 708 1470 734 doctrinam
1487 708 1607 735 divinam
1628 709 1733 736 scilicet
1755 710 1917 736 sanciantur

1125 759 1171 778 seu
1188 752 1353 784 scribuntur,
1375 753 1492 787 priututn
1508 753 1618 787 quidem
1645 754 1816 788 principibus
1832 758 1917 788 egent

1125 797 1226 832 populi,
1244 798 1305 832 quia
1323 798 1388 833 ipsis
1404 799 1518 825 maxime
1533 799 1624 827 divina
1639 803 1681 826 est
1694 799 1797 826 credita
1809 799 1916 826 doctri-

1125 851 1170 875 na,
1200 843 1306 878 ipsique
1331 845 1551 876 demonstratur,
1584 853 1646 872 cum
1672 845 1873 880 quodammodo
1900 853 1916 872 a

1124 888 1268 919 ministris,
1287 894 1332 915 aut
1346 889 1388 916 his
1401 889 1500 923 quibus
1513 889 1624 917 omnino
1638 891 1740 917 credita
1755 894 1796 917 est
1815 891 1917 917 debeat

1124 934 1244 962 studere.
1261 934 1328 967 Quia
1339 937 1435 962 autem
1450 934 1577 962 eductum
1592 935 1652 970 ejus
1675 936 1792 970 populus
1805 936 1918 970 respicit

1123 979 1291 1009 audientem.
1307 979 1369 1006 vide
1389 979 1546 1006 mandatum
1560 980 1620 1014 ejus
1635 980 1660 1006 in
1675 980 1796 1007 secundo
1815 979 1917 1007 ordine

1124 1025 1185 1052 ﬁliis
1203 1025 1285 1052 Israel
1301 1025 1380 1058 tradi,
1397 1025 1469 1060 quod
1492 1025 1563 1052 bene
1591 1025 1729 1060 legislator
1754 1030 1916 1060 cOmpeten-

1124 1075 1219 1106 terque
1235 1072 1390 1100 custodivit.
1404 1076 1432 1098 et
1450 1076 1510 1106 post
1525 1070 1576 1098 hoc
1591 1071 1657 1098 dixit
1673 1080 1679 1098 :
1699 1072 1742 1099 Vir
1754 1073 1799 1107 qui
1814 1073 1917 1106 patitur

1123 1118 1225 1151 ﬂuxum
1241 1117 1357 1150 seminis,
1376 1118 1525 1144 immundus
1544 1118 1604 1145 erit.
1619 1117 1690 1145 LXX
1705 1122 1795 1145 autent
1817 1118 1858 1145 sic
1875 1118 1917 1145 di-

1124 1167 1208 1189 cunt:
1227 1163 1287 1190 Viro
1298 1163 1353 1189 viro
1365 1164 1407 1189 cui.
1430 1165 1516 1198 [actus
1528 1164 1616 1199 fuerit.
1640 1168 1693 1191 etc.
1711 1163 1824 1196 Quoties
1842 1163 1915 1190 enim

1124 1208 1244 1244 duplicat
1259 1209 1319 1241 hoc,
1340 1209 1411 1236 unde
1438 1210 1597 1237 mandatum
1624 1211 1713 1242 datur,
1733 1211 1915 1237 intentionem

1124 1254 1190 1289 legis
1206 1255 1281 1289 cupit
1301 1255 1446 1283 ostendere
1466 1251 1616 1283 secundum
1633 1256 1701 1282 LXX
1716 1265 1723 1287 ;
1746 1261 1773 1283 et
1786 1261 1916 1291 quantum

1123 1301 1332 1328 sollicitudinem
1348 1301 1446 1328 habeat
1472 1301 1620 1337 legislator,
1647 1307 1675 1328 ut
1693 1302 1764 1328 nihil
1787 1302 1846 1335 ejus
1867 1310 1915 1336 pe-

1124 1345 1197 1373 nitus
1219 1349 1363 1380 praetcreat
1380 1355 1387 1372 :
1411 1345 1482 1373 sicut
1497 1346 1604 1380 quando
1631 1346 1719 1373 dicit:
1738 1346 1821 1373 Homo
1839 1347 1916 1373 homo

1124 1393 1155 1419 tle
1176 1391 1238 1426 ﬁliis
1259 1390 1354 1424 Israel,
1377 1396 1401 1418 et
1423 1393 1454 1418 (le
1469 1391 1589 1422 advenis,
1607 1396 1632 1418 et
1648 1392 1691 1426 qui
1709 1391 1842 1425 conjuncti
1856 1398 1915 1418 sunt

1124 1438 1171 1470 eis,
1196 1437 1240 1470 qui
1265 1438 1355 1472 fecerit
1381 1437 1572 1468 holocaustum,
1597 1441 1644 1463 aut
1658 1437 1828 1471 sacriﬁcium,
1842 1443 1866 1462 ρι
1882 1438 1916 1463 ad

1125 1483 1220 1509 ostium
1246 1482 1411 1509 tabernaculi
1438 1482 1581 1508 testimonii
1602 1489 1652 1508 non
1667 1481 1808 1508 adduxerit
1823 1483 1858 1508 ad
1873 1484 1916 1517 [a-

1125 1531 1246 1558 ciendum
1271 1531 1318 1557 ltoc
1341 1530 1462 1563 Domino,
1489 1531 1709 1557 exterminabitur
1734 1531 1811 1557 Immo
1825 1530 1872 1557 ille
1886 1532 1917 1557 de

282 1581 466 1611 architectus,
489 1588 538 1615 per
564 1584 687 1607 nostram
713 1580 804 1614 posuit
833 1579 953 1615 linguam
969 1588 975 1606 :
998 1579 1069 1608 sicut
1084 1585 1105 1613 ο
1124 1577 1219 1612 populo
1232 1576 1328 1611 ejus".
1344 1577 1378 1604 Et
1398 1576 1440 1603 his
1458 1577 1510 1604 alia
1522 1577 1633 1609 similia,
1651 1577 1685 1604 de
1704 1584 1819 1612 quorum
1847 1585 1916 1604 con-

281 1626 390 1660 quidam
411 1625 558 1652 instructor
580 1625 690 1659 sapiens
714 1633 763 1660 per
784 1625 837 1652 vile
858 1625 1071 1652 instrumentum

282 1671 399 1705 lapidem
424 1670 528 1704 poliens
550 1670 716 1704 angularem,
737 1675 766 1696 ut
790 1669 1006 1705 magnitudinem
1022 1669 1071 1697 do-

283 1723 344 1742 mus
368 1716 504 1747 ostendat,
532 1720 560 1742 et
578 1720 606 1742 ut
634 1716 823 1742 instrumentis
847 1715 948 1742 vilibus
975 1723 1071 1751 magna

284 1760 414 1794 perﬁciat.
431 1781 433 1783 .

586 1803 699 1831 CAPUT
716 1803 772 1830 XV.

318 1849 400 1878 Vsus.
418 1850 476 1877 1-5.
493 1859 502 1876 l
518 1850 691 1885 Locutusque
706 1854 748 1877 est
767 1849 897 1878 Dominus
916 1850 949 1879 ad
965 1851 1072 1887 Moysen

282 1901 310 1924 et
322 1897 412 1924 Aaron
430 1897 542 1924 dicens:
567 1896 721 1931 Loquimini
750 1896 811 1924 ﬁliis
824 1896 917 1931 israel,
934 1903 962 1925 et
975 1897 1073 1925 dicetis

282 1943 340 1970 eis:
357 1942 404 1969 Vir
431 1943 476 1977 qui
503 1943 604 1977 patitur
628 1942 730 1969 ilttxum
751 1942 884 1975 seminis,
912 1943 1072 1971 immundus

281 1989 344 2021 erit,
366 1993 393 2015 et
412 1993 479 2015 tunc
492 1989 660 2022 judicabitur
678 1989 743 2015 huic
758 1988 823 2016 vitio
838 1989 992 2024 subjacere,
1009 1997 1071 2016 cum

281 2042 330 2069 per
351 2038 488 2060 momenta
506 2033 611 2068 singula
635 2033 782 2061 adhaeserit
796 2034 871 2061 carni
887 2035 970 2067 illius,
991 2039 1082 2070 atque”

281 2080 451 2107 conereverit
468 2079 556 2106 fcedus
572 2080 677 2106 humor.
698 2089 707 2105 ι

316 2125 411 2152 Omnis
431 2125 541 2159 quidem
565 2125 698 2159 propheta
714 2124 761 2151 Dei
776 2124 944 2152 admirabilis
959 2129 1010 2158 est,
1033 2131 1073 2153 ut-

281 2175 345 2205 pote
362 2171 404 2197 cui
426 2175 490 2197 sunt
505 2171 608 2198 credita
632 2171 776 2206 spiritalia.
804 2171 859 2199 Sed
884 2172 1073 2199 admirabilior

283 2216 394 2250 Moyses,
418 2216 489 2242 sicut
506 2216 550 2242 cui
572 2217 673 2250 majora
698 2219 763 2242 sunt
784 2216 898 2249 credita,
925 2219 1008 2244 tanta:
1028 2224 1072 2243 sa-

282 2262 389 2295 pientia:
404 2261 532 2296 praecepit
544 2261 753 2289 celsitudinem:
780 2270 843 2289 nam
868 2262 931 2296 quia
946 2262 1070 2290 inﬁrmus

281 2312 339 2334 erat
358 2307 403 2342 qni
420 2308 454 2334 ab
475 2315 507 2334 eo
530 2307 617 2342 legem
636 2308 805 2343 percipiebat
829 2309 957 2343 populus,
977 2313 1005 2336 ct
1023 2309 1070 2343 qui

281 2354 441 2389 perfectiora
461 2354 586 2390 dogmata
602 2354 697 2381 audire
711 2362 767 2381 non
782 2358 899 2389 poterat,
919 2358 973 2382 tam
994 2354 1069 2381 inﬁr-

281 2401 366 2428 mitati
381 2400 601 2429 condescendere
616 2400 711 2427 volens
725 2399 828 2435 populi,
849 2407 930 2434 quam
943 2400 1068 2435 dignitati

281 2454 334 2472 non
351 2446 491 2480 injuriare,
504 2446 571 2480 legis
589 2445 695 2472 invenit
708 2446 779 2472 viam
798 2452 846 2479 per
860 2453 940 2479 quam
954 2449 982 2472 et
994 2446 1068 2472 cela-

281 2495 323 2518 ιρι
337 2491 472 2523 sublimia,
487 2499 538 2518 nec
550 2499 582 2518 ea
591 2496 703 2526 propter
716 2491 872 2518 auditorum
883 2491 1068 2518 inﬁrmitatem
1092 2499 1094 2502 '

281 2537 382 2564 directe
408 2537 532 2571 proferre
557 2538 702 2571 potuisset.
729 2537 798 2564 Nam
825 2544 888 2564 ecce
901 2537 1070 2564 etiamttune

279 2591 341 2610 eum
361 2591 408 2618 per
435 2583 521 2617 legem
541 2583 642 2618 leprosi
670 2583 769 2610 multas
795 2587 968 2618 peccatorum
984 2590 1069 2617 expo—

279 2629 378 2656 suisset
392 2630 506 2664 species,
524 2636 586 2656 eum
603 2629 649 2664 qui
670 2629 771 2656 ﬂuxum
790 2629 904 2656 seminis
917 2633 1067 2663 pateretur,

279 2675 388 2709 adjecit.
414 2675 463 2702 Per
480 2683 562 2709 quam
578 2675 690 2702 alteram
709 2675 827 2709 specictn
846 2675 950 2709 peccati
975 2682 1070 2701 rursus

278 2719 400 2753 exponit,
425 2725 452 2746 et
476 2727 538 2746 eum
558 2719 604 2754 qui
625 2719 785 2754 proﬂuvium
800 2720 903 2754 patitur
926 2719 1067 2752 doctrinae,

276 2773 312 2793 ex
326 2773 378 2799 qua
402 2758 500 2800 corpus
519 2765 604 2801 ipsius
621 2766 754 2798 subsistit,
772 2767 797 2794 id
817 2771 858 2793 est
878 2776 909 2794 (ες
927 2776 980 2802 qua
997 2767 1069 2794 salu-

610 2877 633 2892 “
644 2877 722 2903 Joan.
739 2885 777 2905 ut.
797 2877 840 2903 59.

558 2912 580 2928 ⁸⁸
596 2913 695 2946 Epltcs.
719 2920 756 2942 Iv,
775 2913 814 2938 15.

331 2876 354 2891 ’ί
368 2876 436 2903 Psal.
451 2885 469 2908 1,
481 2878 508 2908 9,
524 2878 549 2905 5.

283 2911 302 2926 ⁸⁷
316 2910 394 2939 Prov.
412 2920 456 2944 xx,
475 2913 501 2939 6.

897 2876 919 2892 εδ
937 2875 1005 2902 Psal.
1036 2883 1120 2909 xcni,
1150 2875 1193 2903 η.

871 2912 892 2946 ‘f’
907 2911 916 2937 l
931 2910 994 2938 Cor.
1007 2919 1044 2943 ix,
1062 2911 1105 2938 Η.

1124 1621 1278 1650 servatione
1302 1622 1448 1650 maximam
1469 1615 1608 1657 legislator
1630 1630 1722 1649 curam
1750 1623 1843 1658 gessit.
1867 1623 1917 1650 llic

1123 1672 1214 1695 atttem
1242 1668 1393 1695 secundum
1429 1669 1586 1702 praedictam
1618 1669 1823 1696 meditationem
1860 1677 1916 1696 non

1122 1713 1190 1741 dixit
1205 1713 1286 1740 homo
1298 1713 1390 1746 homo,
1405 1713 1452 1741 sed
1473 1713 1530 1740 viro
1546 1713 1615 1747 viro,
1632 1713 1775 1749 duplicans
1791 1714 1915 1749 quidem.

1123 1759 1353 1793 quemadmodum
1375 1763 1401 1786 ct
1420 1758 1465 1785 ubi
1487 1766 1644 1794 personam.
1665 1758 1779 1794 Propter
1804 1760 1916 1787 fortitu-

1123 1805 1214 1832 dinem
1228 1812 1293 1832 vero
1307 1805 1347 1831 sic
1362 1803 1514 1839 appellatur
1527 1812 1541 1831 a
1556 1804 1641 1832 latore
1661 1805 1739 1840 legis,
1755 1805 1818 1840 quia
1835 1813 1918 1832 voca—

1123 1850 1218 1878 bulum
1244 1850 1296 1878 hoc
1306 1857 1365 1878 mos
1385 1855 1426 1878 est
1452 1850 1588 1885 geminam
1603 1846 1718 1878 innuere
1736 1851 1918 1886 signiﬁcatio-

1124 1904 1196 1925 nem.
1223 1897 1250 1923 ld
1280 1892 1352 1931 quod
1377 1897 1497 1925 ostendit
1523 1897 1650 1924 Salomon
1675 1897 1796 1924 dicens:
1826 1897 1917 1924 Virum

1123 1948 1211 1970 autem
1225 1943 1328 1978 ﬁdelem
1341 1944 1398 1979 quis
1413 1943 1525 1970 inveniet
1535 1943 1576 1970 3"?
1586 1940 1639 1970 Sed
1649 1947 1678 1970 et
1694 1943 1812 1970 Paulus:
1828 1944 1918 1970 Donec

1123 1997 1292 2016 occurramus
1303 1997 1391 2016 omnes
1402 1990 1430 2016 in
1443 1989 1529 2016 virum
1548 1987 1702 2024 perfectum,
1720 1989 1747 2015 in
1765 1997 1917 2015 mensuram

1123 2034 1210 2060 tetatis
1222 2034 1392 2068 plenitudinis
1407 2033 1503 2062 Christi
1514 2033 1547 2061 ⁸⁸.
1565 2033 1635 2070 Ergo
1650 2031 1800 2068 duplicatio
1820 2034 1918 2068 appul-

1125 2079 1233 2106 lationis
1251 2085 1382 2114 quantuni
1404 2080 1428 2107 ei
1453 2080 1598 2115 pertineat,
1622 2080 1656 2107 de
1681 2081 1810 2107 mandato
1828 2081 1918 2107 mani-

1124 2124 1243 2152 festavit.
1260 2117 1337 2157 Quod
1355 2130 1445 2152 autem
1467 2126 1526 2153 viro
1543 2125 1621 2157 dixit,
1640 2131 1735 2153 etnon
1753 2125 1919 2160 sintplicitcr

1124 2171 1238 2203 homini,
1254 2171 1452 2198 demonstravit
1470 2171 1544 2206 quod
1561 2171 1681 2198 doctoris
1702 2171 1832 2198 ittnueret
1853 2180 1918 2206 per-

1125 2224 1236 2244 sonam:
1263 2217 1289 2243 in
1311 2217 1363 2244 hoc
1389 2217 1461 2244 enim
1493 2217 1648 2244 necessarie
1665 2210 1836 2244 demonstrat
1853 2226 1918 2252 per-

1090 2253 1188 2290 Dfecti
1214 2262 1339 2290 formant.
1367 2263 1420 2291 Sed
1451 2264 1515 2291 huic
1547 2263 1568 2290 si
1594 2263 1683 2302 factus
1705 2263 1787 2291 fuerit
1802 2264 1919 2291 seminis

1123 2309 1222 2341 lluxus,
1244 2305 1401 2336 immundus
1417 2309 1479 2336 erit.
1500 2309 1559 2342 Quo
1572 2302 1663 2336 autem
1681 2310 1772 2338 modo.
1789 2310 1855 2337 audi
1872 2318 1918 2337 sc-

1122 2356 1233 2391 qucntia
1246 2365 1252 2382 :

1159 2403 1192 2430 Et
1221 2408 1282 2430 tunc
1299 2402 1464 2437 judicabitur
1486 2402 1546 2429 huic
1566 2402 1740 2428 immunditiis
1766 2402 1916 2436 subjaccre.

1123 2450 1150 2477 id
1179 2454 1231 2482 est,
1252 2449 1311 2476 haec
1331 2449 1456 2483 probatio
1478 2448 1658 2475 immunditim
1684 2448 1761 2482 ejus;
1779 2448 1917 2482 judicium

1119 2499 1210 2521 autent
1232 2493 1410 2520 innunnditia:
1429 2493 1499 2527 ejus,
1517 2493 1544 2519 itt
1561 2493 1758 2519 ltoclocodixit
1776 2493 1864 2528 legem
1882 2494 1917 2520 il-

1118 2549 1182 2576 ιπιιι,
1192 2548 1252 2575 quae
1261 2539 1461 2567 immunditiam
1471 2538 1531 2573 ejus
1541 2539 1648 2573 probat.
1659 2538 1758 2572 thuis
1766 2543 1807 2566 est
1815 2538 1859 2565 hic
1869 2541 1914 2573 qui

1118 2584 1219 2612 ﬂuxum
1240 2585 1342 2619 patitur
1358 2584 1492 2610 seminis?
1510 2584 1610 2611 Semen
1634 2583 1795 2619 intelligitur
1810 2584 1914 2611 doctri-

1118 2639 1164 2664 na,
1175 2631 1212 2658 ait
1224 2631 1339 2657 Paulus:
1354 2629 1382 2656 Si
1398 2637 1444 2657 nos
1457 2630 1524 2656 vobis
1539 2630 1673 2664 spiritalia
1687 2629 1913 2657 seminavimus”.

1121 2676 1174 2703 Sed
1205 2680 1233 2703 et
1253 2676 1383 2703 llontinus
1399 2675 1455 2702 ait:
1487 2675 1578 2702 Omnis
1605 2676 1650 2710 qui
1665 2676 1741 2702 audit
1754 2676 1870 2709 verbum,
1889 2682 1914 2703 et

1121 2730 1171 2748 non
1185 2721 1327 2755 intelligit:
1342 2721 1412 2747 venit
1429 2720 1570 2755 malignus,
1590 2725 1613 2746 et
1629 2720 1699 2754 rapit
1712 2727 1770 2754 qum
1783 2721 1914 2746 seminata

1119 2769 1215 2794 suntin
1228 2768 1304 2794 corde
1316 2768 1373 2801 ejus
1381 2767 1415 2794 θ’.
1431 2766 1500 2800 Quia
1517 2772 1610 2794 autem
1626 2767 1721 2794 dicunt
1737 2766 1828 2794 LXX.-
1851 2766 1914 2793 Viro

1250 2877 1271 2894 ⁸³
1284 2878 1293 2905 l
1308 2878 1377 2904 Tim.
1395 2886 1433 2911 tv,
1451 2879 1553 2910 15,Ιϐ.

1161 2912 1184 2928 ⁹⁰
1196 2911 1292 2939 Matth.
1307 2921 1366 2944 xtn,
1383 2912 1424 2940 19.

1609 2879 1632 2894 ¹⁶
1646 2878 1734 2905 Levit.
1759 2886 1826 2910 ml,
1842 2878 1869 2910 3,
1884 2879 1910 2905 4.
