2052 3146
169 188 223 222 969

762 183 799 215 IN
818 183 1037 215 LEVITICUM.
1053 197 1086 201 ’-
1105 185 1177 215 LIB.
1191 184 1225 215 V.

1751 186 1804 218 970

169 245 192 272 si
214 241 293 280 fuerit
313 241 470 278 proﬂuvium
484 241 590 269 seminis
604 248 636 268 ea:
650 247 758 276 corpore
783 238 851 276 ejus,
869 248 900 268 es
916 248 966 275 quo
982 244 1002 271 A
1019 247 1132 277 corpus,
1147 249 1180 268 ex
1198 248 1251 276 quo
1269 239 1368 276 corpus
1385 241 1512 269 consistit
1530 241 1635 277 populi,
1647 243 1803 271 immundus

170 289 290 316 consistit
311 293 405 322 corpus
421 288 479 323 ejus
501 287 691 322 segregandam
712 291 762 318 est,
777 286 849 322 quod
865 293 965 320 corpus

171 334 270 369 duplex
288 334 333 361 hic
349 333 443 364 tradit.
459 333 485 360 id
501 338 555 365 est,
573 333 624 359 hoc
635 332 744 367 quidem
755 339 787 359 ex
807 339 860 366 quo
871 339 964 358 semen

170 382 239 414 ﬂuit,
269 381 342 408 aliud
368 386 471 412 autem,
486 381 557 416 quod
584 388 634 416 per
649 380 753 408 ﬂuxum
771 379 885 408 seminis
900 379 965 407 sub-

171 427 252 455 sistit.
274 427 342 460 Quia
360 435 425 462 ergo
438 435 471 455 ex
493 427 649 454 inordinate
672 426 840 462 procedente
861 425 965 453 semine

171 473 357 508 generandum
373 473 461 500 fuerat
474 473 610 507 quoddam
630 480 741 507 corpus,
758 471 965 507 subsistereque

171 523 290 554 poterat,
320 520 475 546 necessario
501 519 619 554 primum
634 526 746 553 corpus,
760 525 793 545 ex
807 526 862 553 quo
876 517 965 545 ﬂuxus

172 569 215 591 est
236 564 307 598 ejus,
327 564 372 598 qui
393 563 505 590 seminis
528 563 629 591 ﬂuxum
645 564 758 599 patitur,
777 563 865 591 modis
879 563 966 590 omni-

173 610 225 637 bus
245 610 416 645 intelligitur.
432 610 511 637 Aliud
521 614 613 637 autem
627 610 790 642 consistere,
807 609 906 644 inquit,
919 616 966 644 per

173 654 291 687 ﬂuxum,
311 655 337 681 id
350 660 403 687 est,
423 655 476 683 hoc
497 656 569 690 quod
582 663 615 683 ex
630 662 663 683 eo
680 655 806 690 generari
823 655 965 686 debuerat,

172 706 254 736 atque
265 701 425 733 subsistere,
443 701 506 728 licet
519 709 574 728 non
595 706 752 736 generetur,
770 705 884 736 propter
893 701 966 735 quod

172 751 201 774 et
222 747 379 774 immundus
408 751 459 774 est.
493 747 601 782 Corpus
615 751 707 774 autem
721 747 784 782 ejus
801 747 884 774 etiam
900 746 965 773 illud

172 792 323 818 secundum
352 791 480 826 appellat,
505 792 567 827 quia
595 799 691 819 revera
724 799 825 827 corpus
849 791 909 826 ejus
921 791 975 830 qui.

172 842 296 873 generat,
319 841 361 864 est
384 837 437 864 hoc
465 838 537 872 quod
565 845 597 865 ex
625 846 659 865 eo
675 842 835 873 generetur.
850 837 912 865 llatc
926 842 968 865 cst

172 888 264 911 autem
280 883 347 919 legis
361 884 388 910 in
405 883 542 918 principio
565 887 641 915 nota,
655 883 720 918 quia
735 883 966 918 quemadmodum

1017 290 1058 313 est
1072 286 1098 313 in
1123 287 1280 322 semetipso,
1305 287 1377 314 sicut
1396 287 1444 319 ait,
1467 288 1665 316 immunditiam
1688 289 1803 321 habens,

1018 331 1145 358 videlicet
1169 339 1323 359 sermonem
1343 340 1423 367 quem
1443 334 1547 367 profert
1578 334 1737 365 sordidum,
1752 335 1804 362 im—

1017 377 1144 412 pudicum
1169 381 1196 404 et
1213 377 1393 405 immundum.
1417 378 1531 414 Propter
1546 380 1618 414 quod
1631 384 1660 408 et
1682 381 1764 408 nimis
1778 382 1804 409 ei

1016 423 1194 456 conveniunt,
1207 431 1268 457 qum
1282 429 1444 458 sequuntur.

1052 468 1132 496 Vsus.
1147 469 1173 506 ξ,
1191 468 1218 495 5.
1241 477 1251 494 ι
1281 469 1367 496 Omne
1384 473 1499 497 stratum
1524 471 1552 499 in
1576 479 1630 506 quo
1653 472 1805 505 dorrnicrit,

1018 501 1188 541 immundtim
1209 513 1271 546 erit,
1287 519 1315 541 et
1331 514 1489 550 ubicunque
1504 501 1616 544 sederit.
1635 517 1663 545 Si
1677 519 1739 553 quis
1756 501 1806 546 hu;

1017 559 1121 586 niinum
1144 560 1263 595 tetigerit
1293 561 1420 588 lectulum
1447 562 1517 596 ejus,
1531 563 1632 591 lavabit
1645 565 1806 592 vestimenta

1019 612 1079 636 sua,
1099 610 1127 631 et
1156 605 1214 639 ipse
1240 605 1312 632 lotus
1337 613 1406 640 aqua
1436 606 1593 635 immundus
1603 609 1655 635 erit
1671 616 1756 644 usqrre
1773 610 1806 636 ad

1019 657 1173 684 vesperum.
1196 659 1204 675 ι

1055 694 1145 722 Multae
1168 695 1254 722 aliena
1268 695 1424 722 docentium
1453 696 1558 730 species
1582 700 1664 727 sunt;
1694 696 1807 728 Quidam

1018 741 1098 772 enim,
1115 741 1185 768 sicut
1197 741 1233 769 ait
1248 741 1359 774 Paulus,
1370 751 1416 777 per
1429 742 1555 774 inuidiam
1569 751 1578 774 ;
1592 742 1701 778 quidam
1720 747 1809 769 autem

1018 794 1064 820 per
1086 787 1276 815 contentionem
1295 795 1303 818 ,'
1325 788 1431 821 quidam
1454 796 1513 815 cera
1536 797 1583 822 ρει-
1613 788 1809 823 ignorantiam:

1018 832 1125 866 quidam
1139 840 1199 860 uero
1214 841 1246 859 ea:
1261 834 1401 860 temerario
1417 833 1582 869 multiloquia
1601 834 1653 868 (de
1675 841 1729 868 quo
1744 834 1812 862 dixit

1020 878 1064 905 ille
1089 877 1229 914 Sapiens:
1254 879 1286 906 In
1310 880 1475 915 multiloquio
1504 888 1556 906 non
1582 880 1687 915 eﬂugies
1716 889 1810 916 pecca-

172 920 272 956 liueraa,
290 914 447 956 inlaudati-1m
464 914 564 964 co-rpus
582 914 675 956 δοτῆρι]
699 914 870 956 επιξιιάειιιίε
886 929 969 956 ίηιει-
984 914 1004 944 Β
1020 923 1118 958 tum”)
1129 933 1136 950 :
1147 924 1255 959 quidam
1267 929 1354 952 autem
1366 933 1398 952 ea
1409 914 1439 952 eo
1452 926 1520 960 quod
1533 914 1696 952 delectantur
1710 914 1736 952 in
1746 934 1812 961 qna-

174 974 249 1005 lexit,
262 977 290 1000 et
302 979 446 1008 propterea
472 974 558 1001 dicit:
588 973 686 1000 Fluens
710 981 798 1001 semen
813 982 845 1001 ea:
863 982 969 1008 corpore

173 1019 250 1054 ejus,-
275 1019 395 1047 secundo
419 1024 511 1046 autem
533 1019 585 1047 hoc
603 1019 677 1054 quod
701 1028 735 1047 ex
762 1027 796 1048 eo
810 1024 968 1055 generatur,

174 1070 250 1092 recte
267 1065 388 1092 subdcns
402 1073 434 1092 ex
449 1064 533 1096 ﬂuxu,
549 1073 605 1100 quo
625 1065 750 1093 consistit
767 1073 867 1100 corpus
887 1065 967 1100 eius:

175 1111 215 1138 sic
240 1110 436 1145 contemplatio
460 1110 590 1145 spiritalis
606 1118 705 1145 corpus
734 1110 864 1142 doctoris,
879 1109 968 1145 ipsum

175 1156 249 1191 quod
265 1157 290 1183 ei
305 1156 439 1183 credittrm
467 1159 510 1182 est
524 1156 649 1188 verbum,
673 1159 701 1183 et
724 1155 904 1183 doctrinalem
928 1155 970 1183 di-

175 1202 310 1237 gnitatern
344 1201 543 1228 rationabiliter
578 1201 724 1228 intellexit.
756 1200 864 1235 Corpus
895 1200 969 1228 enim

175 1249 282 1276 Christi
300 1247 452 1275 doctrinale
475 1247 587 1274 verbum
606 1246 707 1273 Paulus
731 1246 860 1281 appellat,
876 1246 915 1274 sic
928 1246 971 1274 di-

174 1301 244 1321 cens
256 1293 291 1321 de
306 1293 348 1320 eis
364 1291 412 1327 qui
427 1292 540 1319 verbum
556 1291 707 1319 doctrinale
720 1291 872 1326 decerpunt
887 1300 893 1318 :
908 1290 972 1320 Cor-

176 1348 225 1375 pus
243 1344 331 1366 autem
348 1338 456 1366 Christi.
480 1337 563 1364 Nerua
578 1346 621 1364 ros
644 1338 751 1364 sedacat
769 1338 854 1364 volens
871 1345 898 1363 in
921 1338 971 1364 Iru-

177 1386 303 1418 mititate,
330 1390 354 1411 et
375 1384 500 1419 religione
515 1383 680 1418 angelorum,
695 1391 753 1418 quw
769 1391 820 1410 non
829 1383 893 1409 vidit
911 1391 972 1410 am-

175 1431 284 1462 bulans,
312 1431 411 1465 frustra
437 1429 546 1464 inﬂatas
572 1436 652 1455 sensu
680 1428 768 1455 carnis
791 1436 855 1460 sate,
881 1432 973 1455 etnon

177 1483 268 1505 tenens
283 1481 361 1511 caput
375 1485 406 1503 ea:
422 1484 473 1510 quo
497 1479 580 1502 totum
602 1483 695 1509 corpus
708 1483 754 1508 per
769 1482 849 1502 nexus
862 1479 886 1501 et
906 1474 972 1509 jun-

178 1524 277 1550 ctiones
310 1523 535 1552 subministratur.
572 1526 597 1548 et
628 1525 807 1548 constructum
831 1521 923 1548 crescit
945 1521 972 1547 in

176 1573 350 1604 augmentum
362 1568 451 1595 Dei".
468 1567 574 1602 Corpus
589 1567 696 1595 Domini
708 1572 801 1602 aperte
821 1567 972 1595 doctrinalc

178 1623 307 1643 asserens
333 1615 468 1647 verbum;
494 1614 567 1648 quod
600 1618 675 1641 recte
704 1621 803 1648 corpus
827 1614 970 1641 doctorum

176 1662 298 1689 dicitur:
313 1661 335 1688 si
347 1661 458 1696 quidem
472 1661 531 1688 loco
548 1660 650 1688 Christi
668 1661 826 1689 sacerdotes
837 1665 864 1688 et
876 1661 972 1689 docto-

179 1714 224 1734 res
238 1711 302 1734 sunt
328 1707 355 1733 in
377 1707 516 1734 Ecclesiis.
539 1706 616 1734 Unde
639 1715 735 1734 rursus
746 1707 896 1734 secundum
910 1714 972 1735 coro

179 1761 232 1789 pus
246 1761 351 1783 eorum.
369 1753 442 1788 quod
466 1761 499 1780 ex
514 1761 609 1780 eorum
625 1753 751 1781 consistit
770 1753 856 1791 ﬂuxu,
871 1754 974 1781 audito-

180 1807 238 1827 rem
253 1799 384 1835 populum
395 1799 582 1834 intelligimus,
597 1800 644 1835 qui
666 1807 700 1827 es
714 1800 774 1835 ejus
787 1800 910 1828 doctrina
925 1807 973 1835 ge-

181 1851 309 1878 neratur,
325 1845 372 1880 qui
393 1852 465 1878 eam,
480 1853 561 1880 quant
588 1845 711 1880 percepit
735 1846 854 1873 divinam
870 1846 974 1873 doctri-

181 1900 245 1919 nam
268 1892 337 1922 ﬂuit.
354 1893 554 1927 corrumpendo
568 1900 639 1925 eam,
659 1892 717 1919 sive
739 1892 972 1928 transgrediendo,

181 1937 216 1964 de
235 1946 290 1972 quo
305 1938 404 1965 Paulus
418 1939 542 1966 dicebat:
561 1938 590 1965 Si
605 1946 660 1971 nos,
681 1942 726 1965 aut
741 1938 850 1973 angelus
870 1938 901 1965 de
912 1937 973 1964 coelo

181 1983 398 2018 euangelizavertt
425 1984 498 2011 vobis
532 1988 707 2018 praeterquam
731 1986 799 2018 quod
827 1983 972 2017 accepistis,

183 2031 326 2056 auat/tenta
338 2030 414 2056 sit".
433 2029 516 2057 Recte
533 2029 690 2057 immundus
703 2033 745 2056 est
758 2029 804 2063 qui
816 2036 848 2056 ex
865 2029 974 2055 sordida

182 2077 404 2108 conversatione,
430 2076 538 2111 vitaque
559 2076 707 2110 impudica,
723 2075 766 2102 vel
778 2083 812 2102 ex
827 2074 974 2102 ambitione

183 2122 319 2156 primatus
335 2122 386 2149 hoc
410 2122 576 2156 patitur;ac
593 2126 739 2156 propterea
764 2120 898 2148 nefariam
924 2120 975 2148 do-

184 2168 300 2194 ctrinam
317 2167 445 2201 exquirit,
461 2175 522 2202 quae
537 2167 655 2194 delectet
670 2174 719 2194 eos
735 2174 804 2202 quos
822 2166 976 2201 prurientes

184 2215 298 2241 auribus
324 2213 425 2241 Paulus
447 2214 558 2247 dixit”,
578 2218 606 2241 et
629 2222 722 2241 sanam
746 2214 896 2241 doctrinam
921 2221 974 2240 non

1020 970 1140 997 rumdam
1157 971 1323 1005 corruptione
1339 971 1619 1005 concupiscentiarum,
1637 971 1812 999 doctrinalem

1020 1021 1170 1043 convertunt
1192 1017 1378 1044 sermonem“.
1398 1017 1482 1045 [lecte
1504 1018 1653 1053 legislator,
1673 1026 1736 1046 cum
1761 1020 1812 1046 Iro-

1021 1072 1080 1091 rurn
1096 1065 1228 1099 quosdam
1247 1065 1276 1092 in
1294 1066 1435 1093 sanctione
1452 1065 1545 1101 lepraa,
1566 1066 1636 1094 alios
1651 1074 1715 1093 vero
1728 1067 1754 1094 in
1770 1067 1811 1095 ei-

1021 1111 1117 1138 borum
1143 1110 1296 1143 differentia
1312 1111 1502 1146 signiﬁcasset,
1527 1120 1600 1140 nunc
1628 1120 1724 1140 rursus
1738 1112 1811 1139 aliud

1021 1165 1107 1193 genus
1116 1165 1221 1191 eorum,
1238 1158 1284 1193 qui
1300 1166 1332 1185 ex
1348 1158 1526 1193 impudicitia,
1541 1162 1570 1185 et
1584 1167 1615 1186 ex
1636 1158 1748 1186 libidine
1760 1159 1810 1186 alia

1022 1202 1132 1236 docent,
1146 1211 1194 1238 per
1209 1203 1261 1231 hoc
1279 1203 1449 1236 mandatum,
1463 1204 1535 1239 quod
1549 1208 1591 1232 est
1604 1204 1630 1231 in
1649 1204 1812 1240 proﬂuvium

1022 1248 1134 1276 seminis
1159 1249 1305 1284 patientem
1319 1270 1326 1281 ,
1345 1250 1480 1284 exposuit,
1496 1250 1566 1278 sicut
1582 1254 1609 1277 et
1621 1250 1747 1285 superius
1765 1259 1814 1286 ap-

1022 1295 1208 1329 probavimus.
1222 1296 1276 1322 Sed
1290 1303 1363 1322 nunc
1375 1299 1403 1322 et
1413 1299 1530 1323 stratum
1548 1296 1575 1323 in
1591 1304 1645 1331 quo
1659 1296 1770 1329 dormit,
1786 1301 1814 1324 ct

1023 1341 1067 1367 ubi
1086 1341 1172 1373 sedet,
1186 1341 1357 1368 immundum
1372 1340 1511 1376 lcgislator
1524 1341 1599 1368 dicit.
1620 1341 1719 1369 l‘aulus
1732 1342 1815 1377 igitur

1022 1393 1083 1418 nos,
1099 1391 1126 1413 et
1142 1386 1229 1414 Lucas
1243 1387 1369 1419 doceant,
1385 1387 1449 1422 quid
1462 1387 1496 1415 de
1508 1388 1552 1415 his
1564 1388 1691 1415 arbitrari
1712 1388 1813 1416 debea-

1023 1440 1094 1460 mus.
1114 1432 1182 1466 Quia
1209 1434 1282 1461 enim
1314 1441 1361 1461 vas
1385 1439 1413 1460 et
1438 1438 1565 1466 stratum,
1593 1442 1648 1461 non
1678 1433 1814 1469 quoslibet

1022 1485 1119 1512 agros,
1144 1477 1191 1505 sed
1219 1478 1270 1505 hos
1294 1478 1457 1513 signiﬁcant,
1473 1479 1520 1514 qui
1541 1479 1623 1507 nimis
1638 1485 1702 1507 sunt
1718 1480 1744 1507 in
1762 1479 1814 1507 do-

1023 1522 1111 1550 ctrina
1139 1524 1290 1557 sublimes,
1323 1532 1489 1560 omnemque
1518 1533 1578 1553 eam
1612 1526 1814 1561 quodammodo

1023 1569 1177 1603 capiebant,
1203 1570 1240 1597 ita
1264 1575 1293 1597 ut
1308 1571 1417 1598 scdcret
1439 1571 1466 1598 in
1487 1571 1537 1604 eis,
1561 1579 1593 1599 ac
1609 1576 1765 1607 portaretur
1779 1573 1814 1600 ab

1023 1614 1063 1642 eis
1081 1614 1186 1647 doctor,
1204 1621 1298 1651 aperte
1319 1616 1406 1644 Lucas
1428 1617 1531 1650 docuit,
1553 1617 1662 1652 quando
1679 1618 1713 1645 de
1730 1617 1814 1645 Paulo

1024 1659 1095 1687 Deus
1111 1660 1144 1687 ad
1159 1661 1291 1688 Ananiam
1317 1661 1404 1688 dixit:
1431 1661 1509 1695 Vade,
1536 1663 1598 1698 quia
1618 1671 1664 1690 vas
1684 1662 1816 1690 electionis

1024 1706 1072 1732 erit
1098 1706 1162 1733 milii
1183 1708 1240 1738 iste,
1257 1711 1285 1733 ut
1301 1712 1386 1741 portet
1401 1716 1494 1736 nomen
1508 1717 1595 1736 meum
1614 1710 1642 1736 in
1655 1710 1774 1744 gentibus
1790 1716 1815 1737 et

1024 1752 1128 1787 regibus
1137 1753 1182 1780 "'.
1198 1752 1338 1789 Tanquam
1355 1763 1404 1782 vas
1421 1755 1523 1783 Christi
1546 1755 1698 1783 doctrinam
1715 1755 1816 1783 Paulus

1024 1799 1159 1834 capiebat,
1187 1804 1217 1827 ut
1242 1801 1395 1828 imitaretur
1418 1809 1481 1829 eum
1501 1809 1595 1837 opere,
1622 1806 1650 1830 et
1678 1803 1772 1836 verbo,
1789 1807 1818 1830 et

1024 1846 1208 1881 passionibus.
1235 1846 1350 1882 Propter
1369 1849 1441 1882 quod
1466 1856 1540 1876 nunc
1554 1849 1665 1883 quidem
1688 1849 1814 1877 diccbat:

1025 1892 1065 1918 An
1089 1892 1296 1925 experimentum
1320 1893 1438 1928 quivi-itis
1455 1893 1522 1928 ejus,
1539 1894 1585 1929 qui
1605 1894 1633 1920 in
1647 1901 1687 1920 me
1701 1893 1818 1928 loquitur

1025 1936 1122 1963 Christi
1131 1937 1173 1965 9"l
1187 1952 1222 1957 -—
1233 1937 1312 1965 Nunc
1323 1946 1388 1974 ergo
1401 1948 1407 1965 :
1419 1938 1570 1966 lmitatores
1586 1939 1636 1966 mei
1647 1943 1736 1970 estote,
1749 1939 1816 1977 sicut

1025 1987 1050 2009 et
1064 1991 1110 2018 ego
1127 1983 1267 2010 Christi".
1283 1984 1361 2011 Nunc
1380 1992 1445 2012 vero
1461 1992 1574 2011 rursus:
1595 1984 1696 2017 Impleo
1714 1992 1745 2011 ea
1759 1991 1818 2019 quia

1025 2031 1119 2055 desunt
1139 2029 1292 2064 passionum
1313 2028 1412 2056 Christi
1431 2030 1458 2056 in
1478 2038 1558 2057 carne
1581 2029 1679 2057 mea".
1695 2029 1816 2057 Stratum

1026 2079 1116 2102 autem
1132 2075 1265 2110 magistri,
1285 2076 1348 2110 quia
1373 2075 1512 2111 proprium
1534 2080 1576 2103 est
1592 2075 1680 2108 strati,
1696 2080 1727 2102 ut
1743 2075 1770 2102 in
1784 2083 1817 2102 eo

1026 2121 1178 2156 requiescat
1201 2129 1341 2156 possessor
1361 2123 1431 2156 eius,
1450 2123 1537 2150 modis
1563 2121 1689 2150 omnibus
1703 2122 1748 2149 ille
1770 2129 1818 2156 per

1027 2167 1079 2195 hoc
1103 2167 1254 2203 discipulus
1278 2167 1439 2203 intelligitur
1460 2167 1489 2195 in
1506 2176 1560 2203 quo
1579 2173 1691 2204 propter
1705 2168 1817 2195 nimiam

1027 2213 1221 2244 obedientiam,
1253 2214 1381 2250 magister
1401 2215 1479 2249 ipse,
1502 2219 1530 2241 et
1549 2215 1609 2250 ejus
1635 2214 1748 2249 spiritus
1773 2221 1818 2241 rc-

186 2259 364 2286 sustincntcs.
384 2258 499 2294 Vclipse
521 2267 583 2286 cum
605 2259 641 2286 sit
656 2260 821 2295 impudicus,
837 2264 863 2287 et
877 2267 975 2286 sccun-
993 2263 1014 2290 D
1028 2260 1153 2294 quiescit.
1177 2259 1254 2293 Quod
1281 2259 1436 2287 manifestat
1457 2259 1557 2287 Paulus
1585 2268 1617 2288 ex
1643 2260 1686 2287 his
1708 2268 1768 2294 qua:
1783 2260 1817 2286 al

185 2306 249 2333 dum
262 2306 386 2340 proprias
401 2306 541 2340 passiones
556 2306 612 2333 sive
624 2305 860 2340 concupisccrrtias
876 2305 978 2332 doctri-

187 2360 249 2379 nam
270 2352 353 2379 ﬂuat:
375 2356 402 2379 et
424 2352 498 2380 verbi
521 2356 606 2386 gratia
624 2360 686 2379 curn
704 2353 857 2379 sitamator
871 2351 978 2378 adulte-

187 2399 231 2430 rii,
249 2399 354 2433 respuit
367 2403 440 2432 quod
457 2403 499 2426 est
515 2400 549 2426 de
563 2399 689 2426 castitate
702 2398 858 2425 mandatum
875 2407 881 2424 :
895 2398 938 2425 vcl
955 2397 978 2424 si

187 2449 356 2472 comessator
370 2450 397 2472 et
409 2446 543 2478 ebriosus,
556 2444 723 2480 jejuniorurn
736 2444 837 2479 legem:
849 2443 892 2470 hic
902 2451 977 2479 ergo,

187 2491 252 2524 quia
268 2490 388 2524 magistri
406 2494 535 2517 censetur
555 2489 676 2521 nomine,
693 2493 721 2515 et
738 2496 793 2515 non
806 2496 872 2515 sana
887 2488 977 2519 docet,

189 2537 236 2562 sed
251 2537 402 2570 corrumpit
415 2536 580 2568 doctrinam,
595 2543 674 2570 quam
690 2534 804 2569 profert,
820 2542 874 2562 non
887 2539 979 2570 potest

190 2579 245 2606 Deo
264 2579 333 2607 ﬁlios
351 2588 505 2614 procreare,
534 2581 605 2607 unde
632 2584 656 2606 et
675 2578 836 2614 proﬂuvium
867 2579 978 2606 seminis

189 2626 245 2660 pati
259 2626 367 2653 dicitur.
384 2627 471 2653 Nimis
483 2634 547 2661 ergo
564 2626 761 2653 rationabiliter
778 2625 901 2652 subdidit
918 2633 924 2652 :

225 2672 320 2700 Omnes
342 2673 396 2699 dies
411 2673 534 2708 proﬂuvii
554 2673 669 2706 corporis
685 2672 752 2707 ejus,
771 2672 798 2698 in
813 2671 905 2706 quibus
917 2679 978 2697 con-

190 2719 258 2744 sistit
274 2727 367 2754 corpus
377 2720 434 2753 ejus
448 2720 473 2746 in
488 2719 656 2753 proﬂuuium.
674 2718 842 2745 immunditia
859 2718 916 2753 ejus
929 2722 976 2744 cst.

191 2764 338 2801 Quousque
361 2766 436 2793 enim
460 2766 500 2793 sic
525 2767 614 2798 docet,
635 2769 663 2793 ct
677 2765 815 2793 doctorale
829 2764 980 2799 corrumpit

1028 2304 1185 2331 Corinthios
1210 2304 1329 2340 scripsit,
1356 2304 1469 2331 laudans
1494 2313 1541 2331 cos
1563 2305 1635 2340 quod
1659 2304 1818 2332 obedientcs

1029 2352 1192 2387 semetipsos
1216 2351 1276 2379 Tito
1300 2352 1493 2387 prtebuerunt:
1521 2350 1704 2378 Abundantius
1729 2356 1817 2378 autem

1029 2399 1112 2433 gavisi
1126 2407 1216 2425 sitmus
1236 2398 1263 2424 in
1286 2398 1383 2432 gaudio
1406 2396 1468 2430 Titi,
1486 2397 1548 2432 quia
1570 2397 1696 2432 requievit
1709 2396 1817 2431 spiritus

1030 2442 1088 2477 ejus
1105 2443 1132 2469 in
1153 2442 1271 2469 omnibus
1286 2442 1356 2469 vobis
1367 2442 1400 2468 θ’.
1417 2441 1518 2468 Eorum
1538 2447 1604 2476 ergo
1618 2440 1663 2475 qui
1681 2439 1817 2474 impudica

1029 2489 1137 2517 docent.
1156 2492 1184 2515 et
1203 2487 1320 2514 ﬁliorum
1336 2486 1517 2522 procreationi
1534 2486 1736 2517 contradicunt,
1750 2486 1818 2519 legio

1029 2535 1162 2568 tiinasque
1185 2536 1319 2568 respuunt
1343 2532 1463 2567 nuptias,
1478 2537 1509 2560 ut
1524 2540 1573 2567 per
1587 2532 1639 2559 hoc
1659 2531 1818 2558 fornicatio-

1030 2588 1091 2607 nem
1105 2579 1289 2611 introducant,
1308 2584 1420 2613 propter
1437 2577 1510 2613 quod
1531 2582 1558 2604 et
1570 2577 1671 2604 ﬂuxum
1684 2576 1819 2612 patienti-5

1029 2626 1141 2653 seminis
1152 2625 1289 2657 dicrrntur,
1306 2628 1398 2659 utpote
1417 2623 1534 2659 genitale
1550 2631 1655 2655 semen,
1669 2629 1696 2651 et
1710 2624 1819 2659 nuptia-

1032 2680 1090 2699 rum
1107 2672 1193 2707 legem
1207 2674 1423 2705 corrumpentes,
1441 2670 1475 2698 de
1503 2670 1604 2705 quibus
1619 2669 1717 2697 Paulus
1743 2670 1820 2697 dice-

1031 2717 1078 2744 bat
1093 2727 1099 2744 :
1117 2716 1185 2749 Quia
1203 2716 1230 2742 in
1247 2716 1394 2742 novissimis
1407 2715 1568 2750 temporibus
1581 2715 1700 2742 recedent
1712 2715 1820 2749 quidam

1032 2772 1049 2790 a
1066 2763 1127 2798 ﬁde,
1147 2762 1308 2789 attendentes
1319 2761 1456 2797 spiritibus
1472 2761 1580 2792 erroris,
1595 2764 1618 2787 et
1630 2760 1754 2787 doctrinis
1768 2761 1821 2786 dir-

227 2870 248 2885 "
259 2869 364 2896 Coloss.
380 2877 410 2898 rr,
426 2869 458 2895 18
472 2889 478 2900 ,
498 2869 541 2895 l9.
580 2869 602 2885 θ’
617 2868 704 2896 Galat.
721 2876 739 2898 r,
754 2868 779 2894 8.
817 2868 838 2883 5‘“
851 2855 877 2894 ll
888 2866 1008 2894 Tirrwtlt.
1025 2875 1060 2898 iv,
1073 2867 1098 2893 5.
1138 2865 1160 2882 ⁸⁵
1174 2865 1251 2892 Prov.
1268 2873 1294 2895 κ,
1312 2864 1352 2891 l9.
1370 2899 1373 2900 ν
1389 2865 1411 2880 ’⁵
1422 2863 1539 2898 Philipp.
1552 2871 1571 2895 r,
1587 2861 1674 2889 lli-l7.
1711 2861 1744 2877 ⁰⁵¹
1758 2859 1819 2888 Act.

194 2911 231 2938 ιι,
251 2905 292 2932 15.
348 2905 370 2920 ³⁸
387 2904 407 2931 ll
424 2905 486 2931 Cor.
502 2912 562 2937 arri,
575 2904 602 2931 5.

293 2952 428 2983 Pa'moc.
452 2952 508 2981 Gn.
532 2950 634 2981 XCllI.

656 2904 678 2919 '7
692 2903 808 2938 Philipp.
827 2911 868 2936 ιιι,
889 2904 929 2930 Π.

986 2902 1009 2919 ’⁸
1024 2903 1129 2929 Coloss.
1145 2909 1162 2933 t,
1177 2901 1221 2928 Ἠ.

1280 2901 1302 2916 "‘
1319 2900 1340 2927 ll
1362 2899 1423 2927 Cor.
1439 2907 1485 2931 vrr,
1503 2899 1543 2926 ιδ.

1625 2943 1660 2975 31
