  <div class='ocr_page' id='page_1' title='image "/cluster/home/n/w/nwhite01/storage/ocr_20150623/93/njp.32101077772836/545.png"; bbox 0 0 2052 3146; ppageno 0'>
   <div class='ocr_carea' id='block_1_1' title="bbox 213 231 266 266">
    <p class='ocr_par' dir='ltr' id='par_1_1' title="bbox 213 231 266 266">
     <span class='ocr_line' id='line_1_1' title="bbox 213 231 266 266; baseline -0.057 0"><span class='ocrx_word' id='word_1_1' title='bbox 213 231 266 266; x_wconf 73' lang='lat'><strong>971</strong></span> 
     </span>
    </p>
   </div>
   <div class='ocr_carea' id='block_1_2' title="bbox 216 281 1041 323">
    <p class='ocr_par' dir='ltr' id='par_1_2' title="bbox 216 281 1041 323">
     <span class='ocr_line' id='line_1_2' title="bbox 216 281 1041 323; baseline -0.022 0"><span class='ocrx_word' id='word_1_2' title='bbox 216 294 362 323; x_wconf 66' lang='lat' dir='ltr'><strong>manicarum</strong></span> <span class='ocrx_word' id='word_1_3' title='bbox 386 290 413 317; x_wconf 70' lang='lat' dir='ltr'><strong>in</strong></span> <span class='ocrx_word' id='word_1_4' title='bbox 434 285 576 323; x_wconf 75' lang='lat' dir='ltr'><strong>hypocrisi,</strong></span> <span class='ocrx_word' id='word_1_5' title='bbox 595 283 769 310; x_wconf 73' lang='lat' dir='ltr'><strong>cauleriutum</strong></span> <span class='ocrx_word' id='word_1_6' title='bbox 796 281 919 308; x_wconf 79' lang='lat' dir='ltr'><strong>habentes</strong></span> <span class='ocrx_word' id='word_1_7' title='bbox 942 288 1004 307; x_wconf 74' lang='lat' dir='ltr'><strong>con.</strong></span> <span class='ocrx_word' id='word_1_8' title='bbox 1020 281 1041 310; x_wconf 77' lang='grc' dir='ltr'><strong>Α</strong></span> 
     </span>
    </p>
   </div>
   <div class='ocr_carea' id='block_1_3' title="bbox 217 325 1012 369">
    <p class='ocr_par' dir='ltr' id='par_1_3' title="bbox 217 325 1012 369">
     <span class='ocr_line' id='line_1_3' title="bbox 217 325 1012 369; baseline -0.023 -1"><span class='ocrx_word' id='word_1_9' title='bbox 217 339 363 369; x_wconf 67' lang='lat' dir='ltr'><strong>scientiam,</strong></span> <span class='ocrx_word' id='word_1_10' title='bbox 388 334 550 369; x_wconf 78' lang='lat' dir='ltr'><strong>prohibentes</strong></span> <span class='ocrx_word' id='word_1_11' title='bbox 577 332 682 360; x_wconf 80' lang='lat' dir='ltr'><strong>nubere,</strong></span> <span class='ocrx_word' id='word_1_12' title='bbox 704 332 727 354; x_wconf 88' lang='lat' dir='ltr'><strong>et</strong></span> <span class='ocrx_word' id='word_1_13' title='bbox 747 327 881 353; x_wconf 81' lang='lat' dir='ltr'><strong>abstinere</strong></span> <span class='ocrx_word' id='word_1_14' title='bbox 905 334 920 351; x_wconf 81' lang='grc' dir='ltr'><em>α</em></span> <span class='ocrx_word' id='word_1_15' title='bbox 936 325 1012 354; x_wconf 71' lang='lat' dir='ltr'><strong>ciliis.</strong></span> 
     </span>
    </p>
   </div>
   <div class='ocr_carea' id='block_1_4' title="bbox 217 369 1012 422">
    <p class='ocr_par' dir='ltr' id='par_1_4' title="bbox 217 369 1012 422">
     <span class='ocr_line' id='line_1_4' title="bbox 217 369 1012 422; baseline -0.024 -9"><span class='ocrx_word' id='word_1_16' title='bbox 217 394 275 422; x_wconf 64' lang='lat' dir='ltr'><strong>qua:</strong></span> <span class='ocrx_word' id='word_1_17' title='bbox 292 385 358 411; x_wconf 73' lang='lat' dir='ltr'><strong>Dens</strong></span> <span class='ocrx_word' id='word_1_18' title='bbox 383 380 481 408; x_wconf 73' lang='lat' dir='ltr'><strong>creavit</strong></span> <span class='ocrx_word' id='word_1_19' title='bbox 504 381 539 405; x_wconf 79' lang='lat' dir='ltr'><strong>ad</strong></span> <span class='ocrx_word' id='word_1_20' title='bbox 549 375 750 412; x_wconf 74' lang='lat' dir='ltr'><strong>percipientium</strong></span> <span class='ocrx_word' id='word_1_21' title='bbox 764 373 783 405; x_wconf 88' lang='lat'><strong>‘,</strong></span> <span class='ocrx_word' id='word_1_22' title='bbox 814 376 928 399; x_wconf 84' lang='lat' dir='ltr'><strong>stratum</strong></span> <span class='ocrx_word' id='word_1_23' title='bbox 951 369 1012 404; x_wconf 85' lang='lat' dir='ltr'><strong>qni-</strong></span> 
     </span>
    </p>
   </div>
   <div class='ocr_carea' id='block_1_5' title="bbox 217 417 1012 464">
    <p class='ocr_par' dir='ltr' id='par_1_5' title="bbox 217 417 1012 464">
     <span class='ocr_line' id='line_1_5' title="bbox 217 417 1012 464; baseline -0.023 -4"><span class='ocrx_word' id='word_1_24' title='bbox 217 435 289 464; x_wconf 87' lang='lat' dir='ltr'><strong>dcm,</strong></span> <span class='ocrx_word' id='word_1_25' title='bbox 310 435 338 458; x_wconf 86' lang='lat' dir='ltr'><strong>ct</strong></span> <span class='ocrx_word' id='word_1_26' title='bbox 359 437 406 456; x_wconf 80' lang='lat' dir='ltr'><strong>vas</strong></span> <span class='ocrx_word' id='word_1_27' title='bbox 432 426 581 454; x_wconf 81' lang='lat' dir='ltr'><strong>secundum</strong></span> <span class='ocrx_word' id='word_1_28' title='bbox 608 422 768 458; x_wconf 61' lang='lat' dir='ltr'><strong>praedictum</strong></span> <span class='ocrx_word' id='word_1_29' title='bbox 784 420 896 446; x_wconf 82' lang='lat' dir='ltr'><strong>malum</strong></span> <span class='ocrx_word' id='word_1_30' title='bbox 914 417 1012 444; x_wconf 82' lang='lat' dir='ltr'><strong>ﬂuunt.</strong></span> 
     </span>
    </p>
   </div>
   <div class='ocr_carea' id='block_1_6' title="bbox 217 463 1013 513">
    <p class='ocr_par' dir='ltr' id='par_1_6' title="bbox 217 463 1013 513">
     <span class='ocr_line' id='line_1_6' title="bbox 217 463 1013 513; baseline -0.023 -6"><span class='ocrx_word' id='word_1_31' title='bbox 217 479 379 513; x_wconf 77' lang='lat' dir='ltr'><strong>Quicunque</strong></span> <span class='ocrx_word' id='word_1_32' title='bbox 392 476 534 502; x_wconf 68' lang='lat' dir='ltr'><strong>intentum</strong></span> <span class='ocrx_word' id='word_1_33' title='bbox 550 469 683 498; x_wconf 82' lang='lat' dir='ltr'><strong>immundi</strong></span> <span class='ocrx_word' id='word_1_34' title='bbox 701 471 774 498; x_wconf 83' lang='lat' dir='ltr'><strong>sunt,</strong></span> <span class='ocrx_word' id='word_1_35' title='bbox 791 470 819 493; x_wconf 86' lang='lat' dir='ltr'><strong>ut</strong></span> <span class='ocrx_word' id='word_1_36' title='bbox 831 471 882 492; x_wconf 88' lang='lat' dir='ltr'><strong>nec</strong></span> <span class='ocrx_word' id='word_1_37' title='bbox 897 463 1013 491; x_wconf 85' lang='lat' dir='ltr'><strong>munda-</strong></span> 
     </span>
    </p>
   </div>
   <div class='ocr_carea' id='block_1_7' title="bbox 218 513 1014 557">
    <p class='ocr_par' dir='ltr' id='par_1_7' title="bbox 218 513 1014 557">
     <span class='ocr_line' id='line_1_7' title="bbox 218 513 1014 557; baseline -0.021 -2"><span class='ocrx_word' id='word_1_38' title='bbox 218 528 319 555; x_wconf 88' lang='lat' dir='ltr'><strong>tionem</strong></span> <span class='ocrx_word' id='word_1_39' title='bbox 333 531 427 552; x_wconf 86' lang='lat' dir='ltr'><strong>eorum</strong></span> <span class='ocrx_word' id='word_1_40' title='bbox 452 520 614 557; x_wconf 67' lang='lat' dir='ltr'><strong>prmciperet</strong></span> <span class='ocrx_word' id='word_1_41' title='bbox 630 516 786 552; x_wconf 74' lang='lat' dir='ltr'><strong>legislator:</strong></span> <span class='ocrx_word' id='word_1_42' title='bbox 812 514 865 541; x_wconf 85' lang='lat' dir='ltr'><strong>scit</strong></span> <span class='ocrx_word' id='word_1_43' title='bbox 881 513 953 539; x_wconf 85' lang='lat' dir='ltr'><strong>enim</strong></span> <span class='ocrx_word' id='word_1_44' title='bbox 967 519 1014 539; x_wconf 80' lang='lat' dir='ltr'><strong>eos</strong></span> 
     </span>
    </p>
   </div>
   <div class='ocr_carea' id='block_1_8' title="bbox 218 559 1014 601">
    <p class='ocr_par' dir='ltr' id='par_1_8' title="bbox 218 559 1014 601">
     <span class='ocr_line' id='line_1_8' title="bbox 218 559 1014 601; baseline -0.024 1"><span class='ocrx_word' id='word_1_45' title='bbox 218 575 253 601; x_wconf 88' lang='lat' dir='ltr'><strong>ita</strong></span> <span class='ocrx_word' id='word_1_46' title='bbox 269 572 365 600; x_wconf 87' lang='lat' dir='ltr'><strong>morbo</strong></span> <span class='ocrx_word' id='word_1_47' title='bbox 387 569 510 599; x_wconf 78' lang='lat' dir='ltr'><strong>atl&#39;ectos,</strong></span> <span class='ocrx_word' id='word_1_48' title='bbox 531 571 561 593; x_wconf 91' lang='lat' dir='ltr'><strong>ut</strong></span> <span class='ocrx_word' id='word_1_49' title='bbox 578 563 769 600; x_wconf 80' lang='lat' dir='ltr'><strong>paenitentiam</strong></span> <span class='ocrx_word' id='word_1_50' title='bbox 792 567 872 596; x_wconf 75' lang='lat' dir='ltr'><strong>agere</strong></span> <span class='ocrx_word' id='word_1_51' title='bbox 896 559 1014 586; x_wconf 78' lang='lat' dir='ltr'><strong>nullate-</strong></span> 
     </span>
    </p>
   </div>
   <div class='ocr_carea' id='block_1_9' title="bbox 217 604 1014 655">
    <p class='ocr_par' dir='ltr' id='par_1_9' title="bbox 217 604 1014 655">
     <span class='ocr_line' id='line_1_9' title="bbox 217 604 1014 655; baseline -0.023 -7"><span class='ocrx_word' id='word_1_52' title='bbox 217 629 271 648; x_wconf 87' lang='lat' dir='ltr'><strong>nus</strong></span> <span class='ocrx_word' id='word_1_53' title='bbox 285 618 412 655; x_wconf 85' lang='lat' dir='ltr'><strong>possint:</strong></span> <span class='ocrx_word' id='word_1_54' title='bbox 442 622 495 642; x_wconf 87' lang='lat' dir='ltr'><strong>non</strong></span> <span class='ocrx_word' id='word_1_55' title='bbox 511 613 585 641; x_wconf 85' lang='lat' dir='ltr'><strong>enim</strong></span> <span class='ocrx_word' id='word_1_56' title='bbox 604 619 636 638; x_wconf 84' lang='lat' dir='ltr'><strong>ex</strong></span> <span class='ocrx_word' id='word_1_57' title='bbox 662 608 815 646; x_wconf 74' lang='lat' dir='ltr'><strong>ignorantia</strong></span> <span class='ocrx_word' id='word_1_58' title='bbox 840 607 869 633; x_wconf 93' lang='lat' dir='ltr'><strong>in</strong></span> <span class='ocrx_word' id='word_1_59' title='bbox 900 605 946 632; x_wconf 89' lang='lat' dir='ltr'><strong>tali</strong></span> <span class='ocrx_word' id='word_1_60' title='bbox 964 604 1014 631; x_wconf 86' lang='lat' dir='ltr'><strong>do—</strong></span> 
     </span>
    </p>
   </div>
   <div class='ocr_carea' id='block_1_10' title="bbox 218 650 1015 696">
    <p class='ocr_par' dir='ltr' id='par_1_10' title="bbox 218 650 1015 696">
     <span class='ocr_line' id='line_1_10' title="bbox 218 650 1015 696; baseline -0.021 -3"><span class='ocrx_word' id='word_1_61' title='bbox 218 650 315 696; x_wconf 72' lang='lat' dir='ltr'><strong>ctrina,</strong></span> <span class='ocrx_word' id='word_1_62' title='bbox 337 663 386 690; x_wconf 84' lang='lat' dir='ltr'><strong>sed</strong></span> <span class='ocrx_word' id='word_1_63' title='bbox 416 668 498 696; x_wconf 85' lang='lat' dir='ltr'><strong>prava</strong></span> <span class='ocrx_word' id='word_1_64' title='bbox 522 657 685 686; x_wconf 89' lang='lat' dir='ltr'><strong>habitudine</strong></span> <span class='ocrx_word' id='word_1_65' title='bbox 701 653 810 686; x_wconf 77' lang='lat' dir='ltr'><strong>infecti,</strong></span> <span class='ocrx_word' id='word_1_66' title='bbox 827 653 854 679; x_wconf 90' lang='lat' dir='ltr'><strong>in</strong></span> <span class='ocrx_word' id='word_1_67' title='bbox 867 650 1015 685; x_wconf 82' lang='lat' dir='ltr'><strong>impudicis</strong></span> 
     </span>
    </p>
   </div>
   <div class='ocr_carea' id='block_1_11' title="bbox 220 698 1015 745">
    <p class='ocr_par' dir='ltr' id='par_1_11' title="bbox 220 698 1015 745">
     <span class='ocr_line' id='line_1_11' title="bbox 220 698 1015 745; baseline -0.021 -5"><span class='ocrx_word' id='word_1_68' title='bbox 220 711 353 745; x_wconf 84' lang='lat' dir='ltr'><strong>corrupti,</strong></span> <span class='ocrx_word' id='word_1_69' title='bbox 371 716 427 736; x_wconf 75' lang='lat' dir='ltr'><strong>seu-</strong></span> <span class='ocrx_word' id='word_1_70' title='bbox 443 705 566 734; x_wconf 86' lang='lat' dir='ltr'><strong>dissoluti</strong></span> <span class='ocrx_word' id='word_1_71' title='bbox 581 708 645 731; x_wconf 89' lang='lat' dir='ltr'><strong>sunt</strong></span> <span class='ocrx_word' id='word_1_72' title='bbox 665 701 757 729; x_wconf 86' lang='lat' dir='ltr'><strong>verbis</strong></span> <span class='ocrx_word' id='word_1_73' title='bbox 772 709 778 727; x_wconf 92' lang='lat'>:</span> <span class='ocrx_word' id='word_1_74' title='bbox 802 699 874 726; x_wconf 88' lang='lat' dir='ltr'><strong>unde</strong></span> <span class='ocrx_word' id='word_1_75' title='bbox 891 698 971 724; x_wconf 81' lang='lat' dir='ltr'><strong>etiam</strong></span> <span class='ocrx_word' id='word_1_76' title='bbox 987 698 1015 724; x_wconf 91' lang='lat' dir='ltr'><strong>in</strong></span> 
     </span>
    </p>
   </div>
   <div class='ocr_carea' id='block_1_12' title="bbox 222 743 1015 786">
    <p class='ocr_par' dir='ltr' id='par_1_12' title="bbox 222 743 1015 786">
     <span class='ocr_line' id='line_1_12' title="bbox 222 743 1015 786; baseline -0.023 0"><span class='ocrx_word' id='word_1_77' title='bbox 222 743 328 786; x_wconf 77' lang='lat' dir='ltr'><strong>tantum</strong></span> <span class='ocrx_word' id='word_1_78' title='bbox 341 756 458 783; x_wconf 80' lang='lat' dir='ltr'><strong>libenter</strong></span> <span class='ocrx_word' id='word_1_79' title='bbox 472 752 496 780; x_wconf 85' lang='lat' dir='ltr'><strong>ei</strong></span> <span class='ocrx_word' id='word_1_80' title='bbox 508 751 691 779; x_wconf 62' lang='lat' dir='ltr'><strong>adita-serunt.</strong></span> <span class='ocrx_word' id='word_1_81' title='bbox 703 747 732 774; x_wconf 92' lang='lat' dir='ltr'><strong>Si</strong></span> <span class='ocrx_word' id='word_1_82' title='bbox 744 750 833 774; x_wconf 85' lang='lat' dir='ltr'><strong>autem</strong></span> <span class='ocrx_word' id='word_1_83' title='bbox 847 745 906 780; x_wconf 79' lang='lat' dir='ltr'><strong>quis</strong></span> <span class='ocrx_word' id='word_1_84' title='bbox 922 743 1015 778; x_wconf 82' lang='lat' dir='ltr'><strong>tetige-</strong></span> 
     </span>
    </p>
   </div>
   <div class='ocr_carea' id='block_1_13' title="bbox 223 792 1016 835">
    <p class='ocr_par' dir='ltr' id='par_1_13' title="bbox 223 792 1016 835">
     <span class='ocr_line' id='line_1_13' title="bbox 223 792 1016 835; baseline -0.021 -3"><span class='ocrx_word' id='word_1_85' title='bbox 223 807 257 832; x_wconf 82' lang='lat' dir='ltr'><strong>rit</strong></span> <span class='ocrx_word' id='word_1_86' title='bbox 273 802 395 831; x_wconf 78' lang='lat' dir='ltr'><strong>Iertulum</strong></span> <span class='ocrx_word' id='word_1_87' title='bbox 412 801 479 835; x_wconf 79' lang='lat' dir='ltr'><strong>ejus,</strong></span> <span class='ocrx_word' id='word_1_88' title='bbox 492 799 519 826; x_wconf 93' lang='lat' dir='ltr'><strong>id</strong></span> <span class='ocrx_word' id='word_1_89' title='bbox 535 803 577 825; x_wconf 78' lang='lat' dir='ltr'><strong>est</strong></span> <span class='ocrx_word' id='word_1_90' title='bbox 592 797 612 824; x_wconf 88' lang='lat' dir='ltr'><strong>si</strong></span> <span class='ocrx_word' id='word_1_91' title='bbox 628 795 766 831; x_wconf 76' lang='lat' dir='ltr'><strong>particeps</strong></span> <span class='ocrx_word' id='word_1_92' title='bbox 783 792 875 823; x_wconf 71' lang='lat' dir='ltr'><strong>fuerit,</strong></span> <span class='ocrx_word' id='word_1_93' title='bbox 891 797 1016 824; x_wconf 85' lang='lat' dir='ltr'><strong>sumpse-</strong></span> 
     </span>
    </p>
   </div>
   <div class='ocr_carea' id='block_1_14' title="bbox 220 835 1015 886">
    <p class='ocr_par' dir='ltr' id='par_1_14' title="bbox 220 835 1015 886">
     <span class='ocr_line' id='line_1_14' title="bbox 220 835 1015 886; baseline -0.024 -6"><span class='ocrx_word' id='word_1_94' title='bbox 220 852 309 886; x_wconf 83' lang='lat' dir='ltr'><strong>ritque</strong></span> <span class='ocrx_word' id='word_1_95' title='bbox 326 850 358 877; x_wconf 89' lang='lat' dir='ltr'><strong>de</strong></span> <span class='ocrx_word' id='word_1_96' title='bbox 380 847 502 876; x_wconf 80' lang='lat' dir='ltr'><strong>dnctrilta</strong></span> <span class='ocrx_word' id='word_1_97' title='bbox 520 845 590 879; x_wconf 80' lang='lat' dir='ltr'><strong>ejus.</strong></span> <span class='ocrx_word' id='word_1_98' title='bbox 607 848 634 870; x_wconf 92' lang='lat' dir='ltr'><strong>et</strong></span> <span class='ocrx_word' id='word_1_99' title='bbox 653 849 708 868; x_wconf 87' lang='lat' dir='ltr'><strong>non</strong></span> <span class='ocrx_word' id='word_1_100' title='bbox 735 838 868 866; x_wconf 88' lang='lat' dir='ltr'><strong>insederit</strong></span> <span class='ocrx_word' id='word_1_101' title='bbox 883 835 1015 872; x_wconf 77' lang='lat' dir='ltr'><strong>dogmati-</strong></span> 
     </span>
    </p>
   </div>
   <div class='ocr_carea' id='block_1_15' title="bbox 221 882 1016 931">
    <p class='ocr_par' dir='ltr' id='par_1_15' title="bbox 221 882 1016 931">
     <span class='ocr_line' id='line_1_15' title="bbox 221 882 1016 931; baseline -0.023 -6"><span class='ocrx_word' id='word_1_102' title='bbox 221 899 272 925; x_wconf 78' lang='lat' dir='ltr'><strong>bus</strong></span> <span class='ocrx_word' id='word_1_103' title='bbox 290 897 350 931; x_wconf 82' lang='lat' dir='ltr'><strong>ejus</strong></span> <span class='ocrx_word' id='word_1_104' title='bbox 358 895 403 930; x_wconf 89' lang='lat' dir='ltr'><strong>qui</strong></span> <span class='ocrx_word' id='word_1_105' title='bbox 415 901 496 929; x_wconf 84' lang='lat' dir='ltr'><strong>prava</strong></span> <span class='ocrx_word' id='word_1_106' title='bbox 510 892 590 919; x_wconf 81' lang='lat' dir='ltr'><strong>docet</strong></span> <span class='ocrx_word' id='word_1_107' title='bbox 603 897 634 916; x_wconf 84' lang='lat' dir='ltr'><strong>ac</strong></span> <span class='ocrx_word' id='word_1_108' title='bbox 650 887 771 917; x_wconf 83' lang='lat' dir='ltr'><strong>sordida,</strong></span> <span class='ocrx_word' id='word_1_109' title='bbox 785 885 941 919; x_wconf 85' lang='lat' dir='ltr'><strong>iniquorum</strong></span> <span class='ocrx_word' id='word_1_110' title='bbox 956 882 1016 916; x_wconf 85' lang='lat' dir='ltr'><strong>ejus</strong></span> 
     </span>
    </p>
   </div>
   <div class='ocr_carea' id='block_1_16' title="bbox 222 929 1015 974">
    <p class='ocr_par' dir='ltr' id='par_1_16' title="bbox 222 929 1015 974">
     <span class='ocr_line' id='line_1_16' title="bbox 222 929 1015 974; baseline -0.024 -2"><span class='ocrx_word' id='word_1_111' title='bbox 222 945 366 973; x_wconf 87' lang='lat' dir='ltr'><strong>verborum</strong></span> <span class='ocrx_word' id='word_1_112' title='bbox 380 939 528 974; x_wconf 81' lang='lat' dir='ltr'><strong>discipulus</strong></span> <span class='ocrx_word' id='word_1_113' title='bbox 539 937 652 965; x_wconf 76' lang='lat' dir='ltr'><strong>exsistit.</strong></span> <span class='ocrx_word' id='word_1_114' title='bbox 664 933 717 961; x_wconf 85' lang='lat' dir='ltr'><strong>Sed</strong></span> <span class='ocrx_word' id='word_1_115' title='bbox 729 931 924 966; x_wconf 88' lang='lat' dir='ltr'><strong>discipulorum</strong></span> <span class='ocrx_word' id='word_1_116' title='bbox 934 929 1015 959; x_wconf 85' lang='lat' dir='ltr'><strong>illius,</strong></span> 
     </span>
    </p>
   </div>
   <div class='ocr_carea' id='block_1_17' title="bbox 221 976 1018 1027">
    <p class='ocr_par' dir='ltr' id='par_1_17' title="bbox 221 976 1018 1027">
     <span class='ocr_line' id='line_1_17' title="bbox 221 976 1018 1027; baseline -0.025 -7"><span class='ocrx_word' id='word_1_117' title='bbox 221 992 271 1027; x_wconf 86' lang='lat' dir='ltr'><strong>ipsi</strong></span> <span class='ocrx_word' id='word_1_118' title='bbox 292 989 425 1025; x_wconf 79' lang='lat' dir='ltr'><strong>siquidem</strong></span> <span class='ocrx_word' id='word_1_119' title='bbox 456 990 520 1014; x_wconf 83' lang='lat' dir='ltr'><strong>sunt</strong></span> <span class='ocrx_word' id='word_1_120' title='bbox 545 986 606 1018; x_wconf 87' lang='lat' dir='ltr'><strong>ejus</strong></span> <span class='ocrx_word' id='word_1_121' title='bbox 640 989 703 1009; x_wconf 63' lang='lat' dir='ltr'><strong>vasa</strong></span> <span class='ocrx_word' id='word_1_122' title='bbox 738 984 765 1006; x_wconf 79' lang='lat' dir='ltr'><strong>et</strong></span> <span class='ocrx_word' id='word_1_123' title='bbox 807 982 939 1008; x_wconf 82' lang='lat' dir='ltr'><strong>stratum,</strong></span> <span class='ocrx_word' id='word_1_124' title='bbox 971 976 1018 1009; x_wconf 90' lang='lat' dir='ltr'><strong>qui</strong></span> 
     </span>
    </p>
   </div>
   <div class='ocr_carea' id='block_1_18' title="bbox 223 1023 1021 1069">
    <p class='ocr_par' dir='ltr' id='par_1_18' title="bbox 223 1023 1021 1069">
     <span class='ocr_line' id='line_1_18' title="bbox 223 1023 1021 1069; baseline -0.024 -4"><span class='ocrx_word' id='word_1_125' title='bbox 223 1023 299 1066; x_wconf 73' lang='lat' dir='ltr'><strong>audit</strong></span> <span class='ocrx_word' id='word_1_126' title='bbox 311 1023 370 1067; x_wconf 83' lang='lat' dir='ltr'><strong>eos,</strong></span> <span class='ocrx_word' id='word_1_127' title='bbox 385 1035 442 1069; x_wconf 82' lang='lat' dir='ltr'><strong>ipse</strong></span> <span class='ocrx_word' id='word_1_128' title='bbox 462 1039 571 1067; x_wconf 83' lang='lat' dir='ltr'><strong>quoque</strong></span> <span class='ocrx_word' id='word_1_129' title='bbox 585 1027 745 1056; x_wconf 87' lang='lat' dir='ltr'><strong>immundus</strong></span> <span class='ocrx_word' id='word_1_130' title='bbox 760 1028 811 1052; x_wconf 87' lang='lat' dir='ltr'><strong>est.</strong></span> <span class='ocrx_word' id='word_1_131' title='bbox 827 1023 913 1049; x_wconf 79' lang='lat' dir='ltr'><strong>Lavat</strong></span> <span class='ocrx_word' id='word_1_132' title='bbox 930 1026 1021 1048; x_wconf 84' lang='lat' dir='ltr'><strong>tamen</strong></span> 
     </span>
    </p>
   </div>
   <div class='ocr_carea' id='block_1_19' title="bbox 224 1066 1021 1112">
    <p class='ocr_par' dir='ltr' id='par_1_19' title="bbox 224 1066 1021 1112">
     <span class='ocr_line' id='line_1_19' title="bbox 224 1066 1021 1112; baseline -0.023 -2"><span class='ocrx_word' id='word_1_133' title='bbox 224 1082 385 1110; x_wconf 83' lang='lat' dir='ltr'><strong>vestimenta</strong></span> <span class='ocrx_word' id='word_1_134' title='bbox 400 1085 447 1105; x_wconf 84' lang='lat' dir='ltr'><strong>sua</strong></span> <span class='ocrx_word' id='word_1_135' title='bbox 465 1084 513 1112; x_wconf 81' lang='lat' dir='ltr'><strong>per</strong></span> <span class='ocrx_word' id='word_1_136' title='bbox 536 1073 737 1110; x_wconf 77' lang='lat' dir='ltr'><strong>paenitentiam,</strong></span> <span class='ocrx_word' id='word_1_137' title='bbox 761 1070 831 1097; x_wconf 85' lang='lat' dir='ltr'><strong>sicut</strong></span> <span class='ocrx_word' id='word_1_138' title='bbox 851 1075 924 1103; x_wconf 73' lang='lat' dir='ltr'><strong>smpc</strong></span> <span class='ocrx_word' id='word_1_139' title='bbox 950 1066 1021 1093; x_wconf 73' lang='lat' dir='ltr'><strong>dixi~</strong></span> 
     </span>
    </p>
   </div>
   <div class='ocr_carea' id='block_1_20' title="bbox 225 1112 1020 1162">
    <p class='ocr_par' dir='ltr' id='par_1_20' title="bbox 225 1112 1020 1162">
     <span class='ocr_line' id='line_1_20' title="bbox 225 1112 1020 1162; baseline -0.024 -5"><span class='ocrx_word' id='word_1_140' title='bbox 225 1136 295 1159; x_wconf 83' lang='lat' dir='ltr'><strong>mus,</strong></span> <span class='ocrx_word' id='word_1_141' title='bbox 323 1131 350 1154; x_wconf 92' lang='lat' dir='ltr'><strong>et</strong></span> <span class='ocrx_word' id='word_1_142' title='bbox 364 1127 423 1162; x_wconf 89' lang='lat' dir='ltr'><strong>ipse</strong></span> <span class='ocrx_word' id='word_1_143' title='bbox 442 1125 513 1151; x_wconf 89' lang='lat' dir='ltr'><strong>lotus</strong></span> <span class='ocrx_word' id='word_1_144' title='bbox 535 1129 606 1156; x_wconf 86' lang='lat' dir='ltr'><strong>aqua</strong></span> <span class='ocrx_word' id='word_1_145' title='bbox 619 1120 801 1154; x_wconf 84' lang='lat' dir='ltr'><strong>lacrymarum</strong></span> <span class='ocrx_word' id='word_1_146' title='bbox 822 1116 865 1142; x_wconf 85' lang='lat' dir='ltr'><strong>vel</strong></span> <span class='ocrx_word' id='word_1_147' title='bbox 881 1112 1020 1148; x_wconf 75' lang='lat' dir='ltr'><strong>baptismi,</strong></span> 
     </span>
    </p>
   </div>
   <div class='ocr_carea' id='block_1_21' title="bbox 224 1159 1021 1203">
    <p class='ocr_par' dir='ltr' id='par_1_21' title="bbox 224 1159 1021 1203">
     <span class='ocr_line' id='line_1_21' title="bbox 224 1159 1021 1203; baseline -0.024 0"><span class='ocrx_word' id='word_1_148' title='bbox 224 1173 382 1202; x_wconf 87' lang='lat' dir='ltr'><strong>immundus</strong></span> <span class='ocrx_word' id='word_1_149' title='bbox 414 1171 466 1199; x_wconf 88' lang='lat' dir='ltr'><strong>erit</strong></span> <span class='ocrx_word' id='word_1_150' title='bbox 491 1176 578 1203; x_wconf 86' lang='lat' dir='ltr'><strong>usque</strong></span> <span class='ocrx_word' id='word_1_151' title='bbox 604 1167 637 1193; x_wconf 89' lang='lat' dir='ltr'><strong>ad</strong></span> <span class='ocrx_word' id='word_1_152' title='bbox 674 1170 839 1199; x_wconf 83' lang='lat' dir='ltr'><strong>vesperum;</strong></span> <span class='ocrx_word' id='word_1_153' title='bbox 868 1159 1021 1195; x_wconf 81' lang='lat' dir='ltr'><strong>usquedum</strong></span> 
     </span>
    </p>
   </div>
   <div class='ocr_carea' id='block_1_22' title="bbox 225 1207 1021 1256">
    <p class='ocr_par' dir='ltr' id='par_1_22' title="bbox 225 1207 1021 1256">
     <span class='ocr_line' id='line_1_22' title="bbox 225 1207 1021 1256; baseline -0.023 -6"><span class='ocrx_word' id='word_1_154' title='bbox 225 1227 333 1256; x_wconf 78' lang='lat' dir='ltr'><strong>tempus</strong></span> <span class='ocrx_word' id='word_1_155' title='bbox 359 1218 494 1253; x_wconf 88' lang='lat' dir='ltr'><strong>compleat</strong></span> <span class='ocrx_word' id='word_1_156' title='bbox 514 1213 693 1250; x_wconf 60' lang='lat' dir='ltr'><strong>paenitentiat.</strong></span> <span class='ocrx_word' id='word_1_157' title='bbox 709 1210 797 1245; x_wconf 83' lang='lat' dir='ltr'><strong>Hujus</strong></span> <span class='ocrx_word' id='word_1_158' title='bbox 817 1208 890 1235; x_wconf 84' lang='lat' dir='ltr'><strong>enim</strong></span> <span class='ocrx_word' id='word_1_159' title='bbox 907 1207 1021 1242; x_wconf 79' lang='lat' dir='ltr'><strong>ﬁgurant</strong></span> 
     </span>
    </p>
   </div>
   <div class='ocr_carea' id='block_1_23' title="bbox 225 1253 1021 1302">
    <p class='ocr_par' dir='ltr' id='par_1_23' title="bbox 225 1253 1021 1302">
     <span class='ocr_line' id='line_1_23' title="bbox 225 1253 1021 1302; baseline -0.023 -7"><span class='ocrx_word' id='word_1_160' title='bbox 225 1273 370 1302; x_wconf 79' lang='lat' dir='ltr'><strong>vesperum</strong></span> <span class='ocrx_word' id='word_1_161' title='bbox 393 1265 419 1291; x_wconf 87' lang='lat' dir='ltr'><strong>in</strong></span> <span class='ocrx_word' id='word_1_162' title='bbox 435 1263 529 1290; x_wconf 88' lang='lat' dir='ltr'><strong>multis</strong></span> <span class='ocrx_word' id='word_1_163' title='bbox 543 1260 623 1295; x_wconf 79' lang='lat' dir='ltr'><strong>gerit.</strong></span> <span class='ocrx_word' id='word_1_164' title='bbox 645 1263 672 1285; x_wconf 85' lang='lat' dir='ltr'><strong>et</strong></span> <span class='ocrx_word' id='word_1_165' title='bbox 688 1257 817 1287; x_wconf 80' lang='lat' dir='ltr'><strong>maxime,</strong></span> <span class='ocrx_word' id='word_1_166' title='bbox 831 1253 895 1288; x_wconf 85' lang='lat' dir='ltr'><strong>quia</strong></span> <span class='ocrx_word' id='word_1_167' title='bbox 908 1253 935 1280; x_wconf 91' lang='lat' dir='ltr'><strong>in</strong></span> <span class='ocrx_word' id='word_1_168' title='bbox 950 1260 1021 1280; x_wconf 91' lang='lat' dir='ltr'><strong>con-</strong></span> 
     </span>
    </p>
   </div>
   <div class='ocr_carea' id='block_1_24' title="bbox 225 1298 1024 1341">
    <p class='ocr_par' dir='ltr' id='par_1_24' title="bbox 225 1298 1024 1341">
     <span class='ocr_line' id='line_1_24' title="bbox 225 1298 1024 1341; baseline -0.023 1"><span class='ocrx_word' id='word_1_169' title='bbox 225 1312 411 1341; x_wconf 84' lang='lat' dir='ltr'><strong>summatione</strong></span> <span class='ocrx_word' id='word_1_170' title='bbox 434 1309 608 1338; x_wconf 82' lang='lat' dir='ltr'><strong>sa-eulorum,</strong></span> <span class='ocrx_word' id='word_1_171' title='bbox 627 1306 653 1333; x_wconf 90' lang='lat' dir='ltr'><strong>id</strong></span> <span class='ocrx_word' id='word_1_172' title='bbox 682 1308 734 1336; x_wconf 86' lang='lat' dir='ltr'><strong>est,</strong></span> <span class='ocrx_word' id='word_1_173' title='bbox 765 1309 863 1329; x_wconf 82' lang='lat' dir='ltr'><strong>occasu</strong></span> <span class='ocrx_word' id='word_1_174' title='bbox 880 1298 1024 1335; x_wconf 73' lang='lat' dir='ltr'><strong>praesentis</strong></span> 
     </span>
    </p>
   </div>
   <div class='ocr_carea' id='block_1_25' title="bbox 226 1346 951 1391">
    <p class='ocr_par' dir='ltr' id='par_1_25' title="bbox 226 1346 951 1391">
     <span class='ocr_line' id='line_1_25' title="bbox 226 1346 951 1391; baseline -0.023 -3"><span class='ocrx_word' id='word_1_175' title='bbox 226 1360 329 1391; x_wconf 71' lang='lat' dir='ltr'><strong>sreculi,</strong></span> <span class='ocrx_word' id='word_1_176' title='bbox 345 1357 472 1386; x_wconf 85' lang='lat' dir='ltr'><strong>Christus</strong></span> <span class='ocrx_word' id='word_1_177' title='bbox 488 1355 566 1382; x_wconf 89' lang='lat' dir='ltr'><strong>nobis</strong></span> <span class='ocrx_word' id='word_1_178' title='bbox 580 1351 738 1388; x_wconf 66' lang='lat' dir='ltr'><strong>prcedicavit</strong></span> <span class='ocrx_word' id='word_1_179' title='bbox 749 1346 951 1384; x_wconf 73' lang='lat' dir='ltr'><strong>pmnitcntiam.</strong></span> 
     </span>
    </p>
   </div>
   <div class='ocr_carea' id='block_1_26' title="bbox 261 1389 1025 1438">
    <p class='ocr_par' dir='ltr' id='par_1_26' title="bbox 261 1389 1025 1438">
     <span class='ocr_line' id='line_1_26' title="bbox 261 1389 1025 1438; baseline -0.024 -4"><span class='ocrx_word' id='word_1_180' title='bbox 261 1389 344 1434; x_wconf 73' lang='lat' dir='ltr'><strong>Vens.</strong></span> <span class='ocrx_word' id='word_1_181' title='bbox 361 1406 387 1438; x_wconf 89' lang='lat'><strong>7,</strong></span> <span class='ocrx_word' id='word_1_182' title='bbox 406 1404 433 1431; x_wconf 85' lang='lat'><strong>8.</strong></span> <span class='ocrx_word' id='word_1_183' title='bbox 452 1412 460 1428; x_wconf 75' lang='grc' dir='ltr'>ι</span> <span class='ocrx_word' id='word_1_184' title='bbox 483 1402 535 1435; x_wconf 79' lang='lat' dir='ltr'><strong>Qui</strong></span> <span class='ocrx_word' id='word_1_185' title='bbox 562 1399 683 1434; x_wconf 75' lang='lat' dir='ltr'><strong>tetigerit</strong></span> <span class='ocrx_word' id='word_1_186' title='bbox 695 1403 806 1424; x_wconf 85' lang='lat' dir='ltr'><strong>carnem</strong></span> <span class='ocrx_word' id='word_1_187' title='bbox 830 1394 902 1428; x_wconf 80' lang='lat' dir='ltr'><strong>ejus,</strong></span> <span class='ocrx_word' id='word_1_188' title='bbox 923 1389 1025 1418; x_wconf 88' lang='lat' dir='ltr'><strong>lavabit</strong></span> 
     </span>
    </p>
   </div>
   <div class='ocr_carea' id='block_1_27' title="bbox 226 1437 1025 1482">
    <p class='ocr_par' dir='ltr' id='par_1_27' title="bbox 226 1437 1025 1482">
     <span class='ocr_line' id='line_1_27' title="bbox 226 1437 1025 1482; baseline -0.024 0"><span class='ocrx_word' id='word_1_189' title='bbox 226 1453 389 1482; x_wconf 85' lang='lat' dir='ltr'><strong>vestimenta</strong></span> <span class='ocrx_word' id='word_1_190' title='bbox 418 1458 477 1482; x_wconf 85' lang='lat' dir='ltr'><strong>sua,</strong></span> <span class='ocrx_word' id='word_1_191' title='bbox 499 1452 526 1475; x_wconf 86' lang='lat' dir='ltr'><strong>et</strong></span> <span class='ocrx_word' id='word_1_192' title='bbox 541 1448 600 1482; x_wconf 88' lang='lat' dir='ltr'><strong>ipse</strong></span> <span class='ocrx_word' id='word_1_193' title='bbox 622 1446 694 1472; x_wconf 91' lang='lat' dir='ltr'><strong>lotus</strong></span> <span class='ocrx_word' id='word_1_194' title='bbox 721 1450 789 1477; x_wconf 86' lang='lat' dir='ltr'><strong>aqua</strong></span> <span class='ocrx_word' id='word_1_195' title='bbox 803 1438 961 1468; x_wconf 88' lang='lat' dir='ltr'><strong>immundus</strong></span> <span class='ocrx_word' id='word_1_196' title='bbox 973 1437 1025 1464; x_wconf 90' lang='lat' dir='ltr'><strong>erit</strong></span> 
     </span>
    </p>
   </div>
   <div class='ocr_carea' id='block_1_28' title="bbox 227 1485 1026 1536">
    <p class='ocr_par' dir='ltr' id='par_1_28' title="bbox 227 1485 1026 1536">
     <span class='ocr_line' id='line_1_28' title="bbox 227 1485 1026 1536; baseline -0.025 -7"><span class='ocrx_word' id='word_1_197' title='bbox 227 1507 313 1536; x_wconf 85' lang='lat' dir='ltr'><strong>usque</strong></span> <span class='ocrx_word' id='word_1_198' title='bbox 340 1498 373 1525; x_wconf 86' lang='lat' dir='ltr'><strong>ad</strong></span> <span class='ocrx_word' id='word_1_199' title='bbox 402 1502 558 1531; x_wconf 83' lang='lat' dir='ltr'><strong>vesperum.</strong></span> <span class='ocrx_word' id='word_1_200' title='bbox 574 1493 602 1519; x_wconf 84' lang='lat' dir='ltr'><strong>Si</strong></span> <span class='ocrx_word' id='word_1_201' title='bbox 624 1491 737 1519; x_wconf 89' lang='lat' dir='ltr'><strong>salivam</strong></span> <span class='ocrx_word' id='word_1_202' title='bbox 764 1485 921 1522; x_wconf 90' lang='lat' dir='ltr'><strong>hujusmodi</strong></span> <span class='ocrx_word' id='word_1_203' title='bbox 944 1485 1026 1511; x_wconf 91' lang='lat' dir='ltr'><strong>homo</strong></span> 
     </span>
    </p>
   </div>
   <div class='ocr_carea' id='block_1_29' title="bbox 224 1528 1025 1582">
    <p class='ocr_par' dir='ltr' id='par_1_29' title="bbox 224 1528 1025 1582">
     <span class='ocr_line' id='line_1_29' title="bbox 224 1528 1025 1582; baseline -0.025 -8"><span class='ocrx_word' id='word_1_204' title='bbox 224 1546 322 1582; x_wconf 85' lang='lat' dir='ltr'><strong>jecerit</strong></span> <span class='ocrx_word' id='word_1_205' title='bbox 343 1551 426 1579; x_wconf 83' lang='lat' dir='ltr'><strong>super</strong></span> <span class='ocrx_word' id='word_1_206' title='bbox 442 1549 505 1569; x_wconf 89' lang='lat' dir='ltr'><strong>eum</strong></span> <span class='ocrx_word' id='word_1_207' title='bbox 522 1539 569 1575; x_wconf 89' lang='lat' dir='ltr'><strong>qui</strong></span> <span class='ocrx_word' id='word_1_208' title='bbox 594 1537 715 1566; x_wconf 91' lang='lat' dir='ltr'><strong>mundus</strong></span> <span class='ocrx_word' id='word_1_209' title='bbox 732 1539 793 1566; x_wconf 87' lang='lat' dir='ltr'><strong>est,</strong></span> <span class='ocrx_word' id='word_1_210' title='bbox 818 1531 920 1559; x_wconf 84' lang='lat' dir='ltr'><strong>iuvabit</strong></span> <span class='ocrx_word' id='word_1_211' title='bbox 941 1528 1025 1556; x_wconf 83' lang='lat' dir='ltr'><strong>vcsti-</strong></span> 
     </span>
    </p>
   </div>
   <div class='ocr_carea' id='block_1_30' title="bbox 228 1573 1024 1621">
    <p class='ocr_par' dir='ltr' id='par_1_30' title="bbox 228 1573 1024 1621">
     <span class='ocr_line' id='line_1_30' title="bbox 228 1573 1024 1621; baseline -0.026 -1"><span class='ocrx_word' id='word_1_212' title='bbox 228 1595 319 1619; x_wconf 87' lang='lat' dir='ltr'><strong>menta</strong></span> <span class='ocrx_word' id='word_1_213' title='bbox 334 1597 393 1621; x_wconf 88' lang='lat' dir='ltr'><strong>sua,</strong></span> <span class='ocrx_word' id='word_1_214' title='bbox 411 1592 438 1615; x_wconf 87' lang='lat' dir='ltr'><strong>et</strong></span> <span class='ocrx_word' id='word_1_215' title='bbox 454 1587 527 1614; x_wconf 83' lang='lat' dir='ltr'><strong>lotus</strong></span> <span class='ocrx_word' id='word_1_216' title='bbox 546 1591 627 1619; x_wconf 86' lang='lat' dir='ltr'><strong>aqua,</strong></span> <span class='ocrx_word' id='word_1_217' title='bbox 645 1580 803 1609; x_wconf 88' lang='lat' dir='ltr'><strong>immundus</strong></span> <span class='ocrx_word' id='word_1_218' title='bbox 818 1579 871 1604; x_wconf 83' lang='lat' dir='ltr'><strong>crit</strong></span> <span class='ocrx_word' id='word_1_219' title='bbox 893 1582 978 1610; x_wconf 85' lang='lat' dir='ltr'><strong>usque</strong></span> <span class='ocrx_word' id='word_1_220' title='bbox 992 1573 1024 1600; x_wconf 86' lang='lat' dir='ltr'><strong>ad</strong></span> 
     </span>
    </p>
   </div>
   <div class='ocr_carea' id='block_1_31' title="bbox 228 1643 412 1672">
    <p class='ocr_par' dir='ltr' id='par_1_31' title="bbox 228 1643 412 1672">
     <span class='ocr_line' id='line_1_31' title="bbox 228 1643 412 1672; baseline -0.022 -7"><span class='ocrx_word' id='word_1_221' title='bbox 228 1643 384 1672; x_wconf 85' lang='lat' dir='ltr'><strong>vesperum.</strong></span> <span class='ocrx_word' id='word_1_222' title='bbox 403 1645 412 1661; x_wconf 82' lang='lat'><strong>)</strong></span> 
     </span>
    </p>
   </div>
   <div class='ocr_carea' id='block_1_32' title="bbox 265 1666 1024 1712">
    <p class='ocr_par' dir='ltr' id='par_1_32' title="bbox 265 1666 1024 1712">
     <span class='ocr_line' id='line_1_32' title="bbox 265 1666 1024 1712; baseline -0.024 -2"><span class='ocrx_word' id='word_1_223' title='bbox 265 1666 332 1709; x_wconf 61' lang='lat' dir='ltr'><strong>Pium</strong></span> <span class='ocrx_word' id='word_1_224' title='bbox 348 1679 477 1708; x_wconf 77' lang='lat' dir='ltr'><strong>videlicet</strong></span> <span class='ocrx_word' id='word_1_225' title='bbox 489 1677 535 1712; x_wconf 86' lang='lat' dir='ltr'><strong>qui</strong></span> <span class='ocrx_word' id='word_1_226' title='bbox 551 1675 581 1702; x_wconf 90' lang='lat' dir='ltr'><strong>ﬁt</strong></span> <span class='ocrx_word' id='word_1_227' title='bbox 601 1673 737 1709; x_wconf 78' lang='lat' dir='ltr'><strong>particeps</strong></span> <span class='ocrx_word' id='word_1_228' title='bbox 752 1669 895 1701; x_wconf 73' lang='lat' dir='ltr'><strong>doctrinm,</strong></span> <span class='ocrx_word' id='word_1_229' title='bbox 911 1666 1024 1703; x_wconf 80' lang='lat' dir='ltr'><strong>profana</strong></span> 
     </span>
    </p>
   </div>
   <div class='ocr_carea' id='block_1_33' title="bbox 229 1714 1025 1760">
    <p class='ocr_par' dir='ltr' id='par_1_33' title="bbox 229 1714 1025 1760">
     <span class='ocr_line' id='line_1_33' title="bbox 229 1714 1025 1760; baseline -0.024 -3"><span class='ocrx_word' id='word_1_230' title='bbox 229 1729 363 1760; x_wconf 85' lang='lat' dir='ltr'><strong>docentis,</strong></span> <span class='ocrx_word' id='word_1_231' title='bbox 380 1723 550 1753; x_wconf 89' lang='lat' dir='ltr'><strong>immundum</strong></span> <span class='ocrx_word' id='word_1_232' title='bbox 571 1728 632 1748; x_wconf 84' lang='lat' dir='ltr'><strong>esse</strong></span> <span class='ocrx_word' id='word_1_233' title='bbox 653 1726 740 1752; x_wconf 87' lang='lat' dir='ltr'><strong>usque</strong></span> <span class='ocrx_word' id='word_1_234' title='bbox 763 1717 827 1743; x_wconf 93' lang='lat' dir='ltr'><strong>dum</strong></span> <span class='ocrx_word' id='word_1_235' title='bbox 846 1714 1025 1748; x_wconf 88' lang='lat' dir='ltr'><strong>semetipsum</strong></span> 
     </span>
    </p>
   </div>
   <div class='ocr_carea' id='block_1_34' title="bbox 229 1761 1027 1807">
    <p class='ocr_par' dir='ltr' id='par_1_34' title="bbox 229 1761 1027 1807">
     <span class='ocr_line' id='line_1_34' title="bbox 229 1761 1027 1807; baseline -0.021 -6"><span class='ocrx_word' id='word_1_236' title='bbox 229 1774 314 1801; x_wconf 83' lang='lat' dir='ltr'><strong>diluat</strong></span> <span class='ocrx_word' id='word_1_237' title='bbox 334 1779 383 1807; x_wconf 90' lang='lat' dir='ltr'><strong>per</strong></span> <span class='ocrx_word' id='word_1_238' title='bbox 401 1767 603 1806; x_wconf 74' lang='lat' dir='ltr'><strong>pmnitentiam,</strong></span> <span class='ocrx_word' id='word_1_239' title='bbox 620 1772 680 1792; x_wconf 80' lang='lat' dir='ltr'><strong>eam</strong></span> <span class='ocrx_word' id='word_1_240' title='bbox 703 1770 783 1798; x_wconf 87' lang='lat' dir='ltr'><strong>quam</strong></span> <span class='ocrx_word' id='word_1_241' title='bbox 798 1761 936 1796; x_wconf 72' lang='lat' dir='ltr'><strong>legislator</strong></span> <span class='ocrx_word' id='word_1_242' title='bbox 958 1766 1027 1794; x_wconf 78' lang='lat' dir='ltr'><strong>pra:-</strong></span> 
     </span>
    </p>
   </div>
   <div class='ocr_carea' id='block_1_35' title="bbox 231 1808 1026 1855">
    <p class='ocr_par' dir='ltr' id='par_1_35' title="bbox 231 1808 1026 1855">
     <span class='ocr_line' id='line_1_35' title="bbox 231 1808 1026 1855; baseline -0.021 -7"><span class='ocrx_word' id='word_1_243' title='bbox 231 1820 312 1855; x_wconf 78' lang='lat' dir='ltr'><strong>Cepit,</strong></span> <span class='ocrx_word' id='word_1_244' title='bbox 328 1819 385 1846; x_wconf 88' lang='lat' dir='ltr'><strong>sive</strong></span> <span class='ocrx_word' id='word_1_245' title='bbox 401 1816 471 1844; x_wconf 84' lang='lat' dir='ltr'><strong>uitro</strong></span> <span class='ocrx_word' id='word_1_246' title='bbox 485 1813 621 1849; x_wconf 81' lang='lat' dir='ltr'><strong>quispiam</strong></span> <span class='ocrx_word' id='word_1_247' title='bbox 638 1810 775 1846; x_wconf 81' lang='lat' dir='ltr'><strong>particeps</strong></span> <span class='ocrx_word' id='word_1_248' title='bbox 790 1808 922 1835; x_wconf 78' lang='lat' dir='ltr'><strong>eiiiciatur</strong></span> <span class='ocrx_word' id='word_1_249' title='bbox 936 1813 1026 1841; x_wconf 82' lang='lat' dir='ltr'><strong>prava:</strong></span> 
     </span>
    </p>
   </div>
   <div class='ocr_carea' id='block_1_36' title="bbox 230 1853 1027 1897">
    <p class='ocr_par' dir='ltr' id='par_1_36' title="bbox 230 1853 1027 1897">
     <span class='ocr_line' id='line_1_36' title="bbox 230 1853 1027 1897; baseline -0.023 -3"><span class='ocrx_word' id='word_1_250' title='bbox 230 1866 370 1897; x_wconf 75' lang='lat' dir='ltr'><strong>doctrinae,</strong></span> <span class='ocrx_word' id='word_1_251' title='bbox 383 1863 436 1890; x_wconf 88' lang='lat' dir='ltr'><strong>hoc</strong></span> <span class='ocrx_word' id='word_1_252' title='bbox 448 1865 490 1890; x_wconf 81' lang='lat' dir='ltr'><strong>est</strong></span> <span class='ocrx_word' id='word_1_253' title='bbox 505 1861 578 1888; x_wconf 84' lang='lat' dir='ltr'><strong>enim</strong></span> <span class='ocrx_word' id='word_1_254' title='bbox 594 1864 704 1886; x_wconf 86' lang='lat' dir='ltr'><strong>carnem</strong></span> <span class='ocrx_word' id='word_1_255' title='bbox 726 1860 847 1890; x_wconf 75' lang='lat' dir='ltr'><strong>tangere,</strong></span> <span class='ocrx_word' id='word_1_256' title='bbox 865 1853 967 1880; x_wconf 79' lang='lat' dir='ltr'><strong>ﬂuxum</strong></span> <span class='ocrx_word' id='word_1_257' title='bbox 983 1859 1027 1877; x_wconf 86' lang='lat' dir='ltr'><strong>se-</strong></span> 
     </span>
    </p>
   </div>
   <div class='ocr_carea' id='block_1_37' title="bbox 232 1899 1028 1947">
    <p class='ocr_par' dir='ltr' id='par_1_37' title="bbox 232 1899 1028 1947">
     <span class='ocr_line' id='line_1_37' title="bbox 232 1899 1028 1947; baseline -0.024 -6"><span class='ocrx_word' id='word_1_258' title='bbox 232 1913 314 1940; x_wconf 89' lang='lat' dir='ltr'><strong>minis</strong></span> <span class='ocrx_word' id='word_1_259' title='bbox 327 1909 467 1947; x_wconf 81' lang='lat' dir='ltr'><strong>patientis,</strong></span> <span class='ocrx_word' id='word_1_260' title='bbox 483 1908 540 1934; x_wconf 87' lang='lat' dir='ltr'><strong>sive</strong></span> <span class='ocrx_word' id='word_1_261' title='bbox 560 1903 685 1933; x_wconf 88' lang='lat' dir='ltr'><strong>docentis</strong></span> <span class='ocrx_word' id='word_1_262' title='bbox 700 1910 732 1929; x_wconf 77' lang='lat' dir='ltr'><strong>ex</strong></span> <span class='ocrx_word' id='word_1_263' title='bbox 747 1907 829 1936; x_wconf 88' lang='lat' dir='ltr'><strong>opere</strong></span> <span class='ocrx_word' id='word_1_264' title='bbox 851 1899 943 1926; x_wconf 83' lang='lat' dir='ltr'><strong>initiat</strong></span> <span class='ocrx_word' id='word_1_265' title='bbox 961 1905 1028 1932; x_wconf 87' lang='lat' dir='ltr'><strong>quo-</strong></span> 
     </span>
    </p>
   </div>
   <div class='ocr_carea' id='block_1_38' title="bbox 231 1948 1026 1989">
    <p class='ocr_par' dir='ltr' id='par_1_38' title="bbox 231 1948 1026 1989">
     <span class='ocr_line' id='line_1_38' title="bbox 231 1948 1026 1989; baseline -0.021 -2"><span class='ocrx_word' id='word_1_266' title='bbox 231 1958 376 1987; x_wconf 74' lang='lat' dir='ltr'><strong>dammodo</strong></span> <span class='ocrx_word' id='word_1_267' title='bbox 405 1955 603 1989; x_wconf 83' lang='lat' dir='ltr'><strong>semetipsum.</strong></span> <span class='ocrx_word' id='word_1_268' title='bbox 631 1948 837 1982; x_wconf 84' lang='lat' dir='ltr'><strong>introducitque</strong></span> <span class='ocrx_word' id='word_1_269' title='bbox 867 1952 1026 1973; x_wconf 85' lang='lat' dir='ltr'><strong>sermonem</strong></span> 
     </span>
    </p>
   </div>
   <div class='ocr_carea' id='block_1_39' title="bbox 232 1991 1028 2035">
    <p class='ocr_par' dir='ltr' id='par_1_39' title="bbox 232 1991 1028 2035">
     <span class='ocr_line' id='line_1_39' title="bbox 232 1991 1028 2035; baseline -0.023 -1"><span class='ocrx_word' id='word_1_270' title='bbox 232 2005 363 2033; x_wconf 67' lang='lat' dir='ltr'><strong>doctrinae</strong></span> <span class='ocrx_word' id='word_1_271' title='bbox 375 2011 442 2035; x_wconf 73' lang='lat' dir='ltr'><strong>suae,</strong></span> <span class='ocrx_word' id='word_1_272' title='bbox 473 2001 526 2028; x_wconf 89' lang='lat' dir='ltr'><strong>hoc</strong></span> <span class='ocrx_word' id='word_1_273' title='bbox 538 2003 579 2026; x_wconf 88' lang='lat' dir='ltr'><strong>est</strong></span> <span class='ocrx_word' id='word_1_274' title='bbox 601 1998 713 2025; x_wconf 85' lang='lat' dir='ltr'><strong>salivam</strong></span> <span class='ocrx_word' id='word_1_275' title='bbox 740 1994 884 2030; x_wconf 80' lang='lat' dir='ltr'><strong>projicere.</strong></span> <span class='ocrx_word' id='word_1_276' title='bbox 915 1991 1028 2026; x_wconf 82' lang='lat' dir='ltr'><strong>Propter</strong></span> 
     </span>
    </p>
   </div>
   <div class='ocr_carea' id='block_1_40' title="bbox 233 2042 716 2088">
    <p class='ocr_par' dir='ltr' id='par_1_40' title="bbox 233 2042 716 2088">
     <span class='ocr_line' id='line_1_40' title="bbox 233 2042 716 2088; baseline -0.021 -10"><span class='ocrx_word' id='word_1_277' title='bbox 233 2052 303 2088; x_wconf 83' lang='lat' dir='ltr'><strong>quod</strong></span> <span class='ocrx_word' id='word_1_278' title='bbox 318 2050 427 2085; x_wconf 82' lang='lat' dir='ltr'><strong>Aquila,</strong></span> <span class='ocrx_word' id='word_1_279' title='bbox 441 2048 463 2075; x_wconf 79' lang='lat' dir='ltr'><strong>si</strong></span> <span class='ocrx_word' id='word_1_280' title='bbox 474 2054 552 2082; x_wconf 74' lang='lat' dir='ltr'><strong>super</strong></span> <span class='ocrx_word' id='word_1_281' title='bbox 567 2042 697 2078; x_wconf 75' lang='lat' dir='ltr'><strong>exspuerit</strong></span> <span class='ocrx_word' id='word_1_282' title='bbox 707 2050 716 2068; x_wconf 87' lang='lat'><strong>.&#39;</strong></span> 
     </span>
    </p>
   </div>
   <div class='ocr_carea' id='block_1_41' title="bbox 269 2082 1028 2129">
    <p class='ocr_par' dir='ltr' id='par_1_41' title="bbox 269 2082 1028 2129">
     <span class='ocr_line' id='line_1_41' title="bbox 269 2082 1028 2129; baseline -0.022 -4"><span class='ocrx_word' id='word_1_283' title='bbox 269 2082 392 2124; x_wconf 52' lang='lat' dir='ltr'><strong>Vsus-9.</strong></span> <span class='ocrx_word' id='word_1_284' title='bbox 412 2105 421 2120; x_wconf 74' lang='grc' dir='ltr'>ι</span> <span class='ocrx_word' id='word_1_285' title='bbox 437 2094 535 2129; x_wconf 78' lang='lat' dir='ltr'><strong>Sagma</strong></span> <span class='ocrx_word' id='word_1_286' title='bbox 550 2098 633 2126; x_wconf 86' lang='lat' dir='ltr'><strong>super</strong></span> <span class='ocrx_word' id='word_1_287' title='bbox 649 2087 722 2124; x_wconf 90' lang='lat' dir='ltr'><strong>quod</strong></span> <span class='ocrx_word' id='word_1_288' title='bbox 741 2085 844 2114; x_wconf 87' lang='lat' dir='ltr'><strong>sederit</strong></span> <span class='ocrx_word' id='word_1_289' title='bbox 857 2082 1028 2111; x_wconf 89' lang='lat' dir='ltr'><strong>immundum</strong></span> 
     </span>
    </p>
   </div>
   <div class='ocr_carea' id='block_1_42' title="bbox 234 2141 636 2177">
    <p class='ocr_par' dir='ltr' id='par_1_42' title="bbox 234 2141 636 2177">
     <span class='ocr_line' id='line_1_42' title="bbox 234 2141 636 2177; baseline -0.022 -6"><span class='ocrx_word' id='word_1_290' title='bbox 234 2144 286 2172; x_wconf 81' lang='lat' dir='ltr'><strong>erit</strong></span> <span class='ocrx_word' id='word_1_291' title='bbox 301 2149 387 2177; x_wconf 88' lang='lat' dir='ltr'><strong>usque</strong></span> <span class='ocrx_word' id='word_1_292' title='bbox 403 2141 438 2168; x_wconf 87' lang='lat' dir='ltr'><strong>ad</strong></span> <span class='ocrx_word' id='word_1_293' title='bbox 450 2145 608 2174; x_wconf 81' lang='lat' dir='ltr'><strong>vesperum.</strong></span> <span class='ocrx_word' id='word_1_294' title='bbox 627 2146 636 2162; x_wconf 76' lang='grc' dir='ltr'><strong>ι</strong></span> 
     </span>
    </p>
   </div>
   <div class='ocr_carea' id='block_1_43' title="bbox 267 2177 1030 2220">
    <p class='ocr_par' dir='ltr' id='par_1_43' title="bbox 267 2177 1030 2220">
     <span class='ocr_line' id='line_1_43' title="bbox 267 2177 1030 2220; baseline -0.018 -3"><span class='ocrx_word' id='word_1_295' title='bbox 267 2189 344 2217; x_wconf 82' lang='lat' dir='ltr'><strong>Sicut</strong></span> <span class='ocrx_word' id='word_1_296' title='bbox 358 2191 474 2215; x_wconf 88' lang='lat' dir='ltr'><strong>stratum</strong></span> <span class='ocrx_word' id='word_1_297' title='bbox 492 2185 586 2220; x_wconf 89' lang='lat' dir='ltr'><strong>inquo</strong></span> <span class='ocrx_word' id='word_1_298' title='bbox 602 2184 624 2211; x_wconf 90' lang='lat' dir='ltr'><strong>is</strong></span> <span class='ocrx_word' id='word_1_299' title='bbox 643 2182 690 2217; x_wconf 88' lang='lat' dir='ltr'><strong>qui</strong></span> <span class='ocrx_word' id='word_1_300' title='bbox 706 2181 807 2208; x_wconf 81' lang='lat' dir='ltr'><strong>ﬂuxum</strong></span> <span class='ocrx_word' id='word_1_301' title='bbox 830 2179 943 2207; x_wconf 85' lang='lat' dir='ltr'><strong>seminis</strong></span> <span class='ocrx_word' id='word_1_302' title='bbox 958 2177 1030 2213; x_wconf 86' lang='lat' dir='ltr'><strong>pati-</strong></span> 
     </span>
    </p>
   </div>
   <div class='ocr_carea' id='block_1_44' title="bbox 235 2225 1032 2269">
    <p class='ocr_par' dir='ltr' id='par_1_44' title="bbox 235 2225 1032 2269">
     <span class='ocr_line' id='line_1_44' title="bbox 235 2225 1032 2269; baseline -0.016 -6"><span class='ocrx_word' id='word_1_303' title='bbox 235 2242 289 2267; x_wconf 85' lang='lat' dir='ltr'><strong>tur,</strong></span> <span class='ocrx_word' id='word_1_304' title='bbox 317 2233 474 2269; x_wconf 80' lang='lat' dir='ltr'><strong>requiescit,</strong></span> <span class='ocrx_word' id='word_1_305' title='bbox 492 2237 519 2259; x_wconf 87' lang='lat' dir='ltr'><strong>ct</strong></span> <span class='ocrx_word' id='word_1_306' title='bbox 541 2239 588 2259; x_wconf 88' lang='lat' dir='ltr'><strong>vas</strong></span> <span class='ocrx_word' id='word_1_307' title='bbox 602 2232 629 2257; x_wconf 94' lang='lat' dir='ltr'><strong>in</strong></span> <span class='ocrx_word' id='word_1_308' title='bbox 645 2237 700 2265; x_wconf 92' lang='lat' dir='ltr'><strong>quo</strong></span> <span class='ocrx_word' id='word_1_309' title='bbox 715 2228 792 2255; x_wconf 84' lang='lat' dir='ltr'><strong>sedet</strong></span> <span class='ocrx_word' id='word_1_310' title='bbox 818 2227 912 2258; x_wconf 89' lang='lat' dir='ltr'><strong>nimis,</strong></span> <span class='ocrx_word' id='word_1_311' title='bbox 938 2225 965 2252; x_wconf 88' lang='lat' dir='ltr'><strong>id</strong></span> <span class='ocrx_word' id='word_1_312' title='bbox 989 2227 1032 2251; x_wconf 72' lang='lat' dir='ltr'><strong>est</strong></span> 
     </span>
    </p>
   </div>
   <div class='ocr_carea' id='block_1_45' title="bbox 234 2275 1028 2311">
    <p class='ocr_par' dir='ltr' id='par_1_45' title="bbox 234 2275 1028 2311">
     <span class='ocr_line' id='line_1_45' title="bbox 234 2275 1028 2311; baseline -0.019 0"><span class='ocrx_word' id='word_1_313' title='bbox 234 2283 312 2310; x_wconf 82' lang='lat' dir='ltr'><strong>valde</strong></span> <span class='ocrx_word' id='word_1_314' title='bbox 332 2289 396 2310; x_wconf 82' lang='lat' dir='ltr'><strong>eum</strong></span> <span class='ocrx_word' id='word_1_315' title='bbox 417 2280 591 2308; x_wconf 78' lang='lat' dir='ltr'><strong>adluerentes</strong></span> <span class='ocrx_word' id='word_1_316' title='bbox 613 2275 785 2311; x_wconf 84' lang='lat' dir='ltr'><strong>disciplinas.</strong></span> <span class='ocrx_word' id='word_1_317' title='bbox 809 2293 816 2300; x_wconf 92' lang='lat'><strong>.</strong></span> <span class='ocrx_word' id='word_1_318' title='bbox 840 2293 846 2300; x_wconf 97' lang='lat'><strong>.</strong></span> <span class='ocrx_word' id='word_1_319' title='bbox 870 2292 876 2299; x_wconf 92' lang='lat'><strong>.</strong></span> <span class='ocrx_word' id='word_1_320' title='bbox 900 2292 906 2298; x_wconf 95' lang='lat'><strong>.</strong></span> <span class='ocrx_word' id='word_1_321' title='bbox 930 2292 936 2298; x_wconf 93' lang='lat'><strong>.</strong></span> <span class='ocrx_word' id='word_1_322' title='bbox 963 2292 970 2299; x_wconf 89' lang='lat'><strong>.</strong></span> <span class='ocrx_word' id='word_1_323' title='bbox 992 2291 999 2297; x_wconf 95' lang='lat'><strong>.</strong></span> <span class='ocrx_word' id='word_1_324' title='bbox 1022 2290 1028 2296; x_wconf 95' lang='lat'><strong>.</strong></span> 
     </span>
    </p>
   </div>
   <div class='ocr_carea' id='block_1_46' title="bbox 233 2305 1067 2364">
    <p class='ocr_par' dir='ltr' id='par_1_46' title="bbox 233 2305 1067 2364">
     <span class='ocr_line' id='line_1_46' title="bbox 233 2305 1067 2364; baseline -0.019 -7"><span class='ocrx_word' id='word_1_325' title='bbox 233 2337 293 2364; x_wconf 66' lang='lat' dir='ltr'><strong>quae</strong></span> <span class='ocrx_word' id='word_1_326' title='bbox 317 2327 425 2355; x_wconf 75' lang='lat' dir='ltr'><strong>difficile</strong></span> <span class='ocrx_word' id='word_1_327' title='bbox 439 2324 539 2353; x_wconf 84' lang='lat' dir='ltr'><strong>mutari</strong></span> <span class='ocrx_word' id='word_1_328' title='bbox 559 2323 601 2351; x_wconf 86' lang='lat' dir='ltr'><strong>vel</strong></span> <span class='ocrx_word' id='word_1_329' title='bbox 618 2305 718 2349; x_wconf 79' lang='lat' dir='ltr'><strong>molliri</strong></span> <span class='ocrx_word' id='word_1_330' title='bbox 742 2313 866 2355; x_wconf 88' lang='lat' dir='ltr'><strong>possunt.</strong></span> <span class='ocrx_word' id='word_1_331' title='bbox 881 2318 926 2345; x_wconf 86' lang='lat' dir='ltr'><strong>Sic</strong></span> <span class='ocrx_word' id='word_1_332' title='bbox 945 2316 1027 2343; x_wconf 86' lang='lat' dir='ltr'><strong>etiam</strong></span> <span class='ocrx_word' id='word_1_333' title='bbox 1048 2305 1067 2330; x_wconf 75' lang='lat' dir='ltr'>D</span> 
     </span>
    </p>
   </div>
   <div class='ocr_carea' id='block_1_47' title="bbox 234 2363 1028 2410">
    <p class='ocr_par' dir='ltr' id='par_1_47' title="bbox 234 2363 1028 2410">
     <span class='ocr_line' id='line_1_47' title="bbox 234 2363 1028 2410; baseline -0.021 -6"><span class='ocrx_word' id='word_1_334' title='bbox 234 2376 278 2403; x_wconf 88' lang='lat' dir='ltr'><strong>hic</strong></span> <span class='ocrx_word' id='word_1_335' title='bbox 289 2375 317 2402; x_wconf 84' lang='lat' dir='ltr'><strong>in</strong></span> <span class='ocrx_word' id='word_1_336' title='bbox 330 2382 434 2410; x_wconf 77' lang='lat' dir='ltr'><strong>sagma,</strong></span> <span class='ocrx_word' id='word_1_337' title='bbox 444 2373 500 2400; x_wconf 84' lang='lat' dir='ltr'><strong>sive</strong></span> <span class='ocrx_word' id='word_1_338' title='bbox 513 2376 542 2398; x_wconf 88' lang='lat' dir='ltr'><strong>ut</strong></span> <span class='ocrx_word' id='word_1_339' title='bbox 552 2368 622 2397; x_wconf 75' lang='lat' dir='ltr'><strong>LXX</strong></span> <span class='ocrx_word' id='word_1_340' title='bbox 634 2368 786 2399; x_wconf 87' lang='lat' dir='ltr'><strong>ediderunt,</strong></span> <span class='ocrx_word' id='word_1_341' title='bbox 799 2366 826 2391; x_wconf 83' lang='lat' dir='ltr'><strong>in</strong></span> <span class='ocrx_word' id='word_1_342' title='bbox 843 2372 935 2400; x_wconf 72' lang='lat' dir='ltr'><strong>sagma</strong></span> <span class='ocrx_word' id='word_1_343' title='bbox 948 2363 1028 2393; x_wconf 82' lang='lat' dir='ltr'><strong>asini,</strong></span> 
     </span>
    </p>
   </div>
   <div class='ocr_carea' id='block_1_48' title="bbox 233 2408 1028 2457">
    <p class='ocr_par' dir='ltr' id='par_1_48' title="bbox 233 2408 1028 2457">
     <span class='ocr_line' id='line_1_48' title="bbox 233 2408 1028 2457; baseline -0.019 -8"><span class='ocrx_word' id='word_1_344' title='bbox 233 2408 457 2457; x_wconf 76' lang='lat' dir='ltr'><strong>negligentiorem</strong></span> <span class='ocrx_word' id='word_1_345' title='bbox 472 2417 582 2454; x_wconf 84' lang='lat' dir='ltr'><strong>quidem</strong></span> <span class='ocrx_word' id='word_1_346' title='bbox 599 2413 774 2449; x_wconf 81' lang='lat' dir='ltr'><strong>discipulum,</strong></span> <span class='ocrx_word' id='word_1_347' title='bbox 789 2412 837 2439; x_wconf 84' lang='lat' dir='ltr'><strong>sed</strong></span> <span class='ocrx_word' id='word_1_348' title='bbox 854 2416 944 2438; x_wconf 85' lang='lat' dir='ltr'><strong>tamen</strong></span> <span class='ocrx_word' id='word_1_349' title='bbox 958 2408 1028 2435; x_wconf 88' lang='lat' dir='ltr'><strong>mol-</strong></span> 
     </span>
    </p>
   </div>
   <div class='ocr_carea' id='block_1_49' title="bbox 235 2454 1029 2495">
    <p class='ocr_par' dir='ltr' id='par_1_49' title="bbox 235 2454 1029 2495">
     <span class='ocr_line' id='line_1_49' title="bbox 235 2454 1029 2495; baseline -0.019 0"><span class='ocrx_word' id='word_1_350' title='bbox 235 2469 287 2495; x_wconf 86' lang='lat' dir='ltr'><strong>lius</strong></span> <span class='ocrx_word' id='word_1_351' title='bbox 299 2468 444 2494; x_wconf 86' lang='lat' dir='ltr'><strong>habentem</strong></span> <span class='ocrx_word' id='word_1_352' title='bbox 453 2473 500 2493; x_wconf 90' lang='lat' dir='ltr'><strong>cor</strong></span> <span class='ocrx_word' id='word_1_353' title='bbox 511 2463 544 2491; x_wconf 87' lang='lat' dir='ltr'><strong>ad</strong></span> <span class='ocrx_word' id='word_1_354' title='bbox 553 2460 777 2490; x_wconf 85' lang='lat' dir='ltr'><strong>commutamlum</strong></span> <span class='ocrx_word' id='word_1_355' title='bbox 788 2466 816 2486; x_wconf 88' lang='lat' dir='ltr'><strong>se</strong></span> <span class='ocrx_word' id='word_1_356' title='bbox 831 2467 837 2484; x_wconf 90' lang='lat'>:</span> <span class='ocrx_word' id='word_1_357' title='bbox 853 2456 945 2483; x_wconf 82' lang='lat' dir='ltr'><strong>mollia</strong></span> <span class='ocrx_word' id='word_1_358' title='bbox 955 2454 1029 2482; x_wconf 85' lang='lat' dir='ltr'><strong>cnim</strong></span> 
     </span>
    </p>
   </div>
   <div class='ocr_carea' id='block_1_50' title="bbox 235 2501 1030 2549">
    <p class='ocr_par' dir='ltr' id='par_1_50' title="bbox 235 2501 1030 2549">
     <span class='ocr_line' id='line_1_50' title="bbox 235 2501 1030 2549; baseline -0.019 -7"><span class='ocrx_word' id='word_1_359' title='bbox 235 2519 356 2549; x_wconf 76' lang='lat' dir='ltr'><strong>sagmata</strong></span> <span class='ocrx_word' id='word_1_360' title='bbox 365 2513 431 2540; x_wconf 85' lang='lat' dir='ltr'><strong>asini</strong></span> <span class='ocrx_word' id='word_1_361' title='bbox 441 2510 576 2547; x_wconf 79' lang='lat' dir='ltr'><strong>legislator</strong></span> <span class='ocrx_word' id='word_1_362' title='bbox 588 2507 732 2536; x_wconf 79' lang='lat' dir='ltr'><strong>intellexit.</strong></span> <span class='ocrx_word' id='word_1_363' title='bbox 745 2505 798 2532; x_wconf 84' lang='lat' dir='ltr'><strong>Sed</strong></span> <span class='ocrx_word' id='word_1_364' title='bbox 808 2509 834 2532; x_wconf 88' lang='lat' dir='ltr'><strong>ct</strong></span> <span class='ocrx_word' id='word_1_365' title='bbox 843 2504 866 2530; x_wconf 91' lang='lat' dir='ltr'><strong>is</strong></span> <span class='ocrx_word' id='word_1_366' title='bbox 877 2502 939 2538; x_wconf 82' lang='lat' dir='ltr'><strong>quia</strong></span> <span class='ocrx_word' id='word_1_367' title='bbox 950 2501 1030 2529; x_wconf 86' lang='lat' dir='ltr'><strong>bonis</strong></span> 
     </span>
    </p>
   </div>
   <div class='ocr_carea' id='block_1_51' title="bbox 235 2547 1034 2595">
    <p class='ocr_par' dir='ltr' id='par_1_51' title="bbox 235 2547 1034 2595">
     <span class='ocr_line' id='line_1_51' title="bbox 235 2547 1034 2595; baseline -0.019 -7"><span class='ocrx_word' id='word_1_368' title='bbox 235 2559 372 2595; x_wconf 80' lang='lat' dir='ltr'><strong>magistris</strong></span> <span class='ocrx_word' id='word_1_369' title='bbox 386 2557 487 2590; x_wconf 82' lang='lat' dir='ltr'><strong>excuti,</strong></span> <span class='ocrx_word' id='word_1_370' title='bbox 500 2556 542 2583; x_wconf 88' lang='lat' dir='ltr'><strong>vel</strong></span> <span class='ocrx_word' id='word_1_371' title='bbox 553 2555 617 2582; x_wconf 87' lang='lat' dir='ltr'><strong>dilui</strong></span> <span class='ocrx_word' id='word_1_372' title='bbox 633 2558 714 2588; x_wconf 88' lang='lat' dir='ltr'><strong>atque</strong></span> <span class='ocrx_word' id='word_1_373' title='bbox 726 2556 855 2586; x_wconf 88' lang='lat' dir='ltr'><strong>respuere</strong></span> <span class='ocrx_word' id='word_1_374' title='bbox 866 2548 968 2576; x_wconf 87' lang='lat' dir='ltr'><strong>malum</strong></span> <span class='ocrx_word' id='word_1_375' title='bbox 981 2547 1034 2574; x_wconf 82' lang='lat' dir='ltr'><strong>dis-</strong></span> 
     </span>
    </p>
   </div>
   <div class='ocr_carea' id='block_1_52' title="bbox 235 2593 1037 2642">
    <p class='ocr_par' dir='ltr' id='par_1_52' title="bbox 235 2593 1037 2642">
     <span class='ocr_line' id='line_1_52' title="bbox 235 2593 1037 2642; baseline -0.019 -8"><span class='ocrx_word' id='word_1_376' title='bbox 235 2593 383 2642; x_wconf 79' lang='lat' dir='ltr'><strong>cipulatum</strong></span> <span class='ocrx_word' id='word_1_377' title='bbox 409 2607 498 2639; x_wconf 88' lang='lat' dir='ltr'><strong>potest</strong></span> <span class='ocrx_word' id='word_1_378' title='bbox 515 2613 520 2628; x_wconf 92' lang='lat'><strong>:</strong></span> <span class='ocrx_word' id='word_1_379' title='bbox 538 2602 600 2637; x_wconf 89' lang='lat' dir='ltr'><strong>quia</strong></span> <span class='ocrx_word' id='word_1_380' title='bbox 617 2601 668 2627; x_wconf 85' lang='lat' dir='ltr'><strong>tale</strong></span> <span class='ocrx_word' id='word_1_381' title='bbox 688 2603 730 2626; x_wconf 91' lang='lat' dir='ltr'><strong>cst</strong></span> <span class='ocrx_word' id='word_1_382' title='bbox 752 2598 824 2632; x_wconf 89' lang='lat' dir='ltr'><strong>quod</strong></span> <span class='ocrx_word' id='word_1_383' title='bbox 845 2595 924 2626; x_wconf 72' lang='lat' dir='ltr'><strong>LXX,</strong></span> <span class='ocrx_word' id='word_1_384' title='bbox 938 2593 1037 2621; x_wconf 72' lang='grc' dir='ltr'><strong>ἐπίσα-</strong></span> 
     </span>
    </p>
   </div>
   <div class='ocr_carea' id='block_1_53' title="bbox 235 2638 1038 2686">
    <p class='ocr_par' dir='ltr' id='par_1_53' title="bbox 235 2638 1038 2686">
     <span class='ocr_line' id='line_1_53' title="bbox 235 2638 1038 2686; baseline -0.019 -7"><span class='ocrx_word' id='word_1_385' title='bbox 235 2638 294 2686; x_wconf 54' lang='grc' dir='ltr'>γξλα</span> <span class='ocrx_word' id='word_1_386' title='bbox 311 2638 459 2686; x_wconf 74' lang='lat' dir='ltr'><strong>appellant,</strong></span> <span class='ocrx_word' id='word_1_387' title='bbox 475 2648 564 2677; x_wconf 87' lang='lat' dir='ltr'><strong>idest,</strong></span> <span class='ocrx_word' id='word_1_388' title='bbox 577 2650 695 2673; x_wconf 81' lang='lat' dir='ltr'><strong>stratura</strong></span> <span class='ocrx_word' id='word_1_389' title='bbox 708 2649 755 2676; x_wconf 85' lang='lat' dir='ltr'><strong>;et</strong></span> <span class='ocrx_word' id='word_1_390' title='bbox 770 2643 827 2678; x_wconf 88' lang='lat' dir='ltr'><strong>ipse</strong></span> <span class='ocrx_word' id='word_1_391' title='bbox 838 2639 965 2668; x_wconf 89' lang='lat' dir='ltr'><strong>videlicet</strong></span> <span class='ocrx_word' id='word_1_392' title='bbox 986 2638 1038 2665; x_wconf 95' lang='lat' dir='ltr'><strong>im-</strong></span> 
     </span>
    </p>
   </div>
   <div class='ocr_carea' id='block_1_54' title="bbox 237 2684 1002 2728">
    <p class='ocr_par' dir='ltr' id='par_1_54' title="bbox 237 2684 1002 2728">
     <span class='ocr_line' id='line_1_54' title="bbox 237 2684 1002 2728; baseline -0.018 -4"><span class='ocrx_word' id='word_1_393' title='bbox 237 2696 354 2724; x_wconf 88' lang='lat' dir='ltr'><strong>mundus</strong></span> <span class='ocrx_word' id='word_1_394' title='bbox 367 2695 428 2728; x_wconf 88' lang='lat' dir='ltr'><strong>erit,</strong></span> <span class='ocrx_word' id='word_1_395' title='bbox 439 2692 591 2728; x_wconf 88' lang='lat' dir='ltr'><strong>usquedum</strong></span> <span class='ocrx_word' id='word_1_396' title='bbox 602 2691 633 2718; x_wconf 88' lang='lat' dir='ltr'><strong>ad</strong></span> <span class='ocrx_word' id='word_1_397' title='bbox 644 2688 829 2726; x_wconf 75' lang='lat' dir='ltr'><strong>pmnitentiam</strong></span> <span class='ocrx_word' id='word_1_398' title='bbox 840 2694 869 2714; x_wconf 88' lang='lat' dir='ltr'><strong>se</strong></span> <span class='ocrx_word' id='word_1_399' title='bbox 881 2684 1002 2712; x_wconf 80' lang='lat' dir='ltr'><strong>verterit.</strong></span> 
     </span>
    </p>
   </div>
   <div class='ocr_carea' id='block_1_55' title="bbox 274 2730 1040 2773">
    <p class='ocr_par' dir='ltr' id='par_1_55' title="bbox 274 2730 1040 2773">
     <span class='ocr_line' id='line_1_55' title="bbox 274 2730 1040 2773; baseline -0.018 -4"><span class='ocrx_word' id='word_1_400' title='bbox 274 2741 356 2769; x_wconf 69' lang='lat' dir='ltr'><strong>Vitas.</strong></span> <span class='ocrx_word' id='word_1_401' title='bbox 372 2741 415 2768; x_wconf 82' lang='grc'><strong>10.</strong></span> <span class='ocrx_word' id='word_1_402' title='bbox 437 2750 444 2766; x_wconf 78' lang='grc' dir='ltr'><em>ι</em></span> <span class='ocrx_word' id='word_1_403' title='bbox 462 2740 495 2766; x_wconf 73' lang='lat' dir='ltr'><strong>Et</strong></span> <span class='ocrx_word' id='word_1_404' title='bbox 507 2738 595 2766; x_wconf 86' lang='lat' dir='ltr'><strong>omnis</strong></span> <span class='ocrx_word' id='word_1_405' title='bbox 607 2736 652 2773; x_wconf 88' lang='lat' dir='ltr'><strong>qui</strong></span> <span class='ocrx_word' id='word_1_406' title='bbox 670 2734 788 2770; x_wconf 78' lang='lat' dir='ltr'><strong>tetigerit</strong></span> <span class='ocrx_word' id='word_1_407' title='bbox 802 2731 933 2768; x_wconf 81' lang='lat' dir='ltr'><strong>quidquid</strong></span> <span class='ocrx_word' id='word_1_408' title='bbox 945 2730 995 2757; x_wconf 85' lang='lat' dir='ltr'><strong>sub</strong></span> <span class='ocrx_word' id='word_1_409' title='bbox 1006 2737 1040 2756; x_wconf 88' lang='lat' dir='ltr'><strong>eo</strong></span> 
     </span>
    </p>
   </div>
   <div class='ocr_carea' id='block_1_56' title="bbox 238 2776 1038 2820">
    <p class='ocr_par' dir='ltr' id='par_1_56' title="bbox 238 2776 1038 2820">
     <span class='ocr_line' id='line_1_56' title="bbox 238 2776 1038 2820; baseline -0.02 -3"><span class='ocrx_word' id='word_1_410' title='bbox 238 2789 299 2820; x_wconf 83' lang='lat' dir='ltr'><strong>erit,</strong></span> <span class='ocrx_word' id='word_1_411' title='bbox 314 2787 470 2816; x_wconf 89' lang='lat' dir='ltr'><strong>immundus</strong></span> <span class='ocrx_word' id='word_1_412' title='bbox 479 2786 532 2814; x_wconf 87' lang='lat' dir='ltr'><strong>erit</strong></span> <span class='ocrx_word' id='word_1_413' title='bbox 549 2791 636 2819; x_wconf 88' lang='lat' dir='ltr'><strong>usque</strong></span> <span class='ocrx_word' id='word_1_414' title='bbox 649 2783 682 2809; x_wconf 84' lang='lat' dir='ltr'><strong>ad</strong></span> <span class='ocrx_word' id='word_1_415' title='bbox 695 2787 851 2815; x_wconf 87' lang='lat' dir='ltr'><strong>vesperum.</strong></span> <span class='ocrx_word' id='word_1_416' title='bbox 868 2778 900 2805; x_wconf 70' lang='lat' dir='ltr'><strong>lit</strong></span> <span class='ocrx_word' id='word_1_417' title='bbox 914 2776 960 2811; x_wconf 92' lang='lat' dir='ltr'><strong>qui</strong></span> <span class='ocrx_word' id='word_1_418' title='bbox 975 2783 1038 2810; x_wconf 87' lang='lat' dir='ltr'><strong>por-</strong></span> 
     </span>
    </p>
   </div>
   <div class='ocr_carea' id='block_1_57' title="bbox 239 2821 1038 2866">
    <p class='ocr_par' dir='ltr' id='par_1_57' title="bbox 239 2821 1038 2866">
     <span class='ocr_line' id='line_1_57' title="bbox 239 2821 1038 2866; baseline -0.016 -6"><span class='ocrx_word' id='word_1_419' title='bbox 239 2834 337 2861; x_wconf 64' lang='lat' dir='ltr'><strong>laverit</strong></span> <span class='ocrx_word' id='word_1_420' title='bbox 347 2833 444 2860; x_wconf 88' lang='lat' dir='ltr'><strong>horum</strong></span> <span class='ocrx_word' id='word_1_421' title='bbox 459 2830 569 2866; x_wconf 87' lang='lat' dir='ltr'><strong>aliquid,</strong></span> <span class='ocrx_word' id='word_1_422' title='bbox 583 2827 684 2856; x_wconf 85' lang='lat' dir='ltr'><strong>lavabit</strong></span> <span class='ocrx_word' id='word_1_423' title='bbox 693 2826 854 2853; x_wconf 87' lang='lat' dir='ltr'><strong>vestimenta</strong></span> <span class='ocrx_word' id='word_1_424' title='bbox 865 2831 924 2855; x_wconf 85' lang='lat' dir='ltr'><strong>sua,</strong></span> <span class='ocrx_word' id='word_1_425' title='bbox 938 2827 965 2849; x_wconf 85' lang='lat' dir='ltr'><strong>et</strong></span> <span class='ocrx_word' id='word_1_426' title='bbox 980 2821 1038 2856; x_wconf 88' lang='lat' dir='ltr'><strong>ipse</strong></span> 
     </span>
    </p>
   </div>
   <div class='ocr_carea' id='block_1_58' title="bbox 238 2869 979 2912">
    <p class='ocr_par' dir='ltr' id='par_1_58' title="bbox 238 2869 979 2912">
     <span class='ocr_line' id='line_1_58' title="bbox 238 2869 979 2912; baseline -0.018 -7"><span class='ocrx_word' id='word_1_427' title='bbox 238 2878 310 2904; x_wconf 80' lang='lat' dir='ltr'><strong>lotus</strong></span> <span class='ocrx_word' id='word_1_428' title='bbox 324 2884 392 2912; x_wconf 88' lang='lat' dir='ltr'><strong>aqua</strong></span> <span class='ocrx_word' id='word_1_429' title='bbox 408 2875 565 2903; x_wconf 85' lang='lat' dir='ltr'><strong>immundus</strong></span> <span class='ocrx_word' id='word_1_430' title='bbox 580 2873 632 2900; x_wconf 84' lang='lat' dir='ltr'><strong>erit</strong></span> <span class='ocrx_word' id='word_1_431' title='bbox 648 2878 733 2905; x_wconf 86' lang='lat' dir='ltr'><strong>usque</strong></span> <span class='ocrx_word' id='word_1_432' title='bbox 748 2869 781 2896; x_wconf 86' lang='lat' dir='ltr'><strong>ad</strong></span> <span class='ocrx_word' id='word_1_433' title='bbox 797 2874 952 2902; x_wconf 80' lang='lat' dir='ltr'><strong>vesperum.</strong></span> <span class='ocrx_word' id='word_1_434' title='bbox 971 2874 979 2890; x_wconf 80' lang='grc' dir='ltr'><strong><em>ι</em></strong></span> 
     </span>
    </p>
   </div>
   <div class='ocr_carea' id='block_1_59' title="bbox 1040 1627 1062 1656">
    <p class='ocr_par' dir='ltr' id='par_1_59' title="bbox 1040 1627 1062 1656">
     <span class='ocr_line' id='line_1_59' title="bbox 1040 1627 1062 1656; baseline 0 0"><span class='ocrx_word' id='word_1_435' title='bbox 1040 1627 1062 1656; x_wconf 87' lang='lat' dir='ltr'><strong><em>C</em></strong></span> 
     </span>
    </p>
   </div>
   <div class='ocr_carea' id='block_1_60' title="bbox 294 2965 1056 3010">
    <p class='ocr_par' dir='ltr' id='par_1_60' title="bbox 294 2965 1056 3010">
     <span class='ocr_line' id='line_1_60' title="bbox 294 2965 1056 3010; baseline -0.021 -2"><span class='ocrx_word' id='word_1_436' title='bbox 294 2981 304 2996; x_wconf 81' lang='grc'><strong><em>³</em></strong></span> <span class='ocrx_word' id='word_1_437' title='bbox 318 2980 330 3008; x_wconf 89' lang='lat' dir='ltr'><strong>I</strong></span> <span class='ocrx_word' id='word_1_438' title='bbox 343 2979 402 3007; x_wconf 80' lang='lat' dir='ltr'><strong>Tim</strong></span> <span class='ocrx_word' id='word_1_439' title='bbox 427 2977 509 3010; x_wconf 50' lang='lat' dir='ltr'><strong>n31.</strong></span> <span class='ocrx_word' id='word_1_440' title='bbox 564 2977 574 2991; x_wconf 80' lang='grc'>²</span> <span class='ocrx_word' id='word_1_441' title='bbox 589 2973 661 3001; x_wconf 81' lang='lat' dir='ltr'><strong>Psal.</strong></span> <span class='ocrx_word' id='word_1_442' title='bbox 680 2980 742 3004; x_wconf 75' lang='lat' dir='ltr'><strong>xxv,</strong></span> <span class='ocrx_word' id='word_1_443' title='bbox 756 2970 782 2997; x_wconf 80' lang='lat'><strong>6.</strong></span> <span class='ocrx_word' id='word_1_444' title='bbox 840 2970 849 2984; x_wconf 74' lang='grc'><strong>³</strong></span> <span class='ocrx_word' id='word_1_445' title='bbox 868 2968 952 2994; x_wconf 67' lang='lat' dir='ltr'><strong>ltior.</strong></span> <span class='ocrx_word' id='word_1_446' title='bbox 965 2974 1014 2998; x_wconf 86' lang='lat' dir='ltr'><strong>vn,</strong></span> <span class='ocrx_word' id='word_1_447' title='bbox 1030 2965 1056 2993; x_wconf 86' lang='lat'><strong>6.</strong></span> 
     </span>
    </p>
   </div>
   <div class='ocr_carea' id='block_1_61' title="bbox 812 212 1256 247">
    <p class='ocr_par' dir='ltr' id='par_1_61' title="bbox 812 212 1256 247">
     <span class='ocr_line' id='line_1_61' title="bbox 812 212 1256 247; baseline -0.016 0"><span class='ocrx_word' id='word_1_448' title='bbox 812 218 834 247; x_wconf 88' lang='lat' dir='ltr'><strong>li</strong></span> <span class='ocrx_word' id='word_1_449' title='bbox 843 215 958 246; x_wconf 69' lang='lat' dir='ltr'><strong>ESYCH</strong></span> <span class='ocrx_word' id='word_1_450' title='bbox 966 214 993 242; x_wconf 85' lang='lat' dir='ltr'><strong>ll</strong></span> <span class='ocrx_word' id='word_1_451' title='bbox 1021 214 1067 241; x_wconf 72' lang='lat' dir='ltr'><strong>l&#39;lt</strong></span> <span class='ocrx_word' id='word_1_452' title='bbox 1074 212 1212 241; x_wconf 72' lang='lat' dir='ltr'><strong>ESHYTE</strong></span> <span class='ocrx_word' id='word_1_453' title='bbox 1218 212 1256 240; x_wconf 74' lang='lat' dir='ltr'><strong>Rl</strong></span> 
     </span>
    </p>
   </div>
   <div class='ocr_carea' id='block_1_62' title="bbox 1808 214 1861 246">
    <p class='ocr_par' dir='ltr' id='par_1_62' title="bbox 1808 214 1861 246">
     <span class='ocr_line' id='line_1_62' title="bbox 1808 214 1861 246; baseline 0.038 -2"><span class='ocrx_word' id='word_1_454' title='bbox 1808 214 1861 246; x_wconf 71' lang='lat'><strong>97?.</strong></span> 
     </span>
    </p>
   </div>
   <div class='ocr_carea' id='block_1_63' title="bbox 1091 272 1863 308">
    <p class='ocr_par' dir='ltr' id='par_1_63' title="bbox 1091 272 1863 308">
     <span class='ocr_line' id='line_1_63' title="bbox 1091 272 1863 308; baseline -0.013 0"><span class='ocrx_word' id='word_1_455' title='bbox 1091 277 1263 307; x_wconf 84' lang='lat' dir='ltr'><strong>Generaliter</strong></span> <span class='ocrx_word' id='word_1_456' title='bbox 1274 274 1364 303; x_wconf 80' lang='lat' dir='ltr'><strong>sanxit</strong></span> <span class='ocrx_word' id='word_1_457' title='bbox 1376 282 1430 301; x_wconf 91' lang='lat' dir='ltr'><strong>non</strong></span> <span class='ocrx_word' id='word_1_458' title='bbox 1451 274 1533 301; x_wconf 80' lang='lat' dir='ltr'><strong>licere</strong></span> <span class='ocrx_word' id='word_1_459' title='bbox 1548 272 1618 308; x_wconf 76' lang='lat' dir='ltr'><strong>tangi</strong></span> <span class='ocrx_word' id='word_1_460' title='bbox 1643 272 1759 299; x_wconf 78' lang='lat' dir='ltr'><strong>fructum</strong></span> <span class='ocrx_word' id='word_1_461' title='bbox 1774 272 1863 299; x_wconf 83' lang='lat' dir='ltr'><strong>labio-</strong></span> 
     </span>
    </p>
   </div>
   <div class='ocr_carea' id='block_1_64' title="bbox 1067 318 1864 355">
    <p class='ocr_par' dir='ltr' id='par_1_64' title="bbox 1067 318 1864 355">
     <span class='ocr_line' id='line_1_64' title="bbox 1067 318 1864 355; baseline -0.006 -6"><span class='ocrx_word' id='word_1_462' title='bbox 1067 331 1137 355; x_wconf 88' lang='lat' dir='ltr'><strong>rum,</strong></span> <span class='ocrx_word' id='word_1_463' title='bbox 1146 330 1239 349; x_wconf 89' lang='lat' dir='ltr'><strong>eorum</strong></span> <span class='ocrx_word' id='word_1_464' title='bbox 1251 321 1297 355; x_wconf 89' lang='lat' dir='ltr'><strong>qui</strong></span> <span class='ocrx_word' id='word_1_465' title='bbox 1312 320 1426 355; x_wconf 83' lang='lat' dir='ltr'><strong>subjecti</strong></span> <span class='ocrx_word' id='word_1_466' title='bbox 1436 323 1500 347; x_wconf 77' lang='lat' dir='ltr'><strong>sunt</strong></span> <span class='ocrx_word' id='word_1_467' title='bbox 1515 318 1604 346; x_wconf 85' lang='lat' dir='ltr'><strong>elIecti</strong></span> <span class='ocrx_word' id='word_1_468' title='bbox 1614 318 1726 353; x_wconf 78' lang='lat' dir='ltr'><strong>profana</strong></span> <span class='ocrx_word' id='word_1_469' title='bbox 1740 318 1864 345; x_wconf 45' lang='lat' dir='ltr'><strong>docenti.</strong></span> 
     </span>
    </p>
   </div>
   <div class='ocr_carea' id='block_1_65' title="bbox 1066 364 1864 402">
    <p class='ocr_par' dir='ltr' id='par_1_65' title="bbox 1066 364 1864 402">
     <span class='ocr_line' id='line_1_65' title="bbox 1066 364 1864 402; baseline -0.005 -7"><span class='ocrx_word' id='word_1_470' title='bbox 1066 368 1126 399; x_wconf 83' lang='lat' dir='ltr'><strong>bus,</strong></span> <span class='ocrx_word' id='word_1_471' title='bbox 1138 368 1184 402; x_wconf 90' lang='lat' dir='ltr'><strong>qui</strong></span> <span class='ocrx_word' id='word_1_472' title='bbox 1194 367 1374 395; x_wconf 88' lang='lat' dir='ltr'><strong>subdiderunt</strong></span> <span class='ocrx_word' id='word_1_473' title='bbox 1382 366 1544 400; x_wconf 87' lang='lat' dir='ltr'><strong>semetipsos</strong></span> <span class='ocrx_word' id='word_1_474' title='bbox 1552 364 1761 399; x_wconf 87' lang='lat' dir='ltr'><strong>quodammodo,</strong></span> <span class='ocrx_word' id='word_1_475' title='bbox 1773 364 1864 392; x_wconf 81' lang='lat' dir='ltr'><strong>verbis</strong></span> 
     </span>
    </p>
   </div>
   <div class='ocr_carea' id='block_1_66' title="bbox 1066 412 1865 450">
    <p class='ocr_par' dir='ltr' id='par_1_66' title="bbox 1066 412 1865 450">
     <span class='ocr_line' id='line_1_66' title="bbox 1066 412 1865 450; baseline -0.005 -7"><span class='ocrx_word' id='word_1_476' title='bbox 1066 421 1146 450; x_wconf 84' lang='lat' dir='ltr'><strong>atque</strong></span> <span class='ocrx_word' id='word_1_477' title='bbox 1155 415 1312 450; x_wconf 76' lang='lat' dir='ltr'><strong>incongruis</strong></span> <span class='ocrx_word' id='word_1_478' title='bbox 1322 415 1454 442; x_wconf 85' lang='lat' dir='ltr'><strong>doctrinis</strong></span> <span class='ocrx_word' id='word_1_479' title='bbox 1466 414 1673 441; x_wconf 84' lang='lat' dir='ltr'><strong>substernentes</strong></span> <span class='ocrx_word' id='word_1_480' title='bbox 1684 412 1789 440; x_wconf 76' lang='lat' dir='ltr'><strong>animas</strong></span> <span class='ocrx_word' id='word_1_481' title='bbox 1800 420 1865 440; x_wconf 81' lang='lat' dir='ltr'><strong>suas</strong></span> 
     </span>
    </p>
   </div>
   <div class='ocr_carea' id='block_1_67' title="bbox 1067 458 1863 497">
    <p class='ocr_par' dir='ltr' id='par_1_67' title="bbox 1067 458 1863 497">
     <span class='ocr_line' id='line_1_67' title="bbox 1067 458 1863 497; baseline -0.004 -9"><span class='ocrx_word' id='word_1_482' title='bbox 1067 467 1195 497; x_wconf 84' lang='lat' dir='ltr'><strong>tanquam</strong></span> <span class='ocrx_word' id='word_1_483' title='bbox 1210 469 1285 493; x_wconf 88' lang='lat' dir='ltr'><strong>vasa,</strong></span> <span class='ocrx_word' id='word_1_484' title='bbox 1299 462 1327 488; x_wconf 90' lang='lat' dir='ltr'><strong>in</strong></span> <span class='ocrx_word' id='word_1_485' title='bbox 1343 459 1523 495; x_wconf 66' lang='lat' dir='ltr'><strong>quatdistillet</strong></span> <span class='ocrx_word' id='word_1_486' title='bbox 1544 458 1693 494; x_wconf 85' lang='lat' dir='ltr'><strong>impietatis</strong></span> <span class='ocrx_word' id='word_1_487' title='bbox 1713 466 1863 486; x_wconf 85' lang='lat' dir='ltr'><strong>venenum.</strong></span> 
     </span>
    </p>
   </div>
   <div class='ocr_carea' id='block_1_68' title="bbox 1067 504 1866 542">
    <p class='ocr_par' dir='ltr' id='par_1_68' title="bbox 1067 504 1866 542">
     <span class='ocr_line' id='line_1_68' title="bbox 1067 504 1866 542; baseline -0.004 -8"><span class='ocrx_word' id='word_1_488' title='bbox 1067 506 1099 534; x_wconf 84' lang='lat' dir='ltr'><strong>Et</strong></span> <span class='ocrx_word' id='word_1_489' title='bbox 1118 507 1233 542; x_wconf 76' lang='lat' dir='ltr'><strong>tetigerit</strong></span> <span class='ocrx_word' id='word_1_490' title='bbox 1249 506 1363 541; x_wconf 86' lang='lat' dir='ltr'><strong>aliquid,</strong></span> <span class='ocrx_word' id='word_1_491' title='bbox 1380 505 1543 533; x_wconf 89' lang='lat' dir='ltr'><strong>immundus</strong></span> <span class='ocrx_word' id='word_1_492' title='bbox 1558 505 1622 537; x_wconf 86' lang='lat' dir='ltr'><strong>erit,</strong></span> <span class='ocrx_word' id='word_1_493' title='bbox 1635 512 1684 531; x_wconf 85' lang='lat' dir='ltr'><strong>seu</strong></span> <span class='ocrx_word' id='word_1_494' title='bbox 1697 504 1718 532; x_wconf 86' lang='lat' dir='ltr'><strong>is</strong></span> <span class='ocrx_word' id='word_1_495' title='bbox 1734 512 1784 532; x_wconf 86' lang='lat' dir='ltr'><strong>suo</strong></span> <span class='ocrx_word' id='word_1_496' title='bbox 1801 513 1866 539; x_wconf 86' lang='lat' dir='ltr'><strong>pec-</strong></span> 
     </span>
    </p>
   </div>
   <div class='ocr_carea' id='block_1_69' title="bbox 1067 550 1865 588">
    <p class='ocr_par' dir='ltr' id='par_1_69' title="bbox 1067 550 1865 588">
     <span class='ocr_line' id='line_1_69' title="bbox 1067 550 1865 588; baseline -0.003 -8"><span class='ocrx_word' id='word_1_497' title='bbox 1067 557 1128 580; x_wconf 84' lang='lat' dir='ltr'><strong>cato</strong></span> <span class='ocrx_word' id='word_1_498' title='bbox 1145 553 1308 588; x_wconf 81' lang='lat' dir='ltr'><strong>susceperit,</strong></span> <span class='ocrx_word' id='word_1_499' title='bbox 1319 552 1376 580; x_wconf 85' lang='lat' dir='ltr'><strong>sive</strong></span> <span class='ocrx_word' id='word_1_500' title='bbox 1387 551 1549 586; x_wconf 86' lang='lat' dir='ltr'><strong>imposuerit</strong></span> <span class='ocrx_word' id='word_1_501' title='bbox 1563 550 1635 586; x_wconf 90' lang='lat' dir='ltr'><strong>quod</strong></span> <span class='ocrx_word' id='word_1_502' title='bbox 1650 550 1740 577; x_wconf 81' lang='lat' dir='ltr'><strong>facere</strong></span> <span class='ocrx_word' id='word_1_503' title='bbox 1754 551 1865 584; x_wconf 83' lang='lat' dir='ltr'><strong>quidam</strong></span> 
     </span>
    </p>
   </div>
   <div class='ocr_carea' id='block_1_70' title="bbox 1067 595 1866 631">
    <p class='ocr_par' dir='ltr' id='par_1_70' title="bbox 1067 595 1866 631">
     <span class='ocr_line' id='line_1_70' title="bbox 1067 595 1866 631; baseline -0.005 -6"><span class='ocrx_word' id='word_1_504' title='bbox 1067 601 1280 628; x_wconf 85' lang='lat' dir='ltr'><strong>consueverunt,</strong></span> <span class='ocrx_word' id='word_1_505' title='bbox 1308 596 1365 631; x_wconf 87' lang='lat' dir='ltr'><strong>ipse</strong></span> <span class='ocrx_word' id='word_1_506' title='bbox 1382 595 1460 631; x_wconf 81' lang='lat' dir='ltr'><strong>quasi</strong></span> <span class='ocrx_word' id='word_1_507' title='bbox 1474 596 1564 623; x_wconf 83' lang='lat' dir='ltr'><strong>dicere</strong></span> <span class='ocrx_word' id='word_1_508' title='bbox 1582 603 1612 622; x_wconf 89' lang='lat' dir='ltr'><strong>se</strong></span> <span class='ocrx_word' id='word_1_509' title='bbox 1630 599 1704 622; x_wconf 88' lang='lat' dir='ltr'><strong>recta</strong></span> <span class='ocrx_word' id='word_1_510' title='bbox 1715 599 1761 622; x_wconf 85' lang='lat' dir='ltr'><strong>aut</strong></span> <span class='ocrx_word' id='word_1_511' title='bbox 1774 595 1866 622; x_wconf 79' lang='lat' dir='ltr'><strong>facere</strong></span> 
     </span>
    </p>
   </div>
   <div class='ocr_carea' id='block_1_71' title="bbox 1067 641 1865 677">
    <p class='ocr_par' dir='ltr' id='par_1_71' title="bbox 1067 641 1865 677">
     <span class='ocr_line' id='line_1_71' title="bbox 1067 641 1865 677; baseline -0.004 -6"><span class='ocrx_word' id='word_1_512' title='bbox 1067 643 1237 674; x_wconf 86' lang='lat' dir='ltr'><strong>simulantes,</strong></span> <span class='ocrx_word' id='word_1_513' title='bbox 1249 650 1344 670; x_wconf 87' lang='lat' dir='ltr'><strong>eorum</strong></span> <span class='ocrx_word' id='word_1_514' title='bbox 1350 647 1441 670; x_wconf 87' lang='lat' dir='ltr'><strong>autem</strong></span> <span class='ocrx_word' id='word_1_515' title='bbox 1450 641 1496 677; x_wconf 85' lang='lat' dir='ltr'><strong>qui</strong></span> <span class='ocrx_word' id='word_1_516' title='bbox 1508 649 1590 676; x_wconf 86' lang='lat' dir='ltr'><strong>prava</strong></span> <span class='ocrx_word' id='word_1_517' title='bbox 1597 641 1707 673; x_wconf 86' lang='lat' dir='ltr'><strong>docent,</strong></span> <span class='ocrx_word' id='word_1_518' title='bbox 1718 645 1763 668; x_wconf 86' lang='lat' dir='ltr'><strong>aut</strong></span> <span class='ocrx_word' id='word_1_519' title='bbox 1771 645 1865 676; x_wconf 78' lang='lat' dir='ltr'><strong>agunt,</strong></span> 
     </span>
    </p>
   </div>
   <div class='ocr_carea' id='block_1_72' title="bbox 1067 687 1867 724">
    <p class='ocr_par' dir='ltr' id='par_1_72' title="bbox 1067 687 1867 724">
     <span class='ocr_line' id='line_1_72' title="bbox 1067 687 1867 724; baseline -0.006 -6"><span class='ocrx_word' id='word_1_520' title='bbox 1067 690 1229 718; x_wconf 88' lang='lat' dir='ltr'><strong>conﬁrmant</strong></span> <span class='ocrx_word' id='word_1_521' title='bbox 1237 693 1359 721; x_wconf 86' lang='lat' dir='ltr'><strong>conatus,</strong></span> <span class='ocrx_word' id='word_1_522' title='bbox 1376 693 1457 724; x_wconf 87' lang='lat' dir='ltr'><strong>atque</strong></span> <span class='ocrx_word' id='word_1_523' title='bbox 1468 689 1529 716; x_wconf 87' lang='lat' dir='ltr'><strong>ideo</strong></span> <span class='ocrx_word' id='word_1_524' title='bbox 1542 687 1659 722; x_wconf 79' lang='lat' dir='ltr'><strong>qualiter</strong></span> <span class='ocrx_word' id='word_1_525' title='bbox 1668 695 1698 715; x_wconf 87' lang='lat' dir='ltr'><strong>se</strong></span> <span class='ocrx_word' id='word_1_526' title='bbox 1709 695 1771 722; x_wconf 81' lang='lat' dir='ltr'><strong>erga</strong></span> <span class='ocrx_word' id='word_1_527' title='bbox 1786 695 1867 721; x_wconf 84' lang='lat' dir='ltr'><strong>prava</strong></span> 
     </span>
    </p>
   </div>
   <div class='ocr_carea' id='block_1_73' title="bbox 1068 732 1867 767">
    <p class='ocr_par' dir='ltr' id='par_1_73' title="bbox 1068 732 1867 767">
     <span class='ocr_line' id='line_1_73' title="bbox 1068 732 1867 767; baseline -0.004 -5"><span class='ocrx_word' id='word_1_528' title='bbox 1068 736 1188 762; x_wconf 85' lang='lat' dir='ltr'><strong>habeant</strong></span> <span class='ocrx_word' id='word_1_529' title='bbox 1212 734 1422 762; x_wconf 85' lang='lat' dir='ltr'><strong>convincuntur.</strong></span> <span class='ocrx_word' id='word_1_530' title='bbox 1437 733 1623 761; x_wconf 81' lang='lat' dir='ltr'><strong>Nihilominus</strong></span> <span class='ocrx_word' id='word_1_531' title='bbox 1645 733 1695 767; x_wconf 89' lang='lat' dir='ltr'><strong>ipsi</strong></span> <span class='ocrx_word' id='word_1_532' title='bbox 1715 732 1867 759; x_wconf 87' lang='lat' dir='ltr'><strong>secundum</strong></span> 
     </span>
    </p>
   </div>
   <div class='ocr_carea' id='block_1_74' title="bbox 1068 777 1866 819">
    <p class='ocr_par' dir='ltr' id='par_1_74' title="bbox 1068 777 1866 819">
     <span class='ocr_line' id='line_1_74' title="bbox 1068 777 1866 819; baseline -0.005 -10"><span class='ocrx_word' id='word_1_533' title='bbox 1068 781 1226 819; x_wconf 59' lang='lat' dir='ltr'><strong>praedictum</strong></span> <span class='ocrx_word' id='word_1_534' title='bbox 1236 780 1358 811; x_wconf 89' lang='lat' dir='ltr'><strong>modum,</strong></span> <span class='ocrx_word' id='word_1_535' title='bbox 1368 778 1656 807; x_wconf 86' lang='lat' dir='ltr'><strong>habentnccessariam</strong></span> <span class='ocrx_word' id='word_1_536' title='bbox 1666 777 1866 812; x_wconf 80' lang='lat' dir='ltr'><strong>paenitentiam.</strong></span> 
     </span>
    </p>
   </div>
   <div class='ocr_carea' id='block_1_75' title="bbox 1104 824 1867 860">
    <p class='ocr_par' dir='ltr' id='par_1_75' title="bbox 1104 824 1867 860">
     <span class='ocr_line' id='line_1_75' title="bbox 1104 824 1867 860; baseline -0.007 -5"><span class='ocrx_word' id='word_1_537' title='bbox 1104 828 1188 855; x_wconf 76' lang='lat' dir='ltr'><strong>Vens.</strong></span> <span class='ocrx_word' id='word_1_538' title='bbox 1206 828 1249 854; x_wconf 81' lang='lat' dir='ltr'><strong>ll.</strong></span> <span class='ocrx_word' id='word_1_539' title='bbox 1271 837 1279 853; x_wconf 79' lang='grc' dir='ltr'>ι</span> <span class='ocrx_word' id='word_1_540' title='bbox 1301 826 1406 857; x_wconf 90' lang='lat' dir='ltr'><strong>Omnis,</strong></span> <span class='ocrx_word' id='word_1_541' title='bbox 1424 833 1504 860; x_wconf 85' lang='lat' dir='ltr'><strong>quem</strong></span> <span class='ocrx_word' id='word_1_542' title='bbox 1530 824 1648 860; x_wconf 73' lang='lat' dir='ltr'><strong>tetigerit</strong></span> <span class='ocrx_word' id='word_1_543' title='bbox 1671 824 1715 859; x_wconf 90' lang='lat' dir='ltr'><strong>qui</strong></span> <span class='ocrx_word' id='word_1_544' title='bbox 1733 824 1792 851; x_wconf 83' lang='lat' dir='ltr'><strong>talis</strong></span> <span class='ocrx_word' id='word_1_545' title='bbox 1814 830 1867 853; x_wconf 78' lang='lat' dir='ltr'><strong>est.</strong></span> 
     </span>
    </p>
   </div>
   <div class='ocr_carea' id='block_1_76' title="bbox 1068 871 1869 905">
    <p class='ocr_par' dir='ltr' id='par_1_76' title="bbox 1068 871 1869 905">
     <span class='ocr_line' id='line_1_76' title="bbox 1068 871 1869 905; baseline -0.006 -3"><span class='ocrx_word' id='word_1_546' title='bbox 1068 882 1123 902; x_wconf 86' lang='lat' dir='ltr'><strong>non</strong></span> <span class='ocrx_word' id='word_1_547' title='bbox 1140 874 1202 901; x_wconf 90' lang='lat' dir='ltr'><strong>lotis</strong></span> <span class='ocrx_word' id='word_1_548' title='bbox 1225 878 1288 901; x_wconf 87' lang='lat' dir='ltr'><strong>ante</strong></span> <span class='ocrx_word' id='word_1_549' title='bbox 1305 872 1441 905; x_wconf 85' lang='lat' dir='ltr'><strong>manibus,</strong></span> <span class='ocrx_word' id='word_1_550' title='bbox 1463 871 1563 899; x_wconf 87' lang='lat' dir='ltr'><strong>lavabit</strong></span> <span class='ocrx_word' id='word_1_551' title='bbox 1582 871 1743 898; x_wconf 85' lang='lat' dir='ltr'><strong>vestimenta</strong></span> <span class='ocrx_word' id='word_1_552' title='bbox 1768 878 1825 901; x_wconf 80' lang='lat' dir='ltr'><strong>sua.</strong></span> <span class='ocrx_word' id='word_1_553' title='bbox 1842 875 1869 897; x_wconf 84' lang='lat' dir='ltr'><strong>ct</strong></span> 
     </span>
    </p>
   </div>
   <div class='ocr_carea' id='block_1_77' title="bbox 1069 916 1810 955">
    <p class='ocr_par' dir='ltr' id='par_1_77' title="bbox 1069 916 1810 955">
     <span class='ocr_line' id='line_1_77' title="bbox 1069 916 1810 955; baseline -0.009 -7"><span class='ocrx_word' id='word_1_554' title='bbox 1069 921 1141 948; x_wconf 88' lang='lat' dir='ltr'><strong>lotus</strong></span> <span class='ocrx_word' id='word_1_555' title='bbox 1157 927 1225 955; x_wconf 86' lang='lat' dir='ltr'><strong>aqua</strong></span> <span class='ocrx_word' id='word_1_556' title='bbox 1241 918 1399 946; x_wconf 85' lang='lat' dir='ltr'><strong>immundus</strong></span> <span class='ocrx_word' id='word_1_557' title='bbox 1416 917 1468 944; x_wconf 85' lang='lat' dir='ltr'><strong>erit</strong></span> <span class='ocrx_word' id='word_1_558' title='bbox 1481 924 1567 951; x_wconf 84' lang='lat' dir='ltr'><strong>usque</strong></span> <span class='ocrx_word' id='word_1_559' title='bbox 1581 916 1615 943; x_wconf 88' lang='lat' dir='ltr'><strong>ad</strong></span> <span class='ocrx_word' id='word_1_560' title='bbox 1628 924 1781 951; x_wconf 81' lang='lat' dir='ltr'><strong>vesperam.</strong></span> <span class='ocrx_word' id='word_1_561' title='bbox 1801 925 1810 941; x_wconf 77' lang='grc' dir='ltr'><strong><em>ι</em></strong></span> 
     </span>
    </p>
   </div>
   <div class='ocr_carea' id='block_1_78' title="bbox 1107 962 1870 1002">
    <p class='ocr_par' dir='ltr' id='par_1_78' title="bbox 1107 962 1870 1002">
     <span class='ocr_line' id='line_1_78' title="bbox 1107 962 1870 1002; baseline -0.008 -8"><span class='ocrx_word' id='word_1_562' title='bbox 1107 966 1266 994; x_wconf 78' lang='lat' dir='ltr'><strong>Necessarie</strong></span> <span class='ocrx_word' id='word_1_563' title='bbox 1273 965 1452 1002; x_wconf 71' lang='lat' dir='ltr'><strong>praesentibus</strong></span> <span class='ocrx_word' id='word_1_564' title='bbox 1461 963 1551 991; x_wconf 87' lang='lat' dir='ltr'><strong>verbis</strong></span> <span class='ocrx_word' id='word_1_565' title='bbox 1560 971 1625 990; x_wconf 87' lang='lat' dir='ltr'><strong>usus</strong></span> <span class='ocrx_word' id='word_1_566' title='bbox 1635 968 1677 990; x_wconf 85' lang='lat' dir='ltr'><strong>est</strong></span> <span class='ocrx_word' id='word_1_567' title='bbox 1688 962 1826 998; x_wconf 79' lang='lat' dir='ltr'><strong>lcgislator</strong></span> <span class='ocrx_word' id='word_1_568' title='bbox 1834 970 1870 989; x_wconf 80' lang='lat' dir='ltr'><strong>ne</strong></span> 
     </span>
    </p>
   </div>
   <div class='ocr_carea' id='block_1_79' title="bbox 1073 1008 1871 1044">
    <p class='ocr_par' dir='ltr' id='par_1_79' title="bbox 1073 1008 1871 1044">
     <span class='ocr_line' id='line_1_79' title="bbox 1073 1008 1871 1044; baseline -0.009 -3"><span class='ocrx_word' id='word_1_569' title='bbox 1073 1013 1185 1041; x_wconf 92' lang='lat' dir='ltr'><strong>omnino</strong></span> <span class='ocrx_word' id='word_1_570' title='bbox 1199 1012 1277 1040; x_wconf 78' lang='lat' dir='ltr'><strong>nobis</strong></span> <span class='ocrx_word' id='word_1_571' title='bbox 1294 1011 1370 1038; x_wconf 88' lang='lat' dir='ltr'><strong>ﬁeret</strong></span> <span class='ocrx_word' id='word_1_572' title='bbox 1390 1009 1543 1044; x_wconf 84' lang='lat' dir='ltr'><strong>desperatio</strong></span> <span class='ocrx_word' id='word_1_573' title='bbox 1559 1009 1593 1036; x_wconf 90' lang='lat' dir='ltr'><strong>de</strong></span> <span class='ocrx_word' id='word_1_574' title='bbox 1612 1008 1806 1043; x_wconf 84' lang='lat' dir='ltr'><strong>conjunctione</strong></span> <span class='ocrx_word' id='word_1_575' title='bbox 1819 1008 1871 1034; x_wconf 86' lang='lat' dir='ltr'><strong>do-</strong></span> 
     </span>
    </p>
   </div>
   <div class='ocr_carea' id='block_1_80' title="bbox 1073 1055 1870 1093">
    <p class='ocr_par' dir='ltr' id='par_1_80' title="bbox 1073 1055 1870 1093">
     <span class='ocr_line' id='line_1_80' title="bbox 1073 1055 1870 1093; baseline -0.008 -7"><span class='ocrx_word' id='word_1_576' title='bbox 1073 1059 1162 1087; x_wconf 80' lang='lat' dir='ltr'><strong>centis</strong></span> <span class='ocrx_word' id='word_1_577' title='bbox 1185 1065 1278 1093; x_wconf 82' lang='lat' dir='ltr'><strong>prava,</strong></span> <span class='ocrx_word' id='word_1_578' title='bbox 1293 1057 1341 1085; x_wconf 81' lang='lat' dir='ltr'><strong>sed</strong></span> <span class='ocrx_word' id='word_1_579' title='bbox 1359 1057 1430 1083; x_wconf 74' lang='lat' dir='ltr'><strong>illam</strong></span> <span class='ocrx_word' id='word_1_580' title='bbox 1454 1060 1570 1086; x_wconf 85' lang='lat' dir='ltr'><strong>tantum,</strong></span> <span class='ocrx_word' id='word_1_581' title='bbox 1586 1062 1646 1090; x_wconf 68' lang='lat' dir='ltr'><strong>qua:</strong></span> <span class='ocrx_word' id='word_1_582' title='bbox 1662 1059 1703 1081; x_wconf 86' lang='lat' dir='ltr'><strong>est</strong></span> <span class='ocrx_word' id='word_1_583' title='bbox 1719 1055 1870 1089; x_wconf 89' lang='lat' dir='ltr'><strong>usquedum</strong></span> 
     </span>
    </p>
   </div>
   <div class='ocr_carea' id='block_1_81' title="bbox 1074 1098 1870 1139">
    <p class='ocr_par' dir='ltr' id='par_1_81' title="bbox 1074 1098 1870 1139">
     <span class='ocr_line' id='line_1_81' title="bbox 1074 1098 1870 1139; baseline -0.01 -7"><span class='ocrx_word' id='word_1_584' title='bbox 1074 1104 1202 1139; x_wconf 78' lang='lat' dir='ltr'><strong>respiciat</strong></span> <span class='ocrx_word' id='word_1_585' title='bbox 1213 1103 1245 1130; x_wconf 89' lang='lat' dir='ltr'><strong>ad</strong></span> <span class='ocrx_word' id='word_1_586' title='bbox 1263 1101 1463 1138; x_wconf 79' lang='lat' dir='ltr'><strong>pcenitentiam.</strong></span> <span class='ocrx_word' id='word_1_587' title='bbox 1480 1104 1561 1134; x_wconf 86' lang='lat' dir='ltr'><strong>atque</strong></span> <span class='ocrx_word' id='word_1_588' title='bbox 1576 1099 1638 1126; x_wconf 84' lang='lat' dir='ltr'><strong>ideo</strong></span> <span class='ocrx_word' id='word_1_589' title='bbox 1649 1103 1713 1125; x_wconf 87' lang='lat' dir='ltr'><strong>sunt</strong></span> <span class='ocrx_word' id='word_1_590' title='bbox 1725 1098 1870 1129; x_wconf 83' lang='lat' dir='ltr'><strong>immundi,</strong></span> 
     </span>
    </p>
   </div>
   <div class='ocr_carea' id='block_1_82' title="bbox 1074 1145 1874 1186">
    <p class='ocr_par' dir='ltr' id='par_1_82' title="bbox 1074 1145 1874 1186">
     <span class='ocr_line' id='line_1_82' title="bbox 1074 1145 1874 1186; baseline -0.008 -9"><span class='ocrx_word' id='word_1_591' title='bbox 1074 1158 1252 1186; x_wconf 79' lang='lat' dir='ltr'><strong>quoscunque</strong></span> <span class='ocrx_word' id='word_1_592' title='bbox 1263 1150 1364 1176; x_wconf 84' lang='lat' dir='ltr'><strong>ﬂuxum</strong></span> <span class='ocrx_word' id='word_1_593' title='bbox 1389 1146 1502 1174; x_wconf 87' lang='lat' dir='ltr'><strong>seminis</strong></span> <span class='ocrx_word' id='word_1_594' title='bbox 1515 1146 1621 1180; x_wconf 82' lang='lat' dir='ltr'><strong>patiens</strong></span> <span class='ocrx_word' id='word_1_595' title='bbox 1640 1145 1769 1180; x_wconf 76' lang='lat' dir='ltr'><strong>tetigerit,</strong></span> <span class='ocrx_word' id='word_1_596' title='bbox 1786 1145 1812 1171; x_wconf 87' lang='lat' dir='ltr'><strong>id</strong></span> <span class='ocrx_word' id='word_1_597' title='bbox 1830 1149 1874 1172; x_wconf 87' lang='lat' dir='ltr'><strong>est</strong></span> 
     </span>
    </p>
   </div>
   <div class='ocr_carea' id='block_1_83' title="bbox 1074 1192 1874 1231">
    <p class='ocr_par' dir='ltr' id='par_1_83' title="bbox 1074 1192 1874 1231">
     <span class='ocr_line' id='line_1_83' title="bbox 1074 1192 1874 1231; baseline -0.006 -8"><span class='ocrx_word' id='word_1_598' title='bbox 1074 1197 1175 1231; x_wconf 90' lang='lat' dir='ltr'><strong>quibus</strong></span> <span class='ocrx_word' id='word_1_599' title='bbox 1189 1195 1350 1222; x_wconf 86' lang='lat' dir='ltr'><strong>commistus</strong></span> <span class='ocrx_word' id='word_1_600' title='bbox 1363 1193 1452 1220; x_wconf 79' lang='lat' dir='ltr'><strong>fuerit.</strong></span> <span class='ocrx_word' id='word_1_601' title='bbox 1479 1192 1539 1219; x_wconf 85' lang='lat' dir='ltr'><strong>Non</strong></span> <span class='ocrx_word' id='word_1_602' title='bbox 1558 1192 1621 1218; x_wconf 90' lang='lat' dir='ltr'><strong>lotis</strong></span> <span class='ocrx_word' id='word_1_603' title='bbox 1640 1196 1730 1219; x_wconf 86' lang='lat' dir='ltr'><strong>autem</strong></span> <span class='ocrx_word' id='word_1_604' title='bbox 1747 1192 1874 1219; x_wconf 76' lang='lat' dir='ltr'><strong>manibus</strong></span> 
     </span>
    </p>
   </div>
   <div class='ocr_carea' id='block_1_84' title="bbox 1074 1237 1873 1277">
    <p class='ocr_par' dir='ltr' id='par_1_84' title="bbox 1074 1237 1873 1277">
     <span class='ocr_line' id='line_1_84' title="bbox 1074 1237 1873 1277; baseline -0.008 -8"><span class='ocrx_word' id='word_1_605' title='bbox 1074 1250 1154 1277; x_wconf 85' lang='lat' dir='ltr'><strong>aqua,</strong></span> <span class='ocrx_word' id='word_1_606' title='bbox 1168 1241 1284 1268; x_wconf 85' lang='lat' dir='ltr'><strong>necdum</strong></span> <span class='ocrx_word' id='word_1_607' title='bbox 1297 1239 1424 1267; x_wconf 81' lang='lat' dir='ltr'><strong>videlicet</strong></span> <span class='ocrx_word' id='word_1_608' title='bbox 1437 1245 1514 1265; x_wconf 85' lang='lat' dir='ltr'><strong>suam</strong></span> <span class='ocrx_word' id='word_1_609' title='bbox 1524 1237 1606 1264; x_wconf 80' lang='lat' dir='ltr'><strong>vitam</strong></span> <span class='ocrx_word' id='word_1_610' title='bbox 1620 1245 1668 1272; x_wconf 87' lang='lat' dir='ltr'><strong>per</strong></span> <span class='ocrx_word' id='word_1_611' title='bbox 1682 1238 1873 1272; x_wconf 71' lang='lat' dir='ltr'><strong>pmnitentiam</strong></span> 
     </span>
    </p>
   </div>
   <div class='ocr_carea' id='block_1_85' title="bbox 1074 1284 1874 1321">
    <p class='ocr_par' dir='ltr' id='par_1_85' title="bbox 1074 1284 1874 1321">
     <span class='ocr_line' id='line_1_85' title="bbox 1074 1284 1874 1321; baseline -0.006 -5"><span class='ocrx_word' id='word_1_612' title='bbox 1074 1289 1176 1316; x_wconf 84' lang='lat' dir='ltr'><strong>abluit:</strong></span> <span class='ocrx_word' id='word_1_613' title='bbox 1192 1288 1283 1317; x_wconf 85' lang='lat' dir='ltr'><strong>lavare</strong></span> <span class='ocrx_word' id='word_1_614' title='bbox 1298 1286 1432 1321; x_wconf 90' lang='lat' dir='ltr'><strong>siquidem</strong></span> <span class='ocrx_word' id='word_1_615' title='bbox 1450 1292 1562 1317; x_wconf 86' lang='lat' dir='ltr'><strong>manus,</strong></span> <span class='ocrx_word' id='word_1_616' title='bbox 1579 1285 1668 1312; x_wconf 86' lang='lat' dir='ltr'><strong>sordis</strong></span> <span class='ocrx_word' id='word_1_617' title='bbox 1687 1284 1828 1318; x_wconf 83' lang='lat' dir='ltr'><strong>cujusdam</strong></span> <span class='ocrx_word' id='word_1_618' title='bbox 1846 1288 1874 1311; x_wconf 84' lang='lat' dir='ltr'><strong>et</strong></span> 
     </span>
    </p>
   </div>
   <div class='ocr_carea' id='block_1_86' title="bbox 1075 1329 1871 1368">
    <p class='ocr_par' dir='ltr' id='par_1_86' title="bbox 1075 1329 1871 1368">
     <span class='ocr_line' id='line_1_86' title="bbox 1075 1329 1871 1368; baseline -0.008 -6"><span class='ocrx_word' id='word_1_619' title='bbox 1075 1335 1187 1363; x_wconf 69' lang='lat' dir='ltr'><strong>maeulm</strong></span> <span class='ocrx_word' id='word_1_620' title='bbox 1199 1333 1395 1368; x_wconf 83' lang='lat' dir='ltr'><strong>depositionem</strong></span> <span class='ocrx_word' id='word_1_621' title='bbox 1410 1331 1573 1358; x_wconf 77' lang='lat' dir='ltr'><strong>manifestat.</strong></span> <span class='ocrx_word' id='word_1_622' title='bbox 1585 1330 1698 1365; x_wconf 84' lang='lat' dir='ltr'><strong>Propter</strong></span> <span class='ocrx_word' id='word_1_623' title='bbox 1705 1331 1777 1365; x_wconf 91' lang='lat' dir='ltr'><strong>quod</strong></span> <span class='ocrx_word' id='word_1_624' title='bbox 1787 1329 1871 1357; x_wconf 82' lang='lat' dir='ltr'><strong>David</strong></span> 
     </span>
    </p>
   </div>
   <div class='ocr_carea' id='block_1_87' title="bbox 1075 1376 1870 1409">
    <p class='ocr_par' dir='ltr' id='par_1_87' title="bbox 1075 1376 1870 1409">
     <span class='ocr_line' id='line_1_87' title="bbox 1075 1376 1870 1409; baseline -0.01 0"><span class='ocrx_word' id='word_1_625' title='bbox 1075 1381 1182 1409; x_wconf 84' lang='lat' dir='ltr'><strong>dicebat</strong></span> <span class='ocrx_word' id='word_1_626' title='bbox 1195 1389 1201 1407; x_wconf 88' lang='lat'>:</span> <span class='ocrx_word' id='word_1_627' title='bbox 1215 1378 1320 1407; x_wconf 74' lang='lat' dir='ltr'><strong>Lavabo</strong></span> <span class='ocrx_word' id='word_1_628' title='bbox 1336 1378 1404 1404; x_wconf 81' lang='lat' dir='ltr'><strong>inter</strong></span> <span class='ocrx_word' id='word_1_629' title='bbox 1414 1378 1562 1404; x_wconf 78' lang='lat' dir='ltr'><strong>innocentes</strong></span> <span class='ocrx_word' id='word_1_630' title='bbox 1576 1385 1669 1403; x_wconf 75' lang='lat' dir='ltr'><strong>manus</strong></span> <span class='ocrx_word' id='word_1_631' title='bbox 1680 1384 1762 1408; x_wconf 74' lang='lat' dir='ltr'><strong>meas,</strong></span> <span class='ocrx_word' id='word_1_632' title='bbox 1779 1380 1803 1402; x_wconf 81' lang='lat' dir='ltr'><strong>et</strong></span> <span class='ocrx_word' id='word_1_633' title='bbox 1818 1376 1870 1402; x_wconf 81' lang='lat' dir='ltr'><strong>cir-</strong></span> 
     </span>
    </p>
   </div>
   <div class='ocr_carea' id='block_1_88' title="bbox 1077 1421 1875 1456">
    <p class='ocr_par' dir='ltr' id='par_1_88' title="bbox 1077 1421 1875 1456">
     <span class='ocr_line' id='line_1_88' title="bbox 1077 1421 1875 1456; baseline -0.008 -2"><span class='ocrx_word' id='word_1_634' title='bbox 1077 1428 1150 1454; x_wconf 80' lang='lat' dir='ltr'><strong>cuibo</strong></span> <span class='ocrx_word' id='word_1_635' title='bbox 1159 1427 1339 1456; x_wconf 76' lang='lat' dir='ltr'><strong>altare‘mum,</strong></span> <span class='ocrx_word' id='word_1_636' title='bbox 1350 1424 1461 1450; x_wconf 83' lang='lat' dir='ltr'><strong>Domine</strong></span> <span class='ocrx_word' id='word_1_637' title='bbox 1469 1424 1490 1450; x_wconf 85' lang='lat'><strong>’.</strong></span> <span class='ocrx_word' id='word_1_638' title='bbox 1502 1422 1634 1450; x_wconf 88' lang='lat' dir='ltr'><strong>Sordibus</strong></span> <span class='ocrx_word' id='word_1_639' title='bbox 1643 1422 1716 1449; x_wconf 87' lang='lat' dir='ltr'><strong>enim</strong></span> <span class='ocrx_word' id='word_1_640' title='bbox 1726 1426 1777 1454; x_wconf 89' lang='lat' dir='ltr'><strong>est,</strong></span> <span class='ocrx_word' id='word_1_641' title='bbox 1786 1421 1875 1456; x_wconf 81' lang='lat' dir='ltr'><strong>turpia</strong></span> 
     </span>
    </p>
   </div>
   <div class='ocr_carea' id='block_1_89' title="bbox 1076 1468 1875 1507">
    <p class='ocr_par' dir='ltr' id='par_1_89' title="bbox 1076 1468 1875 1507">
     <span class='ocr_line' id='line_1_89' title="bbox 1076 1468 1875 1507; baseline -0.008 -7"><span class='ocrx_word' id='word_1_642' title='bbox 1076 1477 1103 1500; x_wconf 89' lang='lat' dir='ltr'><strong>et</strong></span> <span class='ocrx_word' id='word_1_643' title='bbox 1112 1479 1192 1507; x_wconf 87' lang='lat' dir='ltr'><strong>prava</strong></span> <span class='ocrx_word' id='word_1_644' title='bbox 1202 1472 1313 1499; x_wconf 85' lang='lat' dir='ltr'><strong>docens.</strong></span> <span class='ocrx_word' id='word_1_645' title='bbox 1323 1470 1361 1496; x_wconf 85' lang='lat' dir='ltr'><strong>Ex</strong></span> <span class='ocrx_word' id='word_1_646' title='bbox 1370 1469 1432 1497; x_wconf 77' lang='lat' dir='ltr'><strong>vitae</strong></span> <span class='ocrx_word' id='word_1_647' title='bbox 1441 1469 1514 1496; x_wconf 88' lang='lat' dir='ltr'><strong>enim</strong></span> <span class='ocrx_word' id='word_1_648' title='bbox 1529 1468 1644 1500; x_wconf 75' lang='lat' dir='ltr'><strong>fallacia,</strong></span> <span class='ocrx_word' id='word_1_649' title='bbox 1656 1473 1683 1495; x_wconf 91' lang='lat' dir='ltr'><strong>et</strong></span> <span class='ocrx_word' id='word_1_650' title='bbox 1691 1468 1798 1496; x_wconf 86' lang='lat' dir='ltr'><strong>sordida</strong></span> <span class='ocrx_word' id='word_1_651' title='bbox 1807 1476 1875 1495; x_wconf 88' lang='lat' dir='ltr'><strong>con-</strong></span> 
     </span>
    </p>
   </div>
   <div class='ocr_carea' id='block_1_90' title="bbox 1077 1514 1872 1551">
    <p class='ocr_par' dir='ltr' id='par_1_90' title="bbox 1077 1514 1872 1551">
     <span class='ocr_line' id='line_1_90' title="bbox 1077 1514 1872 1551; baseline -0.008 -5"><span class='ocrx_word' id='word_1_652' title='bbox 1077 1518 1190 1546; x_wconf 86' lang='lat' dir='ltr'><strong>scientia</strong></span> <span class='ocrx_word' id='word_1_653' title='bbox 1206 1517 1239 1544; x_wconf 86' lang='lat' dir='ltr'><strong>ad</strong></span> <span class='ocrx_word' id='word_1_654' title='bbox 1250 1516 1408 1551; x_wconf 90' lang='lat' dir='ltr'><strong>hujusmodi</strong></span> <span class='ocrx_word' id='word_1_655' title='bbox 1422 1515 1544 1550; x_wconf 85' lang='lat' dir='ltr'><strong>pervenit</strong></span> <span class='ocrx_word' id='word_1_656' title='bbox 1555 1515 1717 1542; x_wconf 88' lang='lat' dir='ltr'><strong>doctrinam.</strong></span> <span class='ocrx_word' id='word_1_657' title='bbox 1736 1514 1788 1542; x_wconf 88' lang='lat' dir='ltr'><strong>lste</strong></span> <span class='ocrx_word' id='word_1_658' title='bbox 1796 1521 1872 1550; x_wconf 80' lang='lat' dir='ltr'><strong>ergo,</strong></span> 
     </span>
    </p>
   </div>
   <div class='ocr_carea' id='block_1_91' title="bbox 1077 1562 1876 1600">
    <p class='ocr_par' dir='ltr' id='par_1_91' title="bbox 1077 1562 1876 1600">
     <span class='ocr_line' id='line_1_91' title="bbox 1077 1562 1876 1600; baseline -0.006 -8"><span class='ocrx_word' id='word_1_659' title='bbox 1077 1566 1121 1600; x_wconf 89' lang='lat' dir='ltr'><strong>qui</strong></span> <span class='ocrx_word' id='word_1_660' title='bbox 1138 1565 1164 1592; x_wconf 89' lang='lat' dir='ltr'><strong>in</strong></span> <span class='ocrx_word' id='word_1_661' title='bbox 1180 1565 1258 1591; x_wconf 91' lang='lat' dir='ltr'><strong>malis</strong></span> <span class='ocrx_word' id='word_1_662' title='bbox 1277 1563 1409 1591; x_wconf 85' lang='lat' dir='ltr'><strong>docendis</strong></span> <span class='ocrx_word' id='word_1_663' title='bbox 1435 1562 1597 1597; x_wconf 85' lang='lat' dir='ltr'><strong>quibusdam</strong></span> <span class='ocrx_word' id='word_1_664' title='bbox 1613 1562 1792 1596; x_wconf 89' lang='lat' dir='ltr'><strong>semetipsum</strong></span> <span class='ocrx_word' id='word_1_665' title='bbox 1808 1562 1876 1588; x_wconf 48' lang='lat' dir='ltr'><strong>mis.</strong></span> 
     </span>
    </p>
   </div>
   <div class='ocr_carea' id='block_1_92' title="bbox 1079 1607 1876 1644">
    <p class='ocr_par' dir='ltr' id='par_1_92' title="bbox 1079 1607 1876 1644">
     <span class='ocr_line' id='line_1_92' title="bbox 1079 1607 1876 1644; baseline -0.006 -5"><span class='ocrx_word' id='word_1_666' title='bbox 1079 1611 1175 1644; x_wconf 85' lang='lat' dir='ltr'><strong>euerit,</strong></span> <span class='ocrx_word' id='word_1_667' title='bbox 1193 1610 1310 1637; x_wconf 89' lang='lat' dir='ltr'><strong>necdum</strong></span> <span class='ocrx_word' id='word_1_668' title='bbox 1332 1609 1365 1636; x_wconf 85' lang='lat' dir='ltr'><strong>ad</strong></span> <span class='ocrx_word' id='word_1_669' title='bbox 1392 1608 1581 1644; x_wconf 61' lang='lat' dir='ltr'><strong>penitentiam</strong></span> <span class='ocrx_word' id='word_1_670' title='bbox 1605 1608 1763 1643; x_wconf 84' lang='lat' dir='ltr'><strong>respiciens,</strong></span> <span class='ocrx_word' id='word_1_671' title='bbox 1780 1613 1807 1634; x_wconf 90' lang='lat' dir='ltr'><strong>et</strong></span> <span class='ocrx_word' id='word_1_672' title='bbox 1822 1607 1876 1639; x_wconf 81' lang='lat' dir='ltr'><strong>hic,</strong></span> 
     </span>
    </p>
   </div>
   <div class='ocr_carea' id='block_1_93' title="bbox 1080 1654 1879 1692">
    <p class='ocr_par' dir='ltr' id='par_1_93' title="bbox 1080 1654 1879 1692">
     <span class='ocr_line' id='line_1_93' title="bbox 1080 1654 1879 1692; baseline -0.006 -7"><span class='ocrx_word' id='word_1_673' title='bbox 1080 1657 1247 1690; x_wconf 79' lang='lat' dir='ltr'><strong>immundus,</strong></span> <span class='ocrx_word' id='word_1_674' title='bbox 1262 1655 1453 1692; x_wconf 84' lang='lat' dir='ltr'><strong>paenitentiam</strong></span> <span class='ocrx_word' id='word_1_675' title='bbox 1473 1655 1556 1682; x_wconf 88' lang='lat' dir='ltr'><strong>habet</strong></span> <span class='ocrx_word' id='word_1_676' title='bbox 1578 1655 1770 1681; x_wconf 86' lang='lat' dir='ltr'><strong>necessariam.</strong></span> <span class='ocrx_word' id='word_1_677' title='bbox 1793 1654 1879 1681; x_wconf 84' lang='lat' dir='ltr'><strong>Lavet</strong></span> 
     </span>
    </p>
   </div>
   <div class='ocr_carea' id='block_1_94' title="bbox 1078 1700 1877 1739">
    <p class='ocr_par' dir='ltr' id='par_1_94' title="bbox 1078 1700 1877 1739">
     <span class='ocr_line' id='line_1_94' title="bbox 1078 1700 1877 1739; baseline -0.006 -8"><span class='ocrx_word' id='word_1_678' title='bbox 1078 1711 1144 1739; x_wconf 68' lang='lat' dir='ltr'><strong>ergo</strong></span> <span class='ocrx_word' id='word_1_679' title='bbox 1159 1703 1323 1730; x_wconf 78' lang='lat' dir='ltr'><strong>vestimenta</strong></span> <span class='ocrx_word' id='word_1_680' title='bbox 1337 1709 1396 1733; x_wconf 85' lang='lat' dir='ltr'><strong>sua,</strong></span> <span class='ocrx_word' id='word_1_681' title='bbox 1409 1701 1435 1728; x_wconf 92' lang='lat' dir='ltr'><strong>id</strong></span> <span class='ocrx_word' id='word_1_682' title='bbox 1453 1706 1494 1727; x_wconf 86' lang='lat' dir='ltr'><strong>est</strong></span> <span class='ocrx_word' id='word_1_683' title='bbox 1512 1701 1647 1733; x_wconf 84' lang='lat' dir='ltr'><strong>actiones,</strong></span> <span class='ocrx_word' id='word_1_684' title='bbox 1663 1708 1724 1734; x_wconf 68' lang='lat' dir='ltr'><strong>qua:</strong></span> <span class='ocrx_word' id='word_1_685' title='bbox 1745 1707 1796 1727; x_wconf 90' lang='lat' dir='ltr'><strong>nos</strong></span> <span class='ocrx_word' id='word_1_686' title='bbox 1816 1700 1877 1734; x_wconf 86' lang='lat' dir='ltr'><strong>opi-</strong></span> 
     </span>
    </p>
   </div>
   <div class='ocr_carea' id='block_1_95' title="bbox 1078 1746 1876 1779">
    <p class='ocr_par' dir='ltr' id='par_1_95' title="bbox 1078 1746 1876 1779">
     <span class='ocr_line' id='line_1_95' title="bbox 1078 1746 1876 1779; baseline -0.006 -2"><span class='ocrx_word' id='word_1_687' title='bbox 1078 1750 1209 1777; x_wconf 90' lang='lat' dir='ltr'><strong>nionibus</strong></span> <span class='ocrx_word' id='word_1_688' title='bbox 1222 1748 1340 1776; x_wconf 84' lang='lat' dir='ltr'><strong>etsectis</strong></span> <span class='ocrx_word' id='word_1_689' title='bbox 1358 1747 1560 1779; x_wconf 76' lang='lat' dir='ltr'><strong>diilerentibus,</strong></span> <span class='ocrx_word' id='word_1_690' title='bbox 1570 1746 1640 1773; x_wconf 87' lang='lat' dir='ltr'><strong>sicut</strong></span> <span class='ocrx_word' id='word_1_691' title='bbox 1664 1746 1732 1772; x_wconf 85' lang='lat' dir='ltr'><strong>stola</strong></span> <span class='ocrx_word' id='word_1_692' title='bbox 1748 1746 1876 1772; x_wconf 86' lang='lat' dir='ltr'><strong>induunt.</strong></span> 
     </span>
    </p>
   </div>
   <div class='ocr_carea' id='block_1_96' title="bbox 1079 1791 1876 1830">
    <p class='ocr_par' dir='ltr' id='par_1_96' title="bbox 1079 1791 1876 1830">
     <span class='ocr_line' id='line_1_96' title="bbox 1079 1791 1876 1830; baseline -0.008 -7"><span class='ocrx_word' id='word_1_693' title='bbox 1079 1797 1129 1830; x_wconf 75' lang='lat' dir='ltr'><strong>Qui</strong></span> <span class='ocrx_word' id='word_1_694' title='bbox 1147 1803 1212 1830; x_wconf 80' lang='lat' dir='ltr'><strong>ergo</strong></span> <span class='ocrx_word' id='word_1_695' title='bbox 1225 1794 1361 1830; x_wconf 84' lang='lat' dir='ltr'><strong>patientes</strong></span> <span class='ocrx_word' id='word_1_696' title='bbox 1379 1793 1518 1820; x_wconf 84' lang='lat' dir='ltr'><strong>sustinent</strong></span> <span class='ocrx_word' id='word_1_697' title='bbox 1533 1793 1628 1824; x_wconf 87' lang='lat' dir='ltr'><strong>malos,</strong></span> <span class='ocrx_word' id='word_1_698' title='bbox 1643 1796 1670 1818; x_wconf 87' lang='lat' dir='ltr'><strong>et</strong></span> <span class='ocrx_word' id='word_1_699' title='bbox 1683 1799 1716 1818; x_wconf 84' lang='lat' dir='ltr'><strong>ex</strong></span> <span class='ocrx_word' id='word_1_700' title='bbox 1741 1791 1876 1826; x_wconf 84' lang='lat' dir='ltr'><strong>conjunc-</strong></span> 
     </span>
    </p>
   </div>
   <div class='ocr_carea' id='block_1_97' title="bbox 1079 1838 1878 1870">
    <p class='ocr_par' dir='ltr' id='par_1_97' title="bbox 1079 1838 1878 1870">
     <span class='ocr_line' id='line_1_97' title="bbox 1079 1838 1878 1870; baseline -0.008 0"><span class='ocrx_word' id='word_1_701' title='bbox 1079 1843 1154 1870; x_wconf 83' lang='lat' dir='ltr'><strong>tione</strong></span> <span class='ocrx_word' id='word_1_702' title='bbox 1176 1842 1239 1869; x_wconf 84' lang='lat' dir='ltr'><strong>talia</strong></span> <span class='ocrx_word' id='word_1_703' title='bbox 1261 1839 1418 1868; x_wconf 85' lang='lat' dir='ltr'><strong>docentium</strong></span> <span class='ocrx_word' id='word_1_704' title='bbox 1446 1839 1480 1866; x_wconf 89' lang='lat' dir='ltr'><strong>ad</strong></span> <span class='ocrx_word' id='word_1_705' title='bbox 1504 1839 1626 1866; x_wconf 88' lang='lat' dir='ltr'><strong>actiones</strong></span> <span class='ocrx_word' id='word_1_706' title='bbox 1652 1838 1737 1865; x_wconf 79' lang='lat' dir='ltr'><strong>n.alas</strong></span> <span class='ocrx_word' id='word_1_707' title='bbox 1762 1845 1878 1864; x_wconf 84' lang='lat' dir='ltr'><strong>convcr-</strong></span> 
     </span>
    </p>
   </div>
   <div class='ocr_carea' id='block_1_98' title="bbox 1080 1885 1879 1922">
    <p class='ocr_par' dir='ltr' id='par_1_98' title="bbox 1080 1885 1879 1922">
     <span class='ocr_line' id='line_1_98' title="bbox 1080 1885 1879 1922; baseline -0.01 -5"><span class='ocrx_word' id='word_1_708' title='bbox 1080 1894 1183 1922; x_wconf 89' lang='lat' dir='ltr'><strong>tuntur,</strong></span> <span class='ocrx_word' id='word_1_709' title='bbox 1199 1889 1280 1916; x_wconf 84' lang='lat' dir='ltr'><strong>etiam</strong></span> <span class='ocrx_word' id='word_1_710' title='bbox 1299 1891 1410 1922; x_wconf 89' lang='lat' dir='ltr'><strong>propter</strong></span> <span class='ocrx_word' id='word_1_711' title='bbox 1420 1886 1472 1913; x_wconf 85' lang='lat' dir='ltr'><strong>hoc</strong></span> <span class='ocrx_word' id='word_1_712' title='bbox 1484 1885 1574 1913; x_wconf 86' lang='lat' dir='ltr'><strong>lavent</strong></span> <span class='ocrx_word' id='word_1_713' title='bbox 1590 1892 1688 1919; x_wconf 87' lang='lat' dir='ltr'><strong>corpus</strong></span> <span class='ocrx_word' id='word_1_714' title='bbox 1705 1892 1783 1911; x_wconf 89' lang='lat' dir='ltr'><strong>suum</strong></span> <span class='ocrx_word' id='word_1_715' title='bbox 1797 1891 1879 1918; x_wconf 81' lang='lat' dir='ltr'><strong>aqua,</strong></span> 
     </span>
    </p>
   </div>
   <div class='ocr_carea' id='block_1_99' title="bbox 1081 1930 1881 1969">
    <p class='ocr_par' dir='ltr' id='par_1_99' title="bbox 1081 1930 1881 1969">
     <span class='ocr_line' id='line_1_99' title="bbox 1081 1930 1881 1969; baseline -0.009 -6"><span class='ocrx_word' id='word_1_716' title='bbox 1081 1941 1111 1964; x_wconf 87' lang='lat' dir='ltr'><strong>ut</strong></span> <span class='ocrx_word' id='word_1_717' title='bbox 1126 1941 1154 1963; x_wconf 86' lang='lat' dir='ltr'><strong>et</strong></span> <span class='ocrx_word' id='word_1_718' title='bbox 1170 1943 1250 1963; x_wconf 92' lang='lat' dir='ltr'><strong>suum</strong></span> <span class='ocrx_word' id='word_1_719' title='bbox 1263 1934 1395 1969; x_wconf 87' lang='lat' dir='ltr'><strong>templum</strong></span> <span class='ocrx_word' id='word_1_720' title='bbox 1410 1940 1426 1960; x_wconf 85' lang='lat' dir='ltr'><strong>a</strong></span> <span class='ocrx_word' id='word_1_721' title='bbox 1439 1931 1628 1967; x_wconf 84' lang='lat' dir='ltr'><strong>compassione</strong></span> <span class='ocrx_word' id='word_1_722' title='bbox 1653 1931 1798 1958; x_wconf 88' lang='lat' dir='ltr'><strong>verborum</strong></span> <span class='ocrx_word' id='word_1_723' title='bbox 1819 1930 1881 1957; x_wconf 83' lang='lat' dir='ltr'><strong>illo-</strong></span> 
     </span>
    </p>
   </div>
   <div class='ocr_carea' id='block_1_100' title="bbox 1080 1976 1882 2018">
    <p class='ocr_par' dir='ltr' id='par_1_100' title="bbox 1080 1976 1882 2018">
     <span class='ocr_line' id='line_1_100' title="bbox 1080 1976 1882 2018; baseline -0.009 -8"><span class='ocrx_word' id='word_1_724' title='bbox 1080 1992 1140 2011; x_wconf 91' lang='lat' dir='ltr'><strong>rum</strong></span> <span class='ocrx_word' id='word_1_725' title='bbox 1160 1981 1315 2018; x_wconf 86' lang='lat' dir='ltr'><strong>puriﬁcent,</strong></span> <span class='ocrx_word' id='word_1_726' title='bbox 1342 1984 1370 2008; x_wconf 90' lang='lat' dir='ltr'><strong>et</strong></span> <span class='ocrx_word' id='word_1_727' title='bbox 1386 1984 1451 2007; x_wconf 87' lang='lat' dir='ltr'><strong>tunc</strong></span> <span class='ocrx_word' id='word_1_728' title='bbox 1474 1984 1581 2007; x_wconf 88' lang='lat' dir='ltr'><strong>eertum</strong></span> <span class='ocrx_word' id='word_1_729' title='bbox 1606 1978 1659 2005; x_wconf 90' lang='lat' dir='ltr'><strong>erit</strong></span> <span class='ocrx_word' id='word_1_730' title='bbox 1677 1978 1741 2012; x_wconf 87' lang='lat' dir='ltr'><strong>quia</strong></span> <span class='ocrx_word' id='word_1_731' title='bbox 1764 1976 1882 2004; x_wconf 83' lang='lat' dir='ltr'><strong>munda-</strong></span> 
     </span>
    </p>
   </div>
   <div class='ocr_carea' id='block_1_101' title="bbox 1081 2023 1882 2059">
    <p class='ocr_par' dir='ltr' id='par_1_101' title="bbox 1081 2023 1882 2059">
     <span class='ocr_line' id='line_1_101' title="bbox 1081 2023 1882 2059; baseline -0.011 -2"><span class='ocrx_word' id='word_1_732' title='bbox 1081 2027 1268 2057; x_wconf 83' lang='lat' dir='ltr'><strong>huntur.-Nam</strong></span> <span class='ocrx_word' id='word_1_733' title='bbox 1278 2027 1328 2054; x_wconf 86' lang='lat' dir='ltr'><strong>etsi</strong></span> <span class='ocrx_word' id='word_1_734' title='bbox 1348 2026 1506 2054; x_wconf 86' lang='lat' dir='ltr'><strong>immundus</strong></span> <span class='ocrx_word' id='word_1_735' title='bbox 1524 2025 1607 2052; x_wconf 82' lang='lat' dir='ltr'><strong>fuerit</strong></span> <span class='ocrx_word' id='word_1_736' title='bbox 1630 2031 1715 2059; x_wconf 86' lang='lat' dir='ltr'><strong>usque</strong></span> <span class='ocrx_word' id='word_1_737' title='bbox 1732 2023 1766 2050; x_wconf 81' lang='lat' dir='ltr'><strong>ad</strong></span> <span class='ocrx_word' id='word_1_738' title='bbox 1783 2030 1882 2056; x_wconf 82' lang='lat' dir='ltr'><strong>vespe-</strong></span> 
     </span>
    </p>
   </div>
   <div class='ocr_carea' id='block_1_102' title="bbox 1083 2066 1885 2108">
    <p class='ocr_par' dir='ltr' id='par_1_102' title="bbox 1083 2066 1885 2108">
     <span class='ocr_line' id='line_1_102' title="bbox 1083 2066 1885 2108; baseline -0.01 -8"><span class='ocrx_word' id='word_1_739' title='bbox 1083 2082 1153 2105; x_wconf 89' lang='lat' dir='ltr'><strong>ram,</strong></span> <span class='ocrx_word' id='word_1_740' title='bbox 1172 2073 1244 2108; x_wconf 89' lang='lat' dir='ltr'><strong>quod</strong></span> <span class='ocrx_word' id='word_1_741' title='bbox 1264 2076 1306 2098; x_wconf 88' lang='lat' dir='ltr'><strong>est</strong></span> <span class='ocrx_word' id='word_1_742' title='bbox 1328 2078 1416 2105; x_wconf 85' lang='lat' dir='ltr'><strong>usque</strong></span> <span class='ocrx_word' id='word_1_743' title='bbox 1440 2070 1473 2097; x_wconf 85' lang='lat' dir='ltr'><strong>ad</strong></span> <span class='ocrx_word' id='word_1_744' title='bbox 1489 2074 1596 2105; x_wconf 89' lang='lat' dir='ltr'><strong>tempus</strong></span> <span class='ocrx_word' id='word_1_745' title='bbox 1617 2067 1796 2102; x_wconf 59' lang='lat' dir='ltr'><strong>paenitentiae,</strong></span> <span class='ocrx_word' id='word_1_746' title='bbox 1812 2066 1885 2093; x_wconf 83' lang='lat' dir='ltr'><strong>sicut</strong></span> 
     </span>
    </p>
   </div>
   <div class='ocr_carea' id='block_1_103' title="bbox 1081 2112 1882 2156">
    <p class='ocr_par' dir='ltr' id='par_1_103' title="bbox 1081 2112 1882 2156">
     <span class='ocr_line' id='line_1_103' title="bbox 1081 2112 1882 2156; baseline -0.011 -9"><span class='ocrx_word' id='word_1_747' title='bbox 1081 2121 1241 2156; x_wconf 58' lang='lat' dir='ltr'><strong>praedictum</strong></span> <span class='ocrx_word' id='word_1_748' title='bbox 1251 2123 1303 2150; x_wconf 88' lang='lat' dir='ltr'><strong>est,</strong></span> <span class='ocrx_word' id='word_1_749' title='bbox 1316 2118 1362 2153; x_wconf 91' lang='lat' dir='ltr'><strong>qui</strong></span> <span class='ocrx_word' id='word_1_750' title='bbox 1373 2118 1454 2145; x_wconf 89' lang='lat' dir='ltr'><strong>docet</strong></span> <span class='ocrx_word' id='word_1_751' title='bbox 1463 2115 1587 2152; x_wconf 78' lang='lat' dir='ltr'><strong>profana,</strong></span> <span class='ocrx_word' id='word_1_752' title='bbox 1599 2115 1660 2142; x_wconf 87' lang='lat' dir='ltr'><strong>sine</strong></span> <span class='ocrx_word' id='word_1_753' title='bbox 1671 2113 1755 2141; x_wconf 90' lang='lat' dir='ltr'><strong>dubio</strong></span> <span class='ocrx_word' id='word_1_754' title='bbox 1763 2112 1882 2140; x_wconf 83' lang='lat' dir='ltr'><strong>mundus</strong></span> 
     </span>
    </p>
   </div>
   <div class='ocr_carea' id='block_1_104' title="bbox 1082 2164 1428 2200">
    <p class='ocr_par' dir='ltr' id='par_1_104' title="bbox 1082 2164 1428 2200">
     <span class='ocr_line' id='line_1_104' title="bbox 1082 2164 1428 2200; baseline -0.009 -7"><span class='ocrx_word' id='word_1_755' title='bbox 1082 2167 1135 2193; x_wconf 82' lang='lat' dir='ltr'><strong>erit</strong></span> <span class='ocrx_word' id='word_1_756' title='bbox 1151 2169 1212 2200; x_wconf 87' lang='lat' dir='ltr'><strong>post</strong></span> <span class='ocrx_word' id='word_1_757' title='bbox 1228 2164 1428 2200; x_wconf 73' lang='lat' dir='ltr'><strong>pamitentiam.</strong></span> 
     </span>
    </p>
   </div>
   <div class='ocr_carea' id='block_1_105' title="bbox 1118 2213 1881 2251">
    <p class='ocr_par' dir='ltr' id='par_1_105' title="bbox 1118 2213 1881 2251">
     <span class='ocr_line' id='line_1_105' title="bbox 1118 2213 1881 2251; baseline -0.009 -4"><span class='ocrx_word' id='word_1_758' title='bbox 1118 2220 1201 2248; x_wconf 70' lang='lat' dir='ltr'><strong>Vens.</strong></span> <span class='ocrx_word' id='word_1_759' title='bbox 1220 2220 1263 2246; x_wconf 71' lang='grc'><strong>12.</strong></span> <span class='ocrx_word' id='word_1_760' title='bbox 1283 2228 1292 2244; x_wconf 73' lang='grc' dir='ltr'>ι</span> <span class='ocrx_word' id='word_1_761' title='bbox 1313 2218 1347 2245; x_wconf 86' lang='lat' dir='ltr'><strong>Et</strong></span> <span class='ocrx_word' id='word_1_762' title='bbox 1361 2225 1409 2245; x_wconf 84' lang='lat' dir='ltr'><strong>vas</strong></span> <span class='ocrx_word' id='word_1_763' title='bbox 1432 2217 1514 2245; x_wconf 87' lang='lat' dir='ltr'><strong>ﬁctile</strong></span> <span class='ocrx_word' id='word_1_764' title='bbox 1533 2215 1690 2251; x_wconf 87' lang='lat' dir='ltr'><strong>quicunque</strong></span> <span class='ocrx_word' id='word_1_765' title='bbox 1704 2213 1881 2250; x_wconf 75' lang='lat' dir='ltr'><strong>tetigeritqui</strong></span> 
     </span>
    </p>
   </div>
   <div class='ocr_carea' id='block_1_106' title="bbox 1084 2259 1882 2299">
    <p class='ocr_par' dir='ltr' id='par_1_106' title="bbox 1084 2259 1882 2299">
     <span class='ocr_line' id='line_1_106' title="bbox 1084 2259 1882 2299; baseline -0.01 -5"><span class='ocrx_word' id='word_1_766' title='bbox 1084 2266 1187 2294; x_wconf 81' lang='lat' dir='ltr'><strong>ﬁuxum</strong></span> <span class='ocrx_word' id='word_1_767' title='bbox 1211 2264 1325 2293; x_wconf 90' lang='lat' dir='ltr'><strong>seminis</strong></span> <span class='ocrx_word' id='word_1_768' title='bbox 1347 2264 1461 2299; x_wconf 84' lang='lat' dir='ltr'><strong>patitur,</strong></span> <span class='ocrx_word' id='word_1_769' title='bbox 1488 2261 1687 2296; x_wconf 76' lang='lat' dir='ltr'><strong>eonfringetur.</strong></span> <span class='ocrx_word' id='word_1_770' title='bbox 1713 2259 1768 2287; x_wconf 76' lang='lat' dir='ltr'><strong>Vas</strong></span> <span class='ocrx_word' id='word_1_771' title='bbox 1790 2264 1882 2287; x_wconf 82' lang='lat' dir='ltr'><strong>autem</strong></span> 
     </span>
    </p>
   </div>
   <div class='ocr_carea' id='block_1_107' title="bbox 1083 2304 1824 2347">
    <p class='ocr_par' dir='ltr' id='par_1_107' title="bbox 1083 2304 1824 2347">
     <span class='ocr_line' id='line_1_107' title="bbox 1083 2304 1824 2347; baseline -0.008 -9"><span class='ocrx_word' id='word_1_772' title='bbox 1083 2313 1202 2347; x_wconf 71' lang='lat' dir='ltr'><strong>ligneum</strong></span> <span class='ocrx_word' id='word_1_773' title='bbox 1223 2310 1358 2337; x_wconf 86' lang='lat' dir='ltr'><strong>lavabitur</strong></span> <span class='ocrx_word' id='word_1_774' title='bbox 1369 2316 1450 2344; x_wconf 87' lang='lat' dir='ltr'><strong>aqua,</strong></span> <span class='ocrx_word' id='word_1_775' title='bbox 1463 2313 1492 2336; x_wconf 89' lang='lat' dir='ltr'><strong>et</strong></span> <span class='ocrx_word' id='word_1_776' title='bbox 1506 2308 1639 2335; x_wconf 89' lang='lat' dir='ltr'><strong>mundum</strong></span> <span class='ocrx_word' id='word_1_777' title='bbox 1655 2307 1717 2334; x_wconf 86' lang='lat' dir='ltr'><strong>erit.</strong></span> <span class='ocrx_word' id='word_1_778' title='bbox 1737 2316 1746 2332; x_wconf 75' lang='grc' dir='ltr'><strong><em>ι</em></strong></span> <span class='ocrx_word' id='word_1_779' title='bbox 1819 2304 1824 2309; x_wconf 79' lang='grc'><strong>“</strong></span> 
     </span>
    </p>
   </div>
   <div class='ocr_carea' id='block_1_108' title="bbox 1118 2352 1885 2393">
    <p class='ocr_par' dir='ltr' id='par_1_108' title="bbox 1118 2352 1885 2393">
     <span class='ocr_line' id='line_1_108' title="bbox 1118 2352 1885 2393; baseline -0.008 -8"><span class='ocrx_word' id='word_1_780' title='bbox 1118 2357 1341 2393; x_wconf 83' lang='lat' dir='ltr'><strong>lnsuperioribus</strong></span> <span class='ocrx_word' id='word_1_781' title='bbox 1350 2356 1431 2390; x_wconf 88' lang='lat' dir='ltr'><strong>hujus</strong></span> <span class='ocrx_word' id='word_1_782' title='bbox 1439 2354 1545 2390; x_wconf 77' lang='lat' dir='ltr'><strong>legis,in</strong></span> <span class='ocrx_word' id='word_1_783' title='bbox 1557 2361 1608 2389; x_wconf 90' lang='lat' dir='ltr'><strong>qua</strong></span> <span class='ocrx_word' id='word_1_784' title='bbox 1615 2352 1789 2381; x_wconf 74' lang='lat' dir='ltr'><strong>dixitﬁuxum</strong></span> <span class='ocrx_word' id='word_1_785' title='bbox 1801 2352 1885 2381; x_wconf 88' lang='lat' dir='ltr'><strong>semi-</strong></span> 
     </span>
    </p>
   </div>
   <div class='ocr_carea' id='block_1_109' title="bbox 1085 2398 1885 2440">
    <p class='ocr_par' dir='ltr' id='par_1_109' title="bbox 1085 2398 1885 2440">
     <span class='ocr_line' id='line_1_109' title="bbox 1085 2398 1885 2440; baseline -0.011 -7"><span class='ocrx_word' id='word_1_786' title='bbox 1085 2405 1128 2433; x_wconf 90' lang='lat' dir='ltr'><strong>nis</strong></span> <span class='ocrx_word' id='word_1_787' title='bbox 1145 2404 1305 2440; x_wconf 86' lang='lat' dir='ltr'><strong>patientem,</strong></span> <span class='ocrx_word' id='word_1_788' title='bbox 1321 2401 1458 2437; x_wconf 88' lang='lat' dir='ltr'><strong>qunslibet</strong></span> <span class='ocrx_word' id='word_1_789' title='bbox 1482 2400 1610 2427; x_wconf 88' lang='lat' dir='ltr'><strong>homines</strong></span> <span class='ocrx_word' id='word_1_790' title='bbox 1626 2403 1738 2434; x_wconf 79' lang='lat' dir='ltr'><strong>tangere</strong></span> <span class='ocrx_word' id='word_1_791' title='bbox 1766 2398 1885 2425; x_wconf 85' lang='lat' dir='ltr'><strong>diximus</strong></span> 
     </span>
    </p>
   </div>
   <div class='ocr_carea' id='block_1_110' title="bbox 1085 2445 1886 2488">
    <p class='ocr_par' dir='ltr' id='par_1_110' title="bbox 1085 2445 1886 2488">
     <span class='ocr_line' id='line_1_110' title="bbox 1085 2445 1886 2488; baseline -0.012 -7"><span class='ocrx_word' id='word_1_792' title='bbox 1085 2462 1141 2485; x_wconf 86' lang='lat' dir='ltr'><strong>eos,</strong></span> <span class='ocrx_word' id='word_1_793' title='bbox 1150 2452 1250 2488; x_wconf 88' lang='lat' dir='ltr'><strong>quibus</strong></span> <span class='ocrx_word' id='word_1_794' title='bbox 1260 2451 1316 2485; x_wconf 89' lang='lat' dir='ltr'><strong>ipse</strong></span> <span class='ocrx_word' id='word_1_795' title='bbox 1324 2457 1352 2477; x_wconf 87' lang='lat' dir='ltr'><strong>se</strong></span> <span class='ocrx_word' id='word_1_796' title='bbox 1359 2456 1441 2484; x_wconf 88' lang='lat' dir='ltr'><strong>prava</strong></span> <span class='ocrx_word' id='word_1_797' title='bbox 1452 2448 1553 2476; x_wconf 88' lang='lat' dir='ltr'><strong>docens</strong></span> <span class='ocrx_word' id='word_1_798' title='bbox 1562 2446 1719 2478; x_wconf 86' lang='lat' dir='ltr'><strong>immiscuit,</strong></span> <span class='ocrx_word' id='word_1_799' title='bbox 1732 2450 1759 2473; x_wconf 86' lang='lat' dir='ltr'><strong>et</strong></span> <span class='ocrx_word' id='word_1_800' title='bbox 1768 2445 1886 2479; x_wconf 88' lang='lat' dir='ltr'><strong>sumpsit</strong></span> 
     </span>
    </p>
   </div>
   <div class='ocr_carea' id='block_1_111' title="bbox 1086 2493 1887 2535">
    <p class='ocr_par' dir='ltr' id='par_1_111' title="bbox 1086 2493 1887 2535">
     <span class='ocr_line' id='line_1_111' title="bbox 1086 2493 1887 2535; baseline -0.011 -8"><span class='ocrx_word' id='word_1_801' title='bbox 1086 2500 1119 2527; x_wconf 87' lang='lat' dir='ltr'><strong>ad</strong></span> <span class='ocrx_word' id='word_1_802' title='bbox 1132 2499 1277 2535; x_wconf 85' lang='lat' dir='ltr'><strong>quamdam</strong></span> <span class='ocrx_word' id='word_1_803' title='bbox 1303 2497 1460 2524; x_wconf 73' lang='lat' dir='ltr'><strong>societatem</strong></span> <span class='ocrx_word' id='word_1_804' title='bbox 1488 2495 1540 2526; x_wconf 87' lang='lat' dir='ltr'><strong>sui,</strong></span> <span class='ocrx_word' id='word_1_805' title='bbox 1557 2495 1610 2521; x_wconf 88' lang='lat' dir='ltr'><strong>hoc</strong></span> <span class='ocrx_word' id='word_1_806' title='bbox 1633 2493 1705 2521; x_wconf 85' lang='lat' dir='ltr'><strong>enim</strong></span> <span class='ocrx_word' id='word_1_807' title='bbox 1723 2497 1765 2519; x_wconf 86' lang='lat' dir='ltr'><strong>est</strong></span> <span class='ocrx_word' id='word_1_808' title='bbox 1792 2497 1887 2527; x_wconf 90' lang='lat' dir='ltr'><strong>aperte</strong></span> 
     </span>
    </p>
   </div>
   <div class='ocr_carea' id='block_1_112' title="bbox 1089 2538 1886 2582">
    <p class='ocr_par' dir='ltr' id='par_1_112' title="bbox 1089 2538 1886 2582">
     <span class='ocr_line' id='line_1_112' title="bbox 1089 2538 1886 2582; baseline -0.014 -8"><span class='ocrx_word' id='word_1_809' title='bbox 1089 2551 1209 2582; x_wconf 73' lang='lat' dir='ltr'><strong>tangere,</strong></span> <span class='ocrx_word' id='word_1_810' title='bbox 1220 2544 1292 2571; x_wconf 85' lang='lat' dir='ltr'><strong>unde</strong></span> <span class='ocrx_word' id='word_1_811' title='bbox 1298 2542 1433 2570; x_wconf 85' lang='lat' dir='ltr'><strong>etPaulus</strong></span> <span class='ocrx_word' id='word_1_812' title='bbox 1441 2540 1714 2576; x_wconf 81' lang='lat' dir='ltr'><strong>proptersocietatem</strong></span> <span class='ocrx_word' id='word_1_813' title='bbox 1725 2538 1886 2566; x_wconf 88' lang='lat' dir='ltr'><strong>muliebrem</strong></span> 
     </span>
    </p>
   </div>
   <div class='ocr_carea' id='block_1_113' title="bbox 1089 2585 1885 2622">
    <p class='ocr_par' dir='ltr' id='par_1_113' title="bbox 1089 2585 1885 2622">
     <span class='ocr_line' id='line_1_113' title="bbox 1089 2585 1885 2622; baseline -0.015 -2"><span class='ocrx_word' id='word_1_814' title='bbox 1089 2592 1238 2620; x_wconf 87' lang='lat' dir='ltr'><strong>cavendam</strong></span> <span class='ocrx_word' id='word_1_815' title='bbox 1253 2600 1259 2617; x_wconf 92' lang='lat'>:</span> <span class='ocrx_word' id='word_1_816' title='bbox 1272 2590 1373 2616; x_wconf 85' lang='lat' dir='ltr'><strong>Bonum</strong></span> <span class='ocrx_word' id='word_1_817' title='bbox 1387 2593 1434 2616; x_wconf 80' lang='lat' dir='ltr'><strong>est.</strong></span> <span class='ocrx_word' id='word_1_818' title='bbox 1445 2587 1543 2622; x_wconf 87' lang='lat' dir='ltr'><strong>inquit,</strong></span> <span class='ocrx_word' id='word_1_819' title='bbox 1556 2586 1666 2618; x_wconf 84' lang='lat' dir='ltr'><strong>homini,</strong></span> <span class='ocrx_word' id='word_1_820' title='bbox 1684 2585 1818 2611; x_wconf 79' lang='lat' dir='ltr'><strong>mulierem</strong></span> <span class='ocrx_word' id='word_1_821' title='bbox 1833 2591 1885 2609; x_wconf 76' lang='lat' dir='ltr'><strong>non</strong></span> 
     </span>
    </p>
   </div>
   <div class='ocr_carea' id='block_1_114' title="bbox 1092 2629 1886 2674">
    <p class='ocr_par' dir='ltr' id='par_1_114' title="bbox 1092 2629 1886 2674">
     <span class='ocr_line' id='line_1_114' title="bbox 1092 2629 1886 2674; baseline -0.013 -8"><span class='ocrx_word' id='word_1_822' title='bbox 1092 2645 1207 2674; x_wconf 74' lang='lat' dir='ltr'><strong>tangere.</strong></span> <span class='ocrx_word' id='word_1_823' title='bbox 1237 2636 1350 2671; x_wconf 79' lang='lat' dir='ltr'><strong>Propter</strong></span> <span class='ocrx_word' id='word_1_824' title='bbox 1372 2634 1560 2670; x_wconf 74' lang='lat' dir='ltr'><strong>fornicationes</strong></span> <span class='ocrx_word' id='word_1_825' title='bbox 1594 2637 1682 2658; x_wconf 85' lang='lat' dir='ltr'><strong>autent</strong></span> <span class='ocrx_word' id='word_1_826' title='bbox 1707 2629 1886 2665; x_wconf 68' lang='lat' dir='ltr'><strong>uttusquisque</strong></span> 
     </span>
    </p>
   </div>
   <div class='ocr_carea' id='block_1_115' title="bbox 1092 2676 1878 2713">
    <p class='ocr_par' dir='ltr' id='par_1_115' title="bbox 1092 2676 1878 2713">
     <span class='ocr_line' id='line_1_115' title="bbox 1092 2676 1878 2713; baseline -0.011 -2"><span class='ocrx_word' id='word_1_827' title='bbox 1092 2692 1167 2711; x_wconf 65' lang='lat' dir='ltr'><strong>&quot;tam</strong></span> <span class='ocrx_word' id='word_1_828' title='bbox 1192 2690 1299 2709; x_wconf 67' lang='lat' dir='ltr'><strong>uxorem</strong></span> <span class='ocrx_word' id='word_1_829' title='bbox 1321 2681 1426 2711; x_wconf 84' lang='lat' dir='ltr'><strong>habeat,</strong></span> <span class='ocrx_word' id='word_1_830' title='bbox 1442 2684 1465 2706; x_wconf 83' lang='lat' dir='ltr'><strong>et</strong></span> <span class='ocrx_word' id='word_1_831' title='bbox 1490 2685 1654 2713; x_wconf 69' lang='lat' dir='ltr'><strong>unaquaque</strong></span> <span class='ocrx_word' id='word_1_832' title='bbox 1680 2683 1755 2703; x_wconf 81' lang='lat' dir='ltr'><strong>suum</strong></span> <span class='ocrx_word' id='word_1_833' title='bbox 1768 2676 1878 2702; x_wconf 77' lang='lat' dir='ltr'><strong>virum&quot;.</strong></span> 
     </span>
    </p>
   </div>
   <div class='ocr_carea' id='block_1_116' title="bbox 1092 2719 1889 2764">
    <p class='ocr_par' dir='ltr' id='par_1_116' title="bbox 1092 2719 1889 2764">
     <span class='ocr_line' id='line_1_116' title="bbox 1092 2719 1889 2764; baseline -0.015 -7"><span class='ocrx_word' id='word_1_834' title='bbox 1092 2730 1124 2757; x_wconf 85' lang='lat' dir='ltr'><strong>lli</strong></span> <span class='ocrx_word' id='word_1_835' title='bbox 1135 2737 1199 2764; x_wconf 80' lang='lat' dir='ltr'><strong>ergo</strong></span> <span class='ocrx_word' id='word_1_836' title='bbox 1209 2735 1272 2755; x_wconf 85' lang='lat' dir='ltr'><strong>vasa</strong></span> <span class='ocrx_word' id='word_1_837' title='bbox 1283 2727 1342 2761; x_wconf 82' lang='lat' dir='ltr'><strong>ejus</strong></span> <span class='ocrx_word' id='word_1_838' title='bbox 1350 2725 1438 2753; x_wconf 77' lang='lat' dir='ltr'><strong>cil‘ecti</strong></span> <span class='ocrx_word' id='word_1_839' title='bbox 1449 2728 1513 2751; x_wconf 86' lang='lat' dir='ltr'><strong>sunt</strong></span> <span class='ocrx_word' id='word_1_840' title='bbox 1520 2722 1671 2750; x_wconf 82' lang='lat' dir='ltr'><strong>doctrinam</strong></span> <span class='ocrx_word' id='word_1_841' title='bbox 1677 2721 1722 2756; x_wconf 89' lang='lat' dir='ltr'><strong>qui</strong></span> <span class='ocrx_word' id='word_1_842' title='bbox 1733 2720 1766 2747; x_wconf 90' lang='lat' dir='ltr'><strong>ab</strong></span> <span class='ocrx_word' id='word_1_843' title='bbox 1774 2728 1818 2752; x_wconf 83' lang='lat' dir='ltr'><strong>eo,</strong></span> <span class='ocrx_word' id='word_1_844' title='bbox 1826 2719 1889 2746; x_wconf 80' lang='lat' dir='ltr'><strong>licet</strong></span> 
     </span>
    </p>
   </div>
   <div class='ocr_carea' id='block_1_117' title="bbox 1092 2765 1889 2812">
    <p class='ocr_par' dir='ltr' id='par_1_117' title="bbox 1092 2765 1889 2812">
     <span class='ocr_line' id='line_1_117' title="bbox 1092 2765 1889 2812; baseline -0.015 -9"><span class='ocrx_word' id='word_1_845' title='bbox 1092 2783 1215 2812; x_wconf 85' lang='lat' dir='ltr'><strong>parvam,</strong></span> <span class='ocrx_word' id='word_1_846' title='bbox 1231 2776 1415 2807; x_wconf 86' lang='lat' dir='ltr'><strong>susceperunt</strong></span> <span class='ocrx_word' id='word_1_847' title='bbox 1438 2780 1444 2798; x_wconf 93' lang='lat'>:</span> <span class='ocrx_word' id='word_1_848' title='bbox 1465 2777 1554 2805; x_wconf 83' lang='lat' dir='ltr'><strong>neque</strong></span> <span class='ocrx_word' id='word_1_849' title='bbox 1567 2769 1641 2796; x_wconf 90' lang='lat' dir='ltr'><strong>enim</strong></span> <span class='ocrx_word' id='word_1_850' title='bbox 1663 2766 1820 2802; x_wconf 86' lang='lat' dir='ltr'><strong>supersedit</strong></span> <span class='ocrx_word' id='word_1_851' title='bbox 1836 2765 1889 2795; x_wconf 77' lang='lat' dir='ltr'><strong>eis,</strong></span> 
     </span>
    </p>
   </div>
   <div class='ocr_carea' id='block_1_118' title="bbox 1091 2810 1888 2851">
    <p class='ocr_par' dir='ltr' id='par_1_118' title="bbox 1091 2810 1888 2851">
     <span class='ocr_line' id='line_1_118' title="bbox 1091 2810 1888 2851; baseline -0.015 -3"><span class='ocrx_word' id='word_1_852' title='bbox 1091 2822 1117 2848; x_wconf 93' lang='lat' dir='ltr'><strong>id</strong></span> <span class='ocrx_word' id='word_1_853' title='bbox 1131 2825 1172 2848; x_wconf 84' lang='lat' dir='ltr'><strong>est</strong></span> <span class='ocrx_word' id='word_1_854' title='bbox 1182 2827 1237 2848; x_wconf 89' lang='lat' dir='ltr'><strong>non</strong></span> <span class='ocrx_word' id='word_1_855' title='bbox 1248 2822 1333 2846; x_wconf 89' lang='lat' dir='ltr'><strong>totam</strong></span> <span class='ocrx_word' id='word_1_856' title='bbox 1343 2818 1370 2845; x_wconf 93' lang='lat' dir='ltr'><strong>in</strong></span> <span class='ocrx_word' id='word_1_857' title='bbox 1385 2817 1458 2851; x_wconf 87' lang='lat' dir='ltr'><strong>ipsos</strong></span> <span class='ocrx_word' id='word_1_858' title='bbox 1468 2822 1544 2843; x_wconf 85' lang='lat' dir='ltr'><strong>suam</strong></span> <span class='ocrx_word' id='word_1_859' title='bbox 1556 2813 1709 2842; x_wconf 84' lang='lat' dir='ltr'><strong>doctrinam</strong></span> <span class='ocrx_word' id='word_1_860' title='bbox 1723 2810 1888 2841; x_wconf 81' lang='lat' dir='ltr'><strong>exinanivit.</strong></span> 
     </span>
    </p>
   </div>
   <div class='ocr_carea' id='block_1_119' title="bbox 1093 2857 1890 2901">
    <p class='ocr_par' dir='ltr' id='par_1_119' title="bbox 1093 2857 1890 2901">
     <span class='ocr_line' id='line_1_119' title="bbox 1093 2857 1890 2901; baseline -0.014 -8"><span class='ocrx_word' id='word_1_861' title='bbox 1093 2865 1180 2901; x_wconf 76' lang='lat' dir='ltr'><strong>tetigit</strong></span> <span class='ocrx_word' id='word_1_862' title='bbox 1195 2868 1297 2897; x_wconf 83' lang='lat' dir='ltr'><strong>tamen,</strong></span> <span class='ocrx_word' id='word_1_863' title='bbox 1313 2867 1419 2898; x_wconf 84' lang='lat' dir='ltr'><strong>partem</strong></span> <span class='ocrx_word' id='word_1_864' title='bbox 1429 2861 1571 2897; x_wconf 87' lang='lat' dir='ltr'><strong>quamdam</strong></span> <span class='ocrx_word' id='word_1_865' title='bbox 1587 2859 1705 2887; x_wconf 86' lang='lat' dir='ltr'><strong>tradens.</strong></span> <span class='ocrx_word' id='word_1_866' title='bbox 1721 2857 1890 2884; x_wconf 85' lang='lat' dir='ltr'><strong>l‘ermaucnt</strong></span> 
     </span>
    </p>
   </div>
  </div>
