2052 3146
197 201 252 234 973

191 310 281 335 suum,
309 307 338 331 et
351 304 384 331 ad
416 307 620 341 corruptionem
643 310 690 337 luti
715 311 898 347 intendentcs,
924 317 986 350 quia

189 355 404 386 corrumpuntur
421 353 501 380 etiam
518 362 532 380 a
550 356 685 390 paucitate
711 359 867 393 verborum,
888 370 986 390 neces—

188 395 260 422 sarie
273 400 462 425 conterttntur.
482 400 509 426 Si
524 405 613 428 autem
630 402 721 438 lignei,
740 405 801 440 quia
816 407 902 441 lignea
922 416 984 435 vasa

188 439 269 467 luteis
295 447 323 468 et
343 442 470 471 ﬁctilibus
498 446 571 473 vasis
595 446 706 475 fortiora
731 439 805 481 sunt.
827 452 984 488 diutiusque

185 486 354 519 subsistunt.
378 497 446 524 aqua
469 490 547 518 lavati
585 494 758 522 tnnndantur.
788 497 882 532 Neque
908 500 982 526 enim

185 529 287 558 insedit
304 531 331 558 in
348 532 400 563 eis,
413 541 463 562 nec
476 543 585 563 omnem
602 538 672 572 ejus,
689 539 759 568 sicut.
775 541 908 576 diximus,
925 552 982 571 ma-

183 575 237 603 lam
267 576 420 606 doctrinam
444 588 640 617 susceperunt.
659 587 836 621 quamobrem
864 597 915 617 nec
940 591 980 618 sic

182 620 366 656 inﬁrmantur,
389 630 418 652 ut
433 633 482 660 per
492 620 681 662 pcenitentiatn
694 633 782 659 sanari
795 641 849 662 non
860 636 976 670 possint.

180 666 252 702 Ergo
269 667 386 696 intentio
404 676 447 698 est
465 672 638 707 legislatoris,
656 679 805 707 ostendere
822 681 867 715 qui
888 683 977 716 pruni-

180 714 293 741 tentiam
307 720 397 751 agant,
420 718 462 745 vel
476 719 538 754 quia
553 728 607 747 non
625 724 818 756 pwnitcntiam
832 728 977 761 agentibus

178 759 252 787 salus
264 761 398 789 oﬂ'ertur:

213 804 296 832 Vens.
324 807 368 834 15.
389 817 398 834 ι
420 808 448 836 Si
467 815 577 839 sanatus
603 812 694 845 fuerit,
721 815 765 849 qui
787 816 973 852 hujuscemodi

174 852 291 880 sustinet
321 855 487 889 passionem,
508 860 680 888 enumerabit
713 866 817 896 septem
848 865 906 892 dies
939 866 972 893 ad

173 900 396 928 emundationem
410 903 464 936 sui,
479 909 506 931 et
516 904 578 933 lotis
595 907 717 935 vestibus
729 915 760 936 ac
777 912 833 937 toto
845 919 969 946 corpore,

173 943 201 970 in
216 946 294 980 aquis
305 946 459 976 viventibus
474 950 526 977 erit
541 952 670 979 mundus.
692 962 701 978 ι

206 990 346 1020 Mundatio
354 999 395 1021 est
405 995 473 1030 ejus,
486 997 530 1030 qui
539 997 641 1025 ﬂuxum
651 1000 762 1027 seminis
771 1002 882 1036 patitur,
892 1011 966 1032 eam—

171 1036 233 1064 dem
247 1040 451 1074 corruptionem
462 1043 574 1072 seminis
587 1053 759 1081 nequaquam
775 1049 890 1077 ulterius
904 1059 966 1079 sus-

170 1083 268 1111 tinere.
292 1084 320 1111 Si
346 1093 410 1122 ergo
427 1088 535 1115 sordida
551 1097 689 1126 pravaque
716 1100 746 1120 ac
765 1094 868 1122 nefaria
888 1097 964 1131 quis-

168 1129 244 1164 piam
257 1130 359 1159 docens
371 1135 531 1167 cessaverit,
544 1141 638 1171 utpote
657 1138 702 1172 qui
717 1141 874 1174 cessaverit,
890 1151 904 1170 a
919 1144 964 1171 tali

167 1178 355 1214 impudicitia,
386 1183 505 1211 mundus
529 1189 604 1213 recte
626 1186 746 1214 dicitur:
772 1189 823 1217 Pro
846 1192 963 1221 sordidis

166 1226 341 1254 sermonibus
353 1233 455 1262 autem,
469 1237 538 1264 quos
551 1231 647 1260 cﬂ‘udit
660 1233 743 1269 prius,
758 1243 869 1264 necesse
881 1237 963 1266 habet

165 1276 270 1306 septem
284 1272 342 1300 dies
362 1273 545 1309 dinumerare,
574 1278 606 1305 ad
625 1280 807 1309 omnimodam
831 1285 962 1312 cmunda-

165 1319 280 1351 tionem,
293 1329 353 1355 qua:
369 1323 510 1356 perﬁcitur
523 1332 571 1359 per
585 1326 744 1360 adventant,
769 1330 958 1360 subministra-

163 1365 325 1401 tionemque
339 1368 464 1402 spiritus,
480 1370 559 1405 cujus
574 1373 743 1408 scptemplex
761 1375 862 1404 donum
883 1379 961 1406 nobis

161 1409 247 1438 Isaias
263 1414 399 1448 exposuit,
409 1423 470 1442 cum
486 1416 523 1443 ait
539 1425 545 1443 ε
558 1416 674 1452 Spiritus
683 1421 822 1454 sapientia
836 1428 860 1449 et
881 1425 960 1451 intel-

160 1456 252 1488 lectus.
266 1459 376 1493 spiritus
387 1461 489 1488 cottsilii
500 1466 525 1489 et
538 1463 712 1498 fortitudinis,
723 1466 831 1501 spiritus
843 1469 961 1497 scientia:

159 1508 184 1530 et
199 1505 315 1538 pietatis,
330 1507 438 1540 spiritus
449 1509 552 1536 timoris
567 1509 672 1538 Domini
684 1512 812 1546 “.Quibus
831 1517 959 1544 omnibus

158 1555 250 1585 egent.
264 1551 309 1586 qui
328 1553 478 1587 perfectam
494 1556 700 1585 mundationcnt
713 1559 765 1586 sibi
785 1563 926 1595 procurari
943 1571 957 1590 a

158 1597 273 1629 malitia,
288 1606 348 1632 qua:
363 1604 405 1626 est
419 1599 446 1627 in
464 1600 613 1633 locutione.
631 1603 688 1631 sive
704 1604 732 1632 in
753 1608 891 1642 operibus,
904 1610 951 1637 sed

157 1646 186 1668 et
201 1650 272 1677 aqua
293 1644 353 1671 viva
373 1645 466 1674 lavant
481 1648 644 1676 vestimenta
664 1655 690 1677 ct
707 1658 816 1687 corpus.
836 1654 900 1687 Qua:
916 1656 950 1683 sit

156 1695 221 1717 vero
239 1689 280 1717 vis
306 1691 540 1727 vestimentorum,
567 1699 594 1722 et
615 1697 748 1731 corporis.
762 1699 842 1727 satis
854 1705 896 1728 est
924 1702 951 1729 in

154 1735 342 1768 superioribus
352 1737 577 1766 demonstratum.
586 1741 663 1775 Aqua
677 1747 767 1770 autem
779 1744 838 1771 viva
849 1745 950 1780 lavant,

154 1778 199 1806 illa
211 1780 338 1808 videlicet
353 1782 387 1809 de
400 1791 452 1817 qua
476 1783 593 1818 Spiritus
608 1786 715 1814 dicebat
731 1797 738 1816 :
755 1787 806 1821 Qui
823 1791 903 1817 credit
922 1778 950 1819 in

154 1834 204 1859 me,
228 1827 296 1855 sicut
316 1828 380 1856 dicit
403 1829 562 1866 Scriptura,
580 1833 693 1866 [Iuntina
724 1834 756 1862 de
782 1841 870 1863 ventre
891 1838 948 1872 ejus

153 1873 236 1907 ﬂuent
255 1882 333 1911 aqum
353 1876 417 1904 viva:
432 1877 452 1903 ⁵.
477 1876 510 1905 Ει
530 1886 625 1906 rursus
639 1888 646 1906 :
660 1879 814 1916 Quicunque
838 1882 902 1910 bibit
916 1892 948 1910 ea;

151 1927 221 1954 aqua
237 1929 317 1956 quam
334 1929 380 1956 ego
395 1923 428 1949 do
445 1923 478 1954 ei,
493 1923 536 1958 ﬁet
554 1925 582 1951 in
602 1933 631 1952 eo
645 1926 703 1961 fons
718 1935 796 1962 aquw
824 1929 945 1956 salientis

151 1965 179 1992 in
192 1966 275 1993 vitam
290 1971 417 1995 (sternam
434 1969 453 1995 ⁸.
468 1969 538 2004 Ergo
552 1971 693 1999 mundatio
708 1980 791 2007 prava
806 1973 944 2010 docentis,

149 2019 200 2046 per
212 2012 312 2040 bonam
336 2013 538 2050 legitimamque
554 2017 705 2045 doctrinam
723 2019 858 2053 provenit.
880 2021 944 2048 liaac

148 2062 191 2086 est
217 2059 291 2086 enim
310 2059 369 2088 viva
392 2069 473 2098 aqua,
497 2063 561 2097 quia
583 2064 667 2091 vitam
683 2065 717 2092 ad
732 2073 762 2093 se
788 2067 943 2096 accedentis

147 2111 269 2140 praestat.

183 2153 263 2180 Vsus.
276 2154 320 2181 14.
332 2164 342 2179 ε
358 2154 404 2182 Die
417 2160 508 2182 autem
520 2161 624 2190 octavo,
638 2162 727 2186 sumet
742 2159 809 2187 duos
823 2163 942 2188 turtures

143 2204 191 2226 aut
206 2200 276 2228 duos
298 2201 386 2235 pullos
407 2202 549 2235 columbze,
581 2207 610 2231 et
624 2204 714 2232 veniet
739 2205 767 2232 in
792 2212 941 2242 conspectu

144 2246 252 2274 Domini
267 2248 300 2274 ad
318 2248 417 2276 ostium
434 2249 601 2278 tabernaculi
624 2251 772 2280 testimonii
790 2262 797 2280 :
811 2254 940 2290 dabitque

783 213 824 243 ῘΝ
843 214 1060 247 LEVITlCU-M.
1077 231 1111 236 -
1132 220 1204 251 LIB-
1223 223 1257 252 V.

193 257 278 293 igitur
299 257 406 289 ﬁctiles.
431 260 457 288 id
486 267 527 290 cst
552 262 661 299 fragiles
675 271 703 293 et.
732 269 833 296 terreni
857 271 890 298 ad
904 271 990 299 lutum

1783 234 1837 269 974

1007 283 1026 311 Α
1044 276 1129 303 sancti
1154 277 1274 312 Spiritus
1296 280 1418 318 designat
1445 283 1606 321 imaginem;
1622 291 1732 323 oportet
1751 288 1824 316 enim

1039 322 1178 351 doctorem
1189 326 1357 354 meditationi
1372 329 1485 364 spiritali
1499 339 1609 366 operam
1630 322 1705 362 dare.
1722 335 1834 374 Propter

1038 369 1110 403 quod
1128 374 1156 397 ut
1172 373 1340 400 sacerdotem
1366 379 1392 402 et
1409 378 1575 411 magistrum,
1603 380 1763 418 sibitnctipsi
1785 393 1832 412 su-

1039 421 1112 442 mere
1133 415 1184 443 hoc
1202 418 1364 447 sacriﬁcium
1385 423 1523 456 praecepit,
1545 425 1615 459 quod
1639 427 1665 452 in
1681 428 1735 456 alio
1747 431 1832 458 sacri—

1037 461 1097 489 ﬁcio
1106 463 1156 490 nisi
1170 472 1264 492 rursus
1282 467 1429 495 sacerdotis
1438 469 1553 505 alicujus
1567 471 1647 500 fuerit
1659 482 1690 502 ac
1699 477 1830 512 magistri,

1039 507 1143 536 dixisse
1160 510 1315 539 nullatenus
1330 512 1477 544 invenitur.

1080 553 1223 590 Ipsumque
1250 557 1352 592 deferre
1371 559 1483 588 hostium
1506 562 1533 589 in
1547 564 1641 591 ostium
1665 566 1830 596 tabernaculi

1034 602 1187 628 testimonii.
1206 603 1246 630 Ad
1262 605 1445 639 apostolorum
1461 608 1589 637 videlicet
1599 611 1737 640 doctrinas
1755 623 1762 647 ;
1781 615 1829 642 has

1031 647 1104 674 enim
1129 656 1189 678 esse
1207 649 1366 685 introitum,
1383 657 1429 680 aut
1453 662 1546 682 verum
1569 658 1772 687 tabernaculum
1790 667 1828 689 te-

1030 693 1164 724 stimonii.
1175 695 1202 722 id
1216 701 1257 723 cst
1270 697 1464 727 habitationem
1475 701 1588 735 Christi,
1603 709 1630 731 et
1641 708 1826 735 conversatio-

1028 746 1102 770 nem,
1119 741 1245 775 superius
1268 743 1296 770 in
1317 745 1457 774 sacriﬁciis
1470 749 1652 783 ostendimus,
1667 756 1695 779 ut
1710 753 1742 780 ad
1758 761 1825 789 apo-

1027 784 1150 812 stolicam
1167 787 1349 817 intentionem
1363 791 1390 818 in
1415 792 1508 821 futuro
1521 802 1597 822 suam
1624 799 1746 831 perﬁciat
1773 800 1826 827 lin-

1025 839 1115 865 guam.
1126 832 1201 860 Sicut
1213 838 1303 863 autem
1312 837 1356 872 qui
1369 839 1500 873 peccavit,
1511 846 1538 868 et
1546 843 1690 871 sacerdotii
1703 845 1823 874 habitum

1024 884 1053 910 in
1079 887 1108 907 se
1130 881 1296 910 inﬁrmavit:
1321 888 1402 920 atque
1416 885 1539 914 inetiicax
1560 890 1688 923 reddidit,
1701 892 1766 921 dare
1778 902 1822 921 sa-

1022 927 1137 958 cerdoti.
1154 932 1182 954 et
1193 930 1336 958 sacerdotii
1357 931 1539 961 ministerium
1553 934 1598 963 alii
1616 937 1713 965 ccdcrc
1727 939 1822 973 jussus

989 964 1009 991 Β
1027 978 1081 1000 est.
1101 974 1154 1001 Sed
1181 976 1320 1011 accipit-ns
1359 979 1486 1007 sacerdos
1521 981 1589 1009 duos
1619 986 1748 1016 turtures,
1774 991 1821 1014 aut

1018 1018 1086 1047 duos
1103 1021 1190 1054 pullos
1207 1022 1406 1057 columbarum,
1423 1025 1487 1059 quid
1504 1025 1591 1054 facit?

1054 1065 1138 1092 Uitam
1161 1067 1225 1100 facit
1244 1075 1291 1101 pro
1306 1074 1422 1102 peccato,
1444 1075 1468 1097 et
1483 1079 1564 1098 unum
1577 1073 1605 1099 in
1628 1075 1817 1111 holocaustum,

1018 1110 1053 1138 Ut
1071 1111 1124 1138 hoc
1142 1111 1253 1146 quidem
1270 1115 1395 1142 sacriﬁcii
1411 1116 1444 1143 ad
1454 1116 1622 1146 ablutionem
1635 1122 1706 1156 ejus,
1720 1130 1818 1150 eorum

1015 1164 1076 1191 qua:
1085 1158 1208 1192 peccavit
1222 1159 1248 1185 in
1264 1158 1386 1187 doctrina
1399 1163 1603 1191 contradicente
1615 1165 1664 1202 legi
1677 1167 1815 1201 proﬁciat:

1018 1202 1083 1230 illud
1098 1209 1188 1231 autem
1204 1205 1237 1233 ad
1266 1206 1404 1241 sapienter
1417 1212 1633 1238 conversandum
1662 1213 1690 1240 in
1705 1214 1813 1246 futuro:

1021 1249 1104 1284 hujus
1124 1250 1197 1277 enim
1214 1257 1256 1278 est
1270 1252 1376 1287 signum
1393 1253 1420 1281 in
1436 1254 1637 1286 holocaustum.

1042 1295 1075 1321 Et
1091 1296 1129 1322 sic
1143 1296 1327 1330 deprecabitur
1340 1307 1390 1332 pro
1405 1308 1434 1327 ea
1449 1302 1570 1330 sacerdos
1583 1312 1674 1331 coram
1688 1305 1814 1341 Domina,

1017 1345 1046 1366 ut
1069 1342 1225 1369 emendetur
1244 1352 1260 1369 (ι
1273 1344 1349 1378 ﬂuxu
1377 1347 1485 1373 seminis
1508 1349 1558 1375 sui.
1578 1348 1633 1376 Nec
1644 1351 1716 1378 cnim
1734 1353 1814 1380 aliter

1013 1386 1154 1422 quisquam
1167 1389 1371 1418 mundationem
1385 1399 1475 1419 coram
1488 1394 1601 1423 Domino
1613 1396 1702 1425 facere
1711 1404 1810 1433 potest,

1013 1432 1038 1459 id
1055 1438 1096 1460 cst
1111 1434 1263 1461 secundum
1282 1435 1462 1470 voluntatem,
1476 1443 1502 1465 ct
1523 1439 1608 1475 legem
1627 1441 1685 1475 Dei,
1705 1432 1758 1470 nisi
1777 1445 1810 1472 de

1015 1479 1058 1506 his
1075 1487 1136 1516 quin
1157 1481 1281 1515 peccavit
1305 1483 1455 1517 pmnitens,
1469 1490 1496 1512 ct
1518 1494 1567 1520 per
1590 1489 1723 1517 sacriﬁcia
1739 1499 1803 1519 ora-

1012 1524 1116 1553 tionum
1139 1525 1321 1559 satisfaciens,
1349 1533 1498 1564 posteaque
1521 1537 1597 1560 recte
1625 1533 1751 1568 vivendo,
1777 1545 1808 1565 ac

1011 1569 1132 1604 perfecte
1155 1572 1298 1606 sapicndo.
1333 1572 1403 1609 Ergo
1428 1575 1475 1609 qui
1496 1585 1607 1606 suorum
1633 1587 1806 1615 peccatorum

1011 1615 1233 1645 emundationem
1253 1617 1306 1645 alio
1331 1620 1413 1647 modo
1436 1622 1550 1658 peragit,
1571 1631 1620 1658 pro
1640 1626 1692 1653 hoc
1713 1635 1804 1656 coram

1005 1660 1121 1689 Dotniuo
1136 1671 1191 1690 non
1206 1669 1315 1700 rogatur
1327 1673 1334 1691 :
1347 1673 1433 1701 neque
1446 1667 1519 1694 enim
1530 1669 1590 1704 ejus
1600 1672 1805 1702 mundationcm

1003 1708 1119 1743 suscipit
1133 1709 1213 1743 Deus,
1231 1710 1278 1737 sed
1294 1719 1345 1739 nec
1357 1719 1405 1739 eos
1418 1713 1464 1748 qui
1482 1722 1530 1749 pro
1547 1723 1581 1743 eo
1596 1717 1716 1746 oﬂcrunt
1742 1729 1803 1756 pre-

1002 1759 1058 1778 ccs.
1071 1751 1251 1784 Quamobrem
1263 1755 1320 1783 sive
1333 1757 1366 1784 ad
1377 1757 1529 1787 doctrinam
1540 1761 1600 1796 quis
1616 1763 1802 1802 incongruam.

1001 1797 1059 1826 sive
1075 1799 1108 1826 ad
1122 1799 1205 1827 vitam
1220 1801 1331 1829 deﬂuxit
1344 1804 1453 1837 malam,
1467 1805 1524 1833 sive
1549 1797 1711 1845 utrumque:
1721 1813 1801 1842 simul

1000 1852 1096 1879 preces
1110 1846 1260 1881 eﬂ‘undere,
1271 1849 1420 1876 secundum
1446 1852 1518 1886 quod
1532 1853 1634 1882 dictum
1653 1861 1694 1884 est.
1709 1866 1800 1887 coram

1001 1889 1127 1924 Domino,
1140 1892 1186 1927 qui
1206 1893 1288 1921 habet
1308 1894 1335 1921 in
1357 1901 1493 1931 potestate
1515 1899 1656 1929 dimittere
1677 1910 1798 1938 peccata,

999 1935 1120 1964 festinet.

1034 1981 1116 2009 Vens.
1132 1983 1179 2010 16.
1205 1993 1214 2010 α
1233 1985 1280 2012 Vir
1294 1986 1327 2014 de
1345 1995 1400 2023 quo
1415 1990 1569 2025 egredietur
1583 2000 1675 2020 scmcn
1698 1995 1796 2030 coitus,

996 2026 1096 2055 lavabit
1118 2036 1188 2065 aqua
1202 2038 1284 2059 omne
1297 2040 1398 2068 corpus
1413 2043 1503 2069 suum,
1521 2041 1547 2064 et
1560 2037 1718 2068 immundus
1745 2043 1798 2070 crit

995 2081 1080 2110 usque
1091 2075 1125 2103 ad
1133 2084 1285 2112 vesperam,
1297 2078 1406 2108 Vestem
1416 2085 1444 2108 et
1456 2083 1553 2117 pellem
1572 2092 1652 2119 qualn
1668 2087 1796 2117 habuerit

995 2115 1096 2144 lavabit
1117 2125 1197 2153 aqua,
1221 2124 1248 2147 et
1263 2120 1403 2149 immunda
1421 2115 1473 2150 erit
1488 2115 1627 2160 usque-ad
1640 2136 1793 2164 vesperam.

994 2161 1089 2190 Mulier
1104 2171 1166 2191 cum
1181 2173 1234 2200 qua
1249 2167 1355 2201 coierit,
1372 2168 1507 2197 lavabitur
1517 2179 1598 2207 aqua,
1610 2179 1638 2201 et
1653 2174 1792 2204 immunda

992 2209 1044 2237 erit
1056 2217 1141 2246 usque
1154 2212 1188 2239 ad
1204 2220 1355 2248 vesperam.
1377 2225 1386 2241 ο

1027 2255 1215 2285 Necessariam
1238 2258 1339 2287 habere
1362 2261 1596 2296 regenerationem
1619 2265 1791 2301 baptismatis

142 2299 190 2319 eos
212 2293 358 2326 sacerdoti,
384 2295 429 2330 qui
445 2294 527 2323 faciet
549 2304 635 2324 unum
653 2305 702 2332 pro
717 2302 842 2333 peccato,
855 2304 883 2327 et
896 2301 937 2326 al-
957 2313 977 2340 [δ
993 2301 1143 2330 lmmanum
1162 2312 1257 2340 genus,
1282 2305 1339 2340 ipse
1364 2306 1495 2335 Dominus
1520 2310 1650 2344 ostendit,
1675 2313 1769 2340 dicens
1781 2324 1789 2340 :

142 2342 230 2366 terum
248 2339 275 2366 in
310 2340 511 2374 holocaustum,
531 2342 692 2378 rogabitqne
720 2352 769 2378 pro
788 2352 822 2372 eo
848 2353 939 2374 coram

141 2385 267 2418 Domino,
285 2387 485 2414 uteuiundetur
497 2395 512 2415 a
523 2387 596 2415 ﬂuxu
611 2390 723 2417 seminis
736 2390 790 2418 sui.
813 2400 823 2416 ι

175 2431 227 2465 Qui
242 2438 348 2468 septem
357 2433 415 2460 dies
425 2435 580 2462 numerabit
594 2435 656 2467 sibi,
668 2435 694 2462 id
711 2441 753 2465 est
764 2438 941 2472 operationes

140 2478 263 2512 spiritus.
287 2479 331 2506 hic
352 2483 448 2507 octava
469 2480 523 2513 die,
548 2481 573 2508 id
590 2485 631 2508 est
656 2482 684 2508 in
702 2483 787 2518 gratia
812 2484 939 2512 videlicet

139 2522 251 2556 Christi,
272 2531 333 2558 qua:
351 2529 446 2552 octava
469 2525 512 2552 die
527 2526 736 2554 resurrectionis
760 2528 867 2561 enituit,
884 2537 934 2556 seu

139 2570 244 2602 claruit,
254 2570 416 2599 sacriﬁcium
424 2571 522 2600 oﬂ'erre
533 2572 628 2608 jussus
637 2577 687 2602 est.
700 2573 777 2606 Quod
790 2580 831 2602 est
842 2580 933 2603 autem

140 2616 191 2643 hoc
206 2616 382 2645 sacriﬁcium.

175 2661 207 2688 Id
223 2669 273 2694 est,
287 2663 352 2690 duo:
367 2667 491 2696 turtures,
508 2669 555 2691 aut
566 2665 630 2692 duos
642 2665 728 2700 pullas
740 2667 931 2696 columbarum.

139 2705 254 2742 Dignum
269 2713 311 2735 est
322 2708 373 2736 hoc
385 2709 542 2738 doctoribus
567 2711 748 2746 sacriﬁcium;
768 2720 800 2740 ex
821 2713 931 2742 alitibus

138 2753 210 2780 enim
234 2758 299 2781 sunt
321 2754 380 2782 haec
397 2756 537 2784 animalia.
554 2756 587 2784 Et
613 2758 722 2793 quidem
746 2763 836 2787 turtur
854 2762 930 2796 quasi

140 2799 340 2827 nieditatorium
360 2806 401 2829 est
421 2802 521 2830 animal
537 2812 544 2836 ;
559 2804 684 2832 columba
708 2810 798 2833 autem
821 2812 933 2842 propter

139 2845 286 2879 generandi
315 2846 510 2883 frequentiam,
536 2855 565 2877 et
591 2856 700 2886 propter
728 2852 931 2888 simplicitatem

189 2946 199 2961 ⁸
211 2945 265 2974 lso.
281 2955 322 2982 ιι,
335 2948 362 2975 ἓ.
425 2951 434 2966 ³
446 2949 526 2978 Joan.
542 2959 590 2984 vti,
608 2951 652 2979 58.
710 2952 720 2966 ¹
735 2951 815 2980 Joan.
832 2962 869 2987 tv,
889 2954 929 2982 14.

995 2348 1056 2375 Nisi
1071 2350 1129 2385 quis
1145 2356 1252 2378 renatus
1265 2353 1345 2388 fuerit
1361 2362 1430 2392 aqua
1449 2359 1473 2381 et
1490 2357 1595 2390 spiritu,
1612 2365 1663 2384 non
1679 2359 1790 2387 intrabit

994 2394 1021 2421 in
1038 2403 1146 2431 regnum
1172 2398 1297 2424 caelorum
1308 2399 1328 2426 ".
1346 2399 1431 2434 Cujus
1448 2401 1575 2436 equidem
1590 2404 1679 2432 sordis
1693 2405 1722 2432 in
1739 2415 1790 2434 no-

993 2440 1074 2468 biscx
1087 2441 1173 2469 Adam
1187 2443 1370 2473 inobedicntia
1381 2452 1421 2474 est
1434 2448 1658 2482 transfusa,unde
1666 2455 1694 2478 ct
1704 2451 1786 2481 David

991 2485 1020 2512 in
1045 2486 1235 2521 iniquitatibus
1257 2497 1287 2516 se
1309 2495 1414 2524 natum,
1439 2497 1466 2520 et
1482 2492 1508 2519 in
1531 2495 1650 2529 peccatis
1670 2499 1787 2526 asseruit

989 2540 1050 2559 esse
1066 2539 1239 2570 conceptum,
1257 2544 1311 2564 non
1327 2542 1443 2566 matrem
1462 2547 1540 2567 suam
1554 2548 1686 2570 accusans
1697 2543 1718 2576 ',
1737 2545 1785 2572 sed

988 2584 1131 2614 peccatum
1160 2581 1290 2615 innuens,
1311 2584 1384 2619 quod
1414 2585 1536 2614 decurrit
1562 2595 1595 2615 ex
1621 2596 1733 2625 genere.
1752 2591 1786 2619 Et

987 2633 1062 2653 nunc
1079 2626 1217 2662 lcgislator
1234 2636 1309 2663 eum,
1335 2630 1369 2658 de
1384 2639 1439 2667 quo
1465 2640 1559 2661 semen
1574 2635 1715 2671 egreditur
1727 2638 1785 2664 coi-

987 2676 1041 2706 tus,
1056 2673 1082 2700 id
1095 2677 1137 2700 est
1150 2681 1212 2701 eutn
1224 2675 1270 2710 qui
1287 2683 1336 2708 pro
1347 2677 1408 2705 [iliis
1420 2680 1597 2713 procreandis
1609 2689 1703 2710 semen
1717 2683 1786 2711 effu-

986 2719 1037 2752 dit,
1053 2720 1100 2746 sed
1116 2724 1144 2747 et
1165 2721 1309 2749 mulierem
1332 2731 1393 2758 qua:
1412 2726 1544 2761 suscepit,
1578 2727 1668 2755 lavare
1683 2735 1784 2764 carpas

987 2765 1121 2799 praecepit
1143 2765 1178 2793 ob
1207 2765 1269 2798 hoc,
1301 2768 1365 2802 quia
1390 2776 1485 2797 semen
1500 2772 1631 2807 suscepit,
1647 2780 1697 2808 per
1711 2775 1783 2808 quod

987 2811 1040 2837 hoc
1057 2811 1188 2846 templum
1206 2818 1332 2841 nostrum
1355 2818 1452 2850 totum,
1477 2817 1504 2844 id
1518 2823 1569 2850 est,
1586 2818 1691 2854 integer
1702 2819 1784 2847 horno

987 2856 1153 2884 describitur
1176 2865 1209 2885 ex
1226 2859 1317 2886 anima
1341 2864 1369 2887 et
1391 2868 1517 2896 corpore.
1549 2862 1782 2896 Quemadmodum

988 2956 997 2970 "
1012 2955 1088 2983 Joan.
1110 2965 1150 2990 ιιι,
1172 2959 1198 2986 5.
1255 2959 1266 2974 ⁸
1281 2958 1353 2986 Psal.
1370 2968 1396 2992 ι,
1408 2960 1434 2987 5.
