2052 3146
203 134 255 169 977

782 133 821 163 IN
844 134 1062 165 LEVITICUM.
1078 149 1113 154 -
1130 138 1204 169 LIB.
1222 140 1255 171 Υ.

1788 151 1839 182 978

203 200 356 229 vesperam.
374 192 405 219 Et
426 192 453 220 in
478 199 532 227 quo
545 190 696 223 dorinicrit.
715 193 757 219 vel
775 193 878 220 sederit
895 194 992 221 diebus
1009 198 1028 224 Α
1045 196 1123 224 aliter
1137 199 1292 234 mundatur,
1311 203 1364 230 nisi
1382 204 1488 233 lui-atus
1507 215 1586 241 aqua.
1610 208 1679 241 Quid
1697 210 1733 237 sit
1746 217 1837 239 autem

203 239 384 274 separationis
401 246 458 265 suae
477 238 618 273 polluitur.
642 238 694 271 Qui
721 239 840 274 tetigerit
863 240 994 267 lectulum

203 285 273 319 ejus,
302 283 405 310 lavahit
433 283 595 310 vestimenta
619 290 678 314 sua,
701 289 728 310 et
750 283 808 318 ipse
833 284 903 312 lotus
913 292 992 319 aqua,

205 329 326 365 pollutus
350 329 402 356 erit
415 336 500 363 usque
519 329 552 356 ad
572 337 724 364 vesperam.
745 330 831 357 Omne
848 338 895 357 vas
912 338 994 365 super

200 377 273 410 quod
300 375 344 402 illa
369 374 479 406 sederit",
496 375 623 409 quisrjuis
639 376 769 410 attigerit.
789 376 887 403 [arabit
908 377 992 403 vesti-

201 426 292 449 menta
321 430 380 453 sua.
408 425 435 449 et
462 420 535 448 lotus
559 428 629 455 aqua
645 421 765 457 pollutus
784 422 838 448 erit
854 429 939 456 usque
958 423 991 449 ad

201 477 353 504 vesperam.
374 478 384 494 ι

234 515 353 542 intentio
365 513 527 549 legislatoris
545 518 586 541 est
601 521 616 540 a
632 513 757 540 muliebri
775 513 887 541 libidine
904 514 991 540 abdu-

197 569 260 588 cere
276 560 427 592 hominem,
443 559 578 594 simulque
591 567 651 586 cum
669 559 734 586 viris
748 563 775 586 et
789 560 918 586 mulieres
928 567 991 594 pro-

199 608 293 634 hibere
310 615 325 633 a
343 605 431 640 turpis
442 605 646 633 eommistionis
663 613 756 633 causa.
773 605 830 633 Non
846 606 920 632 enim
940 607 991 633 hoc

197 661 247 688 pro
263 653 378 680 ﬁliorum
392 651 579 686 procreatione
592 651 645 686 agi.
660 652 775 678 maxime
791 659 822 678 ea
839 660 898 686 quae
915 660 989 679 nunc

196 699 336 730 dicuntur,
354 697 499 725 aﬂirmant.
524 696 631 725 Invenit
652 699 725 725 enim
743 700 853 725 modum
872 707 926 733 quo
942 707 990 733 per

196 746 270 773 varia
287 749 450 780 temporum,
467 752 500 772 ac
515 744 631 779 plurima
646 744 798 776 intervalla,
815 745 849 772 ab
865 745 988 780 ingressu

195 791 322 818 muliebri
348 795 456 824 separet
478 790 575 817 viros:
604 798 667 816 nam
699 790 838 817 mensibus
873 791 989 825 singulis

195 838 299 864 ﬂuxum
312 837 452 872 sanguinis
471 837 622 872 patiuntur.
641 836 751 871 Septem
777 842 868 864 autem
890 838 987 865 diebus

193 883 351 910 immundus
362 891 409 910 eas
424 891 494 915 esse,
511 889 612 918 eosque
626 882 708 909 etiam
726 883 771 917 qui
784 883 900 917 simplici
914 889 988 911 tactu

195 937 241 956 eas
253 929 426 965 contingunt,
446 929 601 956 immundos
614 937 675 956 esse
691 937 776 962 usque
795 931 828 957 ad
843 938 986 965 vesperam

195 976 335 1010 praecepit.
349 975 401 1009 Qui
415 983 481 1003 vero
493 983 555 1002 cum
574 976 617 1003 his
635 977 784 1008 dormiunt,
804 985 859 1005 non
878 986 931 1005 una
944 979 987 1005 die

194 1023 359 1055 immundos,
386 1022 434 1050 sed
462 1027 565 1056 septem
589 1022 647 1050 dies
674 1030 734 1051 esse
751 1024 826 1051 dicit.
844 1024 915 1060 Ergo
935 1026 987 1053 sub

193 1069 301 1096 dierum
319 1069 466 1096 multorum
484 1069 665 1100 continentia.
682 1073 736 1096 tam
759 1071 888 1098 mulieres
908 1079 922 1099 a
948 1073 987 1099 vi-

193 1115 242 1145 ris,
255 1122 338 1150 quam
353 1115 402 1142 viri
420 1123 435 1142 ει
452 1115 611 1143 mulieribus
625 1117 789 1144 necessitate
811 1118 983 1146 cohibentur.

193 1161 228 1188 Et
242 1161 285 1188 his
301 1161 410 1196 quidem
428 1162 566 1189 sensibilis
578 1162 697 1195 Judatus,
717 1167 744 1190 et
758 1165 908 1191 secundum
926 1173 986 1192 enr-

193 1215 255 1235 nem
275 1208 397 1236 Israelita
422 1209 513 1242 juvari
532 1210 713 1244 pertlitteram
727 1215 854 1246 poterat;
875 1212 927 1239 hoc
944 1218 986 1240 est

191 1259 283 1282 autem
311 1255 484 1282 verissimum
505 1256 636 1290 juvamen
664 1257 793 1292 spiritalis
823 1260 984 1287 considera»

191 1295 285 1334 tionis,
306 1302 378 1337 quod
397 1306 438 1329 est
457 1303 530 1330 intus
545 1303 691 1332 inclusum.
714 1305 813 1334 Fluxus
832 1307 904 1334 enim
921 1315 984 1335 san-

190 1346 282 1382 guinis
296 1349 404 1379 anitum,
417 1349 496 1384 cujus
510 1357 666 1384 personam,
678 1356 772 1386 utpote
786 1352 981 1384 elicuiiiiatani,

190 1396 219 1419 et
244 1392 432 1421 fortitudinem
465 1396 576 1430 pictatis
607 1397 785 1431 prodentem,
815 1399 840 1425 in
869 1400 984 1426 muliere

189 1446 265 1466 nunc
289 1440 428 1475 legislator
457 1442 615 1474 insinuavit,
639 1445 791 1472 idololatria
818 1451 874 1473 est.
897 1446 984 1481 Hujus

190 1486 341 1513 secundum
364 1487 437 1521 quod
453 1487 522 1516 LXX
537 1489 623 1516 edunt
646 1490 734 1524 ﬂuxus
746 1491 774 1517 in
789 1499 895 1526 corpore
908 1492 982 1527 ejus:

1045 251 1113 287 aqua
1136 245 1162 272 in
1187 249 1404 280 prxeeleutibus
1426 251 1555 284 diximus,
1581 254 1716 284 inla'ntnm
1729 262 1838 291 oportet

1044 290 1078 317 ab
1095 292 1168 318 omni
1195 293 1354 322 i.lololalri.n
1376 297 1479 324 malitia
1501 299 1651 333 abstinere,
1677 306 1703 329 et
1724 290 1775 330 nec
1790 311 1838 331 eos

1044 337 1089 370 qui
1107 337 1188 366 idolis
1206 341 1340 374 serviunt,
1363 351 1414 370 nec
1431 344 1481 371 hos
1494 346 1594 380 quibus
1614 348 1649 374 illi
1664 349 1741 383 quasi
1757 357 1836 383 orga-

1043 382 1097 415 nis,
1111 384 1151 410 vel
1166 386 1243 420 quasi
1261 387 1348 418 lectis,
1365 394 1411 415 aut
1427 390 1499 416 vasis
1510 396 1637 426 utuntur,
1656 382 1834 429 contingere:

1043 428 1069 455 id
1082 434 1124 457 est
1149 430 1175 457 in
1189 433 1264 458 nullo
1295 441 1357 460 cum
1380 435 1420 462 eis
1440 439 1662 466 communionem
1679 441 1790 471 habere,
1807 446 1837 468 ut

1043 473 1144 502 Paulus
1173 478 1332 511 prohiberet
1363 481 1444 508 etiam
1477 483 1503 509 in
1535 483 1618 511 idolio
1658 486 1831 517 remnnbere,

1042 528 1074 547 ac
1089 521 1174 548 multo
1189 524 1274 558 magis
1290 526 1434 553 comedere
1451 527 1630 564 idolothvtum
1644 531 1675 557 ’⁵.
1698 530 1751 556 Sed
1778 531 1836 557 haec

1042 567 1152 601 quidem
1166 566 1260 603 parum
1273 577 1384 602 nocent,
1397 580 1449 600 nec
1463 574 1641 608 pollutionem
1655 576 1766 605 habent.
1781 576 1834 604 Sed

1041 613 1087 640 illo
1099 613 1143 641 die
1158 615 1329 644 immundum
1347 625 1407 645 esse
1424 619 1490 646 dicit
1503 620 1657 655 legislator:

1043 672 1048 678 -
1077 658 1157 687 Vens.
1182 661 1228 688 ΞΑ.
1251 671 1260 688 ι
1297 663 1324 689 Si
1335 669 1425 691 autem
1450 665 1548 700 aliquis
1582 666 1678 694 coierit
1697 674 1758 694 eum
1791 674 1834 699 ea,

1042 711 1164 741 tempore
1179 709 1318 743 sanguinis
1340 711 1524 742 menstrualis,
1549 712 1705 740 immundus
1720 713 1770 740 erit
1787 720 1832 740 se—

1041 757 1115 787 ptem
1130 754 1197 782 dies.
1213 763 1222 780 ›

1076 799 1104 826 ld
1119 805 1170 832 est,
1186 801 1208 828 si
1226 801 1286 836 quis
1301 802 1382 834 malo,
1399 806 1426 830 et
1440 803 1541 830 actioni
1555 803 1654 830 animai.
1681 804 1760 832 idolis
1775 812 1834 832 ser-

1041 846 1139 873 vientis
1154 848 1406 880 communicaverit,
1419 849 1563 876 immolaris
1585 849 1701 877 forsitan
1728 855 1756 878 et
1776 851 1834 886 ipse

1039 893 1127 925 idolis,
1138 893 1194 921 sive
1211 893 1309 928 libans,
1322 899 1368 922 aut
1382 895 1482 930 aliquid
1496 903 1579 932 agens
1593 896 1728 925 idolorum
1744 898 1834 926 servi-

1041 940 1094 967 tuti
1112 940 1267 974 proximum
1285 950 1291 968 :
1309 941 1361 968 hoc
1371 946 1413 969 est
1427 942 1499 970 enim
1522 950 1583 970 cum
1599 943 1700 970 ﬂuxum
1724 944 1834 979 sangui—

1039 984 1081 1011 nis
1099 984 1219 1019 patiente
1236 985 1366 1017 dormire,
1381 984 1568 1020 multipliciter
1600 990 1715 1021 peccato
1731 988 1833 1023 pollui—

1039 1035 1092 1058 tur.
1105 1030 1220 1066 Propter
1235 1031 1308 1066 quod
1323 1039 1373 1066 pro
1388 1039 1442 1059 una
1457 1032 1501 1059 die
1524 1036 1629 1067 septem
1646 1033 1743 1060 diebus
1767 1042 1830 1062 eum

1038 1078 1209 1106 immundum
1225 1087 1286 1107 esse
1300 1080 1440 1115 praecepit,
1456 1080 1526 1107 sicut
1547 1081 1592 1115 qui
1619 1089 1728 1108 onmem
1753 1090 1830 1109 suam

1037 1125 1132 1158 vitam,
1148 1129 1175 1152 et
1187 1133 1298 1153 omnem
1323 1133 1400 1153 suam
1420 1127 1658 1154 conversationem
1680 1127 1832 1156 fecitidolis

1037 1171 1181 1199 serviendo
1192 1172 1361 1200 sordescere.

1072 1218 1156 1246 Vens.
1172 1218 1265 1246 95-27.
1284 1228 1293 1244 ‹
1312 1218 1409 1246 Mulier
1421 1227 1482 1254 quae
1505 1220 1607 1255 patitur
1620 1220 1714 1248 multis
1736 1221 1833 1248 diebus

1037 1263 1137 1290 ﬂuxum
1148 1264 1298 1300 sanguinis,
1314 1272 1370 1291 non
1386 1268 1509 1300 tempore
1532 1266 1704 1298 menstruali,
1719 1266 1760 1294 vel
1771 1275 1832 1301 quas

1037 1315 1096 1349 post
1109 1316 1280 1338 menstruum
1295 1312 1454 1346 sanguinem
1468 1312 1553 1340 ﬂuere
1563 1321 1618 1340 non
1635 1317 1735 1343 cessat.
1745 1322 1833 1349 quan—

1036 1346 1162 1384 diu‘huic
1176 1357 1298 1392 subjaeet
1316 1357 1446 1392 passioni,
1469 1358 1610 1386 immunda
1623 1358 1687 1391 erit,
1705 1359 1784 1394 quasi
1797 1361 1830 1386 sit

1036 1403 1064 1429 in
1081 1407 1202 1437 tempore
1213 1407 1365 1431 menstruo.
1388 1403 1474 1431 Omtte
1491 1408 1607 1431 stratum
1628 1404 1657 1431 in
1685 1412 1739 1439 quo
1767 1404 1832 1432 dor-

1036 1449 1135 1481 mierit,
1147 1454 1174 1477 et
1190 1457 1237 1477 vas
1248 1450 1275 1477 in
1291 1458 1345 1484 quo
1357 1449 1460 1478 sederit
1485 1450 1619 1484 pollutum
1632 1450 1693 1478 erit.
1710 1450 1831 1484 Quicun-

1035 1503 1088 1529 que
1107 1495 1229 1531 tetigerit
1254 1504 1296 1528 ea,
1318 1497 1420 1524 lavabit
1447 1497 1610 1525 vestimenta
1637 1505 1695 1530 sua,
1724 1502 1753 1525 et
1774 1497 1831 1533 ipse

190 1533 333 1567 corruptio
347 1534 431 1567 enirn,
455 1542 502 1562 seu
528 1536 644 1570 perditio
667 1541 709 1564 est
725 1537 837 1564 humani
863 1540 982 1574 generis,
998 1543 1019 1570 α
1036 1542 1107 1569 lotus
1125 1550 1202 1577 aqua,
1230 1542 1388 1570 immundus
1416 1543 1468 1570 erit
1497 1551 1583 1577 usque
1597 1544 1631 1571 ad
1644 1551 1797 1579 vesperam.
1821 1553 1829 1570 ν

190 1578 355 1606 idololatrici
380 1581 521 1615 sanguinis
552 1582 661 1609 cll'usio.
682 1583 797 1618 Propter
825 1584 898 1619 quod
927 1593 982 1612 non

191 1623 260 1651 dixit
273 1625 305 1651 de
318 1632 433 1660 corpore
450 1627 519 1661 ejus,
540 1635 629 1661 neque
647 1629 720 1655 enim
738 1639 752 1656 a
774 1630 854 1658 nobis
867 1636 909 1658 est
925 1632 984 1659 ido-

190 1670 298 1698 lolatria
318 1672 475 1705 adinventa,
494 1675 542 1701 sed
568 1683 582 1702 a
603 1676 773 1704 dannonibus
791 1687 797 1704 :
815 1679 842 1704 in
870 1686 985 1714 corpore

193 1717 319 1746 videlicet
331 1720 422 1754 generi
439 1725 533 1748 nostro
547 1722 649 1749 inﬂicta
663 1727 715 1755 est,
733 1728 760 1750 et
773 1725 913 1760 corruptio
935 1726 986 1752 hu-

190 1771 280 1792 mana:
304 1770 346 1792 est
366 1765 463 1793 aﬂecta
489 1771 602 1794 naturae.
620 1769 673 1795 Sed
695 1773 722 1796 et
738 1774 859 1804 tempora
879 1771 986 1798 denun-

192 1810 274 1843 tians,
305 1812 333 1839 in
358 1813 457 1847 quibus
484 1813 636 1842 idololatria
663 1816 792 1849 obtinuit,
821 1817 855 1844 de
884 1818 985 1852 quibus

191 1857 293 1884 Paulus
312 1857 437 1886 dicebat:
455 1859 488 1886 Et
504 1861 610 1895 quidem
631 1865 748 1896 tempora
770 1864 928 1898 ignorantia:
940 1866 985 1891 dc—

188 1901 303 1934 apiciens
313 1902 392 1935 Deus,
407 1912 477 1931 nunc
490 1906 633 1932 annuntiat
648 1915 737 1934 omnes
750 1908 846 1943 ubique
858 1910 986 1942 prcm'ten-

191 1949 258 1975 tiam
273 1957 352 1983 agere
364 1951 396 1977 ιδ.
423 1950 492 1983 Quid
505 1952 592 1979 dixit:
606 1952 711 1989 Septem
733 1955 825 1982 diebus
849 1956 985 1989 seum-abi.

192 1995 252 2022 tur?
280 1994 358 2028 Quod
379 1997 423 2024 alii
441 2006 447 2025 :
478 1998 538 2025 Erit
564 1999 592 2026 iu
607 2001 764 2034 purgatione
776 2010 836 2028 sua.
849 2003 902 2029 Alii
918 2011 985 2031 vero

191 2040 382 2075 interpretes:
407 2042 439 2070 In
465 2046 633 2078 separatione
663 2047 811 2082 iniquitatis
838 2056 901 2075 autc.
932 2048 983 2075 Alii

188 2090 281 2113 autem
295 2087 408 2115 miseriae
426 2089 581 2123 ediderunt,
598 2096 628 2118 ut
653 2100 701 2127 per
718 2093 901 2127 scptcnarium
925 2094 983 2121 die-

188 2139 250 2159 rum
274 2141 430 2166 numerum,
451 2140 574 2172 tempora
595 2138 774 2173 signiﬁcaret.
800 2139 919 2175 Spiritus
937 2141 983 2176 qui

188 2185 274 2212 usque
299 2179 333 2206 ad
366 2181 577 2216 completionem
600 2187 751 2219 temporum
778 2191 853 2218 sunt,
878 2186 907 2213 in
929 2195 982 2222 qua

188 2225 372 2259 completione
385 2228 541 2262 evangelica
562 2231 688 2263 provenit
702 2231 870 2266 pricdicatio,
892 2233 919 2260 in
938 2233 980 2261 his

187 2272 305 2305 separati
321 2279 335 2299 a
351 2273 406 2300 Deo
419 2282 468 2308 per
485 2275 665 2304 idololatriam
679 2277 806 2306 homines
830 2279 856 2306 in
871 2287 982 2314 separa-

188 2317 262 2344 tione
277 2318 436 2354 iniquitatis,
451 2326 478 2349 et
490 2323 605 2350 miseria:
624 2325 779 2352 necessario
791 2331 880 2359 erant,
896 2334 982 2361 usque

187 2362 252 2390 dum
279 2363 334 2391 Deo
363 2374 412 2401 per
437 2369 621 2403 evangelicum
650 2372 887 2399 conversationem
915 2381 982 2401 con-

184 2409 372 2445 iungeremur,
388 2421 447 2447 quae
464 2414 490 2440 iu
511 2419 634 2442 octavam
650 2416 720 2443 diem
746 2418 900 2452 accipitur:
916 2420 980 2454 quia

187 2457 306 2492 signum,
321 2463 349 2486 et.
364 2460 539 2495 principium,
557 2468 584 2489 et
603 2471 649 2490 ara
666 2465 870 2498 quodammodo
885 2467 978 2493 smculi

186 2508 228 2530 est
249 2505 343 2539 futuri,
369 2511 479 2541 propter
495 2509 578 2543 quod,
601 2514 627 2536 et
648 2515 742 2538 octava
768 2511 812 2538 die
831 2511 980 2540 Salvatoris

186 2553 320 2586 processit
337 2554 513 2581 resurrectio.
534 2555 593 2582 Non
611 2557 698 2584 solum
715 2563 806 2584 autent
825 2558 903 2585 idolis
918 2567 978 2587 ser-

187 2597 264 2624 viens
285 2599 386 2632 anima,
404 2601 451 2628 sed
471 2606 498 2628 et
515 2601 537 2628 is
551 2603 596 2636 qui
616 2611 675 2630 eum
693 2604 789 2638 tangit,
809 2604 834 2631 id
856 2610 907 2636 cst.
931 2607 977 2640 qui

186 2644 322 2680 particrps
333 2646 392 2680 ejus
405 2646 521 2676 eﬂiritur
538 2657 544 2674 :
562 2654 587 2675 et
612 2650 697 2676 multo
713 2651 797 2685 magis
818 2651 871 2684 hic,
888 2653 939 2686 qui
951 2652 978 2678 in

152 2688 158 2692 ’
185 2698 240 2724 quo
263 2692 374 2723 domuit,
398 2694 440 2720 vel
458 2694 483 2720 in
499 2703 553 2729 quo
573 2695 659 2728 sedet,
679 2700 772 2731 utpote
785 2697 830 2732 qui
845 2698 978 2725 doctrina:

186 2736 255 2769 ejus,
272 2742 300 2764 et
317 2738 470 2766 traditionis
480 2740 615 2774 particeps
631 2741 672 2767 vel
687 2742 734 2776 qui
749 2742 846 2769 coierit
857 2751 919 2770 cum
934 2751 975 2775 ea,

186 2781 344 2810 immundus
372 2784 433 2818 erit,
450 2789 476 2812 et
505 2786 691 2814 ntundationis
709 2795 776 2822 opus
808 2788 900 2819 hab-t,
927 2797 977 2815 nec

241 2871 261 2888 "
275 2872 338 2900 Act.
356 2882 421 2906 xrn,
441 2875 482 2902 50.
543 2878 562 2893 ’⁵
578 2877 588 2904 l
603 2877 663 2904 Cur.
681 2885 754 2910 xviii,
772 2877 787 2903 8
809 2877 849 2904 tt.

1072 1587 1209 1620 Quantum
1223 1587 1340 1615 vindicet
1358 1588 1469 1623 spiritus
1482 1588 1526 1616 Dei
1541 1589 1608 1625 legis
1622 1587 1832 1624 contemplatio-

1037 1640 1110 1665 nem,
1127 1637 1155 1660 et
1169 1633 1313 1660 lectionem
1328 1634 1427 1662 littera:
1454 1635 1498 1662 his
1514 1642 1573 1670 qum
1588 1643 1638 1670 per
1666 1639 1758 1671 partes
1768 1643 1831 1663 san-

1037 1679 1160 1713 ciuntur,
1177 1680 1299 1707 ostendit
1318 1688 1324 1706 :
1341 1680 1404 1715 quia
1433 1681 1506 1708 enim
1528 1680 1629 1708 ﬂuxum
1646 1681 1759 1709 seminis
1783 1689 1833 1717 pa-

1038 1726 1162 1758 tientem,
1174 1726 1219 1760 qui
1232 1726 1315 1753 habet
1331 1726 1358 1754 in
1384 1727 1442 1762 lege
1464 1727 1612 1755 obscenam
1627 1731 1655 1755 et
1675 1732 1831 1763 corruptam

1038 1772 1206 1804 doctrinam,
1223 1773 1287 1800 olim
1306 1773 1436 1806 diximus,
1454 1778 1482 1801 et
1501 1773 1535 1801 de
1560 1782 1614 1809 quo
1629 1774 1716 1802 coitus
1738 1782 1831 1802 semen

1037 1820 1189 1854 egreditur,
1208 1820 1321 1847 Jndaiea
1347 1825 1443 1848 utente
1470 1820 1606 1848 doctrina.
1631 1819 1784 1848 Restabant
1804 1821 1831 1848 bi

1038 1865 1082 1900 qui
1097 1873 1266 1900 paganorum
1279 1866 1433 1893 doctrinam
1447 1866 1547 1894 docent
1564 1875 1570 1894 :
1587 1874 1651 1894 ecce
1665 1867 1747 1893 etiam
1757 1866 1831 1900 ipsos

1037 1919 1111 1938 nunc
1124 1916 1276 1947 opportune
1290 1912 1428 1939 subint‘ert
1446 1921 1518 1941 esse.
1544 1912 1613 1947 Ergo
1631 1912 1733 1939 ﬂuxum
1765 1920 1830 1939 san-

1037 1958 1136 1992 guinis,
1149 1958 1281 1985 idolorum
1297 1958 1495 1990 seductionem,
1506 1962 1534 1985 et
1549 1966 1670 1985 errorem
1698 1958 1830 1989 diximus.

1037 2008 1131 2039 utpote
1143 2011 1245 2039 genere
1255 2004 1452 2031 daemoniorum
1471 2003 1602 2039 sanguine
1628 2003 1773 2038 gaudente,
1804 2008 1831 2030 et

1036 2059 1091 2078 non
1106 2051 1194 2078 solum
1209 2058 1350 2086 pecorum,
1367 2051 1536 2086 aliorumque
1546 2050 1702 2078 animalium
1720 2050 1829 2077 irratio-

1035 2098 1178 2131 nabilium,
1196 2098 1243 2125 sed
1258 2098 1340 2126 etiam
1354 2097 1496 2126 hominum
1511 2096 1643 2125 sacriﬁcia
1661 2096 1823 2131 praecipien-

1037 2145 1083 2177 tia,
1094 2145 1130 2172 ita
1144 2145 1211 2172 utin
1225 2145 1319 2172 multis
1331 2145 1398 2172 locis
1411 2144 1482 2179 apud
1501 2152 1549 2171 eos
1564 2143 1627 2171 talia
1654 2143 1830 2171 celebraren-

1036 2196 1081 2218 tur
1095 2191 1234 2227 mysteria,
1249 2191 1333 2219 veluti
1347 2190 1466 2226 Dionysii
1484 2194 1512 2218 et
1529 2191 1631 2222 Dianm,
1656 2190 1828 2224 aliorumque

1034 2236 1200 2269 dmmonum,
1213 2237 1240 2264 in
1262 2241 1367 2264 tantum
1394 2235 1484 2264 ﬂuxus
1512 2236 1654 2272 sanguinis
1682 2235 1753 2270 apud
1781 2242 1828 2261 eos

1035 2281 1184 2309 inoleverat
1200 2291 1207 2309 :
1222 2281 1340 2309 Attende
1355 2286 1446 2309 autem
1470 2289 1552 2314 nunc,
1568 2281 1668 2317 quibus
1683 2280 1773 2309 verbis
1788 2280 1829 2308 le-

1035 2329 1145 2364 gislator
1163 2337 1228 2356 usus
1241 2333 1293 2356 est.

1073 2375 1170 2402 Mulier
1188 2384 1245 2410 qua:
1256 2377 1358 2410 patitur
1372 2375 1463 2402 multis
1496 2374 1587 2401 diebus
1599 2375 1702 2408 [litatum
1715 2374 1828 2409 sangui-

1036 2421 1076 2448 nis
1091 2429 1141 2448 non
1166 2421 1458 2456 tctnparemenstmali.
1473 2420 1550 2454 Quod
1572 2419 1644 2447 LXX
1664 2420 1703 2447 sic
1729 2420 1826 2447 edide-

1032 2473 1097 2495 runt
1118 2477 1125 2495 :
1141 2468 1238 2495 Mulier
1251 2468 1348 2502 siﬂuat
1360 2468 1520 2503 pro/luvium
1534 2467 1672 2502 sanguinis
1687 2467 1741 2493 dies
1753 2475 1826 2494 com-

1031 2514 1129 2550 plures.
1146 2514 1204 2541 Non
1220 2515 1297 2546 dixit,
1313 2515 1334 2542 si
1350 2513 1410 2542 ﬂuit
1424 2514 1598 2550 sanguinein,
1612 2514 1683 2548 quod
1698 2513 1826 2540 estidolis

1032 2561 1146 2591 servire.
1169 2560 1378 2587 sivcimmolarc
1391 2560 1456 2587 :sed
1471 2560 1500 2586 Si
1510 2560 1617 2595 [luxerit
1635 2560 1736 2594 ﬂuxum
1760 2566 1825 2585 san-

1031 2607 1128 2643 guinis,
1148 2607 1174 2633 id
1185 2612 1237 2638 est,
1253 2606 1275 2633 si
1291 2606 1350 2634 ﬂuit
1362 2607 1496 2634 maculam
1516 2609 1544 2633 et
1570 2613 1691 2634 errarent
1709 2604 1824 2632 idolola-

1033 2653 1107 2680 triie:
1125 2652 1188 2680 facit
1200 2657 1292 2679 autem
1306 2653 1357 2679 hoc
1378 2661 1432 2679 non
1457 2652 1483 2679 in
1500 2656 1622 2687 tempore
1650 2651 1822 2680 tncnstruali.

1034 2700 1059 2725 id
1077 2703 1129 2728 est.
1139 2706 1192 2726 non
1207 2699 1233 2725 in
1251 2698 1420 2734 temporibus
1433 2698 1531 2734 quibus
1552 2699 1687 2726 idolorum
1704 2697 1824 2726 servitus

1033 2744 1183 2774 obtinebat,
1205 2744 1263 2771 lucc
1277 2751 1339 2771 esse
1354 2744 1533 2770 meustrualia
1562 2748 1697 2779 tempora,
1723 2742 1749 2769 in
1771 2741 1824 2768 illis

1034 2789 1133 2823 verbis,
1154 2790 1181 2817 in
1198 2790 1296 2825 quibus
1311 2791 1343 2817 de
1358 2798 1389 2817 ea
1404 2791 1591 2825 loquebamur,
1609 2794 1750 2816 oeteasum
1769 2792 1822 2815 est.
