2052 3146
221 185 273 216 979

812 185 994 216 HESYCHII
1015 186 1250 217 PRESBYTER!

1797 188 1850 221 980

221 245 275 271 Sed
294 249 322 271 et
336 248 477 279 postquam
489 243 570 278 coepit
580 243 703 276 scientia,
723 248 749 272 et
760 251 809 279 per
823 245 1008 280 evangelicam
1026 246 1047 274 Δ
1061 248 1233 282 praeciperet,
1249 246 1312 281 quia
1328 245 1458 274 divinitas
1474 246 1557 274 debet
1589 246 1703 281 intelligi
1725 246 1752 272 in
1776 250 1851 273 ante-

221 291 371 318 doctrinam
383 291 475 317 lumen
489 290 597 324 pietatis
625 289 724 322 illuxit,
751 290 809 325 ipse
831 295 922 318 tamen
951 290 1004 318 im-

222 335 322 362 munda
351 334 420 367 ﬂuit,
445 334 563 362 etdocet
594 335 719 370 quaedam
752 335 840 362 errori
873 336 1010 363 idolorum

222 379 354 412 proxima,
371 379 528 406 immundus
543 384 595 412 est,
612 379 682 406 sicut
709 380 746 406 illi
771 380 880 407 illorum
903 384 1010 416 tempu-

222 433 291 456 rum,
309 425 336 452 in
354 425 453 463 quibus
467 426 544 453 furor
570 426 703 453 idolorum
735 427 884 460 obtinebat,
895 427 940 454 illa
962 427 1011 455 do-

220 474 314 498 centes
326 478 497 506 quaecunque
510 471 543 498 ad
560 471 668 498 illorum
686 471 860 506 pertinebant
871 480 1009 501 errorem:

221 521 299 544 erant
312 517 386 545 enim
399 518 482 544 etiam
496 522 562 545 tunc
581 518 725 550 immundi,
739 518 787 545 sed
802 523 829 545 et
843 526 916 546 nunc
925 519 1011 547 multo

220 562 319 599 magis,
348 563 412 598 quia
436 563 491 599 jam
516 563 619 591 nudata
640 568 683 592 est
702 563 874 591 itnmunditia
902 572 1009 598 eorum,

222 613 250 634 et
266 616 344 635 error
370 609 523 636 convictus.
552 609 637 642 Quam
653 611 716 644 quia
747 610 896 637 noluerunt
917 611 1010 637 Oculos

202 646 204 649 ’
221 661 285 681 suos
303 654 426 688 praebere
442 655 494 682 luci
508 663 578 683 vera:
599 656 798 692 intelligentiae,
816 661 927 692 propter
937 657 1010 691 quod

221 699 290 727 dixit
306 709 313 726 :

256 744 319 777 Qua:
332 745 434 779 patitur
459 747 560 780 [luxum
585 748 732 782 sanguinis,
764 756 816 774 non
845 748 873 774 in
897 753 1010 783 tempore

220 797 365 823 menstruo,
379 792 419 819 vel
439 801 496 828 qua
508 798 565 828 past
581 798 742 820 menstruum
753 795 911 829 sanguinem
928 796 1011 829 ﬂuere

220 845 272 863 non
283 841 376 869 cessat,
392 837 510 871 quandiu
526 838 585 864 huic
600 838 718 872 subjacet
732 839 858 872 passiam",
871 840 1009 867 immunda

220 884 280 909 erit.
298 882 366 910 Nam
383 883 435 910 etsi
454 890 507 910 non
523 883 657 919 integram
686 884 877 917 idololatriatn,
896 887 1009 921 auguria

220 931 310 954 tamen
326 932 354 955 ct
368 929 550 956 divinationes
560 934 608 956 aut
619 933 859 964 purgationes,aut
873 933 1009 960 vcncﬁco-
1026 919 1046 945 Β

219 982 279 1000 runt
305 979 378 1002 artes
392 975 498 1008 doceat,
514 976 692 1004 nihilominus
712 982 741 1004 et
766 978 811 1005 hic
842 978 1007 1011 immundus,

218 1020 448 1054 quemadmodum
465 1026 493 1048 et
519 1021 558 1048 illi
581 1023 627 1056 qui
652 1024 732 1058 plene
757 1024 938 1052 idololatriam
967 1025 1010 1052 his

217 1066 316 1100 quibus
330 1066 419 1094 ﬂoruit
443 1069 622 1102 temporibus,
654 1070 799 1098 tradebant
815 1074 842 1098 et
858 1071 1007 1098 docebattt.

217 1112 271 1138 Sed
282 1115 309 1138 et
322 1112 478 1147 quicunque
496 1113 539 1140 Itis
556 1121 589 1141 cx
607 1121 689 1149 Opere
704 1116 897 1151 discipulatunt
929 1126 1009 1144 suum

217 1158 348 1191 praebent,
366 1158 394 1185 in
404 1166 520 1193 persona
538 1159 636 1186 horutn
647 1160 814 1196 intelligitur.

251 1203 371 1231 Stratum
386 1205 414 1231 in
428 1213 478 1240 quo
493 1206 642 1238 dormierit,
661 1212 685 1233 et
694 1215 739 1233 vos
750 1207 777 1233 in
788 1216 838 1242 quo
852 1208 958 1235 sederit.
981 1208 1009 1235 ld

217 1255 259 1277 est
273 1250 301 1277 lti
315 1250 361 1285 qui
375 1251 497 1279 studiose
508 1252 556 1279 bas
573 1252 714 1280 doctrinas
747 1253 911 1288 suscipiunt,
939 1254 1010 1281 sicut

217 1297 365 1330 pr:cdictus
380 1305 471 1324 sermo
485 1299 657 1331 monstravit,
676 1299 808 1326 immundi
823 1305 904 1327 erunt
915 1308 1009 1335 quem-

216 1343 362 1370 admodum
378 1348 405 1370 et
424 1343 451 1371 hi
465 1344 511 1378 qui
535 1352 583 1372 eos
615 1345 725 1372 docent.
743 1345 800 1372 Hoc
823 1345 896 1372 enim
917 1351 1010 1373 osten-

216 1391 286 1417 dens
299 1390 438 1425 legislator
455 1391 489 1419 de
509 1397 595 1419 strato
608 1397 636 1419 et
662 1399 724 1419 vase
750 1392 829 1425 dixit,
857 1394 1008 1420 secundum

216 1434 298 1466 LXX,
314 1437 480 1463 immundum
493 1438 695 1464 rritsccnndum
717 1438 772 1464 ilics
798 1438 922 1472 proﬂuvii
940 1439 1008 1473 ejus,

216 1489 263 1507 eos
278 1481 324 1516 qui
336 1489 370 1508 ex
380 1489 461 1516 opere
475 1483 539 1510 talia
556 1484 665 1511 discunt
677 1484 839 1512 docentibus
855 1486 1008 1520 comparari

216 1527 339 1562 cupiens.
356 1528 386 1555 ln
402 1533 507 1556 tantum
522 1534 613 1557 autem
627 1530 685 1558 hinc
701 1539 763 1558 vera
779 1537 852 1564 sunt,
867 1536 894 1558 et
907 1532 943 1558 ita
962 1533 1008 1559 Dei

1061 292 1190 324 rioribus,
1204 297 1276 320 retro
1289 293 1486 320 humanitatem
1497 292 1683 328 intelligimus,
1700 292 1772 320 bane
1783 299 1851 327 gen-

1062 342 1114 370 tes,
1131 346 1191 373 quae
1205 338 1232 364 in
1246 337 1322 365 ﬂuxu
1334 338 1489 366 constitutae
1508 342 1587 365 erant
1600 337 1751 373 sanguinis,
1762 337 1851 365 idolo-

1061 391 1121 410 rum
1136 384 1275 418 proposito
1289 383 1411 419 tetigisse
1426 384 1552 411 dicimus.
1569 383 1647 416 Quod
1665 383 1686 410 si
1700 391 1754 410 non
1762 382 1850 410 solum

1061 436 1119 461 eos,
1133 429 1181 463 qui
1195 429 1229 457 ad
1244 428 1442 456 eﬂ'undendum
1453 429 1615 457 idololatriae
1626 429 1788 464 sanguinem
1802 436 1850 455 va-

1061 481 1134 508 cant,
1151 475 1200 502 sed
1213 475 1294 502 etiam
1309 482 1358 503 eos
1367 475 1414 510 qui
1424 475 1524 503 docent
1537 482 1580 508 ea,
1603 482 1666 509 qua:
1693 474 1727 502 ad
1750 474 1849 502 doctri-

1061 528 1124 547 nam
1142 520 1280 554 pertinent
1297 528 1475 555 paganorum,
1493 520 1598 548 ﬂuxum
1611 521 1753 556 sanguinis
1765 529 1850 556 expo-

1061 566 1176 598 suimus,
1192 574 1247 594 non
1263 571 1305 594 est
1319 566 1479 594 admirabile
1498 574 1505 592 ε
1523 573 1583 594 mos
1597 566 1699 601 quippe
1713 570 1756 594 est
1777 567 1850 601 apud

1061 612 1220 644 exteriores,
1240 612 1358 640 afﬂuens
1375 613 1524 648 eloquium,
1549 613 1754 648 largissimeque
1766 619 1796 640 se
1818 620 1851 640 ac

1061 658 1138 685 facile
1152 659 1185 686 ad
1197 659 1350 687 doctrinam
1364 659 1509 686 eﬂ‘undens
1522 658 1625 686 ﬂuxum
1634 659 1675 686 vel
1686 659 1851 686 rhetoricam

1060 704 1205 738 appellare.

1099 749 1179 776 Vsus.
1192 748 1289 776 28-51.
1308 757 1317 774 ‹
1336 747 1364 774 Si
1379 747 1485 775 steterit
1500 747 1611 782 sanguis
1622 752 1650 774 et
1661 747 1745 774 ﬂuere
1760 755 1852 774 cessa-

1062 795 1141 827 verit,
1156 793 1311 820 numerabit
1326 798 1431 828 septem
1447 793 1505 820 dies
1517 792 1717 827 puriﬁcationis
1732 800 1800 825 suae,
1824 797 1853 820 et

1061 845 1158 867 octavo
1174 839 1219 867 die
1236 839 1333 867 oﬂ‘eret
1348 846 1397 873 pro
1412 846 1442 866 se
1467 838 1603 866 sacerdoti
1624 838 1694 866 duos
1720 842 1852 869 turtures,

1062 887 1103 914 vel
1120 887 1188 914 duos
1205 886 1294 921 pullos
1313 886 1447 914 columba:
1463 885 1497 912 ad
1513 885 1613 912 ostium
1629 884 1797 913 tabernaculi
1810 889 1851 912 te-

1061 933 1194 960 stimonii.
1217 932 1268 965 Qui
1282 940 1366 960 unum
1388 932 1469 959 faciet
1490 939 1538 966 pro
1553 935 1674 965 peccato,
1687 930 1803 957 alterum
1823 929 1852 956 in

1061 978 1259 1010 holocaustum,
1277 978 1436 1013 rogabitque
1460 986 1510 1012 pro
1525 985 1557 1004 ea
1572 984 1664 1004 coram
1676 976 1801 1008 Domino,
1824 980 1852 1002 et

1061 1033 1110 1059 pro
1124 1025 1257 1060 proﬂuvio
1269 1025 1449 1052 immunditite
1465 1024 1535 1059 ejus.
1545 1023 1684 1051 Docebitis
1700 1030 1764 1058 ergo
1780 1022 1852 1049 ﬁlios

1060 1070 1153 1103 Israel,
1167 1075 1197 1097 ut
1218 1075 1330 1097 caveant
1350 1070 1378 1096 in
1393 1069 1575 1101 immunditia,
1587 1073 1615 1096 et
1631 1076 1685 1095 non
1697 1069 1851 1095 moriantur

1061 1115 1086 1141 in
1096 1115 1222 1143 sordibus
1229 1115 1295 1147 suis,
1306 1122 1367 1142 cum
1379 1115 1533 1149 polluerunt
1545 1113 1749 1140 tabernaculum
1758 1121 1850 1140 meum

1060 1161 1131 1195 quod
1147 1165 1189 1188 est
1205 1161 1275 1188 inter
1289 1168 1345 1188 eos.
1371 1170 1380 1186 ι

1097 1208 1163 1240 Quae
1180 1207 1267 1234 virtus
1290 1206 1372 1241 hujus
1384 1206 1510 1233 sacriﬁcii
1527 1207 1572 1239 sit,
1589 1210 1617 1233 et
1644 1206 1731 1241 qualis
1751 1206 1778 1232 in
1807 1206 1850 1234 his

1060 1253 1106 1288 qui
1120 1253 1221 1279 ﬂuxum
1233 1251 1346 1279 setnittis
1357 1251 1508 1285 patiuntur,
1530 1251 1556 1277 in
1575 1257 1709 1285 quantum
1736 1258 1851 1278 necesse

1061 1305 1120 1327 erat
1136 1299 1277 1327 diximus:
1296 1299 1396 1325 similia
1417 1299 1491 1326 enim
1518 1304 1547 1326 et
1568 1298 1624 1325 illic
1648 1298 1690 1325 lex
1710 1297 1851 1332 praecepit.

1061 1345 1139 1372 Sicut
1153 1345 1226 1371 euittt
1243 1344 1279 1370 ibi
1295 1343 1495 1377 sibitnctipsum
1517 1350 1624 1369 sumere
1644 1346 1775 1371 turtures,
1804 1345 1853 1367 aut

1060 1391 1200 1418 columbas
1214 1390 1240 1417 in
1256 1389 1421 1416 sacriﬁcium
1441 1388 1544 1415 ﬂuxum
1569 1387 1682 1414 seminis
1703 1386 1852 1421 patientem

1060 1437 1196 1473 legislator
1220 1435 1357 1472 praecepit,
1380 1435 1443 1470 quia
1469 1434 1592 1469 magistri
1621 1434 1710 1460 locum
1741 1433 1852 1459 tenebat

1060 1488 1139 1517 atque
1161 1489 1315 1516 personam,
1329 1481 1368 1508 sic
1380 1479 1493 1508 et'nunc
1509 1480 1580 1506 hanc
1595 1487 1655 1514 quae
1671 1478 1730 1505 ﬂuit
1749 1477 1851 1505 ﬂuxum

1060 1529 1211 1564 sanguinis,
1229 1528 1347 1563 ﬁgurare
1369 1527 1442 1553 enim
1475 1534 1535 1552 eam
1558 1525 1687 1556 diximus,
1721 1524 1853 1551 docentes

215 1572 259 1599 lca
270 1572 441 1600 immundum
457 1574 524 1602 dicit
538 1583 612 1608 euttt,
629 1576 675 1610 qui
690 1577 729 1603 vel
743 1584 826 1610 pauca
835 1575 931 1603 boruttt
945 1577 1008 1603 atti-
1023 1586 1043 1614 ε
1062 1582 1122 1608 qua:
1134 1573 1166 1600 ad
1177 1580 1298 1600 errore-tn
1311 1571 1472 1599 idololatria:
1493 1570 1645 1605 pertinent.
1666 1569 1852 1601 Quamobrem

217 1619 266 1652 gil,
279 1619 341 1653 quia
359 1620 393 1646 ad
409 1620 480 1647 idola
492 1622 658 1656 pertinentia
680 1622 840 1657 loquuntur,
856 1628 904 1650 aut
912 1628 1006 1658 agunt,

218 1670 247 1691 ot
261 1670 288 1691 et
299 1672 362 1692 eum
380 1666 426 1700 qui
443 1666 486 1693 vel
495 1667 622 1695 comedet
636 1676 698 1695 cum
714 1669 763 1700 eis,
780 1674 827 1696 aut
843 1677 939 1697 mcttsa
956 1679 1005 1704 po—

219 1715 302 1745 luque
317 1712 561 1739 communicaverit
578 1714 779 1748 mysteriorum.
810 1716 881 1742 sicut
912 1723 1006 1742 revera

217 1755 387 1782 iuttuuudum
399 1755 530 1785 societate
550 1764 699 1786 removeat.
718 1759 795 1786 Unde
814 1765 841 1787 et
857 1761 1007 1788 Corinthiis

217 1802 356 1829 scribebat
370 1801 489 1830 Paulus:
505 1805 565 1831 Non
581 1805 688 1839 polestis
712 1805 819 1832 calicem
837 1806 942 1833 Domini
967 1808 1007 1833 bi-

217 1848 284 1880 bere,
306 1854 333 1875 ct
342 1849 450 1875 calicem
462 1850 652 1877 dwmoniornm
667 1852 696 1877 ιδ.
713 1851 755 1877 An
778 1849 937 1879 aemulantur
954 1853 1007 1879 llo—

216 1894 340 1921 mitium?
359 1896 481 1930 nunquid
495 1896 623 1924 fortiores
637 1898 682 1924 illo
698 1898 811 1925 sumus?
840 1898 874 1925 Et
887 1907 982 1926 rursus
998 1909 1004 1926 :

216 1939 282 1966 Nolo
293 1949 335 1967 vos
345 1942 426 1968 socias
441 1942 630 1968 dannaniorum
656 1951 709 1969 esse
722 1943 752 1969 ¹⁷.
770 1943 825 1970 Cur
836 1948 927 1970 autent
944 1952 1005 1970 tnu-

215 1986 290 2014 lieris
304 1988 454 2015 introduxit
468 1996 625 2023 personam,
643 1989 714 2016 bene
730 1989 865 2016 novimus.
884 1989 1006 2016 Diximus

214 2033 299 2066 enim,
319 2034 382 2068 quia
401 2041 450 2068 pro
467 2041 500 2061 eo
512 2035 585 2069 quod
600 2035 796 2070 cogitationum
813 2035 968 2062 virilitatem
980 2041 1007 2063 et

214 2079 314 2107 divinae
331 2080 453 2108 scientiae
466 2080 668 2112 fortitudinem,
687 2081 715 2108 lti
730 2082 777 2116 qui
802 2081 828 2108 in
846 2081 1006 2109 idololatria:

214 2125 377 2164 deciderunt
390 2134 524 2158 errorem,
541 2127 731 2162 prodiderunt,
748 2128 909 2163 anitnasque
939 2136 1002 2156 suas

215 2170 452 2204 t-ﬂeminaverunt,
468 2177 542 2199 recte
557 2172 584 2199 in
598 2173 639 2200 his
666 2173 712 2208 qui
735 2178 820 2209 agunt
835 2178 862 2201 et
894 2174 1003 2206 docent,

215 2225 384 2252 quaecunque
400 2218 484 2245 cultui
504 2219 638 2246 idolorum
663 2220 870 2255 impenduntur,
891 2220 1004 2255 figurant

216 2263 339 2291 mulieris
354 2264 618 2300 insinuassc.llujus
631 2267 704 2293 enim
735 2267 882 2302 imaginem
908 2275 1004 2301 gerere

215 2310 391 2346 intelligimus
403 2319 473 2344 eam,
491 2320 551 2347 qua:
567 2312 594 2339 in
611 2311 766 2347 Evangeliis
782 2312 883 2339 ﬂuxum
901 2313 1004 2347 patitur

215 2356 365 2391 sanguinis,
393 2364 454 2391 quae
476 2366 586 2385 otnnetn
616 2358 807 2387 substantiam.
838 2358 895 2385 sive
921 2358 1002 2385 vitam

214 2409 290 2428 suam
310 2402 336 2428 itt
351 2403 465 2430 medicis
477 2403 617 2438 expendit,
632 2403 658 2430 in
676 2404 718 2430 his
729 2404 775 2438 qui
789 2404 860 2439 apud
873 2410 1004 2431 eoserant

216 2447 395 2482 philosophis.
426 2448 484 2476 Non
514 2454 606 2476 tamen
633 2454 726 2476 saltata
759 2454 800 2476 est
838 2458 884 2484 per
909 2458 956 2477 eos
970 2451 1004 2477 ab

214 2492 330 2527 rl‘Tgypto
345 2493 478 2520 decedere
488 2495 589 2522 erroris
605 2495 656 2525 sui,
671 2495 735 2530 quia
762 2496 875 2522 dicentes
895 2505 922 2522 se
949 2505 1003 2522 esse

214 2538 353 2571 sapientes,
369 2539 444 2565 stulti
458 2540 523 2573 [acti
536 2546 594 2566 sunt
606 2541 638 2566 “.
663 2541 731 2568 Cum
746 2541 820 2568 enim
847 2542 1004 2568 viderentur

215 2583 421 2611 simulacrorum
451 2585 524 2612 cultu
550 2591 578 2613 et
604 2587 695 2614 furore
716 2588 947 2620 alienati,terrant
966 2593 1004 2614 ta-

217 2639 278 2656 men
308 2631 501 2664 metiebantur,
518 2640 609 2659 aerem
631 2638 657 2659 t-t
673 2634 781 2666 omium,
795 2641 910 2668 quorum
935 2635 1003 2660 scire

215 2675 299 2703 solius
314 2677 359 2703 Dei
375 2681 416 2704 est
434 2677 556 2710 exordia,
587 2679 728 2706 terminos.
765 2679 830 2712 Qtne
860 2681 917 2706 haec
941 2689 1004 2715 ergo

216 2722 351 2750 f‘tnbriam
364 2722 429 2750 Jcsu
447 2729 521 2751 retro
550 2729 673 2759 tangens,
696 2725 808 2753 liberata
824 2731 865 2753 est
883 2733 897 2752 a
919 2726 1003 2752 ﬂuxu.

216 2769 336 2798 Dicimus
348 2776 438 2798 autem
453 2771 585 2799 ﬁmbriam
600 2773 668 2807 ejus,
686 2774 765 2801 fidem
781 2773 841 2808 ejus
854 2783 861 2807 ;
878 2782 940 2800 natn
956 2782 1005 2800 cn-

215 2817 259 2851 jus
271 2816 309 2844 rei
325 2817 409 2853 gratia
421 2826 483 2846 cttm
500 2819 634 2847 ﬁmbriam
664 2819 754 2847 facere
767 2819 888 2847 vestibus
902 2819 1006 2855 Moyses

271 2909 292 2926 ¹⁶
306 2910 317 2936 l
330 2909 394 2938 Cor.
410 2919 436 2941 x,
449 2911 494 2938 ΞΟ.

552 2911 570 2926 ¹⁷
587 2911 655 2939 ibid.
710 2908 731 2925 ¹³
746 2908 828 2936 Rom.
845 2918 865 2942 t,
875 2908 920 2936 εἰ».

1059 1619 1240 1654 eloquentiam
1252 1618 1364 1650 docens,
1382 1621 1408 1643 et
1420 1616 1583 1650 eloquentiae
1594 1615 1769 1650 participans,
1783 1613 1852 1640 sibi-

1059 1665 1166 1701 tnetipsi
1176 1672 1285 1692 sumere
1306 1672 1366 1698 qua:
1386 1663 1418 1690 ad
1433 1663 1621 1698 purgationem
1638 1660 1783 1697 proﬁciunt
1800 1668 1852 1695 po-

1060 1710 1272 1739 lcst:l‘acillime
1284 1710 1385 1744 quippe
1413 1709 1532 1736 exterior
1565 1706 1698 1742 sapientia
1722 1705 1852 1733 interiori

1058 1758 1204 1793 subjicitur
1215 1762 1242 1784 et
1258 1757 1291 1783 ab
1305 1764 1336 1783 ea
1357 1756 1440 1783 sumit
1460 1754 1547 1786 utilia,
1570 1754 1677 1788 sibique
1704 1751 1853 1785 proﬁcien-

1059 1806 1103 1833 tia.
1118 1804 1186 1832 Nam
1198 1804 1298 1830 ﬂuxum
1322 1802 1463 1838 sanguinis
1490 1801 1607 1835 patiens,
1637 1799 1716 1834 cujus
1749 1798 1853 1825 habere

1059 1852 1172 1886 liguram
1202 1858 1234 1877 ca
1246 1857 1307 1884 qua:
1339 1849 1471 1883 sanguine
1486 1846 1767 1879 idololatriaeaspersa
1797 1848 1852 1874 est,

1057 1902 1199 1924 ostensum
1211 1900 1262 1928 est,
1276 1894 1438 1929 sibimetipsi
1459 1893 1623 1920 medicinam
1638 1890 1765 1926 sumpsit,
1780 1894 1853 1917 tacta

1058 1943 1163 1970 limbria
1182 1940 1339 1970 vestimenti
1356 1938 1501 1970 Dominici,
1518 1941 1545 1965 et
1561 1942 1707 1972 antequam
1720 1934 1853 1962 extende-

1058 1993 1099 2015 ret
1115 1996 1235 2021 mattutn,
1251 1986 1360 2014 liberari
1371 1994 1385 2012 a
1397 1985 1522 2020 passione
1539 1982 1699 2019 promeruit.
1711 1980 1778 2014 Quae
1785 1987 1852 2016 ergo

1056 2035 1090 2062 ad
1103 2033 1359 2069 interpretationem
1369 2032 1482 2064 desunt,
1506 2030 1565 2057 lucc
1576 2029 1603 2056 itt
1618 2026 1852 2062 subsequentibus

1058 2089 1106 2117 per
1119 2080 1244 2108 ordinem
1257 2079 1391 2107 dicemus.

1093 2126 1174 2153 Vens.
1188 2126 1232 2153 5i.
1252 2135 1260 2152 ι
1281 2124 1418 2152 Docebitis
1444 2131 1510 2159 ergo
1530 2123 1598 2149 ﬁlios
1620 2121 1714 2152 Israel,
1746 2124 1775 2147 ut
1803 2127 1851 2146 ca-

1057 2170 1360 2202 veantimmunditiam,
1373 2173 1400 2196 et
1423 2176 1479 2195 non
1505 2166 1657 2195 moriantur
1675 2165 1703 2192 in
1723 2164 1852 2192 sordibus

1057 2218 1124 2251 suis,
1139 2225 1201 2245 cttm
1218 2216 1373 2251 pollueruttt
1393 2214 1598 2242 tabernaculum
1610 2219 1700 2240 meum
1713 2211 1786 2246 quod
1808 2216 1852 2238 est

1058 2265 1129 2292 inter
1142 2271 1198 2291 eos.
1223 2273 1231 2289 I

1093 2310 1224 2342 Quamvis
1238 2316 1318 2336 omne
1327 2312 1468 2343 peccatum
1483 2305 1656 2333 immunditia
1679 2305 1714 2332 sit
1739 2304 1851 2336 animm,

1058 2357 1176 2383 maxime
1189 2360 1279 2382 tamen
1293 2354 1455 2386 idololatria,
1467 2357 1494 2380 et
1508 2359 1571 2388 quae
1581 2351 1615 2379 ad
1628 2358 1689 2378 eam
1700 2351 1850 2385 pertinent.

1060 2405 1121 2429 llaec
1138 2403 1238 2429 habere
1255 2406 1282 2428 et
1296 2401 1323 2427 in
1339 2401 1380 2428 his
1401 2401 1542 2427 timoratos
1558 2398 1628 2425 ﬁlios
1643 2396 1726 2424 Israel
1740 2395 1851 2431 legisla-

1059 2453 1101 2475 tor
1123 2447 1272 2478 desiderat,
1286 2451 1315 2473 ut
1330 2453 1386 2472 non
1401 2445 1591 2472 crudelissima
1602 2441 1751 2478 impietatis
1760 2445 1850 2468 morte

1059 2495 1210 2521 moriantur
1224 2501 1230 2518 :
1248 2492 1373 2527 polluunt
1385 2492 1459 2518 enim
1475 2490 1551 2525 impii
1571 2485 1849 2519 tabernaculum‘Dei,

1058 2540 1129 2575 quod
1141 2540 1168 2566 in
1184 2538 1251 2573 ipsis
1265 2543 1317 2569 est,
1331 2537 1406 2571 atqui
1421 2544 1521 2571 corpus
1531 2540 1583 2567 est,
1599 2541 1655 2569 quo
1673 2533 1775 2560 ﬂuxum
1784 2539 1850 2558 san-

1057 2587 1147 2622 guinis
1161 2591 1207 2612 aut
1227 2586 1340 2613 seminis
1352 2584 1521 2620 inquinatur.
1539 2581 1593 2609 Sed
1602 2580 1666 2615 quia
1680 2578 1851 2614 impiet.tem

1059 2638 1149 2658 sermo
1165 2630 1263 2662 innuit,
1277 2637 1337 2664 qure
1347 2629 1483 2655 hominem
1497 2632 1584 2654 tottttn
1597 2625 1719 2660 polluere
1732 2629 1850 2650 consue-

1060 2679 1098 2704 \it
1118 2686 1124 2702 :
1141 2682 1298 2711 propterea,
1317 2681 1423 2707 cautos,
1442 2675 1499 2701 sive
1525 2677 1555 2700 ut
1582 2671 1665 2703 LXX,
1697 2671 1849 2699 timoratos,

1059 2723 1157 2758 inquit,
1180 2724 1284 2750 facietis
1313 2722 1382 2749 ﬁlios
1399 2720 1481 2747 Israel
1511 2719 1545 2746 ab
1575 2715 1748 2745 immunditia
1776 2721 1847 2741 sua:

1059 2770 1132 2804 quod
1159 2777 1248 2803 neque
1272 2768 1397 2804 lcprosis,
1422 2774 1512 2801 neque
1531 2765 1564 2792 de
1583 2764 1625 2791 his
1638 2763 1684 2798 qui
1701 2761 1850 2797 tetigerunt

1061 2815 1204 2843 morticina
1222 2814 1349 2843 sant-irit.
1371 2813 1423 2841 Sed
1443 2818 1470 2839 et
1497 2809 1665 2839 tabernaculi
1684 2807 1744 2842 Dei,
1775 2804 1848 2841 quod
