2052 3146
153 447 166 473 \

183 165 231 197 981

771 150 812 200 lN
836 171 1056 203 LEVlTlCUM.
1073 184 1106 190 ο-
1122 173 1195 204 1.113.
1210 174 1243 203 ν.

1771 173 1826 208 982

184 225 212 252 in
233 224 311 253 nobis
327 229 379 257 est,
396 225 562 253 mentionem
579 225 643 253 fecit
657 234 661 251 :
679 227 884 254 tabernaculum
903 229 977 255 enim
993 231 1016 258 Α
1031 233 1125 264 pterea
1138 230 1165 257 in
1186 231 1335 258 immundis
1349 231 1491 258 ordinatus
1503 236 1555 263 est,
1576 236 1602 259 ct
1619 231 1699 267 huius
1714 233 1823 267 quidem

184 270 232 298 Dei
251 275 294 299 est
302 270 392 298 omnis
410 275 504 298 noster
519 272 612 304 homo,
627 272 656 298 itt
672 279 727 306 quo
753 271 825 300 Deus
853 274 976 300 habitare

184 317 304 346 creditur
320 317 458 352 :primum
470 317 580 352 quidem
593 318 807 354 peritnaginem,
828 327 908 354 quam
925 328 975 347 tto—

183 364 225 391 bis
249 364 370 397 donavit,
400 364 499 391 deinde
523 371 573 399 per
593 364 737 398 primitias,
756 373 824 400 quas
853 373 867 392 a
894 365 976 393 nobis

183 411 308 445 sumpsit.
323 410 442 437 Verbum
461 410 536 437 enim
556 417 620 437 caro
643 409 746 437 factum
769 412 906 446 est,qnod
928 420 977 446 per

182 457 255 483 illam
271 455 448 483 munitionem
465 456 546 483 etiam
563 456 590 483 in
612 456 725 491 reliquis
748 457 872 484 habitare
889 458 976 484 homi-

160 501 166 534 ἱ
186 503 264 529 uibus
277 502 389 535 dicitur,
405 502 477 536 quod
500 502 598 537 proltat
625 501 744 529 Joannes
767 502 862 529 dicens
883 511 890 529 :
911 502 976 529 Ver-

163 591 167 604 α

181 550 242 575 bum
256 556 318 574 caro
334 548 433 583 factum
448 553 495 578 est,
509 552 532 573 et
544 547 672 574 habitavit
686 547 712 574 in
729 547 802 574 nobis
816 547 847 575 ".

219 594 300 621 Vens.
314 594 410 627 32,53.
424 603 433 619 ί
449 593 502 620 Ista
514 598 554 621 est
565 593 609 620 lex
620 593 679 628 ejus
699 593 745 628 qui
758 594 862 628 patitur
872 594 975 622 ﬂuxum

181 641 304 673 seminis,
314 645 341 668 et
354 640 398 675 qui
409 641 538 675 polluitur
549 641 622 667 coitu
634 644 662 667 et
673 640 720 674 qui
739 641 890 668 menstruis
904 646 975 668 tem-

182 688 297 723 poribus
311 692 465 722 separatur,
482 687 525 715 vel
536 695 596 722 qua:
619 687 677 722 jugi
698 687 759 714 ﬂuit
773 687 916 723 sanguine,
949 693 976 716 et

181 734 300 761 hominis
313 734 357 769 qui
374 733 514 761 dormierit
524 741 584 761 cum
600 741 641 761 ea.
661 742 671 760 ι

216 779 393 814 Quaecunque
403 779 526 814 ejusdem
540 779 689 807 sanctionis
710 780 762 807 sibi
778 781 927 813 conterent,
948 785 976 808 et

180 837 298 864 qttorum
316 828 349 856 ad
365 835 446 855 unam
466 828 646 855 intentionem
659 828 686 855 in
705 828 805 856 eﬂectu
821 829 905 856 tradit
919 830 974 856 uti-

180 876 253 908 litas,
269 876 326 903 hate
341 875 451 902 sibimet
462 874 598 909 legislator
608 879 771 902 connectere
782 875 935 908 consuevit,
945 880 975 902 ut

1032 283 1111 310 pugna
1130 276 1276 304 manifesta
1289 281 1340 304 cst.
1357 274 1529 305 Manifestum
1541 278 1673 305 estetiam
1687 279 1825 313 quomodo

1031 322 1160 349 ntundata
1175 331 1189 349 a
1202 323 1291 358 pmnis
1307 323 1415 350 liberari
1431 324 1550 359 possint.
1575 324 1628 351 Sed
1660 323 1750 352 adhuc
1781 325 1824 352 his

1030 368 1252 402 supermdiﬂcans
1267 369 1416 404 legislator,
1438 374 1535 405 utpote
1547 375 1747 398 consonantem
1761 380 1825 398 san-

1030 413 1149 440 ctiottem
1161 421 1222 448 qua:
1235 414 1412 449 subsequitur
1423 415 1524 450 posuit.

1323 493 1439 521 ΟΑΡΠΤ
1458 494 1527 522 XVI.

1066 546 1147 574 Vens.
1168 549 1189 575 I.
1203 557 1212 573 ‹
1232 548 1353 576 Locutus
1368 554 1412 576 est
1427 549 1556 578 Dominus
1574 551 1608 579 ad
1631 551 1752 588 Moysen,
1783 553 1824 579 di-

1029 601 1095 620 cens
1112 602 1118 619 :
1136 593 1324 623 Postmortem
1339 597 1455 624 duorum
1473 597 1588 625 ﬁliorum
1599 599 1700 631 Aaron,
1713 599 1823 634 quando

1029 637 1177 666 oﬂ‘erentes
1192 640 1281 674 ignem
1290 642 1408 668 alienum
1425 642 1560 670 interfecti
1573 648 1647 671 sunt.
1670 653 1679 669 ι

1065 684 1135 712 Ecce
1143 690 1170 712 et
1184 693 1257 713 nunc
1268 686 1313 714 Dei
1326 687 1438 722 spiritus
1449 696 1534 715 unum
1553 696 1653 724 corpus
1666 689 1732 724 legis
1746 689 1820 721 Fat-it.

1029 734 1056 757 et
1069 730 1103 757 ad
1124 739 1208 758 ututm
1222 732 1320 768 redigit
1331 733 1447 760 invicem
1460 733 1510 760 sibi
1527 734 1703 767 cohaerentia,
1725 740 1823 763 etcum

1029 778 1131 805 dudum
1146 778 1391 807 manifestassetea
1405 788 1466 814 quae
1486 779 1520 807 ad
1546 780 1699 808 doctrinam
1731 789 1738 806 :
1762 789 1823 816 qua:

1029 828 1126 851 contra
1140 824 1228 860 legem
1241 829 1293 856 est,
1305 827 1456 860 pertinent,
1476 827 1627 862 modosque
1651 828 1712 862 ejus
1727 828 1824 855 multi-

1029 870 1114 905 plices
1128 871 1271 905 quosdam,
1289 877 1372 907 atque
1389 873 1550 900 diﬂ'crentcs
1565 874 1747 909 exposuisset,
1769 883 1824 902 una

179 922 206 949 ei
217 920 263 955 qui
279 919 450 947 meditationi
461 919 529 954 legis
552 919 673 946 studium
690 919 803 954 praebet,
818 920 976 947 mattil‘estet
993 912 1012 940 Β
1028 924 1102 944 nunc
1118 924 1178 944 eam
1193 918 1334 953 redarguit
1351 919 1421 953 lege,
1452 923 1480 946 et
1513 926 1660 946 commune
1686 920 1822 954 quodam-

179 966 318 1001 quomodo
333 969 458 1000 oporteat
470 965 528 992 haec
542 965 668 1000 intelligi,
689 970 717 992 et
729 974 789 1000 qu;e
800 973 863 993 eum
875 967 977 1001 quibus

180 1012 372 1048 cognationem
403 1011 554 1038 secundum
582 1011 788 1039 similitudinem
823 1012 977 1040 intellectus

179 1059 309 1087 habeant.
322 1056 390 1091 Quia
407 1065 467 1084 esse
483 1057 585 1084 ﬂuxum
613 1057 727 1085 seminis
746 1059 864 1094 patiens,
879 1059 975 1087 docto-

179 1113 240 1132 rum
265 1111 446 1139 corrumpens
463 1111 568 1136 semen,
585 1108 612 1131 et
628 1104 718 1140 turpia
745 1109 828 1140 atque
854 1113 976 1133 corrum-

177 1151 270 1187 pentia
282 1152 432 1178 admonens
444 1155 486 1178 est
499 1151 629 1185 probatus
646 1159 653 1178 :
671 1150 702 1178 Et
724 1152 756 1178 tle
771 1160 821 1187 quo
841 1153 975 1188 egreditur

175 1206 266 1225 tenter:
278 1198 372 1225 coitus.
386 1197 421 1225 Ut
437 1197 582 1232 polluatur,
599 1198 631 1231 is,
646 1198 694 1233 qui
708 1197 821 1225 Judaica
837 1204 973 1234 praecepta

159 1236 267 1277 'docet,
284 1244 311 1271 in
326 1243 425 1278 quibus
439 1243 497 1278 ipse
510 1247 540 1270 ut
563 1243 633 1270 mala
657 1243 730 1271 bona
747 1244 852 1272 docens
866 1250 893 1272 et
905 1245 973 1280 legis

176 1290 359 1318 intentionem
376 1289 579 1324 transgrediens
608 1289 750 1324 polluitur,
771 1290 835 1317 dum
852 1298 884 1317 ea
912 1299 973 1326 qure

176 1338 209 1365 ad
235 1337 355 1364 litteram
378 1335 529 1371 pertinent.
553 1340 629 1362 extra
645 1341 754 1371 tempus
784 1335 916 1371 proferet,
947 1343 973 1365 et

177 1384 259 1412 tnodo
277 1382 395 1418 quodam
410 1381 520 1408 mundis
546 1382 617 1409 sicut
641 1381 789 1409 immundis
815 1382 911 1416 utitur,
939 1384 973 1410 de

175 1430 277 1465 quibus
287 1429 390 1456 dictuttt
412 1432 454 1455 est
473 1435 480 1454 :
497 1427 589 1454 Omnia
618 1427 716 1454 munda
750 1427 864 1459 mundis,
900 1429 973 1454 win-

175 1475 294 1510 quiuatis
306 1479 395 1501 autem
419 1478 442 1501 et
458 1473 604 1509 inﬁdelibus
619 1473 686 1500 nihil
709 1474 845 1506 mundum,
861 1475 906 1501 sed
918 1475 973 1510 pol-

177 1522 232 1548 luta
247 1525 308 1548 stitit
318 1529 408 1547 eorum
421 1528 492 1547 mens
507 1524 530 1547 et
540 1519 740 1546 conscientia“.
758 1519 904 1556 Sanguinis
922 1528 972 1547 au-

177 1571 231 1594 tem
250 1566 351 1593 ﬂuxum
364 1565 535 1601 patientcsin
553 1566 701 1594 menstruis
718 1566 786 1598 suis,
806 1567 834 1594 bi
848 1575 908 1595 esse
922 1568 970 1595 de-

175 1613 320 1641 monstrati
336 1617 409 1645 suttt,
428 1613 471 1648 qui
483 1621 513 1640 ea
529 1621 590 1649 qua:
607 1613 640 1641 ad
660 1613 829 1649 impietatem
845 1615 970 1646 tendunt.

176 1659 365 1688 illodoctrina:
387 1664 520 1695 tempore,
550 1660 577 1687 in
589 1667 645 1694 quo
669 1668 755 1694 genus
778 1660 920 1688 hominum
945 1661 972 1688 in

175 1705 251 1732 cultu
264 1705 398 1732 idolorum
419 1705 560 1732 detentum
589 1705 616 1732 itt
631 1705 780 1732 mettstruis
790 1705 857 1739 suis,
874 1706 901 1732 in
928 1713 973 1733 se-

176 1752 319 1788 paratione
332 1752 450 1782 malitiae,
465 1760 479 1778 a
496 1752 568 1778 ntalo
583 1752 655 1778 enim
673 1752 790 1787 separati
806 1759 860 1779 noti
878 1757 971 1783 erant;

177 1803 208 1825 ut
220 1799 379 1826 ostenderet
394 1798 456 1832 quia
471 1798 567 1825 eadem
581 1798 615 1825 de
634 1798 678 1825 his
693 1798 740 1832 qtti
758 1806 841 1833 prava
861 1798 971 1831 docent,

177 1845 220 1872 lex
235 1846 366 1880 loquitur.
379 1845 491 1872 Addidit
505 1845 656 1872 secundum
668 1844 740 1871 LXX
756 1855 762 1872 ε
783 1844 900 1872 Flumm
930 1854 972 1872 se-

177 1892 256 1919 minis
275 1891 385 1926 patienti
396 1891 513 1917 masculo
532 1895 557 1917 et
570 1891 687 1924 feminae.
705 1891 788 1926 Atqui
815 1891 842 1917 in
865 1898 971 1925 praece-

177 1937 253 1964 dettti
268 1937 410 1964 sanctione
428 1936 462 1962 de
475 1936 533 1962 solo
545 1935 618 1962 ﬂuxu
633 1935 747 1962 scmittis
770 1935 892 1970 patiente
907 1943 972 1962 uta-

176 1983 254 2010 seulo
271 1983 356 2016 dicit;
373 1982 481 2009 l'cutinaz
495 1988 585 2008 autem
606 1981 709 2009 ﬂuxum
731 1981 844 2007 seminis
863 1981 972 2015 patien-

177 2029 210 2055 tis
234 2028 393 2055 memoriam
409 2028 560 2055 secundum
577 2027 697 2054 litteram
715 2027 825 2061 penitus
855 2034 909 2052 non
930 2027 970 2053 fe-

176 2076 214 2102 cit
233 2084 241 2102 :
256 2075 303 2103 sed
320 2083 368 2110 per
387 2075 530 2102 tnuliercm
543 2074 672 2110 quaaﬂuit
686 2073 790 2101 ﬂuxuttt
817 2073 968 2108 sanguinis,

175 2130 236 2148 eum
253 2122 300 2157 qtti
317 2122 433 2149 eﬂuttdit
460 2122 612 2149 doctrinam
641 2121 800 2149 idololatria:
826 2120 968 2148 intellexit.

175 2169 325 2204 Propterea
339 2177 412 2195 nunc
425 2175 484 2195 eam
500 2168 602 2195 ﬂuxum
620 2168 734 2195 seminis
751 2167 902 2202 patientem
920 2175 968 2201 ap-

176 2215 297 2251 pellavit.
317 2219 347 2242 ut
362 2223 412 2242 nos
430 2215 600 2242 disceremus
624 2214 685 2249 quia
708 2222 771 2241 eunt
783 2214 829 2248 qui
843 2222 969 2241 corrum—

176 2263 216 2298 pit
228 2263 328 2290 bertam
341 2262 505 2293 doctrinam,
528 2262 647 2296 turpiter
676 2269 736 2288 eam
751 2266 778 2289 et
794 2261 863 2288 ntale
877 2261 969 2296 profe-

176 2316 249 2341 rens,
263 2308 343 2335 talem
361 2308 449 2342 qualis
465 2308 542 2335 estis
557 2307 603 2342 qui
626 2307 794 2343 impietatem
812 2308 902 2340 docet,
929 2308 971 2335 lrx

176 2361 295 2390 reputet.
314 2361 492 2390 utrorumque
508 2356 581 2383 enim
606 2356 688 2384 verba
705 2356 882 2391 corruptione
890 2357 970 2392 plena

176 2408 249 2430 sunt.
269 2403 316 2429 llis
339 2403 427 2429 virnut
454 2403 598 2437 conjunxit
628 2411 689 2431 cum
717 2407 885 2430 mettstruata
906 2404 970 2431 dor-

177 2449 317 2475 mientem.
330 2448 401 2475 Dit'il
417 2452 507 2475 autent
519 2449 636 2484 eumqui
653 2458 684 2476 ex
701 2449 771 2476 ﬁdeli
784 2450 892 2484 populo,
909 2449 970 2476 idov

177 2493 290 2521 lulalria‘
308 2494 406 2522 ntistus
424 2501 465 2522 cst
483 2504 489 2522 :
504 2495 574 2522 sicut
588 2495 714 2529 superius
728 2494 858 2522 diximus.
890 2495 968 2523 Unde

176 2548 230 2567 non
242 2541 413 2574 simplieiter.
426 2541 474 2568 sed
485 2541 636 2569 masculum
657 2541 814 2576 pcrfectiori
824 2542 968 2574 vocabulo.

176 2587 246 2613 sicut
261 2594 363 2614 ttomett
380 2587 468 2614 ﬁdelis
490 2587 686 2622 possidentem,
701 2587 779 2614 dixit.
799 2587 828 2614 Si
840 2588 969 2622 prtevat-i-

176 2636 251 2658 ratur
267 2632 392 2664 cll'eclus,
405 2633 456 2660 hoc
468 2633 628 2660 vocabulum
654 2637 734 2667 negat
758 2632 912 2668 falsumque
941 2634 968 2660 itt

163 2682 205 2703 ne
229 2686 289 2704 eSse
303 2678 485 2711 demonstrat,
509 2679 624 2713 adeptus
645 2679 717 2705 enim
747 2678 794 2706 Dei
831 2678 967 2709 militiam,

177 2722 255 2749 idolis
271 2731 300 2749 se
316 2724 437 2756 tradidit,
454 2733 516 2751 cuttt
541 2724 681 2751 dortttiens
697 2724 825 2751 videlicet
842 2729 868 2751 et
881 2724 966 2750 errori

178 2777 206 2795 se
219 2771 398 2804 permiscens,
410 2771 528 2805 pritnum
555 2771 664 2805 quidem
681 2775 710 2797 ut
726 2771 851 2802 sordens,
868 2770 968 2796 deinde

181 2820 209 2841 ut
227 2815 270 2841 cui
293 2815 364 2842 inest
380 2816 457 2851 longe
471 2825 485 2843 a
503 2816 558 2843 Deo
576 2816 682 2848 sedere,
697 2816 843 2851 etdcgcre.
861 2814 892 2843 Et
904 2823 968 2850 pro~

234 2897 255 2913 "
270 2896 351 2925 Joan.
366 2906 384 2931 t,
403 2898 443 2926 Η.
491 2898 513 2915 ’⁸
529 2899 580 2926 Tit.
601 2909 618 2933 t,
638 2901 678 2928 13.

736 2901 756 2916 ’¹
777 2900 876 2937 Matth.
894 2908 949 2934 .\\’t,
970 2900 1015 2927 ‘26.

1029 962 1110 989 modo
1124 968 1220 990 contra
1230 970 1289 990 eam
1306 964 1429 991 subdidit
1458 971 1635 999 praeceptum,
1665 969 1693 992 ct
1709 973 1821 992 causam

1028 1010 1115 1036 morbi
1126 1010 1212 1044 ipsius
1229 1011 1401 1038 manifestam
1420 1012 1496 1044 fecit,
1512 1011 1538 1038 id
1552 1016 1605 1044 est,
1620 1012 1692 1039 unde
1710 1011 1820 1038 coutin-

1027 1056 1066 1091 git
1082 1060 1110 1083 et
1122 1057 1194 1084 unde
1209 1058 1380 1092 supervenit.
1408 1058 1516 1086 Audisti
1530 1059 1614 1090 enim,
1625 1059 1735 1093 quando
1750 1058 1820 1085 lilio-

1026 1110 1087 1129 rum
1101 1103 1205 1136 Aaron,
1220 1112 1315 1132 eorum
1325 1105 1370 1139 qui
1394 1105 1489 1132 divino
1507 1105 1568 1141 igne
1579 1105 1735 1140 eonsutttpti
1754 1110 1820 1132 sunt

1025 1149 1216 1182 quaerebamus
1232 1153 1365 1182 mortem,
1381 1151 1456 1185 quia,
1476 1159 1540 1178 cum
1558 1151 1672 1179 verbum
1685 1150 1738 1177 illic
1751 1150 1820 1185 lega-

1024 1194 1059 1222 lis
1077 1195 1231 1224 traditionis
1247 1201 1275 1224 et
1299 1197 1424 1225 historia:
1453 1198 1616 1230 faceremus,
1642 1198 1732 1234 ignem
1751 1198 1818 1225 alie-

1025 1248 1102 1271 num,
1119 1241 1238 1268 alienant
1256 1250 1270 1269 a
1287 1242 1344 1270 Deo
1374 1242 1529 1270 doctrinam
1555 1243 1688 1274 diximus.
1712 1249 1740 1271 et
1753 1252 1818 1280 pro-

1025 1291 1118 1321 pterca
1148 1295 1162 1314 a
1186 1288 1280 1315 divino
1306 1289 1368 1324 igne
1389 1289 1517 1317 videlicet
1541 1290 1666 1325 spiritus,
1694 1298 1743 1318 eos
1770 1292 1818 1326 qui

1024 1332 1114 1367 ignem
1126 1334 1200 1362 illum
1210 1335 1363 1363 oﬂ'ereltattt
1371 1343 1433 1363 esse
1443 1341 1638 1372 consumptos:
1653 1338 1717 1372 quia
1725 1339 1818 1365 divinu

1024 1378 1078 1413 igni
1094 1384 1186 1414 aperte
1201 1381 1404 1412 contradicunt,
1423 1387 1451 1409 et
1465 1386 1561 1410 contra
1596 1383 1730 1418 Spiritum
1755 1392 1818 1411 san-

1024 1431 1099 1452 ctunt
1125 1431 1209 1462 agunt
1241 1427 1278 1459 bi,
1295 1428 1342 1462 qui
1359 1435 1391 1455 ea
1414 1436 1475 1462 qnze
1492 1429 1560 1455 tttala
1591 1434 1618 1456 ct
1635 1430 1728 1464 iniqua
1753 1437 1819 1457 sunt

1024 1472 1133 1500 docent.
1150 1472 1214 1500 Sive
1230 1481 1295 1508 ergo
1306 1481 1336 1500 ea
1350 1481 1411 1508 qum
1424 1474 1582 1501 idololatria:
1595 1475 1819 1510 colta:reut.quis

1024 1518 1124 1550 tradat,
1138 1518 1196 1544 sive
1210 1523 1367 1553 corrumpat
1382 1526 1524 1554 exponens
1557 1520 1648 1546 divina
1677 1521 1816 1552 mandata,

1024 1562 1128 1589 nefaria
1143 1563 1170 1590 in
1182 1563 1222 1590 eis
1236 1564 1414 1592 subinl‘crens
1439 1566 1521 1592 verba
1543 1566 1602 1593 sive
1622 1566 1736 1594 Judaica
1765 1568 1818 1595 do—

1026 1609 1112 1636 ctrina
1127 1610 1165 1637 sic
1181 1614 1283 1642 utatur,
1297 1616 1327 1638 ttt
1345 1619 1378 1638 cx
1395 1619 1433 1638 ea.
1455 1612 1604 1646 polluatur,
1627 1617 1722 1640 contra
1747 1619 1818 1641 tem-

1027 1662 1077 1688 pus
1086 1654 1212 1681 videlicet
1229 1658 1257 1682 et
1274 1655 1455 1683 intentionem
1468 1656 1546 1691 legis.
1563 1656 1649 1691 ipsius
1661 1657 1729 1692 legis
1743 1657 1817 1683 litte-

1026 1707 1082 1726 ram
1099 1699 1252 1734 proferens.
1273 1701 1362 1736 ignem
1377 1701 1497 1728 alienum
1516 1701 1571 1728 Deo
1585 1701 1692 1734 oll'eret,
1709 1707 1738 1728 et
1755 1711 1819 1736 prn-

1026 1751 1119 1780 pterea
1145 1747 1212 1773 muri
1241 1747 1381 1780 dicuntur,
1406 1755 1440 1774 ex
1472 1748 1530 1783 lege
1547 1749 1664 1776 celet-em
1683 1749 1822 1776 habentes

1027 1794 1256 1829 transgressionis
1270 1802 1390 1829 pinnam.
1407 1793 1509 1822 Verum
1528 1796 1642 1830 quando
1665 1796 1691 1822 hi
1718 1796 1816 1824 mortui

1026 1837 1137 1870 l'ucrint,
1152 1838 1178 1864 id
1193 1843 1245 1870 est,
1261 1839 1371 1873 quando
1382 1839 1518 1873 dispertiti
1555 1839 1667 1872 fuerint,
1694 1845 1722 1868 et
1747 1849 1817 1875 quo-

1025 1883 1170 1910 dammodo
1180 1883 1343 1917 defecerint,
1364 1890 1430 1911 tunc
1455 1886 1561 1912 sttttctio
1588 1894 1650 1920 qua:
1682 1887 1816 1920 sequitur.

1024 1929 1171 1956 obtinebit.
1191 1930 1224 1956 Et
1240 1934 1386 1964 propterea
1403 1936 1466 1965 post
1490 1936 1605 1957 mortem
1636 1932 1752 1958 liliurutu
1770 1933 1817 1958 Aa-

1024 1983 1086 2006 ron,
1102 1975 1148 2010 qui
1165 1976 1254 2010 ignem
1273 1976 1393 2003 aliettuut
1418 1977 1588 2009 obtulerunt,
1620 1977 1721 2004 dixisse
1746 1978 1817 2004 Deus

1024 2021 1057 2047 ad
1074 2020 1182 2056 Moysen
1194 2029 1224 2048 ea
1238 2030 1298 2056 qua:
1314 2027 1477 2057 sequuntur,
1488 2023 1588 2050 dicitur
1606 2031 1612 2048 :

1061 2066 1143 2094 Vens.
1161 2067 1187 2094 2.
1207 2079 1216 2092 ι
1238 2067 1271 2094 Et
1287 2069 1417 2103 praecepit
1443 2069 1467 2096 ei
1492 2069 1587 2096 dicens
1605 2077 1612 2096 :
1632 2069 1756 2103 Loquere
1783 2071 1817 2097 ad

1024 2113 1113 2140 Aaron
1135 2113 1247 2141 fratrem
1259 2119 1347 2147 tuum,
1367 2123 1402 2142 tte
1417 2115 1492 2142 omni
1508 2120 1632 2151 tempore
1649 2116 1818 2152 ingrediatur

1024 2160 1222 2194 sattctuarium,
1237 2161 1309 2196 quod
1323 2166 1365 2189 est
1383 2163 1453 2189 intra
1475 2163 1577 2195 velum,
1603 2171 1695 2191 coram
1724 2164 1818 2199 propi-

1024 2207 1134 2234 tiatorio
1151 2216 1205 2242 quo
1229 2208 1330 2243 legitur
1343 2216 1416 2243 arca,
1451 2215 1480 2237 ut
1501 2217 1556 2237 non
1583 2211 1726 2244 moriatur,
1753 2211 1818 2246 quia

1025 2253 1134 2281 innube
1151 2255 1300 2289 apparebo,
1317 2263 1400 2290 super
1414 2256 1565 2284 oraculum.
1585 2267 1595 2283 ι

1061 2299 1199 2332 Quantum
1213 2306 1306 2335 parcat
1316 2301 1388 2329 Deus
1399 2302 1480 2330 saluti
1492 2308 1602 2332 nostras.
1611 2312 1644 2331 cx
1656 2304 1817 2339 multisqua:

1025 2345 1052 2372 in
1071 2347 1129 2382 lege
1143 2347 1216 2374 dicta
1230 2351 1297 2375 sunt
1317 2356 1323 2374 :
1346 2349 1516 2376 considerari
1534 2354 1562 2376 et
1576 2349 1643 2377 disci
1663 2355 1763 2385 potest,
1782 2351 1828 2378 det

1023 2392 1125 2426 quibus
1133 2392 1201 2420 nihil
1218 2393 1396 2428 negligentes,
1416 2394 1511 2422 oculos
1536 2395 1636 2422 tttentis
1648 2404 1698 2430 per
1709 2396 1816 2432 singula

1023 2437 1207 2466 intendamus.
1218 2438 1288 2471 Quid
1300 2440 1369 2466 enim
1384 2441 1499 2474 prodest,
1513 2441 1590 2468 homo
1604 2442 1627 2468 si
1638 2446 1723 2469 totum
1737 2451 1816 2470 ninn-

1022 2486 1085 2511 dum
1097 2484 1222 2518 lucretur,
1237 2487 1430 2513 uninta’autem
1445 2495 1499 2514 sua:
1513 2488 1698 2515 detrimentum
1715 2489 1816 2524 faciat?

1023 2533 1074 2559 Aut
1101 2541 1180 2566 quant
1212 2533 1286 2560 dabit
1316 2534 1392 2560 Itonia
1405 2536 1636 2562 commutationem
1648 2543 1696 2570 pro
1723 2537 1814 2563 anima

1021 2588 1069 2606 sua
1084 2580 1119 2606 "‘2
1131 2579 1199 2612 Quia
1211 2588 1276 2615 ergo
1287 2588 1406 2611 summa,
1419 2581 1476 2609 sive
1495 2581 1645 2616 capitulum
1657 2582 1753 2609 salutis
1767 2591 1815 2609 ηιμ

1023 2632 1096 2658 sine,
1116 2625 1197 2654 Verbi
1209 2627 1332 2654 doctrina
1346 2632 1397 2659 est,
1409 2627 1466 2661 ipsa
1485 2628 1565 2655 nobis
1589 2628 1648 2656 vias
1675 2628 1772 2659 bonas,
1794 2629 1814 2654 si

1023 2672 1092 2699 bona
1108 2672 1190 2699 luerit
1206 2681 1212 2698 :
1228 2672 1250 2699 si
1266 2677 1357 2699 autent
1375 2673 1454 2705 tttala,
1465 2673 1644 2709 malasdigito
1662 2678 1816 2701 monstrate

1024 2719 1176 2747 consuevit.
1197 2719 1281 2746 ltecte
1308 2719 1454 2747 maximam
1477 2720 1646 2755 diligentiam
1677 2721 1817 2755 logislator

1027 2767 1136 2793 exhibet
1149 2774 1177 2794 ut
1192 2774 1246 2793 tton
1259 2767 1346 2793 solum
1365 2766 1391 2793 in
1406 2767 1496 2795 verbis
1512 2768 1654 2802 turpibus,
1671 2772 1717 2794 aut
1734 2767 1761 2795 in
1775 2767 1816 2794 fa-

1026 2813 1095 2839 bulis
1106 2811 1226 2840 Judaieis
1241 2818 1287 2839 aut
1301 2813 1329 2839 in
1346 2812 1438 2848 aliquo
1450 2813 1610 2841 idololatria:
1625 2813 1816 2848 phantasmate
