2052 3146
231 197 284 231 983

828 197 1008 228 HESYCIIII
1028 199 1266 230 PRESBYTER!

1817 199 1874 231 ρει

230 256 357 285 doctores
370 263 422 282 non
437 253 579 285 excedant,
594 253 640 281 sed
656 261 708 281 nec
722 255 866 282 occasione
881 254 1024 290 theologize
1038 257 1062 286 Α
1075 255 1189 289 Quando
1204 264 1269 292 ergo
1288 265 1304 284 a
1326 256 1426 292 populo
1441 257 1556 284 Iudaico
1574 257 1601 284 in
1621 255 1699 291 cuius
1713 263 1787 283 nunc
1802 255 1873 292 ﬁgu-

230 303 259 330 in
271 302 438 338 impietatem
450 300 561 332 cadant,
577 300 648 335 quod
662 308 722 328 mos
741 305 783 328 est
797 301 935 329 hzercticis
951 301 1017 336 pati.

230 349 417 378 Substantiam
433 355 500 375 vero
510 347 689 375 discutientes
718 347 776 379 Dei,
794 353 848 375 tam
874 347 961 375 Patris
987 348 1022 375 ad

230 395 340 427 Filium,
357 401 440 430 quam
459 393 518 420 Filii
532 393 565 420 ad
578 393 709 428 Spiritum
731 399 868 425 sanctum,
891 393 1022 421 diﬂ‘eren-

230 443 294 469 tiam
308 440 496 473 introducunt,
514 445 541 467 et
556 439 607 466 alia
624 439 721 466 similia
732 447 793 474 quae.
805 445 926 467 nostram
942 447 1022 467 exce-

228 488 298 515 dunt
311 485 634 518 seientiam,absc0nsa:
665 492 725 520 quae
753 489 818 512 sunt
846 484 927 511 nobis
951 484 1022 516 sicut

228 534 311 562 nimis
328 533 382 561 alta
401 537 484 567 atque
497 531 636 563 sublimia,
654 539 711 559 non
729 539 762 559 ex
787 531 887 559 divinis
906 530 1020 566 dogma-

229 580 310 612 tibus,
326 579 373 607 sed
387 587 419 606 ex
432 578 490 606 suis
499 577 711 613 cogitationibus
726 578 869 612 exquirere
886 577 1018 609 volentes,

228 627 452 654 amoderationts
476 624 668 656 ecclesiastica:
691 624 778 652 excisi
803 628 867 651 sunt
893 630 1019 658 corpore.

229 672 286 700 lloc
297 680 361 704 ergo
376 679 411 699 ne
426 671 570 707 patiamur,
587 671 629 699 lex
645 670 826 706 praesentibus
842 677 893 697 nos
905 677 1021 704 prtcmo—

228 722 276 746 net
288 717 379 746 verbis
393 725 401 751 ;
416 717 455 744 ait
473 717 548 745 enim
567 717 606 744 sic
624 725 631 743 :

263 764 298 793 Et
315 765 381 792 dixit
397 764 525 792 Dominus
544 764 580 791 ad
593 764 698 800 Moysen
714 772 723 791 :
738 763 857 799 Loquere
879 764 914 790 ad
932 763 1021 790 Aaron

228 813 341 848 fratrem
365 817 450 838 tuum.
471 810 500 838 ιιι
522 814 574 842 est,
596 814 626 837 ut
651 810 808 838 sacerdotes
830 809 881 836 sibi
903 810 1020 837 invicem

228 859 287 886 haec
312 857 502 893 prmciperent,
523 861 552 884 et
576 856 763 891 unusquisque
788 855 932 883 doctorum
958 855 1021 882 talia

228 903 356 939 proximo
369 901 499 932 sanciret,
514 901 604 936 qualia
619 908 693 929 nunc
706 900 778 928 Deus
792 899 864 935 loqui
879 899 912 927 ad
929 901 1019 927 Aaron

227 949 310 984 Moysi
327 947 466 984 praeepit,
480 955 539 982 qua:
557 951 620 974 sunt
636 947 695 975 htec-
714 956 721 975 :

262 993 322 1021 Non
349 993 421 1020 omni
449 997 564 1027 tempore
588 992 755 1027 ingrediatur
780 994 808 1020 in
837 993 1021 1020 manuarium

225 1041 295 1076 quod
313 1044 350 1067 est
366 1040 437 1067 intra
453 1038 538 1066 velum
556 1046 645 1065 coram
664 1039 849 1074 propitiatorio
863 1047 872 1066 :
888 1047 938 1074 quo
953 1038 1020 1074 tegi-

226 1093 271 1115 tur
290 1095 364 1115 arca.
383 1085 535 1114 Commune
559 1085 688 1113 omnibus
709 1087 879 1118 mandatum.
900 1091 927 1114 et
944 1093 1020 1113 com-

226 1142 339 1162 munem
362 1133 408 1162 hie
426 1131 571 1168 proposuit
587 1131 684 1168 legem,
702 1134 819 1168 primum
841 1134 951 1170 quidem
974 1143 1019 1162 δρψ

226 1180 383 1208 eenlotibus
402 1185 505 1216 aptam,
523 1179 623 1208 deinde
645 1180 720 1207 omni
737 1182 785 1215 qui
803 1180 861 1208 vult
881 1181 1020 1210 discutere

225 1229 317 1256 divina
335 1229 474 1264 mysteria.
489 1227 684 1262 Quamobrem,
702 1228 852 1256 secundum
869 1228 951 1261 LXX,
968 1229 1020 1256 im-

227 1274 407 1309 personaliter
432 1275 580 1310 przecepit,
608 1273 704 1302 dicens
726 1284 733 1302 :
756 1273 816 1302 Non
836 1275 1021 1310 ingrediantur

226 1320 298 1347 omni
315 1320 343 1347 in
362 1325 477 1356 tempore
493 1321 521 1348 in
539 1326 661 1348 sanctum
679 1321 789 1348 interius
807 1322 954 1348 voluminis.
968 1321 1020 1355 Qui

227 1374 282 1397 non
296 1366 409 1399 addidit,
427 1375 524 1394 omnes
538 1366 684 1402 prohibere
698 1366 732 1393 ab
745 1367 797 1394 hoc
810 1366 956 1395 manifeste
970 1375 1020 1394 cu-

226 1413 315 1449 piens.
330 1413 394 1448 quia
417 1413 541 1441 velamen
562 1421 664 1448 corpus
684 1413 833 1440 Salvatoris
848 1413 1018 1449 intelligitur,

226 1460 298 1488 sicut
317 1460 417 1488 Paulus
432 1460 574 1488 evidenter
596 1460 633 1487 ait
649 1469 655 1485 :
674 1459 805 1487 Habentes
826 1465 916 1487 autem
939 1460 1020 1494 confi-

225 1505 343 1534 dentiam
363 1506 392 1532 in
410 1506 520 1533 introitu
540 1511 692 1532 sant-torum
712 1513 792 1541 quam
812 1505 927 1532 initiavit
945 1505 1019 1532 nobis

225 1552 296 1578 viam
323 1559 429 1583 novam,
451 1557 476 1578 et
499 1552 627 1578 viventem
644 1559 691 1586 per
713 1551 841 1583 velamen,
867 1552 894 1578 id
917 1556 954 1578 est
972 1560 1019 1585 per

225 1606 331 1625 carnem
348 1606 425 1625 suam
442 1599 476 1625 “.
491 1598 552 1633 Ipse
573 1603 617 1628 est
637 1597 710 1625 enim
731 1606 825 1625 verum
845 1603 873 1625 et
890 1597 1018 1633 ittlelligi-
1032 1611 1053 1638 ε

225 1643 280 1670 bile
296 1642 526 1678 propitiatorium,
541 1646 634 1676 utpote
650 1642 697 1676 qui
719 1641 777 1676 ipse
796 1641 875 1670 nobis
890 1645 1017 1675 peccato-

226 1698 286 1717 rum
302 1689 524 1724 propitiationcm
540 1692 651 1723 praestat
667 1696 675 1720 ;
693 1688 731 1714 ait
744 1687 846 1715 etenim
860 1687 931 1714 idem
948 1687 1018 1714 Pau-

224 1739 267 1764 lus
282 1747 288 1765 :
304 1736 400 1764 Omne:
417 1739 599 1770 peccaverunt,
617 1740 641 1761 et
660 1738 734 1769 egent
755 1733 840 1768 gloria
863 1733 921 1766 Dei,
935 1734 1017 1768 justi-

222 1783 299 1817 [ἱραιί
331 1782 414 1817 gratis
443 1790 488 1816 per
513 1781 629 1816 gratiam
656 1781 725 1814 ejus,
741 1779 937 1812 liberationem,
960 1787 1019 1815 qum

225 1833 262 1855 est
277 1829 305 1854 in
319 1826 421 1855 Christo
437 1826 499 1853 Iesu
513 1847 520 1860 ,
537 1834 614 1862 quem
639 1825 772 1859 proposuit
795 1823 864 1852 Deus
887 1826 1018 1859 propitia-

226 1879 307 1900 torem
322 1881 369 1907 per
385 1872 541 1908 lattgttittem
556 1871 639 1906 ipsius
654 1870 686 1897 ¹³.
701 1869 779 1903 Quod
792 1875 883 1897 autent
900 1877 950 1897 nos
963 1869 1019 1897 ha—

224 1920 331 1951 bemus,
350 1918 446 1946 Coram
466 1917 661 1952 propitiatorio,
682 1916 753 1943 LXX
771 1916 917 1944 ediderunt
940 1925 946 1943 :
965 1915 1018 1943 Co-

225 1974 282 1992 ram
308 1965 376 2000 facie
400 1964 589 1999 propitiatarii.
617 1963 686 1991 lluic
711 1967 803 1991 autem
831 1962 1019 1998 propitiatorio

224 2011 326 2042 facies,
353 2009 483 2037 divinitas
514 2009 573 2043 eius
604 2007 663 2036 fuit.
695 2008 879 2040 Quamobrem
909 2007 1018 2042 quando

224 2058 330 2092 Moyses
344 2056 436 2084 videre
451 2055 536 2082 Deum
551 2055 711 2083 desiderans
726 2055 833 2082 diccbat
855 2063 861 2081 :
879 2053 908 2082 Si
931 2054 1018 2084 inveni

224 2104 339 2139 gratiam
359 2103 388 2129 in
403 2107 539 2136 conspectu
564 2107 619 2132 tuo.
635 2102 741 2129 ostende
771 2101 835 2129 milli
854 2101 965 2135 teipsum
984 2101 1016 2127 ’⁵.

225 2150 258 2176 Et
273 2148 413 2182 respondit
426 2158 432 2174 :
443 2146 503 2173 Non
517 2147 614 2182 poteris
624 2147 711 2174 videre
723 2147 819 2180 faciem
833 2154 930 2179 meum;
943 2154 1018 2177 nemo

224 2195 359 2221 hominum
371 2194 434 2221 vidit
446 2194 540 2229 facient
552 2199 672 2224 meamet
686 2195 746 2222 vivit
759 2195 780 2210 "
794 2207 799 2221 ;
814 2195 877 2229 quia
893 2195 1019 2222 substan-

226 2242 289 2268 tiam
312 2240 360 2268 Dei
383 2248 465 2268 nemo
489 2240 723 2275 comprehendere
745 2245 843 2275 potest,
866 2241 917 2269 hoc
939 2241 1016 2268 dixit.

223 2288 294 2321 Quid
311 2293 403 2315 autem
422 2288 482 2322 ejus
496 2287 582 2322 possit
600 2287 696 2319 videri,
713 2287 770 2322 ipse
787 2293 880 2322 aperte
895 2288 1018 2321 subdidit
1035 2285 1056 2311 ι)

222 2336 318 2364 dicens
335 2345 341 2362 :
358 2335 423 2362 Ecce
445 2340 483 2362 ost
507 2336 578 2362 locus
601 2334 673 2369 apud
694 2343 744 2367 me,
767 2335 849 2362 stabis
871 2343 950 2370 super
971 2344 1017 2370 pe-

223 2389 294 2410 nam
309 2383 342 2415 υ,
358 2383 385 2410 id
406 2387 447 2410 est
465 2382 624 2414 Ecclesium,
643 2387 671 2409 et
687 2382 889 2410 confessionem
909 2391 970 2418 qua:
990 2383 1017 2410 in

222 2437 255 2456 eo
269 2434 321 2460 est,
339 2437 401 2456 cum
428 2429 482 2456 llde
507 2429 602 2457 dicens
623 2429 762 2465 :Cumque
787 2429 908 2456 transibit
932 2431 1016 2464 gloria

224 2483 294 2506 natea,
311 2475 467 2510 significans
482 2475 583 2503 Christi
605 2475 639 2502 ad
664 2475 789 2502 homines
808 2475 952 2502 transitum
970 2484 975 2502 :
992 2480 1016 2502 et

223 2529 320 2555 ponant
337 2526 361 2547 te
376 2522 403 2548 in
421 2522 542 2556 foramen
559 2527 640 2556 petne
656 2522 688 2554 π,
705 2521 731 2548 id
748 2527 800 2554 est,
818 2523 846 2549 in
863 2522 931 2558 lege,
948 2522 1018 2550 sicut

224 2574 273 2602 per
289 2566 412 2594 foramen
427 2571 583 2602 angustum,
601 2567 634 2594 ad
656 2567 857 2597 confessionem
873 2567 975 2595 Christi
991 2573 1019 2595 et

223 2612 317 2645 ﬁdem,
333 2619 382 2648 per
398 2619 459 2641 eam
476 2613 637 2642 transimus,
658 2613 730 2640 unde
745 2618 773 2640 et
787 2614 951 2649 paedagogus
968 2622 1018 2640 ιιι)-

223 2664 282 2687 ster
295 2658 331 2686 ad
346 2658 499 2692 Christum,
522 2658 564 2686 lex
584 2666 643 2686 esse
665 2667 714 2694 per
738 2659 852 2687 Paulum
871 2660 972 2688 dicitur
985 2660 1018 2687 ".

223 2705 257 2732 Et
274 2713 372 2739 ponam
392 2712 472 2739 super
491 2709 516 2731 te
532 2712 638 2732 manum
661 2713 758 2738 meam,
775 2705 861 2741 signis
880 2705 1017 2737 videlicet,

224 2750 364 2779 miraculis
382 2759 444 2786 quae
469 2758 530 2778 cum
553 2750 593 2778 eis
617 2751 744 2784 faciebat,
764 2753 846 2779 donec
871 2757 1017 2784 transeant,

223 2797 367 2835 taliumque
378 2806 487 2826 manum
500 2807 596 2830 meum,
609 2804 633 2826 et
645 2798 740 2828 ridebis
754 2799 897 2833 posteriora
912 2809 970 2827 inca
986 2801 1019 2829 ’⁵.

1038 935 1059 961 Β

281 2879 301 2895 ¹¹
315 2879 388 2906 Hebr
417 2887 443 2912 x,
457 2879 500 2911 l9,
513 2879 560 2906 9.0.

223 2914 269 2942 Ἡ.
324 2916 347 2931 ⁸⁸
360 2915 447 2943 Galat.
461 2923 503 2942 ιιι.
528 2914 574 2940 24.

224 2950 249 2974 η
261 2949 338 2983 Joan.
352 2959 371 2984 ι,
388 2950 420 2978 ιιι

616 2879 638 2895 ’³
652 2879 788 2916 Ηρπιηιιι,
804 2880 849 2911 ‘23,
865 2880 909 2907 2:1.

630 2915 653 2931 "
672 2914 758 2941 Exod.
777 2924 871 2944 tum.
893 2916 936 2942 ‘27-.

480 2951 503 2966 "
518 2949 637 2990 Philipp.
651 2957 680 2983 ιι,
699 2950 725 2982 6,
739 2950 765 2977 7.
823 2952 843 2965 ³⁵
855 2951 932 2978 .loan.
944 2958 973 2984 ll,
993 2950 1036 2978 t‘J.

967 2881 987 2896 "'
1000 2880 1085 2907 Exod.
1099 2888 1193 2915 sunt,
1209 2879 1250 2906 l3.

994 2915 1015 2931 ³⁰
1028 2915 1097 2942 l’sal.
1118 2923 1208 2944 t.\'\'Xl,
1226 2916 1252 2940 3.

1075 311 1145 336 ram,
1160 307 1255 338 utpote
1272 303 1424 338 principem
1442 304 1535 338 populi
1551 304 1660 339 Moysen
1675 302 1791 338 accepit,
1806 311 1873 338 pro-

1075 349 1215 375 tectricem
1235 347 1306 376 Deus
1319 348 1433 376 abstulit
1449 356 1572 382 manum,
1588 355 1615 377 et
1628 357 1676 376 sua
1691 356 1754 376 eum
1769 349 1872 376 virtute

1074 393 1187 421 nudavit
1205 394 1232 420 in
1249 398 1356 421 tantum
1377 399 1407 422 ut
1428 394 1560 423 Romanis
1579 395 1680 423 tributa
1699 399 1871 430 prmstarent,

1075 444 1104 467 ut
1119 440 1171 467 sub
1186 440 1260 476 leges
1275 448 1370 468 eorum
1388 445 1416 468 et
1436 441 1576 476 principes
1591 441 1731 477 degerent,
1748 445 1814 470 tunc
1828 443 1870 470 vi-

1074 486 1174 514 derunt
1202 486 1355 522 posteriora
1379 485 1439 519 Dei,
1461 487 1487 514 id
1507 491 1550 514 est
1572 486 1619 514 Dei
1640 487 1869 515 incarnationem.

1073 532 1228 560 Posteriora
1252 537 1344 560 autem
1363 533 1434 568 ejus,
1449 533 1513 568 quia
1526 533 1654 561 videlicet
1669 533 1695 560 in
1711 533 1813 560 ultimis
1828 538 1871 560 est

1075 579 1244 614 temporibus
1259 579 1428 606 incarnatus.
1447 577 1553 606 Faciem
1569 584 1658 606 autem
1674 587 1725 606 non
1739 579 1869 609 videbitis,

1073 625 1121 657 ait,
1140 625 1322 652 substantiam
1347 624 1476 652 videlicet
1497 623 1665 652 Divinitatis.
1683 625 1784 660 Aperte
1804 632 1872 661 ergo

1073 671 1200 698 doctores
1221 671 1319 703 vetuit,
1343 676 1371 698 et
1397 671 1554 698 sacerdotes
1573 671 1724 705 prohibuit,
1743 675 1770 698 et
1786 679 1856 706 quos

1072 725 1182 752 cunque
1195 717 1230 744 de
1246 717 1301 744 Deo
1318 718 1392 752 loqui
1409 718 1449 745 fas
1462 723 1515 750 est,
1530 718 1674 752 exquirere
1689 717 1870 745 substantiam

1073 764 1132 795 Dei,
1147 769 1173 790 et
1187 764 1324 791 discutere
1338 763 1440 791 Christi
1457 764 1640 796 divinitatem,
1659 768 1687 790 et
1705 764 1809 798 ingredi
1825 764 1870 791 in-

1073 809 1172 836 teriora
1189 809 1332 837 velaminis
1345 809 1535 845 intelligibilis.
1551 807 1683 836 Velamen
1699 808 1771 835 enim
1787 809 1870 836 Chri-

1073 859 1132 882 stus
1159 854 1241 881 habet
1255 862 1377 886 carnem,
1406 858 1594 890 tegumentum
1627 853 1776 881 divinitatis
1801 862 1870 887 sum,

1073 900 1302 935 quemadmodum
1318 905 1346 927 ct
1362 901 1414 928 hoc
1433 900 1505 935 quod
1523 904 1582 927 erat
1597 899 1727 928 sensibile
1744 900 1871 927 velamen

1076 951 1263 981 tegumentum
1291 945 1399 973 Sanctis
1423 951 1581 973 sanctorum
1606 945 1667 973 iuit.
1693 945 1754 973 Non
1781 946 1870 973 solum

1073 999 1165 1020 autem
1185 991 1321 1024 velamen,
1341 992 1387 1020 sed
1411 997 1438 1019 et
1460 991 1610 1019 testimonii
1633 999 1736 1024 arcam,
1758 1000 1871 1019 carnem

1074 1038 1180 1065 Domini
1203 1037 1360 1074 appellavit,
1381 1038 1475 1065 multis
1499 1038 1573 1065 illam
1596 1038 1752 1065 necessario
1774 1039 1871 1073 appel-

1073 1085 1132 1111 lans
1152 1084 1322 1115 nominibus,
1338 1084 1403 1119 quia
1427 1083 1519 1111 mult-te
1538 1091 1571 1111 ex
1586 1091 1618 1111 ea
1632 1088 1711 1111 erant
1729 1084 1869 1119 operatio-

1055 1137 1140 1162 'ncs;
1157 1130 1191 1157 de
1218 1130 1269 1157 hac
1283 1130 1356 1158 enim
1372 1129 1456 1159 David
1481 1131 1507 1157 in
1531 1129 1647 1158 Psalmis
1668 1131 1844 1166 prophetavit
1861 1141 1868 1158 :

1073 1177 1202 1212 Exsurge,
1214 1176 1333 1209 Domine,
1347 1177 1375 1203 in
1390 1176 1503 1211 requiem
1516 1180 1600 1209 tuam,
1612 1182 1640 1203 tu
1654 1181 1677 1203 et
1691 1185 1754 1203 arca
1768 1179 1870 1203 sancti—

1070 1223 1202 1258 firationis
1220 1228 1272 1250 tute
1286 1222 1319 1250 ³⁸.
1339 1222 1402 1251 Haec
1422 1230 1485 1251 arca
1506 1222 1685 1258 intelligibilis
1706 1223 1869 1256 testimonii,

1072 1274 1166 1304 utpote
1188 1270 1332 1298 continens
1348 1270 1567 1305 compassioncm
1585 1270 1734 1298 salutarem
1754 1270 1867 1302 dicitur,

1071 1316 1104 1343 de
1118 1324 1171 1351 qua
1182 1316 1251 1345 dixit
1263 1315 1363 1345 Paulus
1376 1326 1383 1343 ς
1400 1316 1534 1350 Testiﬁcor
1546 1324 1636 1344 coram
1653 1315 1717 1348 Deo,
1728 1320 1753 1343 et
1765 1315 1870 1344 Christo

1070 1363 1143 1394 Jesu,
1164 1363 1210 1398 qui
1236 1363 1416 1390 testimonium
1445 1362 1560 1390 reddidit
1581 1362 1627 1390 sub
1655 1362 1752 1390 Pontio
1778 1361 1870 1389 Pilato

1070 1409 1165 1437 bonam
1180 1409 1368 1444 confessionem
1384 1409 1416 1435 ".
1437 1408 1546 1437 Rursus.
1556 1413 1584 1436 et
1600 1408 1777 1444 Evangelium
1798 1409 1869 1436 dici-

1071 1465 1133 1484 mus
1154 1464 1215 1484 esse
1238 1456 1437 1489 testimonium,
1453 1460 1509 1483 tam
1525 1455 1588 1491 quia
1607 1455 1770 1491 intelligibili
1786 1463 1868 1488 arar,

1071 1504 1097 1530 id
1122 1508 1165 1530 est
1189 1502 1277 1535 carni,
1294 1502 1398 1530 Christi
1422 1502 1552 1535 cohaeret,
1575 1509 1657 1537 quam
1673 1502 1737 1537 quia
1757 1509 1791 1529 ex
1808 1502 1871 1538 ipso

1071 1549 1206 1585 passionis
1224 1549 1413 1576 testimonium
1434 1548 1578 1578 habemus.
1601 1548 1638 1576 De
1662 1549 1721 1584 ipso
1744 1549 1818 1576 enim
1841 1555 1870 1579 et

1072 1596 1172 1624 Paulus
1203 1594 1237 1622 ad
1266 1594 1439 1623 Timotheum
1467 1595 1606 1623 scribebat
1634 1604 1640 1622 :
1681 1595 1869 1622 Testimonium

1071 1645 1229 1680 temporibus
1243 1644 1309 1675 anis,
1326 1643 1354 1670 in
1374 1651 1425 1678 quo
1443 1643 1543 1677 positus
1556 1650 1613 1669 sum
1633 1650 1680 1677 ego
1698 1642 1871 1676 pradicator,

1069 1697 1094 1719 et
1110 1691 1243 1726 apostolus
1258 1690 1292 1717 ".
1314 1689 1377 1717 Haec
1408 1697 1469 1716 arca
1488 1696 1552 1725 ergo
1572 1694 1616 1716 est
1636 1688 1869 1723 propitiatorium,

1070 1737 1133 1773 quia
1156 1737 1183 1764 in
1207 1743 1289 1764 carne
1316 1744 1364 1762 sua
1388 1734 1517 1762 Christus
1539 1734 1621 1762 nobis
1644 1734 1868 1769 propitiationem

1071 1783 1206 1819 praestitit.
1230 1783 1271 1810 Ad
1296 1790 1378 1817 quam
1408 1782 1483 1809 omni
1511 1786 1635 1816 tempore
1663 1788 1718 1808 non
1745 1780 1870 1815 praecipit

1071 1831 1197 1858 doctores
1217 1829 1333 1864 ingredi,
1351 1834 1380 1855 ut
1400 1828 1508 1856 curiose
1526 1827 1622 1862 utique
1641 1835 1696 1854 non
1715 1826 1869 1862 inquirant,

1070 1875 1300 1911 quemadmodum
1328 1874 1434 1902 verbum
1463 1882 1525 1900 caro
1550 1874 1651 1909 factum
1679 1872 1752 1900 est"
1771 1881 1777 1899 :
1798 1879 1867 1907 quo-

1071 1923 1162 1955 modo,
1177 1922 1223 1957 qui
1241 1923 1266 1949 in
1284 1921 1371 1948 forma
1388 1920 1435 1948 Dei
1453 1925 1523 1953 erat,
1540 1920 1568 1947 in
1585 1919 1671 1947 forma
1691 1919 1762 1947 servi
1779 1918 1869 1946 iactus

1070 1973 1122 2001 cst,
1143 1968 1282 2003 quomodo
1303 1967 1454 1994 exinanivit
1477 1966 1668 2001 semetipsum,
1688 1970 1717 1993 et
1741 1965 1768 1992 in
1791 1965 1870 1992 caelis

1070 2015 1171 2042 mansit
1188 2015 1220 2041 ³³.
1244 2013 1347 2041 Horum
1365 2013 1439 2041 enim
1460 2012 1529 2041 ﬁdes
1550 2012 1666 2040 salutem
1686 2011 1777 2044 altert,
1793 2011 1869 2046 peri-

1070 2061 1161 2089 cnltnn
1179 2059 1330 2096 inquisitio.
1347 2058 1404 2086 lloc
1425 2066 1489 2094 ergo
1509 2058 1556 2093 qui
1577 2057 1675 2090 credit,
1694 2064 1750 2084 non
1768 2055 1869 2083 morie-

1071 2114 1125 2136 tur.
1142 2107 1209 2141 Quia
1226 2108 1253 2134 t'n
1269 2107 1345 2138 nube,
1368 2106 1468 2140 inquit,
1484 2105 1616 2140 apparebo
1635 2112 1714 2139 super
1730 2102 1868 2130 oraculum

1070 2156 1123 2183 sive
1152 2154 1387 2189 propitiatoriunt,
1428 2151 1529 2180 nubem
1567 2158 1663 2178 rursus
1698 2149 1869 2176 Dominicam

1070 2209 1180 2229 carnem
1204 2205 1232 2228 et
1256 2199 1440 2235 evangelicum
1469 2198 1588 2233 appellat
1614 2196 1744 2224 Verbum.
1765 2195 1870 2222 Eadem

1070 2247 1144 2274 enim
1162 2246 1254 2274 multis
1272 2250 1352 2275 vocat
1373 2244 1543 2276 nominibus,
1562 2250 1613 2270 nec
1634 2247 1676 2269 est
1694 2240 1868 2274 ταυτολογια,

1071 2292 1119 2319 sed
1141 2291 1346 2326 operationibus
1373 2298 1464 2317 rerum
1490 2296 1551 2324 quae
1580 2287 1779 2323 significantur,
1806 2293 1870 2321 apta

1073 2337 1188 2372 imponit
1203 2340 1231 2364 et
1244 2335 1385 2364 distribuit
1405 2333 1527 2362 nomina.
1548 2332 1702 2368 Aliquando
1723 2332 1796 2359 enim
1820 2339 1870 2358 ve-

1072 2385 1161 2416 lamen
1178 2391 1288 2415 carnem
1305 2383 1380 2415 dicit,
1397 2387 1586 2419 tegumentum
1602 2381 1673 2409 hanc
1688 2388 1748 2408 esse
1765 2379 1870 2407 divini-

1073 2432 1136 2458 tatis
1155 2431 1256 2458 Christi
1287 2430 1436 2465 signillcat;
1467 2428 1613 2464 aliquando
1644 2432 1734 2455 autem
1765 2433 1870 2457 arcam,

1072 2478 1211 2505 hominem
1232 2477 1359 2505 videlicet
1384 2483 1466 2511 quem
1491 2476 1548 2511 ipse
1573 2474 1707 2502 Dominus
1726 2479 1871 2507 exponens

1070 2524 1172 2552 iudicis
1202 2524 1269 2551 dixit
1294 2532 1300 2550 :
1327 2522 1425 2552 Solvite
1453 2522 1579 2557 templum
1605 2521 1662 2552 hoc,
1688 2525 1713 2547 et
1737 2520 1764 2545 in
1786 2518 1872 2545 tribus

1071 2571 1161 2598 diebus
1184 2570 1302 2597 excitabo
1313 2569 1379 2596 illud
1395 2569 1428 2596 ³⁵.
1449 2568 1539 2601 Quod,
1555 2568 1656 2595 Judaeis
1669 2565 1870 2601 ignorantibus,

1070 2622 1097 2644 ct
1115 2617 1271 2644 dicentibus
1289 2626 1295 2644 :
1313 2615 1499 2650 Quadraginta
1514 2620 1539 2640 et
1554 2622 1599 2643 sea:
1613 2613 1690 2639 annis
1707 2611 1872 2646 aediﬁcatum

1071 2670 1108 2690 cst
1128 2663 1254 2698 temptant
1273 2663 1332 2694 hoc,
1348 2667 1372 2691 et
1388 2667 1414 2688 tu
1439 2662 1465 2688 ιιι
1483 2660 1566 2690 tribu:
1585 2660 1675 2686 diebus
1695 2658 1821 2685 excitabit
1838 2658 1872 2684 il-

1074 2711 1118 2737 lud
1135 2710 1175 2736 ³δῖ
1196 2709 1366 2744 Evangelista
1386 2707 1553 2742 explanavit,
1571 2706 1665 2736 dicens
1684 2715 1690 2732 :
1711 2704 1760 2734 Ille
1780 2709 1870 2730 autem

1073 2755 1173 2781 divellat
1195 2754 1226 2781 de
1246 2753 1341 2787 lcinplo
1360 2761 1407 2779 ano
1426 2753 1457 2779 "'.
1484 2752 1638 2786 Aliquando
1662 2758 1729 2777 vero
1754 2749 1870 2780 nubem,

1074 2800 1136 2834 quia
1153 2800 1240 2827 nubes
1254 2808 1354 2834 corpus
1370 2804 1422 2830 est,
1443 2799 1489 2826 scd
1513 2798 1645 2825 mundum
1665 2802 1692 2824 et
1716 2796 1872 2823 subsisten-

1536 2879 1558 2894 ’⁸³
1573 2878 1639 2906 ibid.
1654 2898 1660 2907 ,
1674 2878 1720 2904 21.
1767 2878 1788 2893 ν
1802 2877 1870 2903 illiti.

1608 2913 1630 2929 "
1644 2913 1653 2940 l
1669 2912 1740 2941 Tim.
1761 2921 1792 2945 ll,
1814 2913 1872 2941 6-7.

1306 2880 1329 2895 ιιι
1343 2880 1420 2911 iI.i.|.,
1435 2880 1480 2913 eo,

1310 2916 1328 2929 ³⁸
1346 2915 1352 2941 Ι
1368 2915 1439 2941 Ἰ’ίιιι.
1454 2922 1489 2947 \I,
1511 2914 1552 2941 13.

1095 2950 1116 2965 3"
1140 2950 1220 2989 ibid,
1230 2949 1275 2976 ‘20.
1346 2951 1355 2965 ’¹
1371 2950 1440 2977 ibid.
