2052 3146
177 204 230 237 985

765 195 805 224 ΙΝ
821 195 1039 225 LEVITICUM.
1055 207 1088 213 —
1104 195 1176 225 LIB.
1192 195 1227 226 γ,

1764 192 1815 223 Ωςϐ

175 258 242 284 tiam
252 263 288 284 ex
299 253 401 291 Spiritu
413 257 507 282 sancto
516 253 677 282 habentem:
691 260 723 280 ex
734 252 873 287 spiritibus
884 252 969 282 enim,
986 253 1006 281 Α
1023 251 1160 285 quomodo
1176 250 1251 285 jubet
1277 250 1316 276 uti
1339 249 1446 284 quando
1469 248 1653 284 nosmetipsos
1668 247 1814 283 perfeceri-

175 302 202 331 id
225 306 270 330 est
289 301 379 329 ventis
400 300 488 328 nubes
509 300 671 327 subsistunt.
691 299 803 333 Propter
819 297 890 332 quod
910 297 970 331 eius

176 348 328 376 subtilitate
341 347 422 375 simul
437 350 464 374 et
479 346 591 374 levitate
603 344 764 373 munditiam
780 344 865 371 lsaias
876 347 969 370 osten-

174 394 242 421 dens
250 393 358 421 dicebat
370 403 376 421 :
389 393 456 420 Ecce
471 393 598 419 Dominus
612 391 729 418 ascendit
741 399 818 425 super
829 389 921 416 nubem
931 388 969 415 Ic-

173 449 240 471 vem,
255 444 279 467 et
297 440 458 475 ingredietur
476 438 631 473 Egyptum,
648 442 672 464 et
687 436 915 464 commovebuntur
934 435 970 462 si.

176 486 297 513 mulacra
320 486 473 521 Egypti",
490 485 562 513 nube
591 484 717 511 similiter
734 491 790 510 non
821 483 969 518 incongrue

172 530 360 567 evangelicum
372 531 538 566 appellamus
548 529 671 561 verbum,
681 529 745 564 quia
754 536 812 556 mos
821 533 862 556 est
870 528 968 555 divina

175 578 326 612 Scriptum
340 577 427 604 sancti
443 576 561 611 Spiritus
579 574 742 606 doctrinam,
759 574 860 601 nubem
876 573 968 608 appel-

173 625 240 651 lare.
263 623 342 652 Unde
366 627 393 650 et
419 622 527 650 vincam
547 622 704 650 Judmorum
725 621 796 648 sicut
816 620 969 647 infructuo-

173 677 244 701 sam,
259 669 388 696 auferens
402 668 510 696 dicebat
526 677 532 695 :
548 667 679 695 Maudabo
695 667 816 696 nubibus,
831 674 862 692 ne
875 665 969 701 pluunt

173 722 254 749 super
269 722 328 741 eam
345 714 454 741 imbrem
469 714 502 741 θ’.
518 714 622 741 Deinde
637 721 697 748 qua:
716 714 752 740 sit
772 713 862 744 vinea,
883 719 968 746 expo-

173 768 244 788 nens
259 759 352 788 subdit
369 769 376 787 :
393 759 472 786 Vinea
487 760 556 786 enim
569 759 696 791 Sabaoth,
711 759 803 785 domus
820 758 905 785 Israel
918 763 966 790 est,

171 811 196 834 et
212 807 306 833 domus
328 806 409 838 Juda,
428 806 558 833 novellum
582 806 706 833 deiictum
723 805 754 832 ‘°.
777 805 807 832 In
832 805 882 832 hac
903 812 968 839 ergo

172 852 257 884 nube,
275 851 348 879 Deus
369 856 424 878 tam
441 851 467 878 in
482 851 622 879 Dominica
638 859 730 883 carne,
745 859 825 885 quam
842 851 868 877 in
885 857 968 877 evan—

171 898 260 933 gelica
288 897 483 932 praedicatione
511 897 677 930 insinuatur,
703 901 729 924 et
753 897 823 924 nihil
850 896 967 931 amplius

171 951 328 978 quaeramus
342 950 392 969 nos
404 942 450 977 qui
462 942 566 978 aliquid
579 943 613 970 de
627 943 682 970 Deo
695 943 811 970 serutari
827 942 963 973 volumus,

171 989 220 1015 sed
234 992 367 1022 quantum
379 988 459 1015 nobis
472 988 645 1023 evangelicus
657 995 748 1015 sermo
759 988 851 1019 tradit,
863 991 964 1022 quanta

170 1042 204 1061 ex
220 1033 360 1061 Dominiea
373 1041 456 1061 carne
469 1034 636 1069 percipimus
651 1044 657 1061 :
670 1042 760 1069 neque
774 1035 846 1061 enim
864 1033 965 1061 frustra

171 1087 228 1107 uno
242 1079 355 1106 nomine
368 1087 479 1106 carnem
494 1079 612 1112 Domini,
625 1083 653 1106 et
666 1079 842 1115 Evangeiium
857 1079 965 1114 legisla-

172 1131 216 1153 tor
231 1125 405 1160 signiﬁcavit,
421 1125 470 1153 sed
493 1126 557 1160 quia
582 1125 739 1162 Evangelio,
755 1130 783 1153 et
805 1133 887 1153 carne
911 1126 965 1152 Do-

172 1171 286 1203 minica,
299 1170 406 1198 occasio
417 1174 500 1205 atque
512 1171 690 1198 subsistentia
705 1177 757 1198 est.
771 1170 963 1198 Verumtamen

169 1221 197 1244 et
213 1216 256 1243 illa
277 1223 351 1243 nunc
365 1216 474 1243 iteratio
489 1215 643 1249 confirmat,
661 1216 724 1251 quia
739 1224 794 1243 non
809 1216 896 1243 solum
913 1216 965 1243 hoc

170 1263 261 1298 ipsum
278 1263 468 1290 differentibus
482 1263 640 1290 nominibus
655 1263 748 1290 divina
762 1262 874 1291 nomina
891 1263 964 1290 Scri-

169 1314 251 1345 ptura
272 1313 301 1336 ut
318 1308 478 1336 differentes
495 1308 671 1344 operationes
686 1308 785 1343 signet,
806 1308 852 1335 sed
870 1308 897 1335 in
913 1316 963 1335 no-

168 1355 291 1383 minibus
301 1355 484 1383 dilferentiam
492 1355 622 1386 ostendit,
635 1355 796 1389 plerumque
809 1355 892 1382 etiam
902 1362 965 1381 con-

169 1403 282 1430 trariam
298 1412 303 1429 :
321 1410 384 1429 nam
406 1402 553 1436 aliquando
574 1401 684 1436 quidem
702 1401 815 1436 sagittas
828 1401 921 1433 malas,
938 1405 965 1428 et

167 1447 273 1482 igneas,
283 1447 343 1475 illas
351 1455 412 1482 qua:
423 1452 487 1475 sunt
495 1447 789 1482 concupiscentiarum,
797 1452 843 1474 aut
851 1447 964 1474 alterius

167 1493 299 1528 nequitia:
315 1501 428 1528 organa,
440 1497 466 1520 et
477 1494 652 1528 operationes
666 1497 746 1520 vocat
757 1493 812 1528 igni
827 1493 963 1520 diabolum

167 1538 334 1570 assiuiilans,
344 1538 407 1573 quia
415 1539 565 1573 corrumpit
572 1546 620 1566 eos
628 1538 673 1574 qui
681 1538 705 1565 ei
713 1546 742 1566 se
751 1538 930 1574 coniungunt,
937 1543 965 1566 et

167 1585 196 1612 in
210 1593 243 1611 eo
257 1592 287 1612 se
300 1584 503 1619 quodammodo
519 1585 641 1612 mittunt.
661 1584 816 1619 Aliquando
828 1589 920 1611 autem
936 1585 963 1611 in

166 1631 260 1666 specie
274 1631 354 1665 ignis,
370 1634 425 1658 tam
440 1630 607 1666 alibi,quam
621 1631 647 1657 in
660 1631 729 1658 rubo
737 1631 821 1658 Deum
834 1631 964 1663 insinuat,

165 1678 230 1712 quia
248 1677 292 1704 lux
304 1682 345 1705 est
356 1684 450 1704 eorum
461 1677 508 1712 qui
528 1677 562 1704 ad
578 1685 641 1704 eum
651 1685 699 1712 per
715 1677 819 1712 singula
833 1677 966 1704 accedunt

166 1728 302 1759 tempOra,
317 1724 446 1758 calorque
468 1724 562 1751 vitalis
578 1729 659 1759 atque
676 1725 809 1760 purgatio.
827 1723 885 1751 Non
901 1732 965 1759 ergo

165 1769 286 1796 a-stimes
308 1768 444 1803 superﬂua
462 1768 520 1796 sive
544 1776 615 1796 nova
641 1768 732 1796 induci
750 1776 799 1804 per
814 1769 964 1804 expositio-

166 1822 242 1847 nem,
262 1815 373 1849 quando
401 1814 504 1842 eisdem
531 1815 690 1842 nominibus
715 1815 743 1842 in
772 1815 965 1843 differentibus

167 1860 254 1887 utitur
280 1860 382 1893 causis,
410 1865 458 1887 aut
481 1861 594 1887 nomina
622 1860 776 1888 diﬁ‘ercntia
806 1861 834 1888 in
858 1862 962 1889 eisdem

165 1907 267 1942 accipit
280 1907 373 1934 rebus.
389 1907 442 1935 Sed
456 1907 522 1934 illud
539 1907 651 1935 intende
666 1913 770 1934 tantum
784 1909 806 1935 si
825 1916 881 1935 non
898 1917 963 1943 pro-

165 1954 235 1988 prie,
262 1957 290 1981 et
316 1954 466 1981 secundum
493 1958 612 1988 tempus,
639 1954 853 1989 signiﬁcationes
873 1956 964 1982 norni-

164 2008 231 2027 num
262 2000 289 2026 in
319 2000 509 2034 adiacentibus
528 2000 693 2035 expositioni
719 2000 802 2027 rebus
826 2001 963 2036 interpres

165 2044 283 2079 accepit.
301 2043 355 2071 Sed
369 2044 425 2079 jam
440 2053 501 2079 qua:
517 2049 669 2080 sequuntur
682 2045 834 2072 videamus.
850 2045 905 2073 Sed
924 2047 963 2074 sic

165 2091 339 2125 ingrediatur
355 2092 447 2119 Aaron
464 2092 662 2119 sanctuarium.

200 2136 286 2164 Vens.
304 2137 331 2169 5,
355 2137 383 2164 ιι.
407 2146 417 2163 ‹
437 2137 558 2164 Vitulum
586 2137 684 2164 oneret
711 2138 774 2173 pro"
786 2142 909 2173 peccato,
935 2142 963 2165 et

165 2181 280 2208 arietem
300 2182 329 2208 in
347 2182 548 2210 holocaustum.
564 2182 667 2210 Tunica
685 2183 757 2210 linea
775 2183 917 2217 vestietur,
935 2187 962 2210 et

165 2228 344 2256 feminalibus
371 2228 451 2257 lineis
476 2230 629 2258 verecunda
658 2230 769 2257 celabit.
796 2230 963 2265 Accingetur

979 1607 1001 1635 ὓ

1022 304 1084 323 mus
1103 296 1161 323 sive
1183 295 1476 327 consuinmaverimus,
1494 302 1568 321 nunc
1589 293 1710 325 tradidit,
1728 293 1754 320 id
1775 295 1817 320 est

1023 350 1077 369 non
1093 342 1261 377 ingrediatur
1279 341 1369 368 Aaron
1391 341 1416 368 in
1437 345 1542 371 sancta,
1560 340 1613 367 nisi
1632 339 1692 367 ha-c
1708 339 1814 366 fecerit.

1023 388 1073 415 Hic
1095 388 1225 417 ostendit.
1243 387 1305 422 quia
1323 394 1378 413 non
1401 386 1488 413 solum
1506 393 1560 412 nou
1582 385 1748 418 frequenter,
1767 383 1814 410 sed

1021 441 1073 461 nec
1094 433 1207 460 omnino
1231 440 1286 459 non
1308 431 1414 467 ingredi
1435 431 1462 458 in
1487 430 1675 458 sublimiorem
1696 430 1814 456 divinam

1021 480 1282 514 contemplationem
1297 478 1437 514 przecepit,
1454 486 1535 512 quam
1549 483 1576 505 et
1589 477 1736 511 appellavit
1751 484 1812 503 san-

1021 525 1168 555 ctuarium,
1184 529 1276 560 utpote
1291 532 1351 559 quae
1367 524 1401 551 de
1417 524 1472 550 Deo
1487 528 1538 556 est,
1554 523 1600 557 qui
1618 524 1733 549 Sanctus
1748 530 1811 548 san.

1020 575 1126 597 ctorum
1141 574 1192 602 est,
1211 575 1238 596 et
1254 577 1316 597 eum
1336 570 1382 604 qui
1406 569 1476 596 bene
1492 577 1523 596 ea
1541 570 1636 601 utitur,
1652 568 1812 597 sanctiﬁcat,

1020 617 1067 644 sed
1092 617 1139 651 qui
1161 616 1255 651 utique
1275 618 1366 643 Aaron
1391 619 1442 647 cst,
1459 615 1485 642 id
1503 620 1553 646 est,
1569 615 1651 641 altam
1668 622 1812 641 conserva-

1020 664 1123 690 tionem
1149 663 1265 694 habens,
1282 666 1311 689 et
1337 662 1383 696 qui
1409 662 1436 688 in
1462 665 1567 688 tantum
1592 665 1739 695 provectus
1761 664 1812 692 cst,

1020 709 1172 736 ascendens
1188 709 1222 735 ad
1243 708 1290 735 Dei
1314 707 1570 738 sanctiﬁcationem,
1588 711 1618 733 ut
1635 705 1705 733 sicut
1720 705 1812 732 divina

1020 762 1082 782 area
1105 753 1272 789 respondere
1289 753 1385 789 possit,
1403 753 1454 780 hoc
1474 752 1546 780 enim
1567 752 1657 778 Aaron
1677 751 1813 783 interpre-

1021 807 1101 833 tatur,
1118 801 1162 828 hic
1181 801 1349 836 irgredicns,
1366 799 1480 827 vitulum
1499 799 1594 826 offeret
1619 806 1667 832 pro
1689 802 1812 832 peccato,

1020 848 1147 876 videlicet
1170 847 1197 874 in
1222 847 1358 874 sacrificio
1381 846 1532 881 ingreditur
1548 845 1659 872 Christi.
1679 844 1728 876 Qui
1749 843 1813 878 quia

1020 904 1075 923 non
1091 894 1179 922 solum
1201 902 1251 929 pro
1271 894 1391 928 peccatis
1406 893 1507 920 nostris
1524 892 1679 918 immoiatus
1695 895 1747 922 est,
1764 889 1813 917 sed

1018 946 1047 970 et
1063 942 1145 969 vitam
1166 940 1246 968 nobis
1262 943 1372 975 praestat
1390 939 1551 974 perfectam,
1570 942 1661 964 tamen
1684 940 1812 971 peccato-

1017 997 1076 1016 rum
1094 988 1174 1016 nobis
1189 987 1402 1018 absolutionem,
1416 993 1497 1020 quam
1518 985 1649 1012 virtutum
1666 983 1813 1017 perfectio-

1016 1041 1080 1060 nem
1104 1033 1149 1060 Dei
1174 1032 1339 1059 sacriﬁcium
1356 1030 1505 1066 conquirit,
1523 1035 1550 1057 et
1567 1028 1691 1065 apponit,
1709 1026 1812 1054 addidit

1017 1080 1164 1115 legislatur.

1053 1126 1085 1153 Et
1113 1127 1222 1152 arietem
1250 1126 1276 1151 in
1298 1124 1488 1151 holocaustum.
1512 1122 1584 1150 LXX
1607 1125 1697 1149 autem
1719 1121 1811 1148 edide-

1017 1178 1090 1204 runt,
1107 1173 1138 1199 de
1152 1172 1242 1199 vitulo.
1261 1172 1297 1198 Ex
1314 1171 1402 1198 bobus
1418 1170 1471 1196 illis
1484 1169 1674 1203 operatoribus
1687 1167 1810 1202 justitize,

1015 1219 1167 1248 secundum
1192 1226 1303 1245 caruerit
1327 1217 1417 1244 factus
1442 1220 1494 1247 est,
1513 1215 1587 1242 verbi
1606 1215 1701 1249 gratia,
1724 1214 1811 1240 Abra—

1015 1266 1089 1298 ham,
1110 1266 1195 1297 isaac,
1211 1264 1307 1295 Jacob,
1324 1263 1409 1290 David
1427 1272 1434 1293 ;
1451 1270 1513 1289 nam
1532 1262 1617 1288 boves
1640 1261 1692 1293 lex,
1704 1268 1750 1288 eas
1765 1259 1811 1294 qui

1013 1313 1149 1348 justitiam
1170 1315 1311 1347 operatur,
1328 1310 1405 1337 novit
1422 1310 1492 1336 sicut
1509 1308 1588 1335 nobis
1606 1308 1705 1334 Paulus
1727 1307 1811 1333 tradi-

1016 1360 1065 1392 dit,
1083 1359 1149 1386 illud
1172 1358 1358 1392 interpretans
1373 1356 1531 1383 mandatum
1551 1364 1557 1381 :
1576 1354 1635 1382 Non
1649 1354 1771 1389 alligabis
1785 1361 1812 1379 οε

1015 1404 1072 1432 bovi
1089 1403 1225 1430 trituranti
1242 1402 1283 1434 *‘;
1302 1401 1400 1428 deinde
1421 1400 1538 1433 subjecit
1557 1408 1563 1425 :
1581 1399 1707 1434 Nunquid
1720 1398 1751 1424 de
1766 1397 1812 1423 bo-

1016 1451 1062 1478 bus
1076 1459 1138 1478 cura
1155 1454 1195 1477 est
1215 1448 1327 1476 Deo’“?
1347 1456 1381 1474 an
1408 1452 1520 1481 propter
1542 1453 1592 1472 nos
1614 1445 1705 1479 utique
1722 1444 1810 1471 dicit:

1016 1498 1084 1530 Quin
1100 1496 1173 1524 debet
1195 1496 1222 1522 in
1243 1503 1287 1529 spe
1306 1494 1350 1529 qui
1365 1498 1405 1520 rat
1422 1501 1529 1525 aurare,
1545 1497 1568 1519 et
1587 1492 1632 1527 qui
1649 1491 1768 1521 triturat,
1784 1490 1812 1516 it:

1016 1552 1061 1578 spe
1078 1544 1178 1578 fructus
1207 1539 1422 1575 percipiendi”?
1447 1538 1514 1572 Quia
1537 1541 1628 1564 autem
1647 1540 1673 1564 et
1699 1535 1810 1568 vitulus,

1018 1593 1091 1616 recte
1116 1592 1228 1623 propter
1252 1586 1428 1617 sacrificium,
1446 1589 1473 1612 et
1491 1584 1619 1612 virtutem
1645 1582 1810 1617 appellatur,

1017 1635 1174 1670 evangelica
1189 1634 1318 1668 explanat
1333 1632 1460 1667 parabola
1471 1632 1505 1661 ’λἰ,
1522 1631 1548 1657 in
1561 1639 1612 1665 qua
1629 1629 1743 1664 prodigo
1757 1628 1812 1654 ﬁlio

1017 1683 1094 1713 pater
1114 1676 1274 1708 revertenti,
1292 1675 1407 1710 primam
1433 1674 1529 1700 stolam
1550 1674 1618 1700 dans
1641 1671 1812 1706 baptismatis

1016 1728 1043 1752 et
1062 1723 1204 1755 annulum,
1225 1722 1252 1749 id
1268 1726 1310 1749 est
1326 1720 1495 1756 signaculum
1512 1719 1635 1754 spiritus,
1652 1718 1767 1744 vitulum
1786 1717 1810 1743 ci

1016 1769 1182 1798 sacriﬁcium
1213 1767 1344 1804 unigeniti
1370 1766 1529 1797 immolavit,
1554 1766 1613 1800 ipse
1640 1768 1668 1791 ct
1689 1764 1761 1790 aries
1784 1763 1811 1790 in

1017 1815 1208 1842 holocaustum
1234 1817 1285 1840 cst.
1315 1811 1371 1838 Hoc
1392 1812 1466 1838 enim
1491 1819 1523 1838 ea
1544 1818 1605 1845 qua:
1625 1814 1667 1836 est
1687 1809 1720 1836 de
1738 1808 1811 1835 Isaac

1016 1863 1130 1891 historia
1147 1862 1314 1897 explanavit,
1326 1860 1436 1895 quando
1454 1867 1504 1894 pro
1526 1859 1638 1886 arietem
1658 1857 1809 1885 secundum

1015 1909 1097 1941 LXX,
1119 1910 1146 1935 in
1163 1908 1277 1943 virgulto
1300 1907 1408 1938 Sabcch,
1426 1906 1452 1932 id
1472 1910 1514 1932 est
1534 1905 1560 1931 in
1578 1904 1696 1938 virgulto
1710 1902 1809 1933 veniae,

1014 1962 1064 1989 per
1079 1953 1152 1988 quod
1168 1953 1292 1980 absolute
1308 1959 1417 1979 crucem
1437 1949 1628 1985 intelligimus,
1647 1949 1675 1975 in
1691 1957 1742 1983 qua
1758 1955 1809 1974 no-

1015 2005 1135 2027 strorum
1152 2004 1327 2034 peccatorum
1345 2001 1454 2032 peracta
1471 2000 1513 2022 est
1527 1995 1616 2027 venia,
1632 2002 1663 2020 ex
1679 1994 1810 2021 cornibus

1014 2047 1171 2081 colligatum
1195 2046 1292 2073 videns
1308 2044 1444 2071 Abraham
1463 2042 1614 2069 immolavit
1630 2049 1704 2073 eutn,
1720 2045 1748 2067 et
1765 2048 1809 2066 sa-

1014 2092 1108 2121 crificii
1123 2092 1225 2119 Christi
1247 2090 1395 2126 complevit
1419 2090 1576 2124 imaginem.
1595 2087 1671 2116 Unde
1686 2091 1714 2114 et
1728 2087 1762 2114 de
1777 2094 1810 2114 eo

1015 2139 1145 2167 Dominus
1164 2139 1271 2166 diccbat
1289 2147 1295 2164 :
1316 2137 1451 2164 Abraham
1478 2135 1631 2167 exsultavit,
1658 2139 1686 2160 ut
1712 2133 1809 2160 videret

1013 2185 1081 2213 diem
1094 2193 1191 2217 meum,
1205 2189 1229 2210 et
1240 2183 1314 2215 vidit,
1329 2187 1351 2209 et
1367 2182 1473 2218 gavisus
1487 2186 1523 2208 cst
1536 2181 1568 2208 ⁸⁵.
1584 2181 1652 2214 Quia
1660 2187 1724 2214 ergo
1739 2178 1810 2205 aries

1013 2240 1046 2259 ex
1064 2239 1162 2266 genere
1178 2231 1268 2258 0vium
1293 2234 1344 2262 ρει,
1365 2233 1553 2257 verumtamen
1578 2233 1619 2255 est
1643 2228 1807 2263 praecipuus,

166 2282 234 2300 zona
257 2274 339 2307 linea,
359 2275 476 2310 cydarim
506 2276 605 2302 lineam
632 2275 756 2310 imponet
781 2276 874 2310 capiti.
897 2275 960 2303 llmc
978 2277 1038 2307 Det
1063 2278 1152 2313 gregis
1178 2277 1244 2308 dux,
1262 2281 1335 2304 recte
1360 2277 1496 2312 significat
1519 2275 1672 2307 Christum,
1693 2273 1737 2308 qui
1767 2276 1810 2300 cst

165 2321 240 2347 enim
256 2321 420 2348 vestimenta
438 2326 502 2349 sunt
522 2326 626 2355 sancta,
645 2322 746 2357 quibus
763 2323 880 2356 cunctis,
896 2332 958 2351 cura

166 2365 239 2394 lotus
255 2366 348 2398 fuerit,
366 2367 504 2394 induetur.
518 2377 527 2393 ι

203 2413 363 2440 Admirabili
388 2414 485 2442 ordine
508 2415 590 2442 etiam
618 2423 691 2443 nunc
717 2415 854 2450 legislator
873 2419 907 2443 ad
928 2425 960 2444 ea

165 2467 226 2494 quae
239 2459 337 2493 juvare
356 2464 482 2493 possunt,
500 2464 528 2487 et
548 2460 622 2487 utilia
649 2469 710 2488 esse
739 2461 892 2496 legentibus
920 2463 960 2489 le-

167 2513 238 2539 gem,
251 2508 280 2532 et
304 2505 350 2539 qui
367 2505 526 2532 thesaurum
552 2507 722 2534 rccanditum
738 2508 765 2534 in
784 2515 815 2534 ea
831 2516 960 2542 perscru-

167 2555 270 2583 tantur,
286 2551 380 2578 utitur.
400 2552 468 2579 Cum
483 2552 555 2579 enim
572 2553 685 2580 dixisset
705 2561 759 2580 non
782 2554 865 2581 licere
884 2555 959 2582 omni

168 2597 247 2628 hora,
259 2597 285 2624 id
299 2603 405 2625 estnon
421 2599 561 2632 continue,
575 2599 600 2626 id
613 2604 664 2631 est,
682 2600 741 2627 sine
756 2601 960 2629 intermissione

168 2643 273 2678 ingredi
293 2644 320 2670 in
335 2644 434 2672 Sam-ta
457 2650 624 2678 sanctorum,
644 2654 678 2673 ne
701 2647 771 2673 forte
793 2648 853 2674 sine
874 2652 959 2679 metu,

167 2696 193 2717 et
208 2691 455 2725 circumspectione
474 2692 507 2718 ad
525 2699 557 2719 ea
574 2700 634 2726 quze
652 2693 742 2720 divina
764 2698 838 2724 sunt,
857 2702 961 2728 pnesu-

169 2745 274 2764 inarnus
296 2741 342 2764 aut
366 2737 538 2770 accedamus,
555 2746 589 2766 ne
610 2740 741 2774 maiorem
765 2741 962 2775 perscrutatio-

169 2791 229 2809 nem
251 2783 365 2810 omnino
386 2785 535 2818 prohibuit,
559 2786 605 2812 sed
631 2786 740 2820 quando
762 2795 812 2813 nos
837 2787 896 2819 hac,
915 2791 960 2814 aut

223 2888 244 2903 “
258 2887 307 2913 ina.
325 2895 379 2914 υς.
399 2887 423 2912 Ι.
462 2888 502 2919 ,³⁵
515 2888 565 2914 ιδεμ
579 2889 639 2913 η’ἰ,
698 2889 718 2904 ⁸⁸
731 2888 796 2916 ibid.
811 2890 836 2916 7.

170 2921 191 2938 ⁸⁵
207 2921 285 2952 Jnan.
307 2930 363 2953 vni,
377 2923 447 2950 iiii.”
460 2923 525 2950 [υς.
546 2932 570 2956 .\,
590 2925 632 2949 :12.

875 2889 894 2904 "‘
915 2891 921 2917 Ι
939 2890 1000 2917 flor.
1020 2898 1057 2922 l.\',
1074 2892 1099 2918 9.

1013 2334 1046 2353 ex
1063 2335 1151 2354 massa
1173 2331 1277 2357 nostra,
1292 2326 1338 2353 sed
1361 2326 1525 2360 prmcipuns,
1544 2328 1571 2351 et
1592 2323 1731 2350 excellens
1748 2329 1808 2353 nos,

1014 2376 1042 2398 et
1056 2372 1109 2399 dux
1123 2372 1231 2407 generis
1251 2371 1361 2399 humani
1377 2377 1456 2406 atque
1472 2378 1517 2397 rex
1532 2374 1585 2397 est.
1602 2369 1632 2396 In
1648 2369 1710 2400 hoc,
1726 2368 1751 2394 id
1768 2371 1809 2394 cst

1015 2418 1042 2445 in
1056 2418 1174 2449 L‘hristo,
1188 2418 1244 2445 vult
1258 2426 1308 2445 nos
1319 2418 1423 2453 ingredi
1439 2417 1466 2443 in
1480 2420 1574 2443 saneta
1590 2424 1597 2442 :
1611 2414 1718 2441 initium
1734 2414 1807 2440 cnim

1015 2465 1048 2492 de
1063 2466 1118 2491 Deo
1132 2465 1270 2499 loquendi,
1283 2465 1409 2491 Christus
1428 2468 1480 2495 est,
1502 2468 1529 2490 ct
1548 2462 1608 2496 ejus
1623 2459 1725 2495 passio.
1742 2459 1808 2491 Quae

1015 2511 1037 2538 si
1054 2518 1107 2536 non
1122 2514 1201 2537 aucta
1214 2509 1308 2537 fuisset
1324 2515 1351 2536 et
1371 2515 1424 2536 tam
1447 2515 1614 2544 paganorum
1634 2513 1685 2533 nos
1702 2512 1807 2535 errore,

1015 2565 1095 2591 quam
1118 2557 1152 2583 ab
1172 2557 1266 2584 umbra
1282 2556 1349 2591 legis
1362 2561 1388 2583 et
1403 2555 1519 2590 caligine
1534 2554 1688 2584 liberasset,
1705 2559 1756 2578 nos
1774 2551 1807 2578 de

1016 2603 1104 2630 l’atris
1119 2603 1261 2630 divinitate
1280 2602 1353 2636 loqui
1375 2601 1486 2629 minime
1504 2600 1708 2635 potuissemus:
1725 2599 1807 2624 Nemo

1014 2649 1082 2675 enini
1101 2649 1149 2675 scit
1172 2648 1287 2680 Putrem,
1304 2648 1353 2674 nisi
1373 2647 1466 2679 Filius,
1483 2652 1507 2674 et
1529 2647 1572 2673 cui
1593 2646 1702 2673 voluerit
1723 2644 1807 2671 Filius

1015 2695 1133 2721 revelare
1145 2694 1178 2721 “5.
1201 2694 1254 2721 Sed
1271 2694 1333 2729 quia
1351 2694 1402 2725 his,
1417 2694 1462 2728 qui
1479 2693 1514 2721 de
1528 2693 1583 2720 Deo
1597 2694 1740 2720 locuturus
1755 2697 1806 2722 est,

1015 2747 1042 2768 ct
1063 2741 1162 2768 intueri
1180 2742 1277 2773 Deum,
1292 2742 1318 2768 in
1336 2746 1469 2776 (“tantum
1491 2741 1620 2775 possibile
1635 2745 1678 2768 est
1693 2740 1806 2766 homini-

1015 2788 1076 2819 bus,
1094 2788 1161 2819 vult,
1178 2795 1291 2815 neeesse
1305 2792 1346 2814 est
1362 2791 1391 2814 ut
1407 2788 1534 2814 omnibus
1554 2787 1699 2814 virtutibus
1717 2794 1806 2812 armc-

1141 2891 1161 2906 ‘-’
1175 2890 1239 2917 ibid.
1281 2890 1302 2906 “
1320 2890 1386 2917 ibid.
1417 2889 1456 2916 l0.
1498 2890 1516 2904 "'
1531 2889 1595 2916 Luc.
1614 2896 1655 2919 xv.
1675 2887 1701 2914 il
1729 2894 1804 2923 seqq.
