2052 3146
245 178 299 210 987

842 171 1024 202 HESYCHII
1052 170 1291 202 PRESBYTER.

1827 177 1879 208 988

247 232 302 257 tur.
315 230 433 258 Attende
441 234 469 257 et
481 230 532 257 hoc
545 229 774 263 quemadmodum
790 228 968 263 approbavit;
984 227 1040 254 vir-
1055 229 1077 256 Δ
1093 227 1282 255 holocaustum
1294 248 1302 260 ,
1335 228 1466 256 virtutum
1501 228 1626 255 \idclicet
1665 229 1882 263 perfectionem;

247 280 321 303 tutes
333 276 405 303 enim
417 279 533 309 quatuor
545 274 686 309 generales
699 279 772 306 sunt,
785 274 902 308 iustitia,
915 273 1036 306 castitas,

234 321 388 354 glortitudo,
406 320 554 355 sapientia;
570 325 713 355 propterea
731 320 838 354 inquit:

281 368 379 395 Tunica
403 368 473 394 linea
493 367 626 394 iuduetur.
652 367 681 393 ld
701 371 743 393 est
763 366 948 400 justitia.hazc
963 365 1036 393 enim

245 414 356 448 proprie
381 414 574 440 vestimentum
600 413 719 440 hominis
739 418 795 446 est,
821 414 927 443 tunica.
955 420 1036 447 quam

245 459 317 488 LXX
332 460 523 494 sanctiﬁcatum
546 459 640 491 edunt,
657 459 719 493 quia
742 458 926 485 sanetiﬁcatur
949 466 963 485 a
981 458 1036 485 Deo

245 507 290 541 qui
301 506 436 540 justitiam
453 506 549 540 diligit,
566 510 593 532 et
606 505 791 539 principaliter
804 512 835 532 ea
856 504 966 531 indutus
983 509 1034 531 est.

246 551 322 578 Unde
338 552 372 578 de
393 559 425 579 eo
443 552 511 578 dixit
531 551 616 578 David
632 560 638 577 :
657 551 746 578 Justus
764 550 900 580 Dominus.
917 556 941 577 et
954 551 1036 585 justi-

245 597 296 624 tias
313 597 404 624 dilexit
426 597 462 624 ‘7.
486 597 536 623 Per
560 596 696 624 fetuinalia
723 597 834 624 castitas
857 597 1034 632 signiﬁcatur,

244 644 316 677 quod
336 643 512 670 manifestum
537 649 579 671 est
601 651 634 670 ex
657 652 689 670 eo
711 644 783 678 quod
801 652 855 670 non
872 644 1034 678 permittunt

243 692 329 719 videri
345 693 438 719 carnis
455 698 557 720 nostra?
573 693 772 721 iuhonesliora.
792 694 859 726 Quia
877 702 942 730 ergo
961 699 1035 723 totus

242 738 368 773 corporis
394 739 477 766 decor
502 739 613 767 castitas
638 744 690 772 est,
715 740 870 768 necessarie
895 741 1034 777 legislator

243 784 281 810 ait
300 793 307 810 Σ

279 829 458 858 Fentt’nulibus
475 831 551 858 lineis
567 833 710 859 verecunda
727 833 831 860 celabit.
853 833 934 868 Atqui
950 843 1033 870 super

242 875 357 907 femora,
377 882 405 904 et
427 877 498 904 circa
522 878 611 904 vicina
635 879 675 906 eis
701 880 833 912 membra.
854 881 942 908 Solum
968 887 1032 909 sunt

242 921 394 949 feminalia.
414 923 466 950 Sed
486 925 632 950 ostendere
646 925 714 956 vult,
732 926 795 960 quia
814 926 968 954 fcmiualem
987 928 1033 955 hic

243 970 405 999 castitatem.
430 975 517 996 tottnn
540 978 640 1005 curpus
662 972 861 999 custodientem
879 973 969 1000 carnis
985 982 1034 1001 no-

241 1019 304 1041 stra:
330 1015 429 1049 signat.
458 1015 510 1042 Per
535 1023 647 1047 zonam.
678 1016 866 1044 fortitudinem
896 1018 1031 1052 intelligit,

241 1061 314 1087 unde
333 1060 403 1087 Deus
417 1061 469 1087 Job
492 1061 639 1088 sublevans
659 1063 830 1096 passionibus
851 1071 881 1090 ac
904 1065 1033 1098 periculis

240 1115 401 1141 oppressum
425 1107 531 1134 dicebat
549 1117 555 1134 :
573 1107 684 1143 Accinge
703 1114 731 1134 ut
752 1110 792 1135 vir
807 1109 906 1137 lumbos
924 1116 981 1137 tuo:
997 1111 1030 1139 ⁵⁸.

239 1151 292 1178 Per
310 1152 443 1187 cydarim,
461 1153 524 1186 quia
549 1153 740 1181 indmncutum
764 1155 860 1189 capitis
877 1161 929 1188 est,
950 1157 1031 1183 intel-

238 1197 330 1232 ligitur
346 1199 436 1225 modis
449 1199 578 1225 omnibus
594 1200 726 1234 sapientia
744 1209 750 1226 ε
767 1201 830 1235 quia
846 1203 919 1228 enim
935 1202 962 1229 in
984 1211 1031 1230 ca-

239 1245 293 1278 pitc
312 1245 454 1279 sapientia:
472 1250 514 1272 est
535 1253 677 1280 organum,
695 1254 749 1273 non
775 1248 940 1282 ignoramus,
958 1250 1030 1284 quod

239 1295 266 1317 et
289 1291 434 1317 cerebrum
456 1291 565 1324 dicitur,
586 1296 613 1318 et
639 1293 712 1319 unde
734 1298 761 1319 et
786 1299 867 1328 caput
891 1294 964 1321 omni
989 1300 1031 1322 est

239 1337 428 1364 honorabilius
456 1337 574 1371 corpori.
607 1338 660 1365 Sed
692 1339 750 1366 lnec
779 1340 851 1366 linea
882 1345 1029 1375 propterea

238 1389 299 1408 esse
322 1382 462 1416 pra-cepit,
478 1387 507 1408 ut
529 1383 686 1410 ostenderet
707 1385 836 1412 virtutum
860 1385 1028 1418 facilitatem,

238 1431 263 1452 et
289 1428 404 1454 celerem
430 1429 672 1463 conquisitionem,
691 1431 733 1457 vel
762 1431 891 1464 habilem,
911 1438 1029 1468 gratatu-

237 1481 290 1507 que
313 1474 475 1508 adipiscenti
502 1483 574 1507 esse,
592 1476 662 1503 sicut
686 1481 713 1503 et
736 1485 768 1504 ea
789 1486 848 1513 qua:
870 1479 941 1507 linea
964 1485 1029 1508 sunt

237 1520 356 1554 corpori,
376 1528 459 1555 super
474 1521 546 1555 quod
564 1526 637 1549 sunt.

1093 274 1181 308 ipsum
1198 274 1271 301 enim
1288 275 1376 302 virum
1391 274 1553 309 perfectum,
1574 280 1602 302 et
1620 283 1777 303 mensuram
1794 277 1883 304 artatis

1092 320 1248 354 appellavit,
1267 320 1406 354 suscipere
1425 327 1485 353 nos,
1503 325 1530 347 et
1550 320 1624 347 indui
1646 321 1750 351 volens.
1770 327 1882 356 propter

1091 366 1163 400 quod
1180 371 1206 392 ct
1219 366 1391 400 baptismatis
1411 367 1525 402 gratiam
1551 366 1701 394 introduxit
1719 376 1724 393 :
1745 367 1808 402 quia
1832 376 1882 403 per

1091 411 1176 446 ipsam
1196 412 1315 439 maxime
1331 412 1470 439 Christum
1486 412 1635 440 induimur.
1653 413 1768 446 Quando
1790 420 1881 441 autem

1091 459 1149 486 lucc
1169 459 1260 493 adepti
1281 459 1424 492 fuerimus,
1441 460 1468 487 in
1490 460 1588 487 Sancta
1610 465 1766 487 sanctorum
1789 461 1880 496 ingre-

1091 504 1207 536 diemur,
1231 513 1286 532 non
1313 505 1492 532 substantiam
1518 512 1721 541 perscrutantes
1749 507 1811 538 Dei,
1837 507 1880 534 vel

1090 549 1279 582 discutientcs,
1296 550 1347 577 hoc
1363 550 1436 577 enim
1457 551 1626 585 prohibitum
1651 555 1701 581 cst.
1720 552 1767 579 sed
1790 552 1824 579 ad
1846 562 1879 580 ea

1089 603 1149 630 quae
1175 600 1238 622 sunt
1263 595 1297 623 de
1326 596 1529 631 dispensatione
1555 597 1657 624 Christi
1690 598 1883 634 sacriﬁcioque

1089 641 1148 675 ejus
1164 650 1213 676 pro
1229 643 1318 674 nobis,
1337 648 1365 670 et
1381 644 1461 670 bonis
1481 652 1542 678 quae
1563 651 1612 679 per
1632 652 1664 671 ea
1689 645 1814 677 fruimur,
1834 654 1879 672 sa-
1916 644 1918 646 ⁷

1088 689 1197 724 ρίθηῑίίε
1212 690 1385 725 dogmatibus
1400 691 1519 718 studium
1534 691 1630 719 dantes
1647 700 1652 718 :
1669 691 1720 718 hoc
1735 692 1807 719 enim
1822 701 1880 719 ma-

1084 735 1217 763 .nifestum
1237 736 1342 764 faciunt
1357 738 1474 765 maxime
1489 746 1550 773 quae
1563 744 1715 773 sequuntur
1729 747 1736 766 :

1123 782 1204 810 Vens.
1222 783 1247 815 5,
1263 783 1290 810 6.
1311 793 1321 810 ‹
1341 784 1476 818 Suscipiet
1499 785 1533 812 ab
1553 785 1680 812 universa
1703 785 1879 813 multitudine

1087 829 1203 857 ﬁliorum
1225 830 1306 857 Israel
1331 830 1399 858 duos
1419 831 1509 858 hircos
1533 839 1583 866 pro
1605 835 1729 866 peccato,
1747 836 1774 858 et
1792 839 1877 858 unum

1086 876 1198 903 arietem
1214 876 1240 903 in
1255 876 1454 904 holocaustum.
1467 877 1591 912 Cumque
1604 878 1735 906 obtulerit
1749 878 1880 908 vitulum.

1049 911 1069 938 Β
1084 925 1112 948 et
1126 922 1246 949 oraverit
1257 931 1307 957 pro
1320 930 1350 950 se
1363 929 1391 950 et
1403 931 1452 958 pro
1467 924 1547 951 domo
1559 932 1619 951 sua.
1637 934 1646 950 ι

1120 966 1203 994 Multa
1226 967 1270 994 hic
1293 967 1420 1001 intentio,
1444 968 1561 995 dicentis
1581 969 1673 1001 simul,
1690 974 1717 995 ct
1739 969 1878 996 audientis

1083 1017 1125 1041 est
1141 1013 1306 1044 necessaria,
1325 1018 1353 1040 ut
1369 1023 1422 1041 non
1439 1014 1568 1042 recedant
1582 1015 1616 1042 ab
1634 1023 1667 1042 eo
1681 1016 1753 1050 quod
1769 1021 1879 1043 rectum.

1083 1063 1135 1091 est,
1151 1058 1214 1093 quia
1235 1059 1351 1086 maxima
1367 1064 1431 1086 sunt
1447 1061 1585 1095 mysteria,
1607 1068 1639 1087 ea
1656 1068 1716 1095 quae
1734 1069 1808 1088 nunc
1827 1070 1876 1088 ex-

1083 1104 1160 1138 ponit
1175 1104 1230 1136 lex,
1249 1109 1275 1131 et
1295 1105 1406 1138 quidam
1426 1106 1452 1132 in
1474 1105 1541 1140 ipsis
1559 1105 1704 1133 ollendunt
1718 1105 1877 1141 ignorantes

1083 1150 1180 1176 horum
1208 1150 1337 1177 virtutem
1363 1150 1508 1178 dictorum.
1536 1151 1589 1178 Sed
1618 1151 1677 1179 haec
1703 1152 1825 1186 quidem,
1847 1153 1874 1179 in

1081 1197 1181 1230 quibus
1205 1197 1360 1230 oll'cndunt,
1378 1198 1507 1225 subtilius
1527 1198 1554 1225 in
1575 1199 1807 1234 subsequentibus
1831 1199 1875 1226 di-

1081 1248 1189 1270 centur.
1207 1244 1275 1277 Quia
1292 1250 1382 1271 autem
1398 1245 1431 1271 ad
1449 1245 1537 1279 ipsum
1553 1245 1692 1272 Christum
1707 1253 1738 1272 ea
1759 1245 1793 1272 de
1813 1244 1875 1280 qui-

1081 1290 1131 1316 bus
1157 1290 1264 1317 locutus
1290 1296 1332 1318 est
1357 1291 1505 1326 legislntor,
1525 1291 1553 1318 in
1579 1293 1707 1327 praesenti
1734 1292 1875 1319 evidenter

1082 1336 1237 1362 referuntur
1261 1346 1267 1363 :
1293 1337 1469 1364 manilestaut
1495 1337 1601 1372 species
1623 1334 1830 1366 sacrificiorum.
1846 1342 1875 1364 ct

1080 1381 1205 1413 etii-ctus,
1220 1382 1268 1409 sed
1285 1388 1312 1409 ct
1330 1382 1356 1409 hi
1379 1391 1394 1409 a
1416 1382 1516 1416 quibus
1535 1382 1668 1411 saeriﬁcia
1690 1382 1873 1416 accipiuntur.

1080 1429 1101 1455 A
1114 1436 1248 1463 synagoga
1261 1429 1345 1460 cuitu,
1362 1429 1403 1456 vel
1420 1429 1546 1456 universa
1562 1428 1738 1456 multitudine
1755 1428 1871 1455 ﬁliorum

1079 1476 1161 1503 Israel
1183 1476 1267 1510 accipi
1290 1476 1423 1503 sacriﬁcia
1441 1476 1588 1511 praacepit:
1605 1476 1668 1511 quia
1681 1476 1809 1503 Christus
1823 1475 1871 1509 qui

1079 1530 1129 1557 pro
1150 1523 1229 1550 nobis
1246 1523 1402 1550 immolatus
1420 1527 1471 1555 cst,
1488 1530 1520 1549 ex
1538 1523 1600 1550 ﬁliis
1621 1523 1703 1550 Israel
1720 1522 1872 1549 secundum

271 1565 330 1592 Nisi
356 1567 384 1593 in
408 1568 471 1602 ipsis
496 1569 601 1596 macula
629 1570 717 1604 eﬂ‘ecla
739 1571 827 1606 fuerit.
853 1571 922 1605 Quia
946 1574 1027 1600 etiam
1041 1579 1062 1606 α
1081 1579 1191 1598 carnem
1206 1571 1265 1600 fuit.
1280 1571 1316 1598 ita
1328 1575 1357 1598 ut
1374 1570 1473 1598 Paulus
1487 1570 1590 1598 diceret
1607 1579 1614 1597 :
1630 1572 1672 1597 Ex
1686 1570 1778 1606 quibus
1793 1569 1871 1596 Citri-

237 1621 297 1641 cnm
315 1615 446 1642 sublimes
462 1617 527 1649 sint,
545 1620 717 1646 conversatio
739 1628 834 1646 eorum
858 1625 947 1655 potest
967 1629 1028 1649 esse

237 1659 264 1685 in
292 1661 382 1686 terris.
406 1660 527 1693 Quorum
556 1663 660 1698 singula
688 1666 715 1692 in
741 1666 825 1692 linum
851 1668 1026 1701 proveniunt,

236 1705 308 1739 quod
327 1706 411 1732 altum
427 1707 537 1741 quidem
554 1710 687 1737 calamum
705 1711 797 1743 habet,
815 1713 862 1739 sed
884 1713 997 1740 multum
1012 1722 1027 1741 a

237 1754 309 1777 terra
327 1753 459 1782 ascendit.
476 1754 608 1789 facileque
625 1758 749 1791 conquiri
775 1763 864 1792 potest
890 1767 905 1786 a
927 1768 1028 1795 paupe-

237 1795 322 1827 ribus.
345 1802 373 1823 et
397 1798 420 1824 ei
444 1799 490 1832 qui
514 1799 565 1826 hoc
589 1801 727 1833 inductur,
742 1808 883 1838 acceptum
907 1810 1028 1839 gratum-

236 1850 288 1876 que
310 1847 362 1872 est.
384 1844 455 1871 sicut
483 1853 563 1880 supra
591 1847 719 1875 dix’mus.
745 1849 917 1878 jEstuantcm
944 1852 1027 1878 etiam

235 1886 386 1922 refrigerat,
406 1889 453 1916 sed
479 1895 506 1917 ct
530 1891 557 1917 in
581 1892 643 1926 gelu
667 1892 751 1923 fovet.
766 1895 838 1928 quod
858 1900 899 1922 est
919 1895 1027 1924 virtutis

235 1940 390 1967 proprium,
408 1943 467 1969 quae
491 1936 633 1972 refrigerat
654 1939 765 1973 quidem
788 1940 815 1967 in
835 1946 903 1968 testu
923 1949 1026 1970 concu-

234 1979 447 2014 pisceutiarum,
466 1982 491 2008 in
518 1983 616 2018 frigore
641 1989 731 2011 autem
755 1987 934 2014 teutationum
953 1988 1027 2015 cale—

234 2025 308 2055 facit.
326 2031 407 2062 atque
424 2028 456 2055 ad
476 2030 563 2056 zelum
589 2030 711 2067 [emtum]
728 2033 818 2068 erigit,
836 2039 864 2060 et
887 2043 941 2061 non
963 2043 1026 2070 per-

235 2073 318 2100 mittit
341 2074 436 2100 sculiri
458 2081 656 2108 persecutores.
676 2077 729 2105 Std
755 2084 784 2106 ut
808 2087 863 2106 non
881 2081 962 2107 ctiam
981 2088 1025 2107 sa-

234 2117 297 2142 lutis
324 2119 422 2151 perdas
448 2120 608 2153 capitulum,
631 2122 703 2156 quod
733 2127 775 2150 est
802 2124 948 2158 baptisma.
974 2133 1025 2152 nec

233 2163 351 2189 restitues
377 2164 424 2190 tibi
452 2166 575 2194 sutlicere
598 2168 732 2200 virtutes,
753 2169 812 2196 sine
836 2170 908 2197 dono
937 2171 1025 2206 bapti-

233 2209 337 2236 smatis.
356 2210 461 2237 addidit
480 2221 486 2238 :

1077 1621 1133 1642 stus
1151 1620 1294 1643 secundum
1319 1625 1437 1648 carnem,
1453 1617 1497 1649 qui
1520 1621 1557 1642 cu
1586 1615 1654 1642 Deus
1676 1615 1824 1642 benedictus
1843 1615 1871 1642 in

1077 1663 1185 1690 uacula.
1207 1664 1288 1690 Amm
1313 1663 1346 1690 ".
1369 1663 1436 1690 Dein
1464 1662 1659 1690 sacriﬁciorum
1683 1662 1734 1688 alia
1761 1663 1870 1697 quidem

1079 1717 1128 1744 pro
1155 1709 1275 1743 peccatis
1298 1719 1305 1736 :
1330 1709 1382 1736 alia
1412 1714 1502 1736 autent
1532 1709 1558 1735 in
1583 1708 1772 1736 holocaustum
1792 1708 1872 1743 jubet

1078 1755 1182 1786 oll'erri,
1201 1754 1331 1789 ﬁgurans.
1351 1755 1422 1782 sicut
1441 1754 1595 1789 oportebat.
1613 1754 1714 1781 Christi
1736 1754 1872 1781 sacrificio

1078 1801 1217 1831 virtutem,
1240 1801 1286 1834 qui
1313 1808 1362 1834 pro
1386 1800 1489 1827 nostris
1516 1799 1636 1834 peccatis
1657 1799 1789 1831 ollertur;
1807 1799 1870 1826 audi

1077 1855 1142 1882 ergo
1163 1847 1275 1874 Paulum
1298 1847 1435 1874 dicentem
1451 1855 1458 1873 :
1475 1846 1593 1874 Christus
1612 1846 1692 1873 semel
1715 1846 1820 1873 oblatus
1836 1847 1872 1873 ad

1078 1892 1221 1918 multarunt
1239 1892 1420 1919 exhaurienda
1442 1897 1562 1926 peccatu,
1579 1892 1718 1918 novissime
1735 1892 1792 1918 sine
1812 1900 1871 1926 pec—

1077 1943 1137 1965 cato
1151 1938 1288 1973 apparebit
1308 1939 1517 1972 exspectantibus
1532 1947 1560 1966 se
1575 1939 1608 1966 ⁸⁸.
1635 1939 1703 1972 Quia
1720 1944 1811 1967 autem
1837 1939 1870 1965 ad

1078 1985 1265 2012 holocaustum
1289 1988 1316 2011 et
1341 1985 1374 2012 ad
1402 1985 1599 2019 perfectionem
1625 1985 1762 2017 videlicet,
1785 1991 1813 2012 et
1836 1986 1870 2012 ad

1076 2030 1228 2065 profectum
1250 2031 1323 2062 vita},
1341 2035 1423 2066 atque
1444 2032 1576 2058 virtutum
1601 2031 1737 2066 Unigeniti
1762 2030 1869 2058 sacriﬁ-

1076 2076 1148 2102 cium
1174 2076 1276 2103 factutn
1305 2081 1358 2109 est,
1380 2077 1517 2111 quomodo
1540 2077 1667 2105 dubitare
1689 2078 1753 2104 licet
1775 2081 1870 2111 aperlc

1077 2122 1160 2148 Paulo
1174 2122 1282 2150 dicente
1301 2133 1308 2150 :
1326 2123 1395 2158 Ergo
1413 2124 1518 2160 fratres,
1536 2128 1560 2151 et
1575 2132 1620 2151 vos
1636 2124 1788 2158 mortificati
1808 2125 1873 2151 estis

1076 2167 1198 2203 lrgi,‘per
1211 2177 1304 2203 corpus
1321 2169 1426 2201 Christi,
1441 2175 1468 2196 ut
1489 2170 1548 2197 sitis
1565 2170 1673 2197 alterius
1688 2171 1733 2205 qui
1747 2178 1779 2197 ea;
1796 2179 1867 2197 mor-

1077 2216 1128 2242 tuis
1153 2216 1306 2247 resurrexit,
1327 2221 1354 2242 ut
1372 2215 1560 2251 fructiﬁcematr
1583 2216 1636 2243 Deo
1655 2217 1689 2244 '“.
1716 2216 1748 2243 Et
1773 2224 1868 2244 rursus

268 2254 330 2280 llam
350 2256 418 2282 enim
440 2262 499 2283 sunt
522 2258 674 2285 uestimenta
694 2264 796 2291 sancta.
814 2261 906 2296 quibus
923 2262 1022 2288 cunctis
1039 2250 1061 2277 D
1076 2261 1110 2288 de
1125 2268 1158 2287 co
1173 2261 1260 2288 dixit:
1284 2262 1354 2289 Unde
1373 2267 1397 2289 et
1423 2262 1526 2290 salvere
1548 2264 1574 2290 in
1592 2269 1747 2298 perpetuum
1772 2269 1866 2298 potest.

232 2309 290 2328 cum
307 2301 373 2328 lotus
389 2304 467 2338 fuerit
482 2304 615 2331 imlurtur.
631 2305 751 2332 Lavatur
763 2313 844 2333 omne
859 2315 959 2342 corpus
975 2317 1023 2343 per

231 2356 327 2382 aquam
347 2349 529 2383 baptismatis,
546 2351 608 2385 quia
633 2356 721 2378 torum
745 2357 870 2380 nostrum
895 2354 976 2385 lavat.
996 2360 1023 2382 et

232 2399 342 2420 renovat
362 2395 510 2422 hominem.
530 2397 599 2431 Ergo
616 2398 747 2432 baptizari
764 2404 871 2433 oportet
892 2400 978 2434 prius,
995 2407 1023 2428 et

231 2448 264 2466 ex
292 2448 360 2474 aqua
390 2443 555 2476 rcgenerari,
574 2451 604 2471 ac
630 2444 744 2478 Spiritu.
765 2453 797 2472 ac
819 2446 858 2472 sic
884 2448 1020 2481 przndietis

231 2486 378 2513 \‘irllllliills
404 2488 490 2519 indui,
506 2494 534 2516 et
556 2498 604 2524 per
628 2498 674 2517 eas
692 2490 831 2518 Christum
850 2501 856 2518 :
874 2492 926 2519 hoc
946 2493 1018 2520 enim

231 2536 257 2558 et
274 2531 332 2565 ipse
347 2538 491 2561 contextus
513 2535 638 2570 legalium
658 2537 745 2573 signat
767 2538 924 2566 verborum.
943 2539 1020 2566 l’ost-

231 2586 310 2612 quam
333 2580 406 2606 enim
430 2579 498 2607 dixit
521 2581 667 2616 legislator.
689 2591 723 2611 ne
738 2584 812 2611 omni
831 2589 955 2619 tempore
976 2585 1020 2612 itt-

229 2625 370 2661 grcdialur
383 2627 580 2660 sanctuarium,
595 2628 647 2656 nisi
664 2629 721 2657 hac
735 2635 799 2658 ante
816 2631 912 2658 fecerit
928 2640 934 2657 :

267 2670 380 2696 l'itulum
401 2679 449 2706 pro
468 2678 585 2705 peccato,
599 2674 721 2702 subdidit
738 2684 744 2702 :
760 2681 784 2702 et
803 2677 913 2703 arietem
931 2678 957 2703 in
973 2678 1020 2704 lto—

230 2719 386 2743 tocaustum.
413 2717 509 2744 Tunica
531 2718 600 2745 linea
627 2721 759 2753 vestietur,
775 2726 803 2748 ct
828 2723 941 2758 reliqua.
960 2723 1019 2750 Non

230 2763 316 2790 solum
341 2763 480 2790 Christum
506 2764 702 2802 intelligibilem
729 2769 853 2801 arietem,
874 2774 901 2796 ct
926 2778 1019 2796 verum

279 2865 387 2894 "Paul.
414 2875 440 2901 Χ,
466 2867 494 2895 8.

231 2906 275 2931 tlt.
289 2901 334 2928 25.

554 2869 571 2881 ""
587 2868 639 2896 Job
665 2876 766 2902 κλμ-ιι,
791 2870 816 2896 5.

873 2869 894 2886 ”
913 2869 992 2897 Rom.
1018 2877 1055 2903 ix,
1081 2870 1106 2897 5.

1073 2307 1224 2335 accedentes
1253 2316 1299 2343 per
1321 2316 1348 2335 se
1373 2309 1407 2335 ad
1430 2308 1514 2335 Deum
1539 2310 1572 2335 “.
1604 2309 1650 2336 Sic
1674 2309 1816 2344 perfectio,
1840 2315 1867 2336 et

1072 2354 1228 2381 omnimoda
1243 2358 1334 2381 nostra
1352 2355 1435 2386 salus,
1453 2355 1524 2382 ﬁlius
1539 2364 1588 2391 per
1605 2356 1769 2383 sacriﬁcium
1785 2364 1867 2383 suutn

1072 2399 1160 2426 factus
1175 2403 1227 2426 est.
1252 2399 1366 2434 Proprie
1387 2405 1477 2427 autem
1503 2401 1529 2428 in
1552 2401 1695 2428 cﬂ‘ectibus
1717 2402 1866 2429 sacriﬁcio-

1073 2454 1143 2477 rum,
1159 2446 1265 2480 accepit
1281 2446 1417 2481 legislator
1431 2455 1463 2474 ea
1478 2455 1539 2482 quae
1555 2448 1768 2476 immolabantur
1781 2458 1788 2475 :
1802 2457 1865 2476 cum

1073 2493 1146 2520 enim
1170 2493 1283 2520 dixisset
1300 2493 1390 2521 hircos
1409 2501 1458 2529 pro
1480 2499 1593 2529 peccato
1612 2495 1717 2525 oﬁ'erri.
1734 2495 1865 2529 quoniam

1073 2538 1126 2565 hoc
1143 2539 1244 2565 animal
1266 2539 1293 2565 in
1308 2544 1483 2573 peccatorqu
1506 2547 1591 2574 genus
1614 2540 1705 2567 divina
1722 2540 1863 2574 Scriptura

1073 2586 1197 2620 accipere
1221 2585 1381 2617 consuevit,
1408 2585 1564 2613 nullatenus
1590 2586 1774 2617 immemores,
1789 2586 1864 2620 quia,

1069 2632 1181 2666 quando
1212 2632 1408 2659 sacriﬁciorum
1439 2632 1498 2659 haec
1527 2633 1695 2667 pmuitentim
1727 2633 1866 2660 rationem

1070 2678 1271 2711 signiﬁcabant,
1288 2678 1461 2705 occasionem
1483 2686 1515 2705 ex
1533 2679 1610 2713 legali
1633 2679 1684 2706 hoc
1701 2679 1794 2706 codice
1817 2687 1864 2705 st:-

1071 2729 1177 2751 mentes
1191 2724 1368 2758 exposuimus
1383 2734 1388 2750 :
1403 2724 1521 2755 hzedum,
1535 2725 1580 2758 qui
1604 2723 1697 2752 Graece
1723 2725 1864 2751 chimarus

1070 2770 1170 2797 dicitur
1191 2774 1263 2797 recte
1280 2770 1413 2797 immolari
1431 2770 1464 2797 ab
1478 2778 1511 2796 co
1526 2770 1570 2804 qui
1590 2770 1776 2804 prruitentiam
1796 2770 1862 2805 agit.

1738 2871 1759 2886 "
1773 2869 1859 2897 Hebr.

1164 2871 1186 2885 ”
1201 2871 1282 2898 llebr.
1301 2878 1339 2903 ιγ,
1352 2870 1396 2897 28.
1455 2871 1474 2886 ¹¹
1494 2869 1573 2898 Rom.
1592 2879 1638 2903 \n,
1653 2871 1679 2898 4.
