2052 3146
159 183 211 216 989

744 178 785 208 IN
804 174 1024 207 LEVlTlCUM.
1042 187 1074 192 —
1090 173 1163 203 LlB.
1179 173 1213 203 V.

1746 169 1799 201 990

159 239 329 270 ostendimus
349 246 355 265 :
372 241 467 273 utpote
482 237 508 263 in
526 239 698 271 tempestate,
713 238 740 262 et
753 233 836 261 ﬂuctu
849 230 953 259 consti-
968 231 991 260 Α
1007 237 1055 264 per
1070 229 1158 263 ipsum
1170 229 1290 264 Moysen,
1307 232 1335 255 et
1353 227 1475 260 fratrem,
1498 232 1524 255 et
1558 224 1643 254 hlium
1655 229 1683 250 et
1700 224 1795 258 tiliam,

158 287 221 319 tuti,
241 292 328 320 usque
343 283 407 312 dum
423 283 591 319 pcenitentize
609 282 669 317 ejus
688 279 852 315 suscipiatur
865 277 952 304 sacri-

158 334 262 363 ﬁcium.
276 331 357 359 Aries
368 335 461 358 autem
478 334 574 365 utpote
586 329 714 356 ducatum
727 326 800 362 gregi
816 325 952 360 praebens,

157 380 305 415 deputatus
328 383 403 405 recte
426 377 453 404 in
476 376 676 405 holocaustum,
693 373 718 400 id
736 377 778 400 est
797 372 824 398 in
853 371 954 397 virtute

157 431 187 454 et
199 424 371 462 perfectione
385 424 448 450 vitae
464 422 606 457 accipitur,
619 427 735 455 quorum
750 422 791 446 est
806 418 879 445 enitn
900 416 953 443 nisi

157 472 370 508 praepositorum
389 470 490 497 docere
513 467 650 503 perfecta?
670 467 717 494 llis
733 466 769 492 ita
784 473 812 492 se
826 463 952 492 [tabenti-

156 520 219 550 bus,
234 516 393 545 omnimodo
413 515 490 542 dicis.
506 514 562 541 Cur
576 514 599 540 si
614 513 705 540 hircos
722 519 770 547 pro
784 515 896 546 peccato
910 509 953 536 lex

157 564 287 601 praecepit
301 562 406 591 offerri.
419 569 495 588 nunc
511 561 592 587 etiam
607 559 721 587 vitulum
736 557 829 585 offerri
850 563 954 591 pra-ce-

140 596 213 646 ipit‘?
231 596 290 639 lina
305 613 397 636 autem
419 607 535 637 ratione.
546 606 676 640 brevique
687 604 755 632 solvi
768 609 849 638 atque
861 601 955 637 expla-

156 657 217 684 nari
233 659 335 691 potest,
348 654 412 689 quia
425 661 481 680 non
501 652 583 680 unius
598 651 715 686 generis,
727 650 774 677 sed
789 654 843 677 tam
857 655 955 683 pecca-

136 695 259 733 f'torum,
285 709 367 735 quam
392 700 529 734 justorum
552 702 593 725 est
615 697 752 733 Unigeniti
778 694 952 723 sacriﬁcium.

155 748 190 776 Et
208 752 355 783 propterea
372 747 453 779 hirci,
466 756 515 783 pro
529 755 627 783 genere
642 744 843 781 quodammodo
856 750 954 778 pecca-

157 799 248 820 torum
262 793 355 820 oll’erri
369 793 576 828 praecipiuntur,
589 793 667 819 vivus
685 795 778 818 autem
798 797 846 824 pro
860 789 953 822 justis,

155 840 219 874 quia
240 839 371 871 bos,cum
397 839 433 866 sit
450 838 482 866 ad
502 838 670 873 operandmn
685 842 779 871 aptum
798 834 909 866 anitnal,
927 834 954 860 in

159 893 279 921 persona
295 885 361 920 justi
381 885 530 912 secundmn
547 885 632 920 legem
648 883 791 918 accipitur.

194 931 268 960 Unde
287 936 310 957 et
321 931 348 957 in
360 932 453 962 vitula,
479 931 528 962 ait,
551 930 636 956 orabit
663 937 710 963 pro
723 937 759 957 se,
774 932 797 954 et
812 936 859 961 pro
874 927 950 954 domo

157 987 218 1005 sua.
234 977 350 1004 Domum
366 977 512 1011 Deijustos
523 975 674 1012 appellans,
696 975 802 1002 habitat
829 975 902 1002 enim
924 975 951 1000 in

156 1024 206 1054 eis,
221 1028 250 1050 et
266 1022 428 1051 inambulat.
445 1022 504 1057 Ipse
519 1027 561 1049 est
583 1029 678 1048 eorum
695 1021 776 1053 Deus,
796 1025 823 1047 et
839 1020 875 1046 illi
892 1020 952 1054 ejus

157 1068 284 1104 populus.
300 1067 497 1102 Deprecabitur
512 1071 539 1093 et
556 1074 606 1101 pro
634 1074 678 1098 eo,
693 1066 718 1093 id
735 1069 776 1092 est
796 1073 846 1100 pro
871 1065 952 1092 domo

157 1114 274 1149 propriae
290 1113 393 1144 carnis,
412 1121 475 1140 nam
492 1113 542 1140 etsi
558 1117 695 1147 peccatum
725 1120 776 1138 non
805 1111 878 1146 fecit,
901 1118 951 1137 nec

156 1160 231 1187 dolus
246 1161 366 1186 inventus
379 1165 415 1186 est
430 1160 457 1186 in
471 1167 516 1185 ore
530 1159 587 1193 ejus
602 1159 635 1190 ⁵³,
659 1161 850 1185 verumtamen
866 1157 952 1184 Adam

157 1206 268 1232 indultis
285 1206 395 1240 est,qui
414 1205 766 1241 propitiationem,propter
777 1204 951 1231 maledictum

157 1251 229 1286 quod
259 1252 344 1279 semel
373 1252 493 1279 humano
521 1251 747 1285 superinductum
775 1255 818 1277 est
847 1250 951 1285 generi,

157 1305 226 1332 opus
237 1297 361 1324 haberet.
381 1298 451 1325 Audi
467 1305 531 1332 ergo
547 1297 662 1323 Paulum
691 1297 725 1324 ad
759 1296 888 1324 Hebraeos
918 1297 952 1324 de

157 1344 267 1370 Christo
281 1343 344 1370 talia
361 1343 547 1371 scribentem:
573 1342 623 1375 Qui
649 1351 701 1369 non
728 1342 802 1370 liabet
838 1344 953 1378 quotidie

158 1390 348 1420 necessitatem,
369 1389 589 1424 quemadmodum
602 1390 760 1420 sacerdotes,
779 1389 893 1423 primum
905 1397 952 1423 pro

156 1434 212 1460 suis
227 1434 329 1461 delictis
338 1434 438 1461 ltoatiaa
449 1435 551 1469 ojferre,
571 1435 664 1461 deinde
686 1442 733 1469 pro
749 1434 853 1470 populi:
871 1442 880 1460 :
906 1435 953 1460 hoc

157 1479 226 1504 enim
242 1477 302 1513 fecit
318 1478 398 1505 semel
409 1486 435 1505 se
448 1479 578 1514 offerendo
592 1479 625 1506 ".

193 1523 276 1551 Vens.
291 1523 364 1551 6-!0.
384 1534 393 1550 ‹
412 1524 536 1559 Cumque
559 1525 690 1552 obtulerit
707 1525 833 1558 vitulum,
846 1530 872 1553 et
889 1533 951 1552 ora-

155 1571 226 1597 verit
243 1577 293 1604 pro
310 1577 350 1602 se,
365 1575 392 1597 et
407 1578 457 1606 pro
472 1571 554 1598 domo
566 1579 626 1602 sua,
640 1571 709 1599 duos
720 1571 812 1599 hircos
824 1577 898 1599 stare
915 1572 951 1599 fa-
965 1588 987 1617 ϐ

155 1616 209 1642 ciet
223 1623 317 1642 coram
331 1616 457 1647 Domino,
470 1616 498 1642 in
517 1616 588 1643 ostio
604 1617 772 1644 tabernaculi
789 1617 949 1649 testimonii,

155 1662 301 1696 mittetque
312 1669 395 1696 super
410 1666 557 1697 utrumque
569 1667 668 1695 sortes,
686 1671 769 1690 unam
782 1663 908 1697 Domino,
922 1669 949 1691 et

155 1709 235 1735 aliam
247 1717 332 1743 capro
345 1709 486 1736 emissario
501 1717 507 1735 :
524 1709 603 1744 cujus
618 1717 679 1737 sors
708 1710 817 1742 exierit,
835 1709 950 1738 Domino

153 1755 254 1783 ol'fcrct
269 1755 343 1782 illum
361 1763 410 1790 pro
423 1759 548 1790 peccato;
563 1756 642 1791 cujus
668 1763 759 1784 autem
785 1756 814 1783 in
836 1764 949 1792 caprum

154 1801 340 1834 emissarium,
352 1806 453 1829 statuet
468 1809 531 1829 eum
549 1803 639 1829 vivum
663 1810 753 1830 coram
772 1802 898 1836 Domino,
920 1808 950 1831 ut

155 1847 252 1874 [undat
267 1855 362 1881 preces
376 1855 459 1882 super
469 1856 531 1875 eum
542 1853 570 1875 et
587 1849 678 1876 mittat
688 1849 764 1876 illdm
782 1849 810 1876 in
826 1850 951 1877 solitudi-

155 1901 228 1920 nem.
245 1893 294 1920 His
309 1893 360 1920 rite
370 1893 526 1926 celebratis,
544 1894 642 1922 offeret
666 1894 792 1928 vitulum,
807 1900 834 1923 et
850 1903 949 1932 rogans

154 1947 203 1974 pro
219 1947 250 1966 se
265 1942 293 1967 et
307 1948 356 1975 pro
367 1940 448 1968 domo
462 1948 522 1968 sua.
538 1950 548 1966 ι

189 1984 286 2012 Solent
300 1985 364 2011 caeci
378 1985 405 2011 in
422 1985 525 2012 lumine
542 1985 657 2017 oﬂ‘endi,
672 1985 834 2014 etinlideles
845 1987 873 2014 in
889 1986 948 2021 lege

154 2030 200 2058 Dei
218 2031 411 2063 scandalizari,
427 2031 499 2066 quod
521 2031 620 2060 Petrus
638 2032 740 2064 sciens,
759 2037 813 2059 tam
824 2032 858 2059 de
872 2032 947 2059 Pauli

153 2078 227 2104 vasis
237 2077 379 2104 electionis
393 2077 525 2111 epistolis,
537 2085 619 2112 quam
632 2078 667 2105 de
678 2077 752 2104 omni
765 2077 858 2104 divina
871 2076 948 2104 Scri-

153 2129 233 2160 ptura
249 2123 319 2151 dixit
333 2130 343 2149 .'
355 2123 387 2151 In
402 2124 496 2156 quibus
511 2130 571 2150 sunt
595 2125 719 2159 quadam
737 2124 855 2159 difﬁcilia
872 2124 949 2151 intel-

152 2171 220 2197 lectu
236 2178 296 2205 qua!
318 2169 417 2196 indocti
441 2174 466 2196 et
486 2161 621 2196 instabiles
647 2173 805 2204 depravant,
834 2171 901 2198 sicut
923 2175 948 2197 et

151 2222 263 2242 caeteras
281 2215 446 2249 Scripturas,
465 2215 500 2241 ad
510 2223 586 2241 suam
599 2215 716 2248 ipsorum
729 2216 904 2250 perditionem
912 2217 946 2243 ⁵⁵.

1005 280 1032 303 et
1046 275 1185 302 civitatem
1201 275 1415 310 integram,qu:e
1429 274 1462 301 ad
1475 273 1544 300 idola
1557 272 1800 304 eomertitur,dis-

1006 322 1083 357 perdi
1112 321 1252 356 prmcepit,
1268 325 1294 348 ct
1310 321 1409 348 clamat
1429 319 1510 346 :Non
1529 324 1603 346 erunt
1624 318 1670 345 tibi
1686 318 1723 344 dii
1738 317 1798 351 alii,

1006 369 1104 404 absque
1115 375 1154 394 me
1169 368 1202 395 ⁵⁸.
1222 367 1272 394 Per
1286 367 1370 394 David
1383 371 1473 393 autem
1491 365 1556 393 dicit
1570 373 1577 391 :
1590 365 1650 392 Non
1668 364 1718 391 erit
1733 365 1761 390 in
1774 369 1798 390 te

1005 416 1075 442 Deus
1088 423 1185 446 recens,
1205 422 1287 449 neque
1315 414 1440 441 adorabis
1461 413 1544 440 Deum
1564 413 1683 439 alienum
1700 412 1733 438 "'.
1750 411 1800 438 llic

1005 469 1070 497 ergo
1083 462 1128 496 qui
1140 462 1199 488 haec
1215 461 1356 495 praecepit,
1368 467 1418 495 pro
1436 468 1470 487 eo
1496 459 1569 494 quod
1586 466 1661 485 suam
1674 458 1798 493 gloriam,

1005 515 1037 535 ac
1049 507 1240 540 sacerdotium,
1250 511 1277 534 et
1289 507 1392 534 cultum
1406 505 1548 541 aequaturi,
1566 509 1665 533 etcum
1681 512 1714 532 eo
1729 503 1798 530 divi-

1007 554 1162 586 suricrant,
1201 553 1253 580 hoc
1275 553 1362 588 jubet,
1392 556 1423 579 ut
1449 552 1558 579 duobus
1585 551 1668 578 hircis
1699 550 1798 578 oblatis

1006 609 1091 628 unum
1110 600 1271 635 praeciperet
1286 599 1336 626 sibi
1355 599 1498 634 applicari,
1518 599 1600 625 alium
1632 602 1724 625 autem
1749 598 1799 625 ad-

1006 646 1127 674 versario
1141 654 1202 678 suo,
1215 653 1296 680 quem
1309 645 1482 672 emissarium
1498 649 1596 679 putant
1605 645 1666 671 dici.
1678 644 1730 671 Sed
1743 652 1798 670 non

1007 697 1203 728 cognoverunt,
1224 700 1313 726 neque
1326 692 1532 723 intellexerunt,
1561 691 1588 717 in
1607 690 1727 717 tenebris
1743 698 1798 717 am-

1007 738 1110 765 bulant.
1126 737 1302 765 Emissarium
1319 737 1403 770 enim,
1429 743 1491 763 eum
1517 736 1636 767 hircum,
1653 735 1698 769 qui
1714 735 1799 761 mitti-

1008 787 1052 810 tur
1068 783 1094 810 in
1107 783 1257 816 desertum,
1286 783 1425 818 legislator
1454 781 1608 816 appellavit.
1636 781 1692 807 Nos
1709 785 1799 806 autem

1007 836 1040 855 ex
1054 828 1096 855 his
1112 836 1172 863 qua:
1191 829 1223 855 ad
1236 828 1333 855 litterze
1350 828 1443 863 legalis
1456 827 1629 854 traditionem
1647 825 1797 859 pertinent,

1008 875 1237 910 quemadmodum
1258 882 1313 901 non
1330 873 1561 901 cssetverisimile
1579 873 1629 899 hoc
1650 872 1798 907 praecipere

1006 923 1187 958 legislatorcm
1218 922 1449 954 demonstremus,
1486 921 1585 948 deinde
1616 920 1797 947 intentionem

1003 969 1156 997 sanctionis
1175 977 1208 996 ex
1224 969 1337 1003 spiritus
1363 968 1585 995 consideratione
1608 974 1796 994 exerceamus.

1004 1017 1075 1042 Duos
1091 1023 1155 1049 ergo
1171 1015 1261 1042 hircos
1276 1020 1396 1042 statuere
1404 1022 1495 1042 coram
1507 1014 1622 1040 Domino
1633 1013 1659 1039 in
1670 1013 1740 1039 ostio
1756 1017 1797 1038 ta-

1004 1062 1143 1090 bernaculi
1161 1061 1306 1088 testimonii
1322 1061 1459 1095 praecepit,
1481 1069 1535 1087 non
1551 1065 1642 1087 autem
1657 1067 1704 1086 eos
1726 1059 1798 1085 abla-

1004 1114 1080 1136 turos
1098 1116 1158 1135 esse
1174 1108 1240 1140 Deo,
1258 1109 1308 1134 hoc
1321 1111 1363 1134 est
1376 1107 1448 1133 enitn
1465 1115 1556 1133 coram
1578 1106 1702 1137 Domino,
1719 1112 1752 1131 tte
1763 1104 1800 1142 ad

1003 1155 1103 1181 ostium
1117 1153 1164 1180 Dei
1173 1161 1204 1180 ea
1216 1161 1276 1187 qum
1287 1153 1395 1179 diabolo
1416 1152 1605 1187 mittebantur,
1616 1150 1663 1178 sed
1679 1156 1707 1177 et
1736 1158 1796 1176 sor-

1004 1204 1058 1226 tem
1072 1199 1192 1231 mittere,
1211 1206 1292 1225 unam
1317 1197 1441 1229 Domino,
1454 1201 1481 1223 et
1510 1204 1590 1223 unam
1626 1195 1797 1222 lustrationis

1004 1246 1143 1281 prmeepit.
1159 1245 1187 1272 Si
1208 1248 1299 1271 autem
1320 1244 1348 1270 in
1373 1243 1489 1277 alicujus
1513 1242 1622 1277 maligni
1652 1249 1796 1276 personam

1004 1293 1176 1320 emissarium
1196 1292 1357 1327 accepisset,
1383 1297 1554 1324 nequaquam
1569 1290 1602 1316 de
1614 1297 1657 1321 eo,
1669 1297 1731 1315 cum
1765 1296 1797 1314 eo

1003 1340 1047 1374 qui
1066 1340 1112 1366 Dei
1123 1343 1191 1371 crat,
1209 1346 1268 1365 sors
1283 1339 1446 1368 mitteretur,
1462 1337 1585 1372 quiancc
1600 1345 1661 1363 cum
1677 1335 1798 1370 quolilet

1004 1387 1074 1413 malo
1089 1386 1238 1420 quemlibet
1253 1385 1354 1412 bonum
1384 1390 1485 1411 sortem
1514 1383 1615 1410 habere
1642 1383 1668 1410 in
1698 1382 1798 1409 divinis

1005 1433 1154 1468 Scripturis
1174 1432 1310 1459 invenies.
1329 1431 1381 1458 Sed
1401 1431 1509 1466 quoties
1537 1438 1596 1457 sors
1627 1429 1796 1458 mittebatur.

1003 1480 1121 1514 :equalcs
1134 1486 1197 1506 cum
1212 1478 1363 1512 aequalibus
1384 1477 1529 1504 miltcbant
1555 1481 1653 1508 sortes,
1676 1476 1746 1502 sicut
1771 1480 1798 1502 et

1005 1527 1091 1553 tribtts
1107 1525 1200 1557 Israel,
1214 1525 1389 1556 dividebant;
1403 1531 1466 1550 nam
1479 1523 1590 1558 quando
1602 1531 1651 1557 pro
1669 1522 1737 1549 .luda
1763 1522 1798 1548 ad

1003 1572 1185 1607 apostolatum
1202 1571 1283 1598 alium
1298 1571 1399 1606 eligere
1418 1577 1529 1597 necesse
1548 1569 1696 1600 habebant,
1715 1576 1797 1602 super

1004 1619 1074 1646 duos
1088 1618 1162 1646 viros
1170 1618 1288 1652 aequales
1301 1617 1459 1649 virtutibus,
1475 1616 1644 1647 etdoclrina,
1658 1614 1796 1641 Matthiam

1004 1664 1141 1693 videlicet.
1160 1668 1188 1691 et
1201 1663 1301 1697 .loseph
1313 1663 1428 1697 justum.
1451 1666 1539 1688 sortcs
1556 1662 1646 1687 missm
1660 1664 1734 1692 sunt,
1760 1660 1797 1686 ita

1004 1715 1035 1738 ut
1066 1711 1163 1737 Petrus
1189 1708 1377 1737 concionando
1406 1708 1534 1735 diceret:
1558 1707 1605 1739 Tu,
1617 1706 1739 1738 Domine,
1753 1706 1797 1740 qui

1004 1756 1082 1782 corda
1095 1756 1163 1782 nosti
1186 1755 1315 1786 omnium,
1345 1754 1450 1781 ostende
1473 1761 1548 1788 quem
1570 1752 1677 1787 elegeris
1698 1759 1729 1778 ca:
1758 1752 1798 1778 his

1003 1801 1114 1833 duobus,
1130 1801 1248 1835 accipere
1264 1800 1349 1826 locant
1365 1799 1504 1826 ministerii
1518 1798 1609 1832 hujus,
1624 1803 1649 1824 et
1661 1797 1797 1832 apostola-

1004 1853 1045 1875 tus
1057 1848 1088 1874 ⁵³.
1105 1847 1165 1874 Non
1181 1847 1268 1874 solutn
1280 1850 1371 1873 autent
1390 1850 1536 1879 antequam
1567 1852 1627 1870 sors
1642 1844 1798 1871 mitteretur

1003 1893 1031 1919 in
1043 1893 1112 1919 duos
1128 1892 1228 1925 hircos,
1240 1899 1332 1919 coram
1344 1891 1459 1918 Domino
1470 1899 1516 1918 eos
1527 1890 1584 1917 sisti
1599 1889 1737 1924 praecepit,
1749 1889 1796 1915 sed

1003 1943 1031 1965 et
1049 1939 1124 1965 illum
1139 1939 1167 1965 in
1183 1945 1238 1972 quo
1263 1945 1323 1965 sors
1351 1937 1508 1964 emissionis
1537 1936 1621 1967 venit,
1652 1939 1796 1969 postquam

1003 1984 1099 2011 eadem
1121 1991 1181 2011 sors
1204 1991 1287 2018 super
1301 1990 1365 2009 eum
1393 1982 1534 2013 ceciderit,
1565 1985 1593 2007 ct
1619 1980 1796 2007 manifestum

1002 2030 1086 2057 fuerit
1101 2029 1184 2057 statui
1199 2037 1292 2056 coram
1308 2028 1423 2055 Domino
1444 2028 1572 2062 praecepit
1588 2031 1615 2053 et
1630 2027 1735 2053 ellundi
1747 2033 1794 2053 su-

1002 2085 1052 2112 per
1066 2084 1100 2104 eo
1117 2083 1223 2112 preces.
1238 2075 1382 2108 Quomodo
1402 2082 1467 2110 ergo
1487 2074 1532 2108 qui
1545 2078 1610 2100 ante
1626 2073 1724 2100 faciem
1743 2071 1793 2098 Dei

1003 2128 1121 2152 statutus
1132 2127 1184 2155 est,
1196 2123 1276 2157 eique
1292 2122 1411 2157 quodam
1437 2121 1518 2148 modo
1533 2124 1720 2151 consecratus,
1737 2119 1795 2153 ipse

1003 2178 1098 2199 rursus
1115 2170 1226 2198 diabolo
1242 2168 1378 2196 mittitur?
1394 2168 1443 2196 Vel
1464 2176 1518 2202 quo
1552 2168 1633 2195 modo
1661 2166 1796 2202 propitia-

1003 2218 1104 2246 tionem
1123 2220 1308 2252 peccatorum,
1326 2216 1378 2242 hoc
1394 2215 1467 2250 quod
1481 2215 1576 2249 iniquo
1586 2213 1794 2246 transmittitur,

153 2261 209 2288 Iloc
231 2265 260 2287 et
272 2268 345 2287 nunc
359 2259 511 2294 patiuntur,
523 2260 568 2294 qui
580 2260 613 2287 ad
627 2268 706 2287 suam
724 2261 905 2294 voluntatem,
917 2268 946 2289 et
965 2268 986 2296 ι)
1002 2263 1166 2291 sacriﬁcium
1182 2262 1303 2297 peragit?
1323 2261 1351 2288 Si
1365 2261 1437 2288 enim
1452 2261 1512 2295 ejus
1527 2260 1644 2287 intentio
1656 2263 1698 2286 est
1710 2259 1794 2285 etiam

151 2315 207 2333 non
222 2306 257 2333 ad
278 2313 370 2332 veram
388 2305 569 2333 intentionem
599 2306 756 2342 intelligunt
782 2308 869 2344 legem
887 2309 945 2342 Dei,

152 2357 179 2378 et
192 2352 305 2379 noxium
321 2352 418 2379 anima:
439 2359 471 2378 ac
490 2351 663 2387 pestilentem
678 2352 812 2380 idolorum
839 2354 945 2382 cultum

152 2398 321 2425 constituere
346 2405 380 2425 ex
405 2397 459 2430 his,
482 2406 543 2433 quae
559 2399 630 2426 dicta
661 2405 725 2427 sunt
745 2408 761 2428 a
780 2400 944 2435 legislature,

153 2441 272 2469 inaniter
288 2442 418 2477 cogitant.
432 2442 501 2470 Nam
530 2443 627 2470 dicunt
641 2452 646 2469 :
664 2444 752 2483 Super
763 2445 832 2472 duos
853 2446 946 2474 hircos

152 2489 195 2516 lc:
210 2495 314 2517 sortem
327 2490 398 2517 mitti
413 2491 552 2526 praecepit,
581 2500 666 2519 unum
686 2493 812 2527 Domino,
828 2494 944 2522 alterum

152 2539 245 2563 autem
254 2536 287 2563 ad
295 2537 470 2564 emissionem
486 2539 606 2572 separari
621 2540 757 2574 przecepit.
770 2540 946 2569 Emissarium

153 2587 243 2609 autem
259 2583 555 2616 appellantdiabolum,
581 2589 611 2611 ut
631 2594 661 2612 ex
696 2586 748 2612 hoc
773 2587 945 2614 occasionem

154 2628 292 2662 pra-beant
305 2629 338 2655 ad
353 2629 497 2656 colendum
524 2630 671 2665 malignum
690 2631 715 2658 in
732 2635 837 2659 tantum
865 2641 944 2660 aures

152 2674 322 2707 obturantes,
343 2679 371 2702 et
388 2675 415 2702 in
442 2679 548 2703 tantum
582 2683 672 2704 mente
698 2678 772 2706 ca-ci.
802 2678 944 2712 Quomodo

153 2727 216 2755 ergo
234 2720 332 2747 habeat
365 2721 508 2754 rationem,
537 2722 609 2749 haud
638 2724 768 2752 credibile
792 2730 844 2758 est,
872 2727 943 2761 quod

155 2765 224 2793 Deus
239 2766 297 2800 ipse
308 2767 472 2794 sacriﬁcium
486 2768 596 2795 diabolo
611 2769 702 2796 ollerri
717 2771 868 2806 praecipiat,
897 2773 941 2807 qui

187 2869 226 2894 "I
244 2870 315 2897 Pctr.
339 2879 368 2902 ll,
389 2871 434 2898 ‘22.

155 2911 184 2933 ιι.
199 2905 243 2932 Si.

491 2872 514 2888 “
530 2871 610 2901 llebr.
633 2881 677 2903 vu.
690 2874 734 2901 Ἦ.

300 2906 323 2921 ⁸³
338 2906 409 2936 Psal.
428 2915 504 2941 criti,
525 2907 551 2935 5.
607 2909 629 2924 ‘°
650 2909 720 2936 l’sal.
739 2918 810 2943 χχιι,
830 2911 871 2938 ll.

791 2875 814 2890 "
832 2875 851 2902 ll
866 2876 937 2904 l'ctr.
954 2885 992 2909 nt,
1010 2877 1049 2904 l6.

998 2310 1088 2345 justos
1104 2313 1262 2344 peccatores
1286 2307 1406 2340 efﬁcere,
1438 2306 1576 2341 quomodo
1604 2304 1794 2339 peccaturibus

1001 2355 1223 2391 propitiationem
1236 2358 1344 2390 poterat
1359 2353 1503 2388 proﬂigare
1515 2352 1526 2378 ?
1543 2351 1686 2384 Quomodo
1700 2355 1792 2376 autent

1000 2403 1023 2430 is
1040 2403 1098 2437 ipse
1110 2406 1246 2437 peccator,
1262 2401 1296 2428 de
1311 2408 1366 2435 quo
1380 2400 1416 2427 ait
1431 2399 1516 2426 David
1532 2407 1538 2424 :
1553 2397 1687 2425 Constitue
1702 2404 1795 2430 pecca-

1001 2453 1082 2476 torem
1093 2449 1217 2475 adversus
1229 2456 1299 2480 eum,
1311 2451 1335 2474 et
1348 2447 1470 2474 diabolus
1483 2451 1534 2473 stet
1546 2455 1562 2472 a
1580 2445 1680 2472 dextris
1692 2444 1749 2478 ejus
1758 2444 1792 2474 εν,

1002 2494 1224 2529 propitiationem
1240 2498 1331 2528 potest
1346 2493 1511 2527 conquirere
1535 2497 1712 2527 peccatorum
1722 2490 1734 2516 ‘l
1750 2498 1794 2517 so-

1001 2541 1053 2567 lius
1068 2540 1170 2574 quippe
1184 2540 1235 2566 hoc
1249 2539 1294 2566 Dei
1306 2543 1357 2571 est,
1374 2538 1408 2565 ad
1423 2546 1506 2572 quem
1524 2537 1608 2564 David
1622 2537 1742 2568 dicebat,
1760 2535 1794 2562 Et

1001 2586 1147 2621 propitiare
1157 2591 1263 2620 peccato
1280 2593 1346 2618 meo,
1379 2585 1514 2618 copiosum
1541 2589 1578 2611 est
1604 2582 1717 2610 enim“.
1746 2581 1794 2608 llis

1001 2639 1064 2667 ergo
1084 2632 1119 2658 ita
1130 2639 1159 2658 se
1175 2631 1348 2663 habentibus,
1377 2635 1405 2657 et
1420 2631 1542 2665 untdique
1558 2630 1710 2665 incongruo
1743 2629 1794 2655 hoc

999 2683 1111 2706 ostenso
1121 2678 1259 2705 intellectu
1272 2686 1326 2704 non
1342 2678 1500 2712 ignoremus
1513 2685 1573 2708 nos,
1588 2676 1651 2711 quia
1668 2675 1701 2702 de
1714 2674 1794 2702 Chri-

999 2726 1032 2753 sti
1049 2726 1183 2753 sacrilivio
1214 2725 1305 2760 procul
1323 2725 1405 2751 dubio
1422 2724 1539 2751 maxime
1570 2724 1628 2750 lucc
1656 2722 1794 2757 legislator

998 2772 1103 2798 dixerit.
1142 2771 1217 2798 Unde
1238 2771 1343 2798 :estimo
1372 2770 1434 2797 mali
1460 2769 1616 2797 intellectus
1659 2767 1790 2794 zizaniam

1107 2877 1129 2892 ³⁵
1145 2876 1231 2903 Exod.
1250 2875 1333 2909 “,5.
1374 2874 1471 2902 “[‘sal
1498 2881 1576 2907 Lux,
1597 2873 1630 2900 10
1683 2872 1705 2887 ⁸⁴
1726 2872 1786 2900 Act.
