2052 3146
238 228 293 261 995

837 224 862 254 H
869 224 1017 254 ESYCHII
1038 221 1275 254 PRESBYTEitI

1819 218 1872 251 936

273 286 337 315 Sive
352 289 381 313 ut
396 283 475 317 LXX,
497 286 622 318 aspergct
648 280 730 317 digito
755 289 805 309 suo
823 289 906 316 super
935 282 1029 317 propi-
1045 284 1067 312 Λ
1082 282 1142 308 dam
1161 289 1215 309 non
1235 288 1363 315 populus,
1381 287 1455 306 nunc
1467 284 1558 307 autem
1577 278 1704 314 populus,
1724 285 1757 305 ex
1772 279 1873 314 quode

240 331 376 360 tiatorium
402 329 434 356 ad
461 330 596 356 orientem
627 331 691 354 ante
722 326 818 353 faciem
849 327 1030 362 propitiatorii

239 378 363 409 asperget
374 373 476 408 septies
491 373 575 407 digito
590 380 650 399 suo.
681 371 850 399 Sacriﬁcium
879 371 1030 407 Unigcniti,

239 427 300 447 esse
314 419 423 454 quidem
443 419 503 453 ejus
516 418 607 445 carnis
626 425 674 452 per
684 418 811 444 virtutem
837 425 931 443 rursus
961 416 1031 444 divi-

239 466 333 492 nitatis
342 465 412 499 ejus,
425 470 453 492 et
469 473 518 500 per
533 463 739 499 beneplacitum
763 463 862 494 Patris.
882 463 915 490 ad
936 463 1033 490 remis-

241 512 346 539 sionem
381 515 555 546 peccatorum
589 514 756 541 nostrorum,
794 513 821 536 ct
852 509 1032 543 crcpl‘oueut,

241 557 376 591 simulque
393 556 426 582 ad
443 556 544 582 donum
559 554 820 582 subministrationis
842 554 955 588 spiritus
970 562 1033 588 pcr-

241 602 304 637 agi,
330 606 422 636 aperte
451 609 484 628 ex
516 601 558 628 his
575 620 582 632 ,
608 609 669 635 quae
697 607 770 627 nunc
795 600 861 626 dicit
886 600 1032 634 legislator,

242 647 443 675 manifestatur.
460 646 565 682 Digitus
581 647 652 673 enim
670 646 803 681 signiﬁcat
822 646 950 672 virtutem
965 646 1035 672 divi-

243 693 350 725 nitatis;
369 692 441 719 unde
467 692 552 718 David
582 692 668 718 dixit:
698 691 828 723 Quoniam
844 691 935 718 videbo
960 691 1034 718 caelos

244 747 323 773 opera
340 740 483 773 digitorum
504 743 618 771 tuorum,
635 738 736 770 lunam,
762 743 785 764 ιιι
811 738 902 764 stellas
915 746 980 773 quas
1007 742 1035 764 tu

245 785 406 819 furidasti“.
423 784 576 818 Utrumque
588 792 653 819 ergo
667 783 699 810 ad
718 783 867 810 divinitatis
886 783 1036 818 accipimus

244 831 386 863 virtutem,
401 829 512 864 ipseque
528 829 640 863 sanguis
660 828 737 855 vituli
765 835 848 862 super
875 828 1037 862 propitiato-

246 875 315 900 rium
343 874 376 901 ad
401 874 534 901 orientem
558 873 721 907 aspergitur.
750 872 790 899 Ad
816 871 1036 906 propitiationem

246 922 319 947 enim
350 925 482 952 nostram,
516 919 654 957 simulque
681 919 919 951 illuminationem,
948 918 1037 952 passio

1084 327 1163 353 nobis
1178 326 1312 360 primitias
1322 325 1402 353 Jcsus
1417 325 1546 360 suscepit.
1566 325 1636 360 Ergo
1657 329 1685 351 nt
1700 324 1874 353 demonstra-

1084 376 1135 405 ret,
1164 371 1198 399 de
1226 371 1328 399 Judmis
1351 371 1539 406 principaliter
1568 371 1725 403 Christum,
1757 377 1875 408 propter

1083 418 1232 447 Abraham,
1248 417 1436 452 cognationem
1451 425 1522 449 esse,
1537 417 1583 444 sed
1598 421 1688 444 tamen
1705 418 1794 445 omnis
1823 426 1875 446 no-

1087 467 1152 490 stra
1167 467 1284 493 naturae,
1300 470 1360 496 quat
1375 463 1402 489 in
1423 467 1535 497 peccato
1546 467 1586 489 est
1604 463 1737 497 primitias
1754 468 1875 498 portare,

1085 512 1197 542 propter
1211 507 1284 541 quod
1309 506 1395 533 Adam
1417 506 1569 541 appellatus
1585 510 1637 537 est,
1664 506 1779 533 vitulum
1794 507 1877 533 simul

1085 558 1113 580 et
1128 553 1234 580 hircum
1250 552 1292 579 lex
1315 552 1347 579 ad
1364 552 1474 587 ﬁguram
1498 551 1622 578 sacriﬁcii
1641 552 1700 587 ejus
1716 552 1875 587 assumpsit.

1085 599 1154 626 Cum
1175 603 1266 626 autem
1296 606 1381 625 unum
1416 598 1452 625 sit
1478 597 1655 628 sacriﬁcium,
1678 598 1735 625 sive
1761 598 1876 630 vitulus,

1086 645 1145 672 sive
1162 644 1257 672 hircus
1270 644 1441 675 nominetur,
1453 643 1621 677 eﬁ'cctusque
1631 650 1702 670 unus
1720 643 1746 669 in
1759 648 1877 676 utroque

1083 691 1129 721 sit,
1144 693 1321 724 peccatorum
1337 688 1411 715 enim
1435 694 1469 714 ex
1492 693 1525 714 eo
1543 686 1700 721 proﬂigatur
1724 686 1873 719 absolutio,

1083 735 1240 763 necessarie
1255 733 1412 761 communia
1436 737 1500 759 sunt
1517 740 1558 763 ea,
1575 739 1635 767 qua:
1653 732 1679 758 in
1698 731 1875 766 hircojagnn-

1085 787 1139 814 tur,
1165 785 1192 808 et
1222 780 1318 807 vitulo.
1344 779 1440 806 Cernis
1462 779 1546 809 enim,
1571 778 1636 812 quia
1658 777 1738 804 etiam
1766 777 1876 804 hircum

1083 828 1226 858 occidens,
1245 831 1308 853 ante
1327 825 1471 852 Dominum
1493 823 1620 851 videlicet
1636 829 1753 857 patrem,
1770 827 1798 850 et
1813 831 1878 850 san-

1085 874 1194 909 guinem
1213 872 1336 899 inferens
1351 871 1377 898 in
1400 871 1530 898 interiora
1557 869 1710 900 velaminis.
1744 869 1770 896 id
1788 874 1830 896 est
1843 868 1879 896 ad

1087 926 1203 956 patrem.
1224 919 1330 946 Rursus
1357 925 1423 952 ergo
1451 916 1525 943 hunc
1550 915 1666 943 interius
1696 915 1878 951 intelligibihs

246 964 372 990 salutaris
398 968 509 997 peracta
536 968 598 989 est:
629 962 701 989 unde
728 962 786 996 ipsa
818 961 909 996 passio
939 959 1240 998 diciturﬂmtamims,
1257 964 1373 992 visibilis
1386 963 1514 991 videlicet
1534 962 1638 990 Domini
1655 961 1747 989 carnis
1773 961 1879 988 intelli-

246 1010 477 1045 propitiatorium,
502 1010 574 1036 sicut
592 1009 750 1044 frequenter
767 1008 945 1036 ostendimus.
964 1008 1036 1035 Dici-

246 1061 289 1084 tur
305 1061 394 1084 autetn
412 1062 438 1083 et
449 1056 559 1086 Oriens;
575 1055 614 1082 ait
630 1057 701 1082 enitn
717 1055 750 1081 de
769 1062 800 1082 eo
817 1054 963 1081 Zacharias
973 1054 1037 1081 Pro-

246 1103 344 1137 pheta:
364 1102 429 1128 Ecce
444 1102 493 1132 vir,
518 1101 612 1128 Oriens
636 1108 730 1127 nomen
757 1099 825 1134 ejus,
850 1104 873 1126 et
897 1099 984 1126 subter
1008 1107 1037 1125 eo

246 1149 390 1176 orietur“.
412 1149 456 1175 Ait
470 1153 560 1175 autent
576 1152 602 1174 et
625 1147 770 1174 Zacharias
796 1147 931 1178 sacerdos,
962 1149 1036 1180 pater

245 1194 376 1221 Joannis:
393 1193 424 1219 In
447 1192 540 1227 qtubus
564 1200 610 1218 nos
635 1191 762 1222 uisitauit,
783 1190 886 1222 Oriens,
913 1198 945 1216 ex
972 1189 1036 1222 alto,

246 1239 403 1266 Illuminare
421 1239 461 1264 his
473 1238 559 1272 quiin
587 1237 697 1263 tenebris
721 1237 819 1268 sedent,
847 1241 871 1262 et
893 1236 919 1262 in
945 1235 1038 1262 umbra

247 1283 450 1311 mortis".Scd
463 1287 490 1309 ct
511 1287 605 1310 contra
631 1282 859 1317 propitiatorium,
885 1282 912 1308 id
941 1285 981 1308 est
1011 1281 1039 1308 in

247 1326 396 1363 conspectu
417 1329 512 1363 patris,
528 1333 654 1363 asperget
676 1328 788 1362 septies,
811 1333 839 1354 ut
863 1331 917 1354 tam
943 1327 1039 1354 remis-

247 1376 353 1403 sionem
375 1379 561 1410 peceatornm,
578 1382 659 1409 quam
677 1374 795 1409 Spiritus
810 1373 896 1401 sancti
925 1373 1037 1405 donutn,

248 1425 283 1451 de
311 1424 456 1451 Dominico
474 1423 606 1458 sanguine
625 1431 647 1458 gi
658 1431 708 1449 nus
720 1422 861 1449 hominum
879 1421 1038 1456 susciperet.

248 1470 401 1505 Utrumque
428 1470 503 1496 enim
531 1469 704 1504 Septenarius
734 1475 866 1494 numerus
885 1467 1039 1502 _signilicat,

248 1518 310 1551 quia
324 1516 454 1543 videlicet
469 1519 573 1548 septem
588 1519 653 1540 sunt
666 1514 738 1541 dona
765 1513 893 1547 Spiritus,
917 1516 945 1539 et
968 1512 1039 1538 idem

249 1570 380 1589 numerus
395 1565 571 1596 peccatorum
590 1559 726 1594 signiﬁcat
747 1559 946 1586 remissionem.
973 1557 1040 1584 Nam

248 1607 329 1634 l‘elro
355 1607 495 1633 Christum
521 1606 717 1640 interrogante,
736 1605 765 1631 Si
786 1604 929 1639 peccaverit
953 1603 979 1629 in
1001 1611 1040 1629 me

249 1653 422 1688 fraternwus,
435 1652 535 1686 quoties
549 1651 682 1677 dimittant
697 1651 729 1682 ei,
742 1658 822 1684 usque
829 1650 942 1684 septies?
965 1650 1039 1676 Chri-

248 1703 303 1726 stus
318 1699 372 1725 uit:
389 1698 450 1725 Non
462 1698 530 1730 dico,
548 1698 652 1732 septies,
669 1697 714 1723 sed
730 1704 809 1730 usque
823 1697 969 1731 scptuagies
981 1704 1040 1731 sap-

249 1745 337 1772 tics‘".
357 1744 539 1778 )lultiplicans
555 1751 701 1770 numerum
723 1743 919 1777 septenarium.

285 1789 365 1816 Vens.
390 1789 433 1815 15.
466 1799 475 1814 ε
504 1789 628 1823 Cumque
658 1788 817 1815 mactavcril
855 1788 960 1815 hircum
991 1796 1040 1823 pro

249 1840 363 1871 peccato
376 1836 481 1870 populi,
499 1835 597 1862 inferet
610 1835 769 1869 sanguinem
782 1834 842 1868 ejus
852 1834 921 1861 intra
938 1834 1039 1867 velum,

249 1882 322 1908 sicut
340 1885 506 1916 praeceptum
523 1885 565 1907 est
579 1881 612 1907 de
625 1880 756 1915 sanguine
766 1880 856 1912 vituli,
874 1884 903 1906 ut
915 1884 1040 1914 aspergat

233 1922 235 1924 ’
248 1935 264 1954 e
281 1927 391 1962 regione
406 1927 517 1959 oraculi,
532 1931 559 1953 et
570 1926 660 1961 expiet
677 1926 861 1952 sanctuarium
877 1926 911 1952 ab
923 1926 1040 1952 immun-

249 1973 322 2000 ditiis
338 1973 546 2000 ﬁliorumlsrael
568 1976 595 1999 cl
610 1980 624 1999 a
640 1972 909 2007 praevaricationibus
925 1980 1018 2000 eorum
1030 1992 1038 2005 ,

248 2019 408 2053 cunctisque
429 2019 557 2053 peccatis.
580 2028 589 2044 ›

285 2065 470 2092 Atlmirandus
484 2070 526 2092 est
540 2065 691 2100 lt-gislator,
712 2063 850 2094 sumciens
864 2065 897 2092 ad
927 2064 1038 2100 ﬁguram

249 2112 382 2146 mysterii,
394 2111 605 2145 nnllatcnusque
621 2112 862 2146 reprehendendus
874 2117 914 2139 est
925 2112 951 2138 in
968 2113 1039 2138 mul-

251 2155 391 2182 tisformis
405 2156 583 2190 multiplicem
609 2156 857 2191 prwligurationem
884 2157 1039 2184 necessarie

249 2201 384 2228 dividens.
407 2201 474 2234 Quia
488 2202 561 2229 enim
579 2202 704 2230 Christus
719 2203 752 2230 de
772 2203 873 2230 Jnda'is
888 2203 1038 2230 secundum

249 2253 371 2278 carnem,
389 2247 434 2281 qtti
452 2247 577 2283 subjugo
593 2249 660 2283 legis
673 2249 800 2276 vivebant
817 2253 892 2275 ortus
903 2253 954 2280 est,
965 2253 1038 2276 recte

248 2293 325 2320 vituli
342 2294 507 2321 sacriﬁcium
523 2295 692 2322 nominatur.
712 2295 803 2330 Legali
823 2297 896 2322 enim
923 2296 997 2330 iugo,
1011 2300 1039 2323 et

246 2342 395 2378 pertinenti
417 2343 451 2370 ad
464 2350 527 2370 eum
555 2343 718 2378 operationi,
751 2347 779 2371 et
800 2343 912 2378 iustitiae
938 2344 1039 2371 vitulus

247 2393 431 2423 comparatur,
459 2389 555 2424 jugum
577 2394 727 2417 consuetus
754 2389 875 2421 trahere,
896 2393 977 2424 atque
1001 2389 1038 2416 ita

247 2439 347 2461 terram
359 2436 478 2470 operari.
499 2436 567 2468 Quia
586 2440 677 2463 autem
694 2436 845 2463 secundum
859 2438 931 2470 quod
945 2438 1037 2463 incar-

246 2485 328 2507 natus
341 2486 410 2515 erat,
427 2483 460 2509 de
472 2483 609 2510 communi
619 2491 709 2511 massa
723 2484 862 2510 hominum
881 2483 967 2511 factus
980 2488 1031 2515 est,

246 2531 391 2560 propterea
408 2536 502 2555 rursus
515 2529 606 2557 hircus
629 2530 791 2564 appellatur.
815 2531 950 2564 Asperum
971 2537 1036 2565 ergo

246 2571 298 2598 hoc
311 2572 411 2598 animal
429 2573 545 2607 pilorum
574 2574 764 2602 indumentum
791 2576 861 2610 gerit
879 2585 885 2602 :
909 2583 1036 2610 asperum

246 2622 337 2645 autem
361 2622 456 2653 utpote
483 2624 597 2654 peccato
615 2622 758 2654 refertum,
779 2629 860 2649 omne
886 2622 1035 2649 viventium

1085 1013 1137 1047 gis,
1152 1015 1243 1047 utpote
1256 1010 1421 1038 invisibilem
1433 1009 1553 1036 inferens
1562 1008 1721 1043 sanguinem
1735 1007 1879 1042 ejusintra

1089 1059 1192 1090 velum,
1210 1058 1284 1085 sicut
1304 1062 1469 1092 praeceptum
1491 1059 1545 1082 est.

1123 1104 1157 1131 Et
1170 1104 1201 1131 de
1215 1103 1342 1137 sanguine
1359 1102 1435 1129 rituli
1449 1104 1568 1136 asperget
1582 1099 1666 1134 digito
1675 1099 1771 1134 septies
1784 1102 1881 1126 contra

1088 1145 1308 1180 propitiatorium
1336 1145 1371 1171 ad
1397 1144 1533 1172 orientem.
1550 1143 1600 1172 Vel
1621 1145 1691 1172 sicut
1710 1145 1780 1172 LXX
1802 1153 1882 1180 super

1088 1191 1305 1226 propitiatorium
1335 1195 1397 1218 ante
1435 1191 1528 1226 faciem
1556 1191 1745 1226 propitiatur-ii.
1777 1191 1882 1220 Deinde

1089 1237 1153 1272 quid
1168 1237 1311 1271 sequitur?

1126 1283 1207 1309 Vens.
1230 1283 1273 1310 16.
1294 1292 1304 1309 ‹
1334 1283 1367 1310 Et
1383 1283 1475 1318 expiet
1499 1283 1684 1311 sanctuarium
1701 1283 1881 1311 ab'immun-

1090 1329 1164 1356 ditiis
1179 1329 1296 1356 ﬁliorum
1311 1329 1407 1361 Israel,
1423 1333 1450 1356 et
1462 1337 1477 1356 a
1493 1329 1763 1364 prtevaricationibus
1773 1337 1879 1360 eorum.

1090 1376 1251 1410 cunctisque
1265 1376 1394 1410 peccatis.
1419 1385 1428 1401 ι

1126 1421 1242 1448 Videtur
1272 1422 1382 1456 quidem
1409 1422 1443 1449 de
1476 1421 1651 1449 tabernaculo
1678 1422 1788 1455 dicere,
1815 1422 1882 1450 dicit

1091 1473 1182 1495 autem
1196 1475 1250 1494 non
1264 1468 1298 1495 de
1317 1476 1350 1495 co
1362 1467 1433 1502 quod
1456 1468 1548 1495 sensui
1565 1467 1698 1503 subjacet.
1713 1467 1782 1501 Quid
1807 1468 1881 1495 enim

1091 1514 1255 1548 expiationis
1272 1521 1320 1541 seu
1338 1513 1543 1549 propitiationis
1559 1513 1630 1550 ligna
1646 1514 1882 1550 egerint?quidvc

1095 1561 1182 1596 pelles
1191 1561 1232 1587 vel
1243 1561 1391 1596 rcliqna,ex
1401 1561 1500 1596 quibus
1509 1561 1714 1588 tabernaculum
1724 1561 1881 1588 Judmorum

1092 1607 1165 1642 quod
1181 1607 1272 1634 sensui
1288 1608 1456 1642 subjacehat,
1473 1608 1629 1636 confectum
1644 1608 1783 1635 eratYSed
1803 1616 1882 1643 gene-

1093 1653 1238 1684 ralitatem,
1249 1654 1307 1681 sive
1319 1659 1402 1682 totam
1414 1655 1480 1682 dicit
1491 1655 1631 1683 hominum
1641 1656 1772 1691 speciem.
1782 1657 1882 1685 Sancta

1092 1700 1166 1727 enim
1182 1700 1232 1727 fuit
1244 1701 1278 1728 ab
1292 1701 1371 1728 initio
1390 1710 1479 1730 massa
1501 1708 1605 1736 nostra,
1626 1703 1663 1730 ita
1688 1708 1718 1731 ut
1734 1703 1781 1730 Dei
1804 1703 1832 1730 in
1849 1711 1883 1732 ea

1092 1749 1228 1776 habitaret
1243 1749 1366 1784 spiritus.
1385 1749 1464 1782 Quod
1482 1749 1685 1778 demonstratur
1702 1758 1734 1778 ex
1749 1758 1794 1782 eo,
1810 1751 1882 1784 quod

1091 1794 1200 1821 auferre
1215 1795 1282 1821 illud
1297 1794 1419 1822 irascens
1431 1795 1551 1822 minatus
1567 1800 1608 1822 est
1630 1795 1711 1828 Deus,
1730 1796 1841 1830 quando
1854 1796 1883 1823 hi

1091 1840 1137 1874 qui
1165 1847 1197 1866 ex
1214 1839 1281 1867 Scth
1313 1840 1529 1872 descendebant,
1553 1848 1614 1868 eum
1641 1845 1732 1868 essent
1751 1841 1829 1877 justi,
1856 1846 1885 1869 et

1092 1886 1139 1912 ﬁlii
1155 1885 1199 1913 Dei
1215 1886 1430 1920 appellarentur,
1452 1886 1680 1921 concupiscentes
1698 1895 1744 1914 eas
1768 1895 1829 1922 qua:
1849 1895 1883 1915 ex

1092 1940 1122 1958 ea
1143 1932 1171 1958 in
1200 1937 1379 1967 posterosque
1396 1933 1456 1967 ejus
1481 1941 1530 1967 per
1553 1933 1754 1960 successionem
1783 1934 1884 1968 genita:

1092 1982 1166 2010 sunt,
1178 1986 1238 2012 quae
1256 1983 1283 2004 et
1293 1977 1355 2005 ﬁliae
1369 1978 1510 2005 hominum
1522 1978 1693 2012 dicebantur,
1709 1979 1792 2006 unius
1803 1987 1885 2015 gene-

1091 2025 1129 2052 ris
1149 2032 1212 2051 eum
1232 2024 1310 2052 malis
1333 2029 1361 2051 et
1383 2024 1483 2059 iniquis
1510 2024 1601 2052 eﬁ'ecli
1615 2028 1689 2057 sunt,
1715 2024 1783 2052 dixit
1808 2025 1885 2052 enim

1089 2070 1131 2097 sic
1149 2079 1155 2096 :
1180 2071 1297 2097 i'ideutcs
1313 2070 1362 2105 ﬁlii
1379 2070 1427 2097 Dei
1447 2071 1517 2105 ﬁlias
1540 2071 1685 2103 hominum,
1711 2071 1779 2106 quod
1798 2076 1884 2098 essent

1091 2115 1216 2150 pulchrae,
1233 2121 1388 2150 acceperunt
1401 2117 1451 2143 sibi
1462 2125 1556 2144 uxores
1567 2125 1599 2144 ea;
1609 2117 1729 2144 omnibus
1748 2126 1815 2152 quas
1829 2118 1884 2145 ele-

1092 2167 1196 2198 gerunt,
1212 2168 1237 2189 ct
1250 2163 1318 2189 dixit
1338 2162 1464 2190 Dominus
1482 2162 1567 2190 Deus:
1578 2163 1638 2190 Non
1650 2163 1812 2198 permanebit
1826 2164 1883 2195 spi-

1091 2210 1159 2236 ritus
1171 2218 1243 2236 meus
1258 2210 1285 2236 in
1299 2209 1403 2236 homine
1425 2209 1453 2235 in
1476 2213 1614 2241 internum,
1640 2210 1703 2244 quia
1720 2217 1782 2237 caro
1803 2207 1881 2235 est“.

1093 2256 1164 2292 Ergo
1176 2256 1199 2284 si
1216 2256 1357 2284 habitabat
1369 2256 1483 2291 spiritus
1501 2256 1546 2283 Dei
1564 2256 1591 2283 in
1610 2256 1721 2283 homine
1734 2261 1883 2290 antequam

1055 2311 1077 2339 ι)
1091 2310 1188 2330 omnes
1197 2303 1274 2338 sequi
1289 2303 1430 2338 passiones
1449 2302 1543 2329 carnis
1562 2302 1704 2337 inciperet,
1723 2306 1816 2330 sancta
1824 2310 1885 2330 me-

1092 2349 1144 2376 rito
1161 2352 1221 2376 erat
1238 2348 1380 2375 hominum
1396 2355 1501 2375 massa:
1517 2355 1579 2374 nam
1590 2355 1640 2375 nec
1659 2348 1793 2383 primitias
1805 2355 1839 2375 ev
1850 2355 1884 2374 ea

1091 2394 1208 2422 Sanctus
1219 2398 1375 2421 sanctorum
1386 2399 1548 2421 assumeret.
1563 2393 1631 2426 Quia
1644 2399 1734 2421 autem
1745 2394 1884 2421 sordidata

1090 2445 1141 2472 est,
1158 2440 1278 2474 expiavit
1291 2447 1354 2466 eutn
1378 2440 1412 2466 ab
1435 2439 1618 2467 immunditiis
1644 2439 1762 2467 filiorum
1788 2439 1883 2467 Israel.

1090 2485 1213 2512 Primum
1228 2486 1336 2520 quidem
1353 2485 1492 2513 sensibilis
1518 2486 1584 2521 ipsis
1598 2486 1660 2513 data
1675 2489 1718 2513 est
1734 2486 1788 2518 lex,
1817 2486 1883 2520 quia

1091 2531 1254 2567 transgressi
1285 2535 1359 2564 sunt,
1394 2538 1456 2558 reos
1485 2531 1546 2558 illos
1568 2531 1723 2563 maledicto,
1744 2535 1772 2558 et
1800 2531 1883 2557 metti

1090 2577 1245 2609 constituit,
1281 2582 1312 2605 ut
1346 2583 1490 2613 propterea
1532 2578 1716 2605 necessariam
1747 2577 1885 2604 haberent

1090 2624 1286 2659 expiationem,
1303 2627 1330 2651 et
1349 2631 1398 2659 pro
1412 2625 1453 2651 eis
1479 2624 1590 2658 quidem
1605 2623 1792 2658 principaliter
1819 2623 1883 2649 uni-

245 2672 344 2698 genus,
361 2665 425 2699 quia
451 2666 521 2692 nihil
538 2671 581 2693 est
599 2673 712 2701 peccato
729 2669 864 2702 asperius.
887 2667 963 2695 Unde
984 2668 1036 2695 hoc
1051 2668 1069 2700 Α
1091 2670 1174 2705 geniti
1194 2670 1352 2697 immolatur
1367 2669 1547 2697 sacriﬁcium:
1573 2669 1730 2697 immolatur
1748 2673 1839 2696 autem
1857 2674 1885 2696 ct

245 2710 397 2745 approbare
410 2716 503 2746 aperte
519 2711 655 2747 lcgislator
672 2713 766 2740 volens
787 2713 891 2748 inquit:

281 2755 400 2791 Cumque
435 2757 592 2789 mactaverit
611 2758 713 2784 hircum
730 2767 778 2792 pro
805 2765 911 2794 peccato
932 2760 1033 2795 populi.

245 2798 345 2827 Totum
356 2800 401 2828 hic
412 2801 568 2837 intelligens
584 2803 733 2830 humanum
746 2812 841 2840 genus,
856 2806 929 2840 quod
946 2814 1020 2841 quon

278 2898 302 2936 ’ἦ
320 2899 388 2929 l‘Sal.
405 2911 464 2936 VIII,
479 2903 506 2932 4.

303 2903 388 2940 ⁸ἰτεεη.
405 2911 464 2936 VIII,
479 2903 506 2932 4.
545 2904 567 2921 ⁸⁸
581 2903 664 2932 Zach.
684 2913 720 2936 γι,
739 2904 783 2931 12.

245 2933 335 2963 69-51.

823 2905 845 2921 ⁸⁸
857 2905 922 2933 an.
937 2914 956 2939 t,
968 2907 1013 2933 78.

1065 2908 1074 2923 τ
1086 2907 1181 2936 Matth.
1199 2917 1275 2941 xvnt,
1291 2910 1335 2942 2|,
1354 2909 1400 2938 ‘22.

1086 2723 1136 2751 pro
1161 2716 1292 2743 onmibns
1306 2715 1475 2748 hominibus,
1499 2715 1536 2743 ita
1564 2721 1594 2743 ut
1622 2716 1738 2750 Caiphas
1759 2715 1883 2743 diceret:

1085 2762 1193 2797 Oportet
1215 2767 1242 2789 ut
1259 2771 1327 2790 unus
1348 2763 1425 2790 homo
1440 2763 1573 2789 moriatur
1601 2770 1650 2796 pro
1668 2762 1774 2797 populo,
1789 2766 1814 2788 et
1830 2770 1883 2788 non

1085 2813 1139 2835 tota
1161 2817 1221 2844 gem
1247 2809 1382 2843 pereat“.
1402 2808 1534 2844 Quodque
1557 2808 1662 2836 dictum
1684 2813 1753 2841 erat,
1782 2807 1885 2836 conﬁr-

1438 2911 1461 2927 ⁸⁸
1472 2909 1540 2938 Gen.
1560 2919 1596 2943 vl,
1619 2910 1672 2937 i-3.
1710 2911 1732 2927 "
1745 2910 1824 2938 Joan.
1846 2919 1881 2938 xi.
