2052 3146
142 232 197 266 997

734 233 772 263 IN
795 232 1015 262 LEVl'l‘ICUM.
1035 245 1067 249 -~
1088 232 1216 263 ΜΒΝ.

1733 236 1788 268 998-

145 295 222 314 nans
241 286 377 322 simulque
398 291 426 314 et
451 287 590 324 corrigens
618 288 780 324 evangelista
812 287 1136 320 Joannes,Al)onttm”.
1164 287 1249 314 Nemo
1279 287 1417 316 caelestem
1448 289 1687 317 conversationem
1719 294 1788 317 tune

143 333 266 360 addidit:
285 332 343 359 Hoc
360 337 446 360 att/em
459 342 474 360 a
489 335 626 368 semetipso
641 343 690 361 non
724 335 799 366 dixit,
811 335 856 360 sed
878 342 936 360 cum

144 384 210 406 esset
223 379 341 414 pontifex
357 380 421 406 anni
436 380 518 411 illitis,
545 380 719 415 prophetavit,
736 381 797 414 quia
827 380 938 406 moritu-

145 433 190 451 rus
207 426 276 452 esset
289 425 365 452 Jesus
379 433 426 461 pro
441 431 527 460 gente,
544 431 567 452 et
580 434 631 453 non
641 426 725 453 solum
736 434 783 461 pro
798 431 882 461 gente,
893 426 937 452 sed

148 476 172 497 ιι
188 471 256 505 ﬁlios
275 471 333 503 Dei,
350 473 395 506 qui
410 473 522 506 dispersi
537 477 612 499 erant
628 473 655 498 in
669 481 751 499 unum
783 472 914 507 colligeret
929 480 935 498 :

149 521 243 552 gentes
266 517 402 550 videlicet,
427 518 461 544 de
485 517 550 552 ipsis
565 518 638 545 enim
665 518 797 544 Dominus
812 518 936 545 diccbat:

149 563 239 591 Habeo
254 563 321 590 enim
340 563 407 589 alios
421 571 488 595 oues,
505 572 562 598 qua:
579 572 630 590 non
644 569 703 590 sunt
719 564 750 590 de
765 564 811 590 hoc
827 563 897 595 ovili,
914 568 938 590 et

149 608 210 635 ilia;
232 612 332 642 oportet
348 616 387 634 me
399 607 520 643 colligere
531 608 565 634 νο.
586 607 686 642 Aperte
703 613 794 634 autem
814 608 859 634 ﬁlii
878 607 937 640 Dei,

147 654 234 682 multo
249 654 334 689 magis
349 659 411 681 sunt
430 654 566 686 Israelitre,
581 654 642 689 quia
653 654 734 681 Israel
749 654 843 681 videns
853 654 937 681 Deum

147 700 353 734 interpretatur,
369 704 396 726 et
421 699 573 726 secundum
591 700 723 726 rationem
748 707 796 734 pro
817 699 937 726 sensibili

146 745 229 772 Israel
250 744 328 772 Iesus
343 745 508 777 immolatus,
535 745 559 772 id
578 750 620 773 cst
644 745 816 777 sacriﬁcium,
841 750 867 772 ct
890 754 938 780 pro

146 793 222 819 omni
247 791 369 819 hutuano
387 800 498 828 genere,
523 793 556 819 ad
584 793 768 828 expiationem
789 793 939 820 immundi-

146 839 245 866 tiarum
260 844 416 866 nostrarum
432 839 540 866 obtulit.
551 839 671 871 Quarum
688 839 940 866 immunditiarum?

147 886 174 912 ld
189 889 233 912 est
246 893 262 912 a
274 885 548 920 ptwvaricationibus
564 893 671 918 eorum,
692 885 790 920 inquit,
819 886 939 913 cunctis-

145 940 198 967 que
216 931 347 967 peccatis.
363 931 470 959 Animae
485 931 778 966 quippcitumunditia,
795 939 849 959 non
865 940 939 959 mor-

147 978 185 1005 tui
207 978 333 1012 pollutio,
361 986 415 1005 non
443 978 573 1013 porcinus
601 978 688 1010 cibus,
716 986 771 1005 non
800 978 938 1013 quippiam

145 1024 220 1052 aliud
234 1024 334 1056 simile,
350 1025 398 1052 sed
418 1033 518 1052 nocere
533 1025 658 1060 proximo
672 1029 723 1057 est,
741 1029 768 1052 et
787 1033 900 1060 peccare
912 1025 939 1051 in

147 1070 247 1102 Deum,
263 1071 305 1097 vel
321 1071 448 1097 mandata
461 1070 518 1097 Dei.

180 1117 263 1144 Juxta
282 1118 351 1144 hunc
368 1118 449 1144 ritum
475 1117 553 1152 faciet
581 1117 783 1143 tabernaculum
799 1117 940 1144 testimonii

146 1165 216 1198 quod
235 1163 316 1196 ﬁxum
334 1167 370 1189 est
382 1163 449 1189 inter
466 1171 518 1194 eos,
533 1163 559 1189 in
578 1163 662 1190 medio
671 1163 782 1189 sortium
798 1163 940 1189 habitatio-

148 1210 188 1236 nis
203 1217 306 1248 equm.
320 1209 419 1236 Nullus
433 1210 567 1236 hominum
586 1210 619 1236 sit
631 1210 656 1235 in
669 1209 848 1242 tabernaculo,
860 1218 941 1244 quan-

147 1256 179 1281 do
196 1255 315 1290 ponlifez
335 1255 480 1290 ingreditur
494 1256 518 1282 in
538 1256 731 1287 sanctuarium,
755 1260 781 1282 ut
797 1261 867 1290 roget
893 1264 940 1290 pro

147 1311 174 1328 se
189 1307 213 1328 et
239 1310 288 1337 pro
303 1303 380 1328 domo
404 1310 461 1332 sua,
479 1306 502 1328 et
529 1310 576 1336 pro
603 1302 723 1328 universo
752 1307 817 1329 cwtu
843 1302 938 1329 Israel.

148 1349 227 1382 Quod
254 1348 298 1375 lex
327 1349 455 1383 superius
475 1349 621 1383 appellavit
651 1353 754 1381 sancta,
778 1357 842 1376 ecce
866 1358 941 1377 nunc

149 1393 355 1420 tabernaculum
387 1393 535 1420 testimonii
554 1393 684 1428 appellat,
701 1394 774 1428 quod
796 1393 878 1420 ﬁxum
899 1399 941 1421 est

148 1439 220 1466 inter
240 1446 298 1472 eos,
331 1439 359 1465 in
389 1438 480 1466 medio
497 1439 611 1466 sortium
636 1439 814 1466 habitationis
833 1447 938 1466 eorum.

148 1485 213 1511 Sive
231 1485 383 1512 secundutn
400 1484 469 1511 LXX
491 1484 653 1512 :ediﬁcatutu
681 1485 708 1511 in
722 1486 772 1515 eis,
794 1485 820 1511 in
850 1476 940 1512 medio

147 1531 386 1558 immunditiarum
412 1539 517 1559 eorum.
536 1530 634 1558 Eadem
662 1531 764 1566 quippe
785 1531 898 1563 ratione,
914 1536 941 1558 et.

146 1581 242 1604 sancta
257 1585 330 1608 esse,
362 1583 390 1604 ct.
409 1578 556 1604 testimonii
572 1577 703 1612 appellari
723 1577 938 1609 tabernaculum,

990 333 1165 367 sequebatur,
1179 341 1231 360 nec
1243 334 1351 369 dignam
1366 335 1470 362 C(elesti
1481 335 1593 363 homine
1607 335 1783 370 sapientiam,

991 379 1142 413 usquedum
1162 379 1188 406 in
1207 384 1302 407 sancto
1315 382 1431 415 propriae
1442 382 1533 409 carnis
1543 388 1648 417 rogaret
1664 389 1712 416 per
1720 389 1785 408 cru-

990 431 1060 465 cem,
1076 429 1103 451 et
1119 433 1245 460 egressus
1256 431 1298 453 est
1311 434 1343 453 ex
1363 434 1394 454 ea
1420 427 1478 462 lege
1495 428 1649 454 communis
1671 428 1781 458 mortis,

989 470 1117 497 ctnittens
1130 471 1268 504 spiritum,
1280 477 1307 499 et
1318 480 1428 500 carnem
1449 474 1609 509 relinquens
1634 474 1660 500 in
1690 474 1785 509 sepul-

990 522 1056 546 cro,
1075 516 1147 550 quod
1169 516 1229 550 ejus
1257 517 1399 544 evidenter
1424 519 1513 546 exitus
1534 520 1699 546 nominatur.
1732 520 1786 546 Sed

990 569 1044 588 non
1071 563 1241 597 generalitati
1269 565 1391 591 otnniutn
1419 564 1562 592 hominum
1591 566 1693 601 profuit
1728 565 1783 593 hoc

989 608 1061 642 quod
1075 617 1148 635 nunc
1165 614 1207 636 est
1224 611 1378 644 expositum
1395 612 1568 639 sacriﬁcium.
1583 612 1678 639 Rullus
1697 613 1789 639 homi-

990 661 1056 680 num
1074 654 1119 686 sit,
1139 655 1236 689 inquit,
1266 656 1293 682 in
1310 657 1498 689 tabernaculo,
1524 661 1633 692 quando
1659 658 1784 685 Pontifex

991 699 1144 735 ingreditur
1162 703 1188 727 in
1204 704 1390 730 sanctuarium
1404 707 1433 730 ut
1449 709 1534 738 roget.
1553 705 1635 739 Atqui
1654 704 1680 730 in
1699 704 1786 731 sacri-

991 746 1053 773 ﬁcio
1071 747 1144 781 quod
1167 752 1211 774 cst
1235 749 1385 775 secundum
1405 749 1532 783 litteram,
1562 751 1636 777 solus
1664 758 1788 786 praesens

991 798 1064 819 esset
1079 793 1195 828 populus
1213 793 1382 822 Judzcorum.
1397 793 1455 822 Non
1468 800 1559 822 autem
1590 796 1678 822 omnis
1704 795 1788 821 homo

991 838 1024 865 de
1043 839 1221 866 tabernaculo
1246 841 1396 867 secundum
1421 846 1529 875 tempus
1551 842 1687 873 sacriﬁcii,
1713 841 1786 876 quod

992 892 1066 912 nunc
1079 884 1182 912 dictum
1198 889 1248 916 est,
1261 886 1475 913 excluderetur:
1489 887 1537 914 sed
1545 887 1688 922 signiﬁcat,
1704 894 1788 914 oume

992 931 1136 957 hominum
1150 939 1245 966 genus,
1263 936 1371 959 terrena
1385 940 1459 960 nunc
1479 941 1584 967 sapere,
1611 937 1638 960 et
1665 933 1692 959 in
1721 941 1787 968 pec-

993 976 1061 1003 catis
1074 984 1145 1009 esse,
1160 984 1191 1003 ac
1209 982 1355 1012 propterea
1378 977 1405 1004 in
1423 978 1586 1014 iutelligibili
1608 978 1788 1006 tabernaculo

992 1024 1142 1050 testimonii
1161 1029 1235 1051 recte
1250 1032 1304 1050 non
1318 1024 1447 1052 inveniri.

1027 1068 1109 1097 Vens.
1128 1069 1230 1101 18,19.
1251 1080 1260 1095 ε
1278 1070 1348 1097 Cum
1379 1075 1471 1098 autem
1507 1070 1604 1098 exierit
1628 1070 1662 1097 ad
1688 1070 1786 1103 altare,

992 1116 1065 1150 quod
1082 1123 1174 1143 coram
1201 1116 1318 1143 Domino
1332 1121 1375 1144 est
1391 1122 1451 1144 oret
1470 1125 1520 1152 pro
1543 1124 1572 1144 se.
1592 1121 1618 1143 el.
1645 1121 1784 1150 sumptum

991 1162 1154 1197 sanguinem
1182 1164 1260 1190 vituli
1278 1169 1360 1198 atque
1384 1164 1451 1191 hirci
1466 1163 1563 1191 fundat
1583 1171 1666 1198 super
1681 1171 1785 1190 cornua

991 1208 1052 1242 ejus
1064 1216 1112 1242 per
1127 1216 1232 1243 gyrum,
1251 1217 1437 1245 spargensque
1450 1209 1535 1244 digito
1550 1210 1662 1244 septies,
1679 1209 1783 1243 expiet,

992 1251 1202 1286 sanctiﬁcctque
1251 1252 1318 1279 illud
1364 1252 1398 1279 ab
1445 1253 1627 1280 immunditiis
1668 1253 1786 1279 ﬁliorutu

991 1298 1086 1325 Israel.
1111 1307 1121 1324 ι

1026 1344 1095 1376 Quia
1115 1352 1175 1379 quae
1195 1345 1284 1378 vituli,
1296 1349 1324 1372 et
1341 1345 1409 1372 hirci
1424 1349 1527 1377 essent,
1545 1346 1611 1373 satis
1629 1346 1655 1372 in
1670 1346 1712 1373 his
1726 1353 1788 1380 qua:

992 1390 1063 1417 dicta
1084 1395 1159 1422 sunt,
1173 1391 1349 1425 explanatum
1366 1394 1416 1418 est.
1443 1390 1531 1418 Simul
1555 1392 1628 1419 enim
1644 1394 1788 1427 utriusque

992 1446 1104 1465 sumens
1130 1439 1303 1474 sanguinem,
1334 1447 1474 1473 unumque
1504 1439 1570 1466 illud
1598 1440 1788 1474 conjunctioni

991 1484 1196 1516 demonstrans,
1219 1492 1302 1519 super
1318 1492 1422 1512 cornua
1435 1485 1529 1512 altaris
1547 1486 1634 1520 ponit,
1650 1494 1698 1512 seu
1722 1486 1787 1513 I‘uu-

992 1530 1042 1556 dit.
1069 1530 1124 1557 Sed
1153 1530 1216 1564 quid
1246 1530 1322 1565 agit?
1359 1530 1535 1564 Qumcunque
1565 1531 1685 1565 mysterii
1717 1532 1786 1559 ordo

993 1575 1086 1611 exigit,
1101 1580 1129 1602 et
1142 1576 1345 1610 consequentia:
1357 1576 1416 1602 vult
1434 1576 1528 1612 ﬁgura,
1541 1585 1621 1611 quam
1637 1585 1699 1603 cttm
1710 1578 1786 1604 omni

147 1631 238 1651 massa
257 1627 348 1650 nostra
361 1628 460 1658 potest.
492 1623 518 1650 Si
534 1624 607 1650 cuitu
636 1624 841 1651 tabernaculum
860 1625 938 1652 testi—
952 1629 974 1658 c
992 1622 1147 1648 subtilitate
1162 1622 1302 1656 legislulor
1314 1622 1422 1657 scripsit
1434 1627 1528 1656 postea
1541 1626 1666 1649 nostrum
1692 1631 1789 1658 egres—

147 1669 233 1696 monii
264 1669 362 1696 cadum
393 1669 525 1702 dixintus,
556 1675 630 1696 recte
659 1674 752 1697 sancta
782 1671 940 1698 nominatur

147 1715 269 1742 ctelcstis
282 1720 375 1742 noster
387 1715 479 1747 hotuo,
494 1716 528 1742 de
543 1724 598 1750 quo
611 1716 650 1742 ait
661 1715 776 1743 Paulus:
796 1716 868 1743 Sicut
881 1726 941 1752 por-

147 1764 263 1790 tavimus
292 1763 432 1797 imaginem
456 1763 563 1794 terreni,
588 1767 720 1796 portemus
747 1767 771 1789 et
798 1763 940 1798 imaginem

147 1808 299 1835 valeatis“.
320 1807 441 1835 Rursus:
460 1807 487 1835 Si
505 1809 634 1835 terrestris
647 1809 739 1835 domus
755 1814 842 1836 nostra
863 1810 940 1844 hujus

147 1855 319 1881 habitationis
331 1854 500 1887 dissolvatur,
517 1855 643 1882 habemus
656 1856 858 1890 ardiﬂrationcm
882 1865 940 1891 quw

148 1908 180 1926 ea:
198 1900 252 1926 Deo
269 1904 317 1932 est,
341 1900 448 1927 domum
473 1909 524 1926 non
540 1909 620 1927 manu
642 1901 750 1936 factum,
775 1907 900 1928 a'ternam
914 1902 942 1928 iu

149 1946 218 1973 rtzlis
227 1946 262 1973 ⁸⁸.
276 1945 360 1973 Recte
372 1954 436 1981 ergo
454 1951 579 1973 sanctum
597 1948 766 1978 nominatur,
782 1948 843 1982 quia
858 1948 942 1975 aedili-

148 1998 225 2020 catus
243 1997 285 2019 est
299 1992 326 2019 in
341 1992 430 2020 nobis.
447 1993 567 2019 Primum
585 1993 653 2019 enim
670 1994 792 2028 fornmvit
815 1993 941 2020 Dominus

146 2038 220 2066 Deus
232 2039 265 2066 de
279 2038 385 2073 pulvere
401 2044 478 2066 terra:
493 2039 635 2072 hominem,
648 2045 671 2066 et
687 2045 748 2066 tunc
762 2040 942 2075 insuﬂlauitiu

148 2085 243 2120 [aciem
254 2084 312 2119 ejus
323 2084 446 2120 spiritum
461 2084 560 2111 vitae".
578 2084 627 2112 llic
641 2089 683 2112 est
694 2092 759 2118 ergo
773 2089 867 2112 noster
885 2092 942 2112 co:—

149 2131 226 2158 lestis
247 2130 341 2163 homo,
359 2131 405 2166 qui
424 2131 451 2158 in
469 2131 561 2158 medio
581 2131 815 2158 immunditiarum
833 2134 943 2158 nostra-

150 2185 210 2204 rum
226 2181 281 2210 est,
297 2177 342 2212 qui
359 2176 440 2204 etiam
457 2178 632 2212 passionibus
645 2178 736 2205 carnis
759 2182 941 2213 oppugnatur,

149 2222 304 2249 secundum
324 2223 397 2257 quod
422 2223 522 2250 Paulus
548 2223 633 2250 dixit:
660 2223 737 2251 Video
764 2224 834 2250 enim
860 2223 944 2250 aliam

150 2269 233 2304 legem
242 2269 271 2295 in
279 2269 400 2296 membris
412 2270 486 2301 meis,
498 2274 686 2304 repugnantem
700 2269 750 2305 legi
763 2270 856 2296 mentis
867 2277 941 2302 mew,

991 1677 1052 1695 sum
1081 1669 1115 1696 ad
1145 1668 1240 1701 altare,
1276 1669 1350 1703 quod
1378 1673 1421 1696 cst
1447 1677 1539 1696 coram
1562 1668 1686 1696 Domino.
1719 1668 1789 1696 Dicit

992 1719 1082 1742 autem
1099 1723 1172 1748 eum,
1188 1715 1235 1750 qui
1252 1720 1292 1742 est
1309 1715 1505 1750 thymiamatis,
1518 1715 1592 1749 quod
1617 1723 1678 1742 esse
1694 1714 1788 1742 sedem

991 1762 1335 1793 Cherubimostendimus,
1365 1771 1428 1789 cum
1459 1770 1541 1789 carne
1568 1762 1731 1794 aseendcns,
1761 1766 1790 1790 et.

992 1811 1113 1834 nostram
1134 1806 1160 1832 iu
1189 1814 1221 1833 eo
1237 1806 1423 1840 captivitatem
1447 1807 1610 1838 sublevavit,
1634 1807 1715 1833 simul
1738 1814 1790 1834 nos

992 1853 1138 1885 suscitans,
1151 1858 1178 1880 et
1193 1853 1289 1880 sedere
1302 1853 1407 1879 faciens
1426 1852 1452 1879 in
1465 1852 1559 1879 dextra
1574 1853 1600 1879 iu
1617 1853 1787 1880 cuzlestibus.

992 1899 1025 1927 Et
1039 1905 1178 1934 sumptum
1199 1900 1362 1935 sanguinem
1384 1899 1595 1934 elTunditsuper
1609 1906 1711 1925 cornua
1729 1898 1789 1932 ejus

992 1953 1042 1980 per
1056 1953 1159 1980 gyrum,
1175 1953 1378 1980 aspcrgeusque
1397 1945 1482 1980 digito
1511 1945 1622 1979 septies,
1642 1945 1734 1978 expiet
1762 1949 1791 1970 ct

993 1991 1145 2018 sanctiticct
1179 1991 1244 2017 illud
1275 1991 1308 2017 ab
1339 1990 1523 2017 immunditiis
1550 1990 1666 2016 ﬁliorum
1694 1989 1788 2016 Israel.

993 2037 1061 2070 Quia
1080 2037 1189 2071 propria
1210 2037 1338 2071 passione
1354 2044 1408 2063 non
1432 2037 1519 2063 solum
1537 2044 1639 2064 cornua
1655 2036 1724 2070 ejus,
1743 2036 1790 2070 qui

993 2087 1036 2110 est
1049 2083 1075 2109 in
1093 2083 1163 2110 cmlo
1177 2083 1281 2114 altaris,
1299 2084 1416 2111 virtutes
1443 2084 1550 2111 scilicet
1575 2084 1739 2118 praecipuas,
1763 2087 1791 2110 ct

994 2129 1145 2165 generales,
1162 2130 1335 2164 sapientiam,
1354 2131 1560 2162 fortitudinem,
1574 2130 1706 2165 justitiam
1720 2151 1727 2163 ,
1743 2137 1790 2156 ca-

995 2175 1117 2202 stitatem
1136 2176 1328 2203 sanetiﬁcavit:
1346 2184 1406 2210 qua:
1429 2184 1532 2204 cornua
1552 2176 1700 2203 Cherubim
1718 2180 1791 2203 recte

995 2226 1071 2255 sunt,
1103 2221 1205 2257 ﬁguras
1232 2222 1306 2249 enim
1335 2231 1430 2250 eorum
1460 2223 1574 2250 cmleste
1602 2223 1654 2250 hoc
1687 2222 1789 2250 animal

996 2268 1088 2301 habet,
1106 2269 1134 2296 in
1154 2277 1329 2304 personaque
1346 2269 1466 2297 hominis
1482 2276 1510 2296 et
1524 2269 1611 2297 leonis
1626 2274 1652 2297 et
1669 2269 1746 2296 vituli
1764 2273 1789 2296 cl

150 2319 174 2341 et
187 2315 322 2348 captivum
337 2323 377 2341 me
391 2315 526 2341 ducentem
541 2315 569 2341 in
586 2315 640 2349 lege
663 2315 772 2349 peccati,
790 2322 848 2347 qua:
863 2320 900 2341 est
915 2315 944 2342 in
960 2316 982 2345 ι)
996 2315 1094 2350 aquila
1112 2317 1191 2352 gerit,
1215 2316 1357 2352 sapientiae
1370 2317 1480 2352 quidem
1495 2315 1523 2343 in
1544 2323 1663 2351 persona
1691 2314 1790 2346 leonis,

151 2359 275 2387 membris
288 2360 352 2387 meis
360 2360 394 2388 ".
410 2360 525 2396 Propter
536 2361 610 2396 quod
622 2360 704 2388 nimis
719 2361 762 2388 lex
778 2369 945 2396 consequen-

151 2412 190 2434 ter
200 2406 325 2434 subdidit
339 2414 346 2433 :

187 2451 268 2478 Vens.
286 2451 329 2478 l7.
347 2460 356 2476 ι
375 2450 471 2478 Nullus
486 2451 568 2478 homo
581 2451 616 2478 sit
634 2451 661 2478 in
675 2452 852 2480 tabernaculo
868 2452 944 2480 testi-

151 2497 247 2530 monii,
259 2497 368 2532 quando
383 2497 505 2532 pontifex
521 2498 676 2533 ingreditur
691 2503 721 2526 ut
742 2505 816 2534 roget
834 2507 884 2535 pro
904 2508 944 2533 se,

152 2548 176 2570 et
191 2551 241 2578 pro
260 2543 342 2571 domo
352 2552 411 2577 sua,
422 2549 450 2572 et
460 2553 508 2580 pro
523 2545 653 2572 universo
665 2550 736 2572 metu
750 2545 841 2573 Israel.
862 2555 871 2572 ι

185 2591 303 2624 Quando
316 2593 389 2619 enim
400 2591 527 2619 Christus
552 2592 705 2628 ingreditur
719 2593 746 2620 in
763 2597 899 2626 sanctum,
918 2593 945 2621 id

152 2643 202 2670 est,
219 2637 545 2673 quandoincarnahatur,
557 2639 695 2666 caelestem
711 2639 849 2667 hominem
865 2644 945 2675 atque

152 2689 184 2709 ex
201 2683 281 2710 nobis
298 2683 432 2718 primitias
446 2685 583 2717 sumebat,
602 2692 681 2711 nemo
691 2688 750 2712 erat
766 2685 793 2712 in
817 2685 946 2720 intelligi-

153 2729 198 2756 bili
216 2730 394 2758 tabernaculo
406 2730 568 2762 testimonii,
581 2738 631 2758 nec
643 2731 751 2767 gentilis
763 2739 814 2758 nec
827 2731 944 2758 circum-

153 2775 234 2807 risus,
251 2784 303 2804 nec
320 2776 412 2808 levita,
432 2784 483 2805 nec
494 2778 629 2809 sacerdos,
647 2778 709 2812 quia
727 2786 814 2805 omnes
825 2777 942 2804 (λεί-[ἰησ-

155 2827 254 2854 rerum,
270 2823 351 2850 simul
376 2823 483 2852 inutiles
499 2824 564 2858 [acti
583 2828 654 2857 sinit,
674 2832 724 2854 non
736 2829 775 2850 est
802 2824 846 2855 qui
860 2824 943 2859 fuciut

189 2922 211 2936 "
223 2921 301 2949 Joan.
315 2929 340 2953 ι,
361 2923 404 2954 l6.

157 2950 177 2964 ..
189 2923 301 2964 ἷῖ⁵5³³¹¹σ
315 2923 404 2964 Laio-
441 2923 464 2940 "
481 2923 490 2950 Ι
506 2923 570 2951 Cor.
600 2931 645 2957 xv,
662 2924 706 2950 49.

169 2954 177 2967 ⁸
192 2956 272 2986 Hebr.
291 2964 329 2992 ιιι,
341 2955 386 2984 25.

746 2924 768 2939 ⁰²
787 2923 806 2950 ll
826 2922 888 2950 Cor.
906 2931 933 2954 ν,
949 2923 972 2949 1.

992 2361 1108 2397 iustitia;
1138 2363 1166 2389 in
1198 2371 1316 2398 persona
1345 2363 1435 2396 vituli,
1457 2362 1591 2390 castitatis
1614 2361 1642 2388 in
1673 2366 1791 2395 persona

993 2409 1106 2444 aquila:
1122 2409 1155 2436 de
1174 2410 1274 2444 quibus
1295 2409 1402 2445 plenius
1426 2410 1452 2436 in
1474 2409 1617 2444 propheta:
1639 2406 1790 2434 Ezechielis

994 2455 1221 2491 interpretatione
1237 2456 1301 2482 olitn
1316 2456 1504 2490 exposuimus.

1031 2501 1126 2536 Expiet
1141 2501 1321 2535 ctsanctiﬁcet
1338 2501 1405 2528 illud
1422 2501 1455 2527 ab
1473 2499 1651 2527 immunditiis
1673 2498 1789 2532 filiorum

995 2548 1090 2575 Israel.
1103 2547 1206 2575 Christi
1228 2548 1301 2574 enim
1322 2547 1458 2575 sacriﬁcio
1481 2548 1627 2582 expiantur
1654 2552 1681 2573 et
1708 2545 1790 2572 etule-

996 2595 1047 2622 stia
1059 2595 1093 2625 '5,
1108 2594 1144 2621 ita
1160 2600 1188 2621 ut
1205 2594 1305 2621 Paulus
1323 2595 1443 2621 diceret:
1458 2594 1640 2621 dilicrentiam
1664 2591 1789 2627 legalium

995 2639 1203 2671 sacriﬁciorum,
1228 2645 1255 2666 et
1279 2639 1412 2674 unigeniti
1444 2639 1590 2666 ostendere
1607 2637 1702 2664 volens
1721 2643 1788 2663 :ne-

996 2693 1073 2712 cosse
1089 2689 1132 2712 est
1150 2692 1215 2719 ergo
1236 2684 1402 2719 exemplaria
1420 2685 1571 2711 cwlcstium
1590 2684 1633 2710 his
1653 2681 1789 2713 mundari,

997 2731 1056 2766 ipsa
1076 2736 1167 2758 autent
1182 2731 1306 2759 coelestia
1333 2731 1485 2766 tnajoribus
1509 2731 1606 2758 hostiis
1622 2737 1702 2764 quam
1718 2728 1788 2755 istis.

998 2776 1051 2803 Sed
1083 2776 1161 2811 cujus
1192 2776 1232 2802 rei
1261 2775 1346 2810 gratia
1375 2776 1530 2810 expiatione
1559 2782 1628 2810 opus
1652 2773 1789 2801 habebant

998 2823 1120 2850 coelestia
1138 2822 1274 2857 lcgislalor
1289 2822 1420 2856 ostendit,
1436 2823 1545 2850 dicens:

1553 2923 1576 2939 "
1590 2921 1661 2950 Psal.
1687 2932 1746 2954 xm,
1760 2920 1788 2948 5.

1014 2914 1114 2950 “Ct-tt.
1150 2931 1179 2954 ιι,
1197 2923 1222 2950 7.
1261 2922 1376 2950 “Rom.
1404 2931 1453 2957 vn,
1470 2923 1514 2951 ‘25.
