2052 3146
244 237 298 271 999

279 291 374 327 Expiet
394 285 591 320 sanctificetque
606 280 671 308 illud
685 275 902 305 abinnnunditiis
919 273 1035 308 ﬁliorum
1051 273 1073 301 Α

244 337 338 366 Israel.
354 334 492 367 Quantum
502 329 612 365 quidem
634 326 668 353 ad
684 324 814 352 cmiorum
831 321 956 350 virtutes,
977 323 1032 343 non

245 388 355 409 necesse
370 382 429 405 erat
443 362 572 411 qumlibct
593 370 723 406 expiatio,
740 367 804 402 quia
830 366 857 392 in
880 362 1034 392 sanctifica-

246 430 320 456 tione
333 425 461 454 continua
478 422 690 448 conversantur:
713 415 760 442 sed
782 413 845 448 quia
860 411 988 445 frequens
1003 407 1036 434 ad

246 475 330 503 emlos
352 475 512 499 nostrorum
530 469 706 502 peccatorum
729 458 854 488 ascendit
877 457 979 487 fumus,
1004 454 1037 481 de

247 529 300 557 quo
316 519 384 547 dixit
394 516 494 544 David:
512 512 634 540 Ascendit
653 511 739 545 {unius
750 508 778 533 in
791 506 833 532 ira
853 504 920 538 ejus,
936 508 958 528 et
971 501 1038 535 ignis

715 555 729 557 _
827 551 834 557 .
859 551 868 557 .
977 548 992 557 ,.
1003 556 1006 557 ν
1017 554 1026 557 Α

251 548 262 557 τ

249 568 316 604 {acie
330 566 386 600 ejus
402 559 596 590 exardescit“:
616 557 652 583 ita
669 560 698 582 ut
715 555 787 581 Deus
802 551 836 579 ad
856 551 952 578 Jonam
968 548 1039 575 dice-

249 619 308 640 ret:
331 611 401 638 Vade
416 611 451 635 ad
471 607 585 634 Ninivcn
601 603 736 630 civitatem
763 606 898 634 magnam,
925 599 948 622 et
971 602 1038 629 pra:-

250 659 310 686 dica
326 657 353 683 in
364 665 394 682 ea
415 652 631 689 prmdicationem
660 655 738 683 quam
759 653 805 680 ego
836 643 927 677 loquor
948 640 982 666 ad
1006 643 1040 671 te,

251 705 314 739 quia
344 701 448 729 malitia
460 699 517 733 ejus
538 695 654 723 ascendit
682 700 771 719 coram
796 689 875 716 me“.
891 687 925 714 Et.
948 691 1043 712 rursus

253 730 288 777 ad
317 747 455 774 Abraham
471 730 516 771 ‘de
541 740 683 769 Sodomis:
715 736 886 766 Descendunt,
905 737 928 759 et
953 730 1044 758 videbo

253 800 343 820 utrum
359 792 513 819 clamorem,
528 788 572 823 qui
593 786 660 813 venit
674 784 708 811 ad
737 790 788 814 me,
805 788 882 814 opera
902 776 1045 812 compleve-

254 841 318 872 rint,
331 847 367 865 an
386 836 476 864 non".
492 834 576 861 Recte
601 832 634 859 de
658 828 759 857 nostris
776 823 956 854 immunditiis
985 829 1047 849 san-

256 886 367 915 ctificat,
383 888 411 910 et
425 881 515 916 expiat
539 885 621 913 super
645 883 696 903 nos
709 875 816 904 choros,
833 875 863 898 ut
885 869 992 897 auferat
1015 874 1048 894 cx

256 933 297 959 eis
323 931 546 958 circumstantem
575 921 841 953 abominabilemque
874 917 998 944 odorem.
1021 918 1049 941 et

258 976 447 1014 gloriationem
466 973 571 1002 falsam,
587 977 667 1005 quam
682 971 777 995 contra
793 972 840 992 eos
859 961 1048 998 deposuimus.

259 1027 406 1059 Propterea
419 1027 474 1048 non
489 1017 651 1053 simpliciter
668 1016 804 1050 asperget,
816 1011 864 1039 sed
888 1009 1000 1044 septies,
1021 1011 1051 1033 ut

259 1070 396 1103 intelligas
424 1065 535 1094 veniam
564 1065 741 1098 peccatorum
772 1062 949 1087 nostrorum,
981 1053 1052 1080 hanc

260 1116 334 1144 enim
350 1112 525 1149 septenarius
547 1115 679 1136 numerus
706 1106 813 1141 figurat.
838 1103 908 1130 Loca
931 1099 1053 1128 coelestia

261 1147 430 1187 mundantur
445 1154 622 1184 abominabili
638 1152 733 1183 odore,
749 1155 777 1177 et
792 1147 954 1184 gloriatione
971 1151 1054 1180 quam

261 1203 454 1239 deposuimus:
470 1200 553 1234 hujus
568 1197 641 1225 enim
659 1196 699 1223 rei
710 1201 802 1222 causa.
818 1192 894 1226 prius
912 1188 1054 1217 inimicitia

262 1259 276 1278 a
292 1250 382 1281 nobis,
394 1252 490 1276 contra
502 1254 534 1273 ea
555 1252 615 1279 qua:
629 1246 693 1272 sunt
718 1241 746 1268 in
767 1238 934 1267 coelestibus.
962 1240 1055 1263 exorta

263 1299 314 1324 esi.

299 1351 380 1378 VEus.
391 1349 437 1377 20.
455 1358 464 1374 ι
478 1347 626 1381 Postquam
640 1341 830 1372 emundaverit
855 1338 1056 1368 sanctuarium.

265 1403 292 1424 et
310 1395 524 1425 tabernaculum,
538 1397 565 1420 et
578 1392 672 1419 altare.
693 1399 702 1415 ι

303 1442 350 1470 Vel
363 1442 434 1468 sicut
450 1439 532 1467 LXX.
559 1436 723 1471 Deﬁnietque
740 1441 853 1461 exorans
876 1434 1008 1461 sanciunt,
1033 1432 1058 1454 et

268 1486 467 1515 tabernaculum
480 1483 631 1514 testimonii,
652 1486 675 1508 et
688 1480 826 1511 altarium,
841 1482 864 1504 et
875 1485 921 1512 pro
935 1474 1060 1503 sacerdo-

269 1535 337 1561 tibus
349 1532 482 1568 purgavit.
503 1529 661 1557 Secundum
676 1532 794 1562 quorum
810 1523 971 1553 editionem,
987 1524 1061 1548 recte

272 1582 314 1607 lex
330 1578 468 1614 pra-cipue
488 1574 648 1602 memoriam
674 1571 847 1598 sacerdotum
875 1568 950 1597 fecit.
976 1571 1006 1594 ut
1034 1565 1062 1592 in

273 1624 402 1651 omnibus
418 1622 503 1656 figura
516 1618 642 1647 sacrificii
657 1615 790 1651 unigenili
815 1614 976 1641 salvaretur.
993 1610 1062 1643 Quia

273 1669 347 1696 enim
365 1676 379 1694 a
405 1666 516 1694 Christo
541 1662 723 1691 sacerdotium
746 1660 848 1686 chorus
873 1655 1067 1692 Apostolorum

275 1713 390 1741 sortitus
405 1717 457 1743 est,
474 1710 520 1745 qui
545 1714 574 1736 et
585 1715 649 1744 pars
666 1710 726 1734 erat
741 1704 854 1733 humani
880 1702 999 1738 generis,
1017 1708 1068 1736 pro

275 1768 330 1795 quo
346 1759 478 1786 Dominus
491 1755 670 1790 semetipsum
691 1752 802 1784 obtulit,
827 1750 876 1778 sed
899 1754 990 1776 tamen
1005 1755 1069 1782 spe-

276 1807 355 1838 ciale,
384 1802 614 1839 quemadmodum
638 1802 821 1835 unguentum,
846 1801 874 1823 et
897 1795 1070 1830 praecipuum

278 1850 454 1880 sacrificium,
488 1845 596 1873 Domini
619 1843 784 1879 appellavit:
801 1840 874 1875 quod
899 1840 1072 1867 demonstrat

279 1896 422 1926 Dominus,
435 1894 469 1920 ad
484 1893 593 1920 Patrem
609 1891 722 1918 dicens:
741 1887 796 1922 Ego
822 1886 957 1920 sanctiﬁco
988 1883 1072 1918 meip-

279 1951 349 1974 sum,
365 1945 393 1968 ut
404 1941 456 1967 sint
469 1945 493 1966 et
511 1938 561 1972 ipsi
583 1934 743 1969 sanctiﬁcati
759 1934 785 1959 in
799 1931 939 1958 veritatc‘.
959 1929 992 1956 Et
1011 1936 1073 1955 rur—

279 1995 326 2015 sus
341 1987 375 2014 ad
390 1993 456 2013 eos:
476 1983 609 2018 Majorcm
633 1982 683 2008 Itan
697 1979 863 2006 dilectionem
889 1983 964 2003 nemo
985 1974 1072 2006 habet,

280 2042 359 2070 quam
376 2036 403 2058 ut
415 2031 536 2058 animam
549 2037 625 2055 suam
651 2027 709 2062 quis
729 2029 809 2060 ponat
826 2031 872 2058 pro
887 2022 981 2048 amicis
997 2021 1074 2052 suis;

281 2089 325 2107 vos
353 2079 432 2105 amici
453 2076 504 2103 mei
527 2076 599 2108 estis,
623 2074 646 2100 si
665 2072 777 2109 feceritis
805 2078 862 2105 qme
882 2077 928 2104 ego
952 2068 1074 2103 pmripio

282 2125 381 2151 nobis‘.
399 2123 515 2158 Respice
539 2124 631 2148 autem
657 2123 685 2146 et
705 2118 800 2153 legalis
818 2116 911 2150 figura:
938 2114 1074 2146 ordinem,

284 2169 420 2205 quomodo
439 2169 472 2196 ad
487 2169 573 2203 ipsam
601 2165 711 2193 deducit
734 2163 894 2194 veritatem;
925 2159 1077 2188 secundum

287 2216 367 2248 LXX,
385 2216 458 2243 enim
470 2215 521 2242 ait:
539 2213 649 2248 Dcﬁuiet
670 2218 781 2238 exorans
795 2212 927 2240 sanctum,
945 2211 969 2233 et
992 2205 1079 2232 taber-

287 2265 410 2290 naculum
427 2261 577 2291 testimonii,
590 2265 612 2286 et
632 2258 741 2288 altare;
766 2256 793 2282 id
808 2259 844 2282 est
859 2254 932 2288 ﬁniet
949 2257 972 2280 et
987 2251 1079 2278 termi-

840 214 1021 248 HESYCIIII
1040 206 1276 244 PRESBYTERI

1805 185 1875 219 1000

1088 267 1187 296 emittit
1206 272 1268 291 eum
1296 268 1345 296 per
1360 256 1497 286 hominem
1526 257 1649 290 paratum
1667 249 1694 275 in
1724 246 1876 274 desertum.

1085 315 1209 347 Cumque
1239 306 1389 345 portaverit
1399 304 1491 331 hircus
1501 306 1598 329 omnes
1615 295 1771 331 iniquitates
1781 299 1878 319 eorum

1087 362 1113 388 in
1133 365 1233 386 terram
1245 348 1578 385 solitariam,etdimissus
1592 343 1675 372 fuerit
1691 341 1718 368 in
1729 340 1850 367 deserto.
1866 345 1876 362 ι

1123 404 1225 432 Eadem
1242 401 1324 427 etiam
1341 404 1415 424 nunc
1442 395 1553 424 iterare,
1575 391 1688 426 propter
1712 393 1760 413 eos
1777 383 1823 418 qui
1851 382 1881 408 in

1088 451 1150 478 luce
1168 447 1321 476 offendunt,
1337 450 1406 478 opus
1421 440 1564 468 habemus.
1579 434 1712 462 Probatur
1729 430 1800 457 enim
1817 427 1882 462 quia

1093 495 1159 523 nulli
1179 494 1281 527 iniquo,
1299 490 1341 517 vel
1357 487 1487 520 maligno,
1510 483 1556 510 sed
1574 480 1624 516 ipsi
1655 479 1711 505 Deo
1724 475 1883 503 efficiuntur

1091 547 1123 566 ea
1136 545 1196 572 qum
1212 543 1287 562 nunc
1297 534 1324 560 in
1339 532 1391 558 hoc
1409 530 1486 557 hirco
1495 527 1557 554 vivo
1571 523 1741 552 sanciuntnr.
1762 519 1883 545 I'rimum

1093 584 1213 618 quidem,
1224 581 1286 615 quia
1305 582 1450 610 utramque
1477 577 1588 600 manum
1604 566 1686 602 capiti
1703 564 1771 593 hirci
1792 569 1886 590 sacer-

1094 631 1143 658 dos
1173 626 1299 662 imponit.
1337 624 1469 650 itlanuum
1501 615 1651 652 impositio,
1688 613 1716 639 in
1750 609 1888 638 sacrificio

1094 674 1267 704 ministrabat
1283 668 1513 698 benedictionem,
1526 668 1573 690 aut
1589 664 1762 697 peccatorum
1788 655 1889 683 remis-

1096 723 1212 752 sionem,
1229 722 1276 745 aut
1306 715 1392 743 salicti
1414 712 1532 748 Spiritus
1547 709 1707 736 adventum,
1731 708 1777 731 aut
1798 701 1891 736 expia-

1098 769 1186 796 tiones
1197 762 1390 798 intelligibilcs.
1403 757 1547 792 Quomodo
1563 762 1627 789 ergo
1646 753 1673 779 in
1689 752 1774 782 hunc,
1791 749 1819 775 in
1835 754 1891 782 quo

1097 822 1158 841 sors
1175 810 1291 842 inimici,
1307 814 1335 836 et
1349 808 1408 842 ejus
1420 805 1465 840 qui
1478 807 1575 831 contra
1595 800 1682 826 Deum
1696 797 1803 827 militat,
1819 794 1893 821 sicut

1099 861 1176 888 aiunt
1191 858 1218 886 hi
1230 856 1276 892 qui
1290 855 1362 882 illius
1373 852 1458 888 partis
1473 854 1548 881 sunt,
1562 848 1620 874 hinc
1637 852 1698 880 quae
1717 843 1789 870 dicta
1815 844 1892 871 sunt,

1101 906 1228 935 sacerdos
1241 907 1356 930 acturus
1373 887 1449 927 erat?
1464 896 1512 923 Vel
1537 892 1675 930 quomodo
1692 891 1720 918 in
1751 889 1810 924 ipso
1824 887 1895 914 filio-

1066 942 1085 968 Β
1102 961 1163 981 rum
1191 949 1273 978 Israel
1291 946 1460 982 iniquitates,
1484 945 1512 969 ct
1541 938 1700 975 injustitias,
1728 940 1755 962 et
1782 937 1897 969 peccata

1103 996 1237 1026 redemit?
1259 992 1392 1022 Conﬁlcri
1420 990 1521 1025 quippe
1543 986 1670 1014 inimicus
1698 986 1810 1018 peccata
1839 986 1898 1006 non

1105 1045 1181 1076 sinit,
1198 1042 1247 1070 sed
1265 1041 1320 1068 imo
1331 1037 1462 1073 suggerit,
1477 1039 1506 1062 ut
1520 1032 1690 1061 occultemus
1709 1028 1808 1055 anima:
1834 1024 1899 1052 vul~

1105 1097 1182 1121 nera,
1197 1093 1227 1115 ut
1239 1094 1294 1114 non
1304 1083 1478 1112 inveniamus
1492 1079 1642 1108 medicum,
1654 1075 1699 1110 qui
1712 1073 1900 1101 medicamen-

1107 1139 1165 1162 tum
1185 1132 1272 1168 possit
1286 1130 1439 1164 imponere,
1455 1125 1627 1157 salutemque
1648 1123 1789 1156 praestare.
1811 1116 1902 1150 Prop-

1109 1161 1194 1208 terea.
1204 1186 1267 1206 mox
1288 1181 1319 1204 ut
1334 1176 1494 1209 increpatus
1508 1174 1550 1198 est
1568 1168 1650 1196 David
1668 1175 1683 1193 a
1700 1163 1822 1194 Natban,
1837 1161 1904 1188 Pec-

1109 1227 1167 1254 cavi
1203 1224 1335 1256 Domino,
1375 1219 1565 1248 exclamavit:
1600 1220 1629 1243 et
1661 1214 1734 1241 illico
1767 1209 1904 1247 propheta

1110 1271 1247 1299 subdidit:
1275 1268 1309 1296 Et
1327 1266 1457 1295 Dominus
1485 1262 1623 1291 transtulit
1649 1263 1785 1294 peccatum
1816 1260 1904 1287 tuum,

1110 1322 1291 1346 verumtamen
1307 1322 1359 1341 non
1380 1311 1510 1343 morieris,
1530 1311 1592 1345 quia
1614 1306 1794 1340 blasp/temure
1819 1301 1906 1337 fecisti

1112 1364 1232 1392 inimicos
1242 1361 1350 1388 Domini
1361 1361 1381 1388 ³.
1407 1359 1485 1386 Unde
1499 1361 1526 1384 et
1541 1364 1590 1391 per
1605 1353 1744 1381 hominem
1767 1353 1905 1385 paratum.

1113 1409 1202 1438 emitti
1215 1408 1352 1443 legislator
1368 1406 1475 1434 hircum
1492 1404 1520 1431 in
1535 1401 1710 1430 solitudinem
1726 1397 1803 1424 dixit.
1831 1394 1907 1421 Prae—

1114 1460 1240 1493 paratum
1259 1459 1361 1484 autem.
1377 1453 1405 1480 id
1425 1455 1469 1479 est
1490 1449 1668 1478 accedentem
1681 1467 1689 1479 ,
1713 1444 1773 1472 sive
1799 1442 1909 1469 adeun-

1115 1487 1181 1531 iem.
1198 1502 1232 1528 Et
1249 1508 1300 1529 nec
1310 1499 1471 1535 dignitatem
1488 1496 1572 1531 hujus
1588 1493 1665 1525 dicit,
1687 1495 1778 1518 utrum
1799 1487 1909 1518 Levita,

1116 1559 1152 1578 an
1168 1549 1308 1580 sacerdos,
1337 1551 1385 1573 aut
1402 1543 1537 1580 quispiam
1565 1541 1599 1568 de
1623 1538 1725 1574 populo
1749 1539 1833 1567 esset,
1862 1533 1912 1568 qui

1118 1598 1172 1625 hoc
1190 1599 1294 1632 ageret.
1307 1593 1379 1628 Ergo
1394 1597 1457 1618 cum
1476 1587 1606 1616 omnibus
1629 1584 1769 1612 Christum
1787 1586 1913 1616 praesen-

1119 1649 1174 1671 tem
1193 1649 1255 1669 esse
1277 1638 1413 1675 significat
1430 1635 1543 1662 hircus:
1572 1629 1807 1665 Quemadmodum
1835 1626 1914 1653 enim

1120 1698 1169 1726 per
1186 1695 1298 1716 carnem
1315 1686 1343 1713 in
1357 1684 1447 1720 primo
1461 1680 1663 1708 immolabatur.
1675 1677 1715 1704 sic
1726 1683 1801 1703 nunc
1815 1674 1917 1700 vivens

1121 1722 1233 1772 propter
1265 1733 1439 1761 divinitatem
1466 1727 1581 1756 dicitur.
1609 1725 1664 1752 Sed
1693 1723 1756 1758 quia
1787 1727 1859 1747 unus
1887 1722 1918 1745 et

1123 1779 1311 1816 impassibilis,
1325 1782 1352 1804 et
1367 1773 1505 1811 passibilis
1518 1776 1571 1803 est,
1585 1768 1741 1797 necessarie
1758 1771 1786 1794 et
1811 1763 1918 1793 viventi

1123 1834 1221 1854 manus
1256 1823 1385 1852 sacerdos
1414 1819 1532 1855 imponit
1556 1822 1585 1845 ut
1609 1822 1707 1844 manus
1739 1811 1920 1848 impositione

1125 1873 1297 1904 ostendatur,
1317 1870 1381 1905 quia
1399 1869 1495 1896 vivens
1516 1866 1629 1894 verbum
1654 1862 1713 1893 Dei,
1736 1857 1919 1895 impassibile,

1125 1921 1292 1954 immortale,
1307 1920 1360 1947 hoc
1373 1926 1423 1954 pro
1438 1916 1518 1944 nobis
1537 1921 1621 1942 carne
1636 1910 1790 1945 suscipiens
1816 1906 1923 1935 sacriﬁ-

1125 1971 1198 1999 cium
1215 1968 1347 2003 suscapit.
1361 1967 1446 1993 Recte
1460 1971 1535 1999 ergo.
1566 1962 1594 1989 in
1607 1961 1667 1995 ipso
1695 1958 1868 1992 iniquitates.
1895 1959 1925 1981 et

1127 2016 1288 2052 injustitias,
1305 2019 1332 2042 et
1358 2016 1473 2047 peccata
1496 2008 1627 2037 sacerdos
1650 2002 1851 2041 pronuntiabit.
1872 2000 1926 2027 Hic

1127 2048 1169 2091 es‘t
1183 2063 1217 2090 de
1232 2069 1287 2096 quo
1314 2059 1400 2086 Isaias
1428 2056 1564 2093 propheta
1586 2052 1710 2082 dicebat:
1729 2050 1852 2080 Domine,
1867 2048 1927 2082 quis

1128 2107 1241 2135 credidit
1267 2092 1500 2138 audituiinostro?
1527 2099 1561 2126 Et
1587 2098 1724 2125 brachium
1748 2093 1855 2121 Domini
1883 2092 1928 2118 cui

1129 2153 1273 2182 revelatum
1291 2150 1364 2178 est"!
1384 2147 1529 2175 Brachium
1547 2143 1654 2172 Domini
1670 2142 1755 2169 filium
1769 2138 1927 2174 appellatis,

1130 2201 1199 2236 patri
1217 2194 1497 2227 consubstantialc‘dc
1512 2200 1566 2228 quo
1592 2196 1620 2218 et
1639 2197 1671 2217 ea
1691 2195 1751 2223 quas
1771 2189 1931 2220 sequuntur

1131 2246 1270 2274 subdidit:
1298 2244 1452 2277 Languores
1476 2244 1579 2266 nostros
1605 2237 1660 2271 ipse
1686 2233 1756 2265 tulit,
1776 2237 1799 2258 et
1823 2231 1930 2257 dolores

427 2281 612 2291 .ι.,..,..υ....,ν,
732 2281 739 2288 ,
768 2281 772 2282 ν
811 2281 830 2282 η
859 2281 865 2288 ,

288 2310 361 2336 nubit
376 2307 596 2343 deprecationem,
612 2313 672 2339 qua:
686 2307 744 2330 acta
763 2306 805 2329 est
819 2309 867 2335 per
884 2306 1010 2330 ctuccm;
1029 2305 1079 2332 pro
1095 2289 1116 2316 ί)
1133 2298 1235 2320 nostros
1251 2291 1306 2324 ipse
1319 2288 1447 2324 portavit.
1462 2286 1523 2320 Ipse
1540 2288 1630 2310 autem
1645 2281 1799 2308 vulneratus
1814 2282 1853 2304 est
1865 2284 1931 2311 pro-

1209 2340 1214 2343 -
1239 2339 1244 2343 -
1286 2337 1302 2343 μ
1328 2341 1332 2343 .
1433 2339 1438 2343 .
1462 2341 1485 2343 κ.
1516 2331 1620 2343 -..μέηυ-
1645 2333 1679 2343 ...ι
1703 2330 1810 2343 ..ι-ιιηιηι-
1830 2323 1931 2343 Erl/1’!!!

287 2356 362 2383 onmi
376 2361 476 2391 genere
491 2352 645 2383 hominum,
660 2354 688 2377 et
700 2356 759 2376 eam
774 2355 835 2382 quin
852 2346 878 2373 in
894 2345 981 2372 altare
996 2344 1079 2371 intel-

288 2389 398 2437 ligibili‘s
411 2399 472 2430 fuit,
485 2402 629 2433 postquam
648 2398 805 2428 assumptus
827 2391 910 2418 fuerit
926 2390 954 2417 in
970 2389 1080 2420 coelum,

289 2436 320 2474 et
330 2446 432 2474 sederit
443 2445 471 2472 in
489 2444 601 2471 dextera
617 2441 712 2477 patris.
731 2440 813 2475 Atqui
834 2440 868 2466 de
895 2436 1083 2466 sacerdotibus

291 2500 346 2519 non
364 2492 467 2527 expiat,
480 2490 565 2518 mittit
580 2489 653 2516 enim
665 2487 706 2514 eis
716 2485 938 2513 emundationem
949 2491 997 2518 per
1009 2482 1086 2509 intel-

294 2538 422 2583 ligibilem
452 2537 553 2572 ignem,
581 2539 609 2562 et
636 2542 686 2569 per
711 2534 818 2568 linguas
847 2531 941 2566 igneas
964 2528 1085 2564 spiritus,

295 2581 406 2620 propter
427 2583 499 2618 quod
521 2582 629 2610 dicebat
647 2581 706 2608 eis:
729 2579 786 2607 Vos
812 2583 904 2605 autem
933 2575 1087 2611 baptizabi-

295 2631 362 2658 mini
376 2630 481 2665 Spiritu
497 2633 603 2660 sancto,
620 2635 675 2654 non
687 2629 750 2661 post
766 2625 866 2652 multos
878 2624 930 2650 hos
946 2622 1016 2649 dies.

339 2677 414 2704 Vens.
442 2675 488 2703 21.
511 2685 520 2700 ι
536 2674 615 2701 Tunc
634 2672 733 2700 oﬂ'erct
760 2672 866 2699 hircum
889 2669 1038 2699 viventem,
1061 2671 1089 2694 et

298 2724 387 2760 posita
403 2726 518 2756 utraque
533 2728 616 2748 manu
632 2727 714 2755 super
737 2722 819 2753 caput
833 2717 904 2752 ejus,
928 2714 1089 2742 confiteatur

299 2777 395 2797 omnes
409 2768 567 2803 iniquitates
578 2766 694 2793 filiorum
710 2764 793 2792 Israel
806 2784 813 2795 ,
828 2768 855 2790 et
874 2761 1002 2788 universa
1021 2759 1089 2786 deli-

299 2821 353 2849 cta,
363 2821 443 2850 atque
453 2818 563 2850 peccata
575 2820 681 2840 eorum.
691 2811 756 2844 Qua:
767 2810 912 2844 increpans
922 2806 1003 2842 capiti
1019 2806 1089 2839 citis.

337 2933 360 2949 "
377 2932 448 2960 Psal.
467 2940 533 2964 xvn,
548 2932 576 2958 9.
613 2930 636 2945 ’⁸
651 2929 729 2955 Jonze
743 2935 761 2959 I,
780 2927 807 2953 Ξ.

304 2974 315 2990 δ
329 2969 388 2998 lsai.
402 2976 458 3001 un,
483 2968 505 2994 ι·
545 2967 555 2982 ⁸
571 2965 638 2993 ibid.
658 2965 684 2997 ιὶ,
704 2964 729 2990 5.
961 2978 985 2998 ,

845 2927 866 2942 9'
885 2924 953 2952 ch.
974 2930 1047 2955 mu,
1064 2920 1110 2947 2i.

1130 2345 1189 2375 pter
1206 2337 1362 2372 iniquitates
1383 2339 1497 2365 nostras,
1513 2331 1620 2358 attritus
1643 2333 1679 2356 est
1703 2330 1810 2362 propter
1827 2323 1931 2351 scelera

1131 2391 1232 2414 nostra.
1250 2381 1396 2417 Disciplina
1415 2379 1489 2414 pacis
1507 2381 1602 2404 nostra:
1617 2382 1695 2409 super
1715 2379 1784 2403 eum,
1802 2376 1826 2397 et
1849 2369 1934 2395 livore

1133 2433 1190 2467 ejus
1207 2429 1298 2457 sanati
1320 2427 1441 2455 sumus“.
1460 2424 1507 2452 Sic
1534 2426 1628 2458 aperte
1656 2426 1740 2454 super
1757 2425 1787 2444 se
1816 2418 1934 2450 peccata
1955 2435 1958 2438 .

1138 2482 1244 2510 nostra,
1270 2481 1298 2504 et
1318 2473 1481 2510 injustitias,
1506 2474 1534 2498 et
1558 2467 1720 2503 iniquitates
1742 2461 1885 2499 portavit"
1900 2460 1936 2487 Et

1138 2529 1285 2560 propterea
1303 2519 1455 2548 secundum
1480 2515 1563 2547 LXX,
1581 2515 1637 2542 ait:
1654 2513 1774 2546 [inponet
1795 2516 1841 2535 eos
1854 2514 1937 2541 super

1141 2554 1221 2606 caput
1238 2569 1308 2597 [medi
1322 2567 1386 2595 vivi:
1403 2565 1481 2600 hujus
1500 2563 1570 2591 enim
1595 2561 1681 2596 ﬁgura
1697 2562 1744 2590 est,
1760 2554 1833 2591 quod
1859 2559 1886 2581 et
1903 2560 1938 2579 ex

1141 2617 1228 2652 spinis
1240 2621 1369 2643 coronam
1383 2611 1487 2646 imponi
1501 2608 1583 2644 capiti
1597 2614 1648 2634 suo
1658 2604 1783 2632 Christus
1797 2600 1936 2636 permisit,

1142 2664 1207 2699 quia
1224 2662 1251 2689 in
1267 2660 1354 2696 spinis
1369 2645 1483 2694 peccata
1502 2655 1591 2683 solent
1604 2651 1701 2686 accipi.
1719 2649 1835 2683 Propter
1861 2645 1938 2680 quod

1145 2715 1172 2738 et
1186 2709 1272 2736 Adam
1284 2691 1380 2742 spinas
1393 2702 1548 2740 germinare
1564 2704 1636 2726 terra
1652 2695 1820 2733 praecipitur.
1847 2691 1940 2726 siqui-

1146 2757 1250 2783 dcmet
1268 2753 1327 2788 ipse
1350 2759 1382 2778 ex
1407 2746 1592 2776 iuobedicntia
1615 2748 1728 2780 peccata
1759 2737 1940 2776 germinavit.

1146 2801 1199 2829 Sed
1224 2805 1250 2826 ct
1277 2798 1404 2825 Salomon
1436 2794 1497 2821 ait:
1514 2792 1603 2827 Spintz
1633 2791 1777 2816 nascuntur
1802 2785 1829 2811 in
1855 2790 1940 2810 manu

1150 2920 1156 2935 '
1174 2917 1253 2945 toan.
1275 2921 1340 2946 mi,
1358 2912 1400 2940 i9.
1440 2911 1450 2927 ’
1468 2910 1547 2937 Joan.
1566 2915 1608 2940 xv,
1629 2907 1670 2933 15.
1726 2905 1735 2920 ³
1748 2904 1813 2938 Reg.
1826 2909 1876 2934 xu,
1893 2897 1941 2933 13,
