2052 3146
155 213 220 246 1001

729 219 769 247 IN
787 219 1006 248 LEVITICUM.
1027 232 1059 237 -
1081 220 1153 249 LIB.
1173 221 1204 251 V.

1716 224 1725 256 1
1731 226 1783 257 002

152 270 317 303 temulenti“,
328 271 448 305 peccatis
465 271 559 305 plenas
571 278 631 297 esse
645 271 768 298 aeliones
783 272 843 306 ejus
853 272 941 307 signi-
957 276 979 302 A
1029 274 1105 306 Quod
1126 275 1209 300 semel
1230 274 1328 301 {actum
1350 281 1401 307 cst,
1429 276 1594 312 unigenitum
1619 281 1783 310 sacriﬁcium

152 317 250 344 ﬁcans.
268 316 314 343 Sic
327 324 392 352 ergo
405 317 472 350 legis
483 316 622 351 accipiens
640 317 734 348 verba,
747 325 802 343 non
833 318 942 353 ignora-

152 362 196 390 bis
211 363 393 390 intentionem
409 363 571 397 ejus,atque
587 363 731 390 virtutem:
752 363 799 389 sed
816 368 843 390 et
867 363 942 390 inve-

152 409 212 435 nies
226 413 350 443 paratum
374 407 524 439 hominem,
547 417 595 443 per
610 409 688 442 cujus
704 417 814 435 manum
849 410 943 436 hircus

154 455 250 482 vivens
275 454 301 480 in
325 462 447 481 eremum
476 454 602 481 mittitur.
631 455 757 482 Christus
784 456 857 482 enim
885 455 943 490 ipse

153 509 235 527 omne
248 500 289 526 sui
307 499 431 527 sacriﬁcii
446 500 536 527 factus
550 505 592 527 est
608 507 635 527 et
652 502 790 532 sacerdos,
816 506 843 528 et
857 501 943 528 sacri-

153 546 256 577 ﬁcium,
270 550 297 572 et
307 546 438 576 cultrum,
453 550 481 572 et
496 545 591 572 altare.
605 546 664 580 Ipse
681 551 724 573 est
735 551 763 573 et
774 551 943 581 praeparatus

153 590 248 622 homo,
269 595 380 624 paratus
397 599 445 624 pro
461 591 539 618 nobis
555 591 588 618 ad
607 592 774 626 passionem,
793 592 829 619 ita
847 592 942 626 utipse

153 645 200 671 per
219 637 314 663 Isaiam
331 636 416 663 dicat:
431 635 486 671 Ego
501 645 561 663 vero
577 645 627 663 non
642 638 833 669 contraditum,
846 643 943 664 retror-

150 691 210 710 sum
226 691 278 708 non
296 682 358 708 abii.
380 681 480 715 Corpus
499 691 583 708 nteant
599 683 658 720 dedi
680 683 898 718 ρίιιτιιιὶθηιϋηιε,Δ
919 689 943 710 et

151 737 233 763 genus
246 736 317 754 meas
334 727 494 755 vellentibus.
511 728 618 755 Facient
635 737 719 755 nteant
746 737 798 755 non
812 731 895 756 averti
910 732 943 759 ub

152 775 350 809 increpantibus
363 780 385 800 et
400 775 630 809 conspuentibus’.
648 774 687 800 Ad
704 782 784 807 quem
805 779 832 801 ct
861 776 943 803 David

146 818 231 851 dicit,
249 820 448 846 incarnationis
460 820 521 853 ejus
532 821 692 855 mysterium
708 822 875 854 signiﬁcatis,
896 830 944 856 per

151 867 224 901 quod
240 871 364 893 nostrum
375 866 489 900 adeptus
500 872 542 893 est
558 875 670 902 regnum
684 878 689 893 ~.
704 869 832 895 Dominus
848 877 944 903 regna-

152 913 197 945 rit,
218 913 337 938 decorem
354 912 449 943 induit,
466 912 551 938 induit
570 912 694 939 Dominus
710 914 902 948 fortitudinem,
919 919 943 941 et

151 958 291 993 prmeiuxit
305 966 341 983 se.
358 957 461 984 Etenim
484 958 598 991 firmavit
614 958 698 985 orbem
717 964 802 992 teme,
833 961 877 995 qui
893 969 943 987 non
961 964 980 991 lt
996 974 1086 1005 Israel.
1104 984 1118 1002 ρ

152 1004 366 1031 commovebitur.
381 1004 483 1030 Parata
496 1006 568 1031 sedes
585 1010 629 1031 tua
652 1013 684 1031 ea:
702 1006 792 1032 tunc“.
817 1008 944 1035 Christus

152 1060 217 1086 ergo
237 1050 416 1085 intelligibilis
429 1051 531 1081 Aaron,
557 1053 735 1086 semetipsum
761 1054 843 1080 etiam
872 1062 945 1080 nunc

153 1107 202 1133 per
219 1098 498 1129 hmdum‘immolans,
516 1099 573 1132 ipse
588 1107 637 1134 per
650 1100 790 1126 hominem
807 1105 947 1134 paratum;

152 1146 209 1172 sive
223 1146 250 1172 in
265 1153 348 1172 manu
366 1146 486 1172 hominis
502 1146 600 1180 parati,
626 1146 650 1172 id
664 1152 716 1177 est,
742 1154 790 1180 per
807 1147 944 1181 propriam

154 1192 305 1223 virtutem,
336 1191 394 1226 ipse
421 1192 494 1218 enim
518 1200 579 1218 cum
609 1191 643 1217 sit
666 1197 693 1218 ct
720 1193 812 1223 homo,
835 1198 945 1227 paratus

153 1243 282 1264 ostensus
295 1243 346 1264 est.
366 1238 398 1264 Et
417 1238 518 1264 emittit
538 1238 644 1264 hircum
658 1238 794 1264 viventem
809 1238 835 1264 in
850 1239 945 1265 solitu-

153 1285 257 1315 dinem.
275 1285 332 1310 sive
359 1284 385 1310 in
409 1289 508 1311 terram
530 1284 643 1314 inviam,
663 1288 690 1310 et
718 1284 855 1310 desertam
873 1284 943 1311 viam

154 1338 232 1357 suam
248 1335 277 1357 et
289 1330 482 1362 immortalem,
503 1336 530 1356 ct
546 1329 742 1364 impassibtlem
758 1330 943 1364 divinitatem,

154 1378 187 1404 ad
206 1377 279 1404 invia
298 1377 378 1403 nobis
406 1378 475 1408 loca,
493 1381 520 1403 ct
541 1377 575 1403 ab
601 1377 675 1403 OIIIIII
704 1377 805 1404 malitia
823 1377 942 1408 deserta,

153 1422 305 1449 secundum
335 1423 406 1457 quod
421 1422 540 1450 Joannes
565 1423 627 1449 ait:
659 1423 749 1449 Vident;
775 1422 850 1448 Jesus
881 1423 943 1457 quia

153 1469 242 1495 contio
255 1468 325 1495 dedit
339 1469 362 1495 ei
374 1468 455 1495 Pater
469 1469 497 1495 in
512 1478 615 1501 manus,
627 1474 650 1495 et
661 1470 722 1504 quin
735 1477 750 1495 tt
765 1468 818 1496 Deo
830 1470 907 1496 exivit
920 1474 944 1495 et

154 1515 189 1541 uti
204 1514 286 1541 Deum
300 1515 371 1540 vadit
379 1515 400 1539 ’.

194 1561 270 1587 Vens.
294 1560 336 1587 5'2.
361 1570 369 1585 ε
387 1559 508 1594 Ιέηήειὴὶι
531 1560 605 1586 enim
624 1561 752 1588 sacerdos
776 1561 821 1594 qui
847 1565 944 1587 unctus

155 1606 246 1637 fuerit,
265 1611 293 1632 ct
306 1606 383 1639 cujus
397 1606 510 1640 expiata:
523 1613 631 1639 namus,
653 1610 683 1632 ut
706 1606 858 1632 sacerdotio
881 1607 944 1632 l'uu—

155 1657 232 1687 gatllr
246 1659 296 1685 pro
312 1655 387 1685 patre
401 1659 459 1678 suo.
476 1660 485 1676 ›
958 1640 979 1667 C

192 1698 267 1730 Sive,
281 1703 309 1724 ut
323 1696 409 1725 LXX:
423 1697 622 1732 Deprecabitur,
631 1697 727 1732 inquit,
737 1700 859 1724 sacerdos
872 1705 944 1732 quie-

156 1751 257 1778 runque
278 1743 392 1774 tinxerit,
420 1748 444 1770 et
473 1744 619 1778 quicunque
639 1749 835 1770 consummatus
867 1746 946 1778 fuerit

157 1798 249 1816 atauus
260 1798 323 1816 suas
333 1797 484 1816 consecrare
495 1789 530 1816 ad
544 1794 647 1823 patrem
660 1797 746 1816 suum.
761 1789 794 1817 lJt
808 1790 945 1816 Christum

153 1837 212 1864 sine
223 1837 314 1871 aliqua
331 1836 468 1863 dubietate
482 1836 647 1866 ostenderet,
665 1837 727 1870 quia
738 1837 811 1863 enim
823 1836 946 1863 Christus

154 1888 246 1918 patres
272 1882 422 1910 secundant
447 1890 569 1913 carnem,
594 1882 749 1908 Iudaeorum
772 1882 944 1908 sacerdotum

153 1929 293 1964 principes
312 1927 440 1960 habebat,
458 1927 504 1954 ﬁlii
522 1928 594 1954 enim
617 1933 644 1954 et
659 1929 707 1963 ipsi
731 1929 876 1962 Abraham,
891 1930 944 1956 sic-

154 1981 221 2002 utet
241 1975 366 2002 Christus
381 1976 438 2002 l'uit.
458 1974 582 2002 Ostendit
598 1976 651 2008 lex,
667 1981 696 2002 ut
713 1977 774 2010 quia
788 1977 944 2004 Judzcorum

154 2022 310 2049 sacerdotes
326 2029 379 2048 non
399 2025 532 2056 poterant,
547 2022 619 2049 sicut
630 2022 668 2049 ait
689 2021 797 2054 Paulus,
810 2023 944 2049 acceden-

155 2075 195 2095 tes
206 2068 342 2103 perfcctos
357 2068 456 2100 facere,
472 2068 639 2102 impossibile
653 2068 724 2095 enim
738 2072 796 2095 erat
815 2069 946 2104 sanguine

154 2119 296 2141 taurorum
317 2119 344 2140 et
368 2114 504 2140 hircorum
525 2114 633 2141 auferre
654 2119 775 2148 peccata,
791 2120 864 2142 recte
887 2115 946 2150 ipse

153 2161 280 2188 Christus
293 2168 319 2187 In
333 2161 514 2187 sacerdotium
530 2165 638 2192 unctus,
655 2165 682 2187 et
703 2168 799 2187 manus
822 2168 869 2195 per
883 2169 946 2188 eru-

154 2215 214 2234 cem
227 2214 434 2238 consummatis,
453 2207 545 2241 expiat
566 2201 625 2234 nos.
642 2208 679 2234 De
694 2216 748 2242 quo
766 2208 792 2235 in
815 2209 868 2235 alio
887 2209 947 2236 loco

155 2259 227 2281 recte
251 2254 291 2281 lex
310 2254 392 2281 dicit:
414 2254 546 2282 Sacerdos
565 2265 645 2291 quem
676 2258 804 2284 unxerint
829 2262 857 2285 et
881 2265 947 2285 con-

994 319 1136 346 ostendere
1170 321 1335 354 eupiens,ut
1360 322 1460 349 dictum
1485 328 1527 350 est
1543 333 1548 350 :
1563 324 1679 353 Christus
1705 327 1785 354 semei

995 365 1098 391 aliIn/us
1123 367 1157 392 ml
1175 367 1317 393 multorum
1335 369 1511 395 exhauriendo
1532 376 1649 404 peccatu,
1669 374 1785 400 acritudo

994 412 1050 437 sine
1062 418 1169 446 percolo
1178 414 1314 447 apparebit
1326 416 1535 449 exspectantibus
1552 418 1613 443 sein
1627 419 1739 446 salutem
1751 423 1782 450 ”.
1806 405 1810 441 ἶ

995 464 1043 490 per
1055 457 1144 489 ﬁdem,
1161 466 1221 484 eum
1237 467 1288 493 qua
1308 460 1352 493 qui
1384 460 1468 494 legem
1485 462 1640 493 meditatur.
1672 472 1783 499 compar
1808 453 1809 456 Ἰ

996 502 1098 529 invenit
1122 503 1184 529 huic
1208 503 1393 538 Evangelium,
1417 506 1586 541 multumque
1609 517 1689 536 verax
1709 513 1782 544 quod

994 547 1127 578 Christus,
1143 549 1168 575 id
1182 554 1223 576 cst
1241 550 1347 581 veritas.
1363 550 1464 578 Iudaeis
1478 552 1583 580 locutus
1598 560 1638 582 est
1654 565 1659 582 :
1677 556 1706 583 Si
1727 566 1783 584 cre-

995 594 1089 620 deretis
1104 596 1199 629 Moysi,
1217 597 1355 624 crederetis
1367 599 1455 634 utique
1468 605 1491 626 et
1511 601 1589 633 mihi;
1611 603 1642 628 de
1658 611 1698 629 me
1713 605 1782 630 enim

996 639 1039 665 ille
1054 640 1158 674 scripsit
1178 641 1207 668 υ.
1225 641 1294 674 Quid
1324 648 1426 676 autem,
1441 650 1487 672 aut
1518 646 1573 678 ubi,
1590 655 1643 673 non
1669 649 1781 681 addidit,

995 686 1056 720 quia
1069 695 1239 722 quocunque
1255 691 1375 724 mystica.
1390 699 1559 726 qua-cunque
1572 694 1635 725 alta,
1652 702 1782 729 quaecun-

995 740 1048 766 que
1064 733 1154 760 tlivina
1170 739 1243 766 sunt,
1263 735 1320 762 ha'c
1333 736 1365 762 de
1382 737 1488 764 Christo
1504 746 1518 765 a
1529 737 1618 772 Moyse
1632 739 1657 766 in
1677 740 1783 772 umbra,

995 784 1022 804 ct
1039 778 1133 812 ﬁgura,
1147 783 1174 805 et
1191 780 1355 815 imaginibus
1368 782 1538 810 dicebantur.

1284 839 1398 868 CAPUT
1412 841 1493 869 XVII.

1031 882 1110 910 Vens.
1126 885 1182 910 4-7.
1205 895 1213 910 ι
1228 885 1259 912 Et
1278 886 1384 914 locutus
1406 893 1447 915 est
1463 888 1595 917 Dominus
1620 892 1653 918 ad
1675 892 1782 929 Moysen

995 927 1106 956 dicens:
1125 929 1246 965 Loquere
1258 932 1346 958 Aaron
1366 938 1393 960 et
1404 934 1464 960 ﬁliis
1474 935 1542 969 ejus,
1555 940 1582 962 et
1605 927 1784 966 eunetis‘ﬁliis

1123 979 1131 1001 t
1149 976 1223 1003 dices
1239 978 1271 1004 ad
1285 986 1332 1004 eos
1345 987 1350 1005 :
1365 979 1414 1006 Iste
1429 984 1469 1006 est
1485 989 1574 1007 sermo
1594 991 1674 1017 quem
1707 992 1783 1012 man—

996 1020 1070 1046 darit
1094 1021 1223 1048 Dominus
1250 1023 1344 1050 dicetis
1365 1031 1370 1049 :
1393 1024 1477 1051 llotno
1503 1026 1614 1060 quilibet
1641 1029 1674 1054 de
1703 1029 1784 1055 domo

997 1063 1088 1094 Israel.
1099 1066 1119 1092 si
1132 1067 1260 1093 occiderit
1269 1068 1376 1098 bovem.
1388 1069 1443 1096 sive
1454 1078 1574 1105 capram,
1588 1073 1613 1099 in
1626 1075 1732 1108 castris,
1741 1076 1783 1102 vel

996 1115 1071 1137 extra
1084 1117 1181 1142 castra,
1194 1114 1219 1138 et
1238 1121 1291 1140 non
1310 1115 1438 1142 obtulerit
1452 1117 1486 1143 ad
1503 1118 1602 1144 ostium
1616 1120 1782 1149 tabernaculi

996 1157 1159 1185 oblationem
1182 1159 1305 1191 Domino,
1338 1163 1476 1196 sanguinis
1500 1172 1562 1191 rcus
1582 1165 1649 1199 erit;
1667 1168 1744 1201 quasi
1761 1169 1782 1195 si

996 1203 1155 1238 sanguinem
1173 1205 1281 1237 fuderit,
1298 1208 1337 1234 sic
1356 1208 1453 1242 peribit
1468 1209 1501 1235 de
1514 1210 1603 1237 medio
1618 1213 1708 1246 populi
1728 1215 1781 1240 sui.

998 1249 1059 1274 ideo
1089 1250 1187 1277 oﬁ‘crrc
1217 1252 1316 1279 tlebent
1339 1254 1469 1280 sacerdoti
1501 1254 1547 1281 ﬁlii
1570 1255 1651 1284 Israel
1681 1258 1783 1288 hostias

996 1302 1059 1321 suas
1071 1304 1136 1329 quas
1152 1298 1277 1325 occidunt
1300 1299 1326 1326 in
1353 1309 1427 1335 agro,
1443 1307 1470 1329 ut
1496 1303 1701 1331 sanctiﬁcentur
1729 1307 1784 1332 lio-

996 1340 1072 1366 mino
1087 1346 1149 1367 ante
1167 1343 1267 1369 ostium.
1283 1345 1448 1373 tabernaculi
1468 1348 1627 1382 testimonii,
1646 1354 1673 1377 et
1685 1352 1782 1378 immo-

996 1384 1051 1410 lent
1067 1394 1112 1412 eas
1125 1385 1227 1413 bestias
1242 1389 1367 1421 pacilit'as
1379 1392 1505 1419 Domum.
1521 1393 1680 1428 Fundetque
1694 1404 1783 1422 sacci"

996 1430 1044 1457 dos
1059 1432 1218 1466 sanguinem
1235 1434 1286 1460 sub
1305 1435 1388 1462 altare
1403 1435 1519 1469 Domini,
1534 1443 1560 1465 et
1573 1439 1605 1466 ad
1622 1440 1719 1466 ostium
1743 1445 1783 1467 ta-

996 1476 1133 1504 bernaculi
1151 1479 1310 1512 testimonii,
1328 1482 1483 1510 etadolcbit
1501 1485 1607 1518 adipem
1628 1485 1654 1511 in
1671 1486 1782 1513 odorem

996 1522 1136 1549 suavitatis
1149 1523 1271 1550 Domino.
1289 1526 1319 1552 Et
1332 1533 1500 1562 nequaquam
1519 1529 1587 1555 ultra
1604 1530 1785 1558 immolabant

996 1567 1096 1595 hostias
1111 1577 1173 1596 stus
1187 1570 1365 1604 tia-monibus,
1379 1581 1440 1599 cum
1451 1574 1550 1608 quibus
1568 1575 1783 1604 fornicati-sunt.

997 1612 1158 1648 Legitimum
1186 1616 1382 1650 sempiternum
1410 1619 1462 1645 crit
1484 1620 1546 1652 illis,
1565 1625 1592 1646 et
1607 1621 1723 1654 posteris
1739 1630 1785 1648 co-

998 1666 1068 1685 l‘lllll.
1092 1668 1100 1683 I

1030 1705 1098 1736 Quia
1120 1713 1214 1739 parum
1231 1706 1375 1742 legislatori
1392 1708 1425 1736 de
1444 1709 1537 1744 ﬁguris
1554 1712 1715 1745 pertinebat.
1739 1714 1785 1741 scd

995 1752 1103 1785 etquod
1119 1752 1152 1778 de
1167 1752 1208 1779 eis
1224 1753 1360 1788 cogitabat
1389 1756 1474 1790 magis
1491 1763 1601 1792 propter
1628 1761 1786 1794 praeﬁgura—

997 1800 1049 1822 tam
1067 1797 1093 1823 in
1114 1797 1154 1824 eis
1171 1799 1323 1831 veritatem.
1345 1808 1396 1834 qua
1418 1806 1511 1836 postea
1537 1805 1705 1837 temporibus
1731 1807 1787 1832 suis

995 1842 1150 1876 dispensata
1170 1844 1228 1871 illas
1239 1853 1347 1873 cessare
1366 1846 1431 1876 \‘ult.
1444 1853 1536 1882 aperte
1553 1857 1671 1883 praesens
1683 1852 1786 1877 sanctio

995 1887 1244 1925 demonstrat,qu
1271 1899 1324 1918 non
1356 1893 1513 1927 simpliciter
1540 1895 1572 1920 ad
1603 1895 1721 1930 Moysen,
1740 1898 1786 1924 scd

996 1935 1028 1961 ad
1040 1936 1127 1962 Aaron
1142 1941 1169 1963 ct
1184 1937 1252 1964 ﬁlios
1267 1938 1336 1972 ejus.
1350 1943 1377 1965 et
1394 1940 1426 1965 ad
1440 1947 1535 1966 omnes
1550 1940 1616 1968 ﬁlios
1629 1941 1707 1969 Israel
1718 1951 1786 1977 pra»

996 1981 1067 2015 cepit
1075 1989 1081 2007 :
1089 1982 1135 2009 sed
1143 1987 1234 2017 aperte
1247 1984 1498 2019 maniieslans,quia
1508 1987 1562 2013 ha'e
1571 1988 1634 2022 legis
1642 1991 1786 2024 prmccptio

996 2034 1050 2053 non
1062 2036 1254 2063 magnummon
1263 2030 1678 2067 perfectiorcmquempiammon
1690 2035 1786 2069 imper-

997 2071 1097 2099 icctum
1116 2072 1239 2107 ignorare
1250 2074 1315 2104 vult,
1333 2075 1404 2108 quod
1417 2075 1525 2109 expedit
1538 2076 1577 2102 eis
1594 2077 1673 2108 scire,
1694 2078 1719 2104 id
1734 2083 1786 2110 est,

997 2119 1058 2153 quia
1069 2119 1223 2154 temporalis
1232 2124 1272 2146 est
1282 2120 1375 2148 IIIlt‘I'iI)
1385 2122 1470 2153 lex,ut
1483 2128 1605 2157 tempore
1613 2124 1786 2158 expleto,non

994 2165 1127 2199 jameirca
1138 2165 1220 2200 ipsam
1233 2166 1329 2193 frustra
1343 2173 1369 2194 ct
1380 2176 1545 2202 superi-aeuo
1556 2170 1736 2205 nosmetipsos
1747 2179 1790 2196 oe-

998 2219 1138 2246 cupemus.
1153 2212 1219 2245 Quis
1227 2218 1316 2240 autent
1330 2219 1371 2241 est
1382 2220 1533 2249 temporum
1544 2216 1605 2243 ﬁnis
1614 2217 1788 2244 ?0mnimoda

999 2257 1049 2284 Ioei
1066 2258 1150 2292 ipsius
1164 2259 1290 2292 perditio,
1306 2260 1332 2286 in
1345 2268 1398 2294 quo
1416 2261 1547 2288 sacriﬁcia
1568 2261 1661 2289 oﬂ'crri
1687 2271 1789 2297 praece-

155 2301 354 2329 summaveriut
371 2309 477 2335 manus,
500 2302 682 2330 sacerdotium
704 2303 859 2332 ministrare
884 2309 946 2340 post
965 2311 986 2338 ο
1000 2304 1049 2338 pit,
1064 2304 1256 2331 comminando
1277 2306 1448 2340 pra-.cipiens,
1463 2315 1524 2333 eum
1540 2307 1585 2342 qui
1604 2308 1673 2334 intra
1691 2313 1788 2340 castra,

155 2352 260 2382 patrem
279 2355 369 2375 suum.
391 2349 509 2376 Primum
529 2351 601 2377 enim
619 2353 692 2379 hunc
712 2357 787 2386 pater
801 2352 887 2383 unxit,
904 2359 947 2378 se-

156 2395 277 2421 cundum
294 2396 366 2429 quod
380 2397 417 2423 ait
446 2397 528 2424 David
547 2406 552 2423 :
566 2397 709 2432 Propterea
738 2399 813 2424 tumrit
829 2403 853 2424 te
866 2398 945 2430 Deus,

157 2441 225 2467 Deus
237 2446 298 2468 tuus
311 2442 342 2470 ¹⁰.
355 2442 437 2470 Unxit
464 2448 555 2470 autem
581 2444 694 2471 dicens:
715 2446 751 2470 'I'u
771 2453 797 2470 es
819 2444 947 2471 Sacerdos

155 2488 183 2514 in
197 2489 612 2521 (sternunt,sccunduntordinem
622 2490 805 2517 Melchisedech
821 2492 852 2516 “.
869 2491 947 2518 Post-

155 2542 187 2561 ea
205 2535 241 2561 ab
264 2535 421 2562 hominibus
454 2536 499 2570 qui
527 2536 748 2564 ministravcrunt
781 2537 898 2571 passioni
920 2543 947 2564 ct

156 2581 290 2609 sacriﬁcio
313 2586 412 2608 “nctus
433 2587 493 2609 cst:
515 2582 603 2610 crucis
629 2583 701 2609 enim
723 2583 898 2615 sacriﬁcium,
920 2588 947 2610 ct

156 2634 267 2662 agnum,
299 2632 327 2654 et
355 2629 534 2658 sacerdotem,
563 2633 590 2656 et
622 2629 794 2655 liberatorem
821 2633 945 2656 nostrum

156 2674 283 2701 ostendit.
302 2673 414 2709 Propter
428 2674 499 2709 quod
518 2675 550 2701 ad
570 2675 629 2709 ejus
653 2676 803 2710 planiorem
832 2677 947 2703 demon—

157 2721 334 2752 strationem,
371 2726 398 2748 et
425 2721 594 2748 subtiliorem
625 2722 715 2757 ﬁgura:
747 2722 946 2749 manifestatio-

157 2772 236 2792 nem:

192 2809 272 2838 Vens.
287 2811 334 2838 5t.
357 2821 367 2837 ‹
387 2811 487 2846 Semel,
503 2811 609 2847 inquit,
626 2812 652 2838 in
669 2821 740 2839 anno
753 2813 831 2840 faciet
853 2813 916 2840 hoc.
938 2822 946 2838 ι

196 2901 206 2935 ξ
221 2901 301 2929 Prov.
320 2911 391 2933 xxvx,
404 2903 430 2931 9.
487 2903 496 2918 ⁷
512 2903 572 2930 lsai.
594 2912 618 2933 ι..
638 2904 664 2935 ἴς,
676 2903 701 2930 6.

159 2935 181 2952 ¹¹
195 2934 277 2964 Hebr.
293 2945 330 2971 lx,
343 2938 387 2964 28.
428 2938 449 2953 ³³
468 2938 546 2966 Joan.
564 2947 589 2970 γ,
606 2939 649 2966 46.

337 2985 460 3015 Parnm.
493 2988 549 3016 Gn.
574 2986 676 3016 XClll.

759 2904 769 2918 ⁸
780 2902 851 2930 Psal.
869 2909 936 2935 XCII,
948 2903 972 2929 Ι.

1001 2353 1058 2379 sive
1075 2351 1150 2382 foris,
1164 2357 1238 2379 extra
1255 2357 1343 2379 tamen
1365 2354 1570 2380 tabernaculum
1585 2355 1731 2381 testimonii
1747 2362 1790 2380 sa-

999 2400 1132 2428 criﬁcium
1150 2400 1195 2427 Dei
1210 2401 1308 2435 eXplel,
1328 2399 1438 2426 interire
1455 2400 1488 2426 de
1503 2399 1613 2435 populo.
1636 2400 1790 2434 thuaudo

1001 2445 1204 2472 tabernaculum
1223 2444 1379 2476 testimonii,
1397 2448 1423 2470 et
1441 2443 1570 2477 templum
1585 2442 1657 2477 quod
1673 2444 1705 2469 ad
1731 2443 1790 2476 ejus

1000 2490 1142 2525 imaginem
1159 2489 1258 2516 factum
1274 2494 1325 2520 est,
1340 2489 1517 2523 disperditum
1535 2489 1626 2520 fuerit,
1644 2496 1791 2523 cognosca-

1001 2542 1044 2563 tur
1058 2537 1120 2570 quia
1136 2536 1215 2562 ﬁnem
1234 2535 1335 2562 habent
1352 2537 1440 2561 oumia
1456 2543 1516 2569 quae
1533 2535 1567 2561 ibi
1587 2534 1643 2561 ﬁeri
1659 2534 1701 2561 lcx
1725 2542 1791 2568 pne-

1000 2583 1089 2617 cepit;
1104 2583 1184 2609 etiam
1201 2582 1244 2609 illa
1263 2582 1318 2609 Deo
1335 2589 1387 2608 non
1402 2581 1518 2616 placent,
1535 2589 1624 2616 neque
1639 2581 1711 2608 enim
1724 2581 1790 2607 alias

999 2628 1208 2664 disperdidisset
1234 2628 1321 2654 locum
1341 2627 1366 2653 in
1389 2635 1443 2661 quo
1457 2627 1548 2661 peragi
1572 2626 1729 2653 omnimodo
1747 2634 1788 2652 se—

1000 2675 1118 2702 cundum
1147 2674 1231 2709 legem
1253 2673 1401 2700 debuisset.
1419 2673 1497 2706 Quod
1522 2673 1601 2699 etiam
1627 2672 1710 2704 diees,
1727 2679 1790 2698 cum

1001 2721 1137 2754 sicjustas
1154 2720 1285 2750 actiones,
1301 2720 1325 2746 id
1349 2723 1390 2746 est
1405 2726 1458 2745 non
1482 2718 1616 2749 occidere.
1631 2726 1684 2744 non
1713 2717 1790 2743 adul-

1005 2767 1097 2799 terari,
1113 2774 1166 2793 non
1186 2766 1280 2798 furari,
1298 2773 1352 2793 non
1375 2765 1472 2792 falsum
1485 2765 1670 2791 testimonium
1689 2763 1791 2792 dicere.

1004 2817 1107 2848 patrem
1138 2817 1164 2840 et
1189 2817 1301 2839 matrem
1331 2813 1474 2843 honorare,
1501 2811 1612 2846 diligere
1643 2809 1792 2844 proximos,

1023 2902 1032 2918 °
1050 2901 1128 2929 Joan.
1145 2903 1243 2934 “11,5.
1304 2901 1324 2918 '°
1343 2900 1413 2929 Psal.
1428 2907 1498 2933 xuv,
1511 2900 1537 2928 8.
1595 2899 1614 2914 "
1633 2898 1677 2925 Ps.
1695 2904 1749 2929 Ctx,
1766 2897 1796 2924 6.

1579 2977 1616 3009 32
