2052 3146
235 205 300 237 1003

825 203 1004 234 HESYCHII
1031 201 1268 231 PRESBYTERI

1797 197 1867 231 1064

230 271 322 290 servos
337 263 435 290 liberos
446 263 544 296 facere,
557 262 681 297 jejunare
693 261 861 296 frequenter,
876 261 916 288 vel
928 268 1016 291 orare,
1034 265 1054 291 Α
1070 262 1097 285 et
1122 258 1201 285 docet
1216 259 1295 292 quale
1316 262 1357 285 est
1368 257 1558 285 fornicationis
1575 261 1729 292 peceatum,
1747 262 1771 283 ιιι
1805 256 1864 283 ido-

231 318 284 337 non
301 309 581 340 eireumscribitloco,
596 309 659 343 quia
675 315 781 343 semper
802 312 865 334 sunt
887 306 974 338 utilia,
993 311 1020 332 ct

230 362 290 381 cum
308 354 462 390 evangeliea
486 355 693 382 conversatione
707 353 873 381 communia.
889 351 950 380 [Iace
973 359 1020 378 au—

231 406 355 435 telltqute
369 401 521 428 secundum
536 401 683 435 semetipsa
706 404 770 427 sunt
797 398 944 434 superﬂua,
972 397 1018 424 scd

227 454 318 475 causa!
342 447 483 482 cujusdam
511 451 576 474 sunt
605 446 738 481 exquisita
760 446 857 480 gratia,
881 443 1021 471 concludit

227 492 296 525 loco,
315 498 345 520 ut
370 498 534 528 cognoscam
549 492 610 527 quia
640 491 798 527 temporalia
820 494 883 518 sunt
903 499 908 516 :
929 489 1018 516 omnia

227 537 300 565 enim
324 546 385 572 qum.
412 538 471 565 loco
494 538 627 569 serviunt,
651 537 756 564 servire
782 536 864 564 etiam
894 535 1019 562 ordinata

227 589 292 611 sunt
306 583 431 618 tempori.
451 583 583 618 Deputata
601 587 666 610 sunt
690 582 771 618 igitur
794 583 854 609 loco
876 580 1018 613 sacriﬁcia,

226 628 435 655 cmundationcs
463 632 645 660 mortuorum,
661 631 689 654 et
715 627 826 654 seminis
846 625 948 653 fluxum
972 633 1021 660 pa-

227 673 366 705 tientium,
384 677 411 700 et
431 673 612 707 leprosoruut,
635 676 662 699 et
687 676 917 699 menstruatarnm
935 680 941 697 ε
958 670 1020 705 quia

226 723 253 744 et
283 718 341 745 haec
360 725 409 752 per
434 717 566 745 sacriﬁcia
589 717 717 745 eﬂectum
752 717 876 744 habent:
897 716 1022 743 similiter

224 771 330 800 azyma,
345 769 372 791 et
385 764 529 799 ﬁguratum
539 764 650 799 pascha,
665 763 838 798 scenopegia,
851 766 1019 797 pentecoste,

226 817 332 837 necnon
363 810 525 841 neomeniaz,
553 814 581 836 et
605 809 717 836 sabbata
740 817 748 836 :
776 809 918 843 oportebat
948 809 1020 835 enim

225 857 299 883 omni
322 857 402 884 modo
424 856 556 883 sacriﬁcia
574 856 599 882 in
623 855 682 883 istis
708 855 810 882 offerri.
832 855 900 887 Quia
927 859 1019 882 autem

226 902 284 928 haec
296 901 486 936 mysteriorum
500 901 614 928 Domino
630 901 831 936 implcudorum
857 901 955 936 ﬁguras
972 902 1020 928 ha-

1071 303 1158 330 lorum
1178 304 1263 334 cultu,
1278 303 1496 336 fornicationem,
1513 307 1540 330 et
1558 303 1590 330 ad
1605 303 1743 330 danuones
1767 303 1864 330 confu-

1071 347 1155 383 gium,
1177 348 1387 375 fornicationem
1399 349 1586 375 nominaretur
1600 356 1606 374 :

1107 392 1187 420 Vens.
1200 393 1226 425 8,
1240 394 1266 420 9.
1287 403 1295 418 ι
1309 393 1342 420 Et
1355 393 1429 421 dices
1454 394 1487 421 ad
1517 394 1609 429 ipsos:
1631 393 1717 420 IIonto
1736 395 1769 422 de
1802 394 1866 421 ﬁliis

1071 436 1164 470 Israel,
1177 434 1253 464 et'de
1268 438 1380 466 advenis
1407 439 1452 473 qui
1465 439 1675 477 peregrinantur
1703 441 1774 473 apud
1805 448 1865 470 vos,

1070 482 1116 517 qui
1144 482 1274 511 obtulerit
1303 484 1504 517 holocaustum,
1536 485 1593 512 sive
1619 486 1766 519 victimam,
1781 491 1808 513 et
1832 488 1866 513 ad

1071 529 1171 556 ostium
1188 529 1355 557 tabernaculi
1382 530 1528 557 testimonii
1549 539 1603 558 non
1628 531 1772 560 adduxerit
1794 540 1865 564 eam,

1073 579 1101 601 ιιι
1121 574 1253 602 oﬁeratur
1269 576 1394 610 Domino,
1416 577 1537 604 interibit
1551 578 1584 604 de
1599 578 1699 612 popqu
1709 586 1770 605 suo.
1788 589 1798 605 ι

1108 621 1141 648 Ει.
1172 621 1195 648 si
1221 621 1317 648 eadem
1331 622 1424 649 dicere
1453 622 1588 657 Iegislator
1613 623 1730 656 videtur,
1761 633 1868 651 verum-

1072 671 1163 694 tamen
1177 667 1320 702 populum,
1355 668 1399 695 cui
1415 668 1450 695 ab
1470 676 1503 696 eo
1528 669 1568 696 lex
1581 670 1738 704 imponitur,
1759 675 1868 698 cautum

1073 713 1163 740 reddit
1181 722 1188 739 :
1204 714 1300 741 eadem
1312 716 1413 749 quippe
1434 714 1591 749 frequenter
1614 715 1719 748 dicens,
1747 717 1869 744 ostendit

1073 758 1124 785 hoe
1140 759 1298 786 mandatum
1329 761 1517 787 necessarium
1550 768 1621 792 esse,
1640 762 1775 796 nimisque
1790 762 1866 789 utile.

1075 803 1267 831 Verumtamen
1284 813 1319 832 ne
1343 806 1444 833 frustra
1470 806 1588 840 idipsum
1616 814 1709 833 rursus
1725 806 1800 836 dicit.
1822 808 1869 834 sed

1073 858 1155 884 supra
1166 850 1274 885 quidem
1288 851 1456 878 occidentem
1470 851 1653 884 solummodo,
1668 856 1695 878 ut
1706 852 1816 886 aliquod
1830 851 1869 879 fa-

1073 899 1149 922 ceret
1158 896 1331 929 sacriﬁcium,
1344 904 1400 924 non
1415 901 1504 924 tamen
1523 897 1596 924 omni
1619 897 1699 924 modo
1715 903 1742 925 et
1764 898 1867 933 reliqua

226 947 345 980 hebant,
371 947 398 974 in
430 947 619 982 superioribus
642 947 809 974 sufﬁcienter
838 947 1020 974 ostendimus.
1039 940 1200 973 Bsacriﬁcii
1214 941 1371 974 facientem.
1387 950 1475 977 poenae
1501 943 1635 977 subjecit;
1655 943 1692 970 ait
1707 943 1779 970 enim
1796 944 1868 976 :Qm‘

225 993 356 1021 Parvulas
368 1001 434 1029 ergo
449 1001 510 1021 cum
529 998 602 1021 esset
627 994 757 1029 populus,
771 993 816 1027 qui
832 993 919 1028 legem
945 993 1021 1020 acci-

225 1037 332 1072 piebat,
348 1042 375 1065 et
390 1038 423 1065 ad
440 1046 471 1065 ea
486 1046 547 1073 quae
560 1043 624 1065 sunt
649 1038 806 1073 imperfecta
826 1038 944 1070 inhians,
959 1039 1022 1073 quia

224 1084 407 1111 adhmsiturus
419 1089 478 1112 erat
494 1084 608 1115 umbris.
625 1089 653 1111 et
665 1091 858 1119 compassurus
876 1083 953 1116 locis,
967 1084 1022 1111 sic-

226 1134 256 1157 ut
285 1131 414 1165 parvulus
437 1130 464 1157 in
481 1130 643 1165 quibusdam
664 1130 730 1157 locis
759 1130 921 1161 delectatur,
943 1130 1021 1157 inve-

223 1178 265 1204 nit
277 1177 386 1204 modum
403 1177 548 1212 Iegislator,
563 1184 610 1212 per
626 1184 706 1211 quem
727 1184 760 1202 ex
773 1176 936 1203 necessitate
960 1176 1020 1203 illos

224 1228 387 1250 I‘emovcata
402 1223 505 1258 ﬁguris,
531 1223 640 1257 quando
658 1226 780 1256 tempore
811 1222 905 1249 harum
930 1229 1019 1249 reces-

223 1268 309 1295 sionis
324 1268 417 1299 fuerit,
435 1268 495 1294 loco
512 1267 731 1295 circumcludens
757 1274 804 1293 cas
819 1275 879 1301 qua:
909 1267 1019 1294 destru-

223 1319 315 1341 cturus
341 1317 410 1346 erat,
439 1318 466 1340 et
485 1313 646 1347 przeeipiens
669 1317 747 1340 extra
767 1312 857 1339 locum
884 1312 956 1339 hunc
981 1312 1020 1339 nil

223 1367 317 1386 eorum
332 1366 393 1394 quze
408 1359 479 1386 dicta
495 1363 570 1390 sunt,
595 1358 664 1391 ﬁeri,
681 1359 728 1386 sed
742 1367 804 1386 eum
820 1359 866 1394 qui
892 1363 1018 1391 tentaret,

224 1411 285 1432 esse
299 1405 371 1432 sicut
382 1404 542 1439 sanguinem
567 1403 764 1431 eﬁ‘undentem.
778 1403 848 1439 Ergo
862 1403 1019 1438 quicunque

223 1455 252 1478 et
267 1458 341 1477 nunc
364 1450 463 1486 ﬁguras
481 1458 611 1485 peragere
643 1450 774 1477 destrueti
795 1455 929 1476 conantur
955 1450 1017 1481 loci,

224 1496 385 1531 sanguinem
402 1494 559 1528 effundunt,
576 1494 601 1522 id
616 1499 657 1522 est
677 1502 852 1522 communem
870 1488 1018 1522 conversa-

225 1540 326 1568 tionem
344 1539 478 1575 poIqunt,
500 1539 526 1566 in
543 1547 688 1566 commune
704 1544 828 1574 peccant,
847 1539 918 1566 sicut
932 1543 959 1566 et
991 1540 1017 1566 hi

223 1587 269 1622 qui
303 1586 462 1620 sanguinem
493 1585 621 1616 fundunt,
652 1585 830 1619 similiterque
858 1585 1017 1620 sanguinem

225 1634 285 1668 ejus
296 1632 342 1667 qui
365 1632 400 1659 ab
415 1632 454 1658 eis
470 1632 496 1658 in
512 1638 632 1658 errorem
645 1631 769 1663 mittitur,
779 1630 915 1658 fundunt:
931 1631 1022 1665 perdi-

224 1679 306 1707 tionis
322 1679 395 1705 enim
411 1679 436 1704 ei
460 1684 542 1704 causa
558 1676 722 1713 cﬁiciuntur.
740 1676 808 1708 Quia
824 1680 914 1703 autem
935 1677 1019 1712 possi-

224 1724 280 1751 bile
294 1723 344 1750 fuit
356 1723 415 1749 illos
431 1723 610 1756 interrogare,
629 1723 676 1747 aut
691 1721 819 1755 cogitare,
831 1726 858 1747 et
875 1721 954 1755 cujus
983 1721 1021 1748 rei

225 1770 310 1805 gratia
327 1769 386 1796 haec
400 1768 503 1795 Sancita
517 1772 591 1800 sunt,
607 1767 628 1794 si
641 1767 736 1794 lor-alia
753 1773 816 1794 sunt
830 1787 837 1800 ,
853 1767 887 1794 ad
915 1773 1022 1802 tempus

224 1815 351 1847 dicimus,
366 1814 427 1850 quia
443 1821 554 1841 causam
566 1813 713 1849 ﬁgurarum
736 1821 901 1848 cognoscere
928 1819 1022 1848 aperte

225 1870 279 1890 non
312 1866 447 1898 poterant,
473 1868 562 1895 neque
588 1860 736 1895 cupiebant
765 1860 883 1887 revelate
903 1860 1020 1893 discere,

224 1908 287 1945 quia
302 1908 416 1935 aliorum
434 1907 568 1934 haberent
591 1906 722 1941 imagines
741 1913 772 1932 ea
786 1914 846 1941 qua:
860 1906 1020 1934 Sancieban-

226 1959 280 1984 tur,
297 1954 479 1990 Quamobrem
492 1961 601 1980 causam
621 1953 674 1979 lllIS
689 1952 770 1979 aliam
787 1953 920 1980 veriorem
934 1953 1021 1987 ipsam

225 2001 365 2036 legislator
382 2000 504 2036 scripsit,
522 2007 603 2034 quam
620 1999 693 2026 hanc
709 2008 715 2025 :

262 2047 296 2074 lit
311 2055 478 2082 nequaquam
494 2046 564 2073 ultra
577 2045 752 2072 immolabant
768 2045 867 2072 hostias
888 2054 950 2072 suas
967 2047 1022 2073 dir-

225 2093 345 2121 uzouibus
357 2102 416 2120 cum
428 2093 522 2129 quibus
534 2093 658 2128 fornicati
672 2097 740 2119 sunt.
754 2092 828 2125 Sive,
841 2097 870 2119 ut
884 2091 951 2118 LXX
966 2101 972 2119 :
989 2093 1021 2119 Et

226 2148 277 2167 non
302 2139 475 2166 immolabunt
492 2139 562 2165 ultra
591 2138 723 2173 sacriﬁcia
755 2146 803 2164 sua
826 2138 1020 2172 supervacuis:

225 2193 287 2214 cum
306 2187 347 2212 eis
363 2185 444 2212 alleo
471 2189 637 2220 praeCeptum
663 2184 850 2212 fuissetzNou
867 2185 948 2220 facies
976 2184 1023 2211 tibi

226 2230 335 2262 idolum,
351 2239 396 2257 uec
407 2238 508 2257 omnem
523 2230 722 2259 similitudinem
738 2238 828 2257 eorum
847 2238 905 2264 qua:
916 2231 943 2257 in
960 2230 1022 2257 caelo

1075 988 1199 1014 occiderit
1216 988 1314 1020 bovem,
1332 993 1378 1014 aut
1396 997 1478 1021 ovem,
1492 989 1546 1016 sive
1569 989 1596 1015 in
1611 990 1715 1022 castris,
1728 990 1769 1016 vel
1794 996 1869 1017 extra

1074 1039 1174 1066 castra,
1188 1040 1212 1061 ct
1230 1043 1281 1061 non
1293 1035 1415 1062 obtulerit
1430 1036 1466 1062 ad
1485 1037 1580 1063 ostium
1603 1037 1769 1063 tabernaculi
1795 1038 1870 1064 oblu-

1074 1081 1170 1107 tionem
1204 1080 1326 1108 Domino.
1350 1081 1388 1108 Ibi
1420 1082 1576 1116 prohibitus
1608 1082 1812 1118 iutclligiturab
1837 1092 1870 1111 eo

1072 1127 1145 1161 quod
1160 1128 1273 1154 tentavit
1296 1137 1301 1154 :
1321 1128 1364 1155 hic
1375 1134 1466 1156 autem
1480 1137 1534 1155 non
1551 1129 1598 1163 ita,
1614 1130 1662 1157 sed
1678 1139 1685 1158 ;
1699 1130 1750 1162 Qui
1766 1131 1870 1158 obtule-

1075 1173 1110 1200 rit
1124 1172 1315 1206 holocaustum,
1330 1175 1383 1201 sive
1393 1175 1539 1208 victimant,
1555 1181 1579 1203 et
1592 1177 1627 1202 ad
1640 1177 1735 1204 ostium
1751 1178 1871 1205 taberna-

1074 1218 1126 1244 culi
1144 1219 1285 1245 testimonii
1297 1227 1348 1246 uon
1359 1221 1499 1247 adduxerit
1515 1229 1584 1254 eam,
1597 1227 1624 1248 ut
1640 1222 1764 1257 offeratur
1779 1223 1870 1250 Domi-

1072 1271 1114 1292 na.
1130 1263 1356 1292 Consummatum
1371 1266 1428 1293 sive
1456 1267 1620 1294 sacriﬁciqu
1644 1269 1796 1302 perfectum
1828 1270 1871 1297 di-

1071 1317 1146 1342 cens,
1159 1310 1185 1337 in
1197 1315 1303 1338 tantum
1319 1316 1355 1338 ut-
1365 1312 1555 1340 holocaustum
1569 1313 1658 1347 ﬁeret,
1678 1315 1805 1342 eamdem
1829 1321 1870 1342 ta-

1071 1363 1134 1383 men
1151 1357 1219 1384 etin
1234 1357 1285 1385 hoc
1309 1365 1418 1392 pceuam
1435 1360 1573 1394 praecepit.
1590 1359 1641 1393 Qui
1662 1361 1736 1388 enim
1763 1361 1870 1389 initium

1071 1401 1137 1430 fecit
1150 1403 1202 1430 hoe
1217 1405 1391 1438 attrectandi,
1412 1410 1440 1433 et
1454 1406 1608 1440 prohibitus
1625 1411 1676 1440 est,
1696 1407 1766 1434 nihil
1778 1408 1871 1436 diﬁ‘ert

1071 1448 1104 1476 ab
1117 1457 1150 1476 eo
1166 1449 1212 1484 qui
1224 1450 1379 1485 complevit.
1397 1451 1450 1478 Sed
1462 1456 1490 1479 et
1506 1452 1648 1487 utriusque
1678 1462 1767 1488 pwna,
1780 1453 1872 1489 perdi-

1072 1495 1110 1523 tio
1126 1496 1159 1523 dc
1171 1497 1272 1531 popqu
1287 1502 1338 1529 est,
1354 1497 1391 1524 ita
1404 1502 1433 1525 ut
1447 1506 1502 1525 non
1516 1499 1604 1532 possit
1619 1500 1690 1527 ultra
1705 1501 1750 1527 hic
1769 1501 1797 1527 in
1821 1509 1870 1535 po-

1074 1542 1138 1577 pqu
1151 1543 1260 1578 degere,
1273 1551 1362 1577 neque
1378 1544 1411 1571 de
1425 1545 1634 1573 circumcisione
1647 1546 1767 1581 gloriari,
1779 1555 1870 1581 neque

1074 1588 1107 1615 de
1118 1596 1218 1624 genere
1232 1588 1370 1616 Abraham
1391 1591 1570 1625 semetipsum
1588 1599 1697 1624 ornare,
1715 1597 1762 1619 aut
1778 1593 1869 1620 Israe«

1073 1634 1119 1661 lita
1146 1635 1210 1666 dici,
1225 1635 1271 1662 sed
1289 1635 1361 1662 inter
1387 1637 1550 1671 praeputium
1564 1637 1697 1665 habentes
1716 1644 1742 1666 et
1769 1640 1869 1666 alieni-

1074 1687 1157 1714 genas
1171 1681 1364 1713 constituatur,
1382 1681 1434 1708 hoc
1451 1687 1493 1710 est
1509 1683 1627 1717 disperdi
1659 1685 1814 1720 quempiam
1836 1686 1870 1712 de

1074 1729 1176 1760 populo
1189 1734 1250 1754 suo.
1273 1726 1344 1761 Ergo
1372 1728 1528 1763 quicunque
1544 1737 1618 1756 nunc
1636 1730 1702 1765 legis
1731 1730 1869 1763 mandata,

1074 1778 1122 1797 seu
1138 1771 1269 1799 terminos
1285 1772 1534 1808 transgrediuntur,
1547 1779 1623 1801 extra
1648 1775 1778 1809 templum
1790 1783 1870 1811 agen-

1074 1819 1115 1842 tes
1137 1824 1308 1852 quzecunque
1335 1819 1476 1846 destructo
1491 1819 1593 1854 templo
1610 1820 1652 1847 lex
1665 1821 1707 1855 agi
1725 1829 1780 1848 non
1801 1821 1869 1853 vult,

1071 1862 1127 1897 jam
1142 1870 1197 1889 non
1213 1869 1278 1891 sunt
1293 1863 1433 1896 lsraclitae,
1449 1873 1500 1892 nec
1531 1866 1690 1894 Iudaeorum
1707 1867 1870 1901 appellatio-

1073 1915 1135 1934 nem
1147 1909 1219 1943 justc
1231 1909 1280 1937 sibi
1297 1915 1438 1944 usurpant.
1455 1910 1507 1938 Sed
1525 1911 1606 1938 etiam
1624 1911 1688 1939 illud
1709 1920 1764 1946 prae
1777 1913 1869 1939 omni—

1074 1954 1124 1981 bus
1136 1955 1224 1982 notari
1237 1960 1353 1990 oportet,
1369 1957 1441 1992 quod
1453 1965 1508 1984 non
1522 1958 1610 1986 solum
1625 1966 1673 1985 eos
1683 1959 1730 1993 qui
1744 1967 1777 1986 ex
1807 1959 1870 1986 ﬁliis

1075 1999 1156 2027 Israel
1171 2005 1245 2033 sunt,
1273 2004 1330 2029 haec
1356 2003 1486 2037 praecepit
1498 2004 1647 2036 custodire,
1664 2005 1711 2031 sed
1728 2012 1788 2031 cum
1803 2005 1870 2039 ipsis

1074 2051 1102 2073 et
1117 2046 1278 2083 proselytas,
1293 2049 1350 2075 sive
1378 2049 1506 2082 advenas,
1523 2049 1569 2084 qui
1599 2050 1811 2085 peregrinantur
1827 2052 1868 2077 in-

1076 2096 1115 2119 ter
1134 2100 1191 2125 eos,
1210 2093 1236 2120 id
1250 2098 1292 2120 est
1305 2094 1430 2129 gentiles,
1448 2094 1475 2121 hi
1491 2096 1565 2122 enim
1583 2104 1638 2123 non
1664 2096 1705 2123 eis
1728 2098 1868 2131 conjuncti

1075 2143 1148 2170 sunt,
1164 2139 1211 2165 sed
1222 2139 1294 2174 apud
1309 2147 1357 2166 eos
1371 2144 1446 2172 sunt,
1463 2140 1526 2175 quia
1542 2141 1614 2176 apud
1627 2149 1675 2170 eos
1699 2149 1804 2175 sumus,
1825 2147 1869 2169 ut—

1075 2188 1138 2218 pote
1149 2184 1237 2220 legem
1252 2193 1358 2221 eorum,
1376 2189 1404 2213 et
1421 2187 1580 2221 prophetas,
1599 2192 1626 2214 et
1649 2188 1811 2222 promissam
1829 2190 1870 2215 eis

1076 2230 1263 2258 luereditatem
1277 2231 1419 2259 trahentes.
1433 2233 1613 2260 Adbrcremus
1629 2238 1720 2260 autem
1744 2241 1799 2260 non
1828 2235 1870 2269 ip-

225 2282 285 2304 smtt
300 2286 416 2309 surstuu,
429 2283 452 2305 et
476 2278 504 2305 in
518 2282 588 2304 terra
613 2277 746 2309 deorsum,
772 2281 796 2303 et
812 2285 972 2312 qumcunque
994 2278 1021 2303 in
1038 2282 1060 2310 ι)
1074 2276 1120 2308 sis,
1135 2277 1183 2304 sed
1206 2278 1278 2305 Deo:
1300 2283 1433 2313 praetcrea
1448 2279 1600 2306 secundum
1618 2279 1701 2312 LXX,
1717 2280 1799 2307 homo
1828 2281 1871 2307 di-

224 2323 301 2358 uquis
314 2323 405 2350 subtus
435 2327 534 2350 terram
552 2322 583 2349 ιθ.
599 2321 719 2349 Vitulum
749 2321 876 2350 fecerunt
898 2323 1023 2349 conflati-

225 2369 277 2396 lcm
297 2374 325 2397 et
344 2369 428 2397 vitulo
456 2369 619 2397 sacriﬁcium
629 2369 798 2400 obtulerunt,
818 2375 900 2395 causa
925 2369 1022 2403 gastri-

225 2415 334 2450 margia:
351 2423 460 2443 sumere
480 2415 614 2443 sacriﬁcia
631 2415 761 2442 volentes.
782 2413 947 2450 Paedagogus
974 2422 1016 2441 eo-

226 2468 286 2487 rum
304 2460 356 2492 lex,
372 2461 405 2488 de
434 2461 473 2488 eis
506 2459 606 2487 offerre
634 2458 766 2487 sacriﬁcia
781 2459 920 2494 praecepit,
938 2464 967 2486 ut
992 2460 1019 2488 in

226 2506 285 2535 hac
311 2507 434 2541 occupati
449 2507 483 2533 ah
496 2507 571 2534 omni
589 2506 748 2534 idololatriae
760 2505 893 2533 sacriﬁcio
921 2510 1021 2534 semct-

226 2551 300 2587 ipsos
318 2551 475 2578 abstineant
488 2560 494 2578 :
513 2556 540 2580 et
552 2551 609 2579 haec
626 2551 725 2582 sancit,
736 2558 796 2584 qua:
811 2549 853 2577 Iex
866 2557 913 2577 eos
925 2550 1020 2585 prohi-

225 2598 294 2625 bens
303 2597 338 2624 ab
353 2597 485 2624 idolorum
502 2596 655 2629 sacriﬁciis,
670 2596 750 2623 simul
765 2595 864 2623 docere
883 2596 963 2622 etiam
990 2595 1022 2622 ﬁ-

199 2639 201 2643 ’
226 2651 307 2679 guras
323 2643 513 2678 mysteriorum
529 2643 682 2672 futurorum
694 2642 857 2677 potuissent.
875 2641 947 2669 Bene
974 2649 1022 2668 au-

227 2696 281 2717 tern
300 2691 402 2717 servire
414 2690 506 2722 idolis,
524 2689 732 2716 fornicationem
752 2688 916 2723 appellavit:
930 2692 1023 2723 aperte

200 2737 203 2767 ἵ
227 2743 278 2763 nos
292 2736 406 2766 docens,
425 2736 487 2770 quia
504 2738 610 2763 nustras
621 2733 726 2761 animas
739 2733 811 2761 Deus
827 2734 878 2761 sibi
895 2734 927 2761 ad
949 2734 1022 2761 saltt-

229 2787 283 2809 tem
297 2782 453 2816 despondit,
472 2787 499 2807 et
517 2780 577 2807 ideo
589 2780 733 2807 fornicatio
746 2780 845 2808 dicitur
858 2782 892 2809 ab
909 2781 954 2808 illo
969 2781 1023 2808 dis-

225 2829 324 2855 cessio.
344 2828 458 2862 Iusuper
470 2831 555 2854 terret
571 2834 619 2853 eos
633 2826 680 2862 qui
703 2826 730 2854 in
743 2834 825 2854 carne
837 2827 1020 2860 fornicamur,

267 2931 288 2948 ί*
308 2931 393 2962 Exod.
409 2939 454 2966 xx,
473 2931 490 2958 4
503 2934 531 2958 et
547 2929 634 2958 chil.
652 2938 723 2963 xxvr,
745 2931 767 2959 I.

1077 2323 1125 2355 xit,
1138 2331 1201 2350 curn
1214 2324 1307 2352 liceret
1325 2325 1486 2360 simpliciter
1508 2326 1598 2352 dicere
1618 2325 1768 2359 hominem,
1781 2327 1871 2361 dupli-

1076 2375 1120 2397 cat
1133 2375 1234 2403 tamen,
1249 2376 1279 2398 ut
1297 2372 1423 2398 ostendat
1447 2376 1500 2399 tam
1520 2379 1582 2399 eum
1599 2372 1644 2406 qui
1676 2372 1703 2399 in
1728 2373 1872 2400 circumci-

1075 2421 1164 2448 sxonc,
1181 2424 1262 2450 quam
1279 2417 1326 2451 qui
1342 2417 1369 2444 in
1387 2417 1521 2452 praeputio
1531 2417 1652 2445 adhaeret
1674 2417 1740 2451 Deo,
1758 2418 1810 2446 hoc
1821 2419 1871 2446 de-

1076 2460 1140 2486 bere
1157 2461 1293 2488 custodire
1308 2462 1478 2490 mandatum.

1113 2505 1193 2533 Vsus.
1215 2506 1307 2534 I0-I2.
1325 2517 1333 2532 ι
1348 2507 1435 2534 Ilomo
1457 2507 1572 2542 quilibet
1593 2508 1627 2535 de
1644 2508 1725 2536 domo
1738 2508 1831 2541 Israel,
1844 2515 1871 2536 et

1074 2552 1108 2579 de
1122 2552 1233 2580 advenis
1249 2553 1296 2588 qui
1315 2554 1526 2590 peregrinantur
1541 2555 1614 2583 inter
1628 2563 1686 2588 eos,
1706 2556 1728 2583 si
1744 2556 1872 2584 comede-

1074 2598 1110 2625 rit
1128 2599 1299 2634 sanguinem,
1313 2600 1464 2627 obﬁrmabo
1480 2600 1576 2628 faciem
1593 2609 1681 2628 meam
1695 2607 1790 2629 contra
1809 2603 1871 2629 ani-

1075 2652 1148 2672 mam
1163 2645 1245 2678 illius,
1257 2649 1285 2672 ct
1302 2645 1457 2681 disperdam
1471 2654 1532 2674 eam
1550 2647 1584 2674 de
1605 2648 1707 2682 popqu
1723 2656 1784 2676 suo.
1801 2648 1870 2681 Quia

1076 2690 1167 2718 anima
1181 2691 1271 2718 carnis
1285 2691 1311 2718 in
1325 2692 1457 2727 sanguine
1474 2696 1527 2725 est,
1545 2697 1572 2720 et
1590 2701 1640 2728 ego
1656 2693 1720 2720 dedi
1735 2693 1811 2720 illum
1826 2702 1859 2720 vo

1076 2737 1128 2769 bis,
1145 2742 1174 2764 ut
1189 2746 1271 2772 super
1283 2738 1367 2765 altare
1379 2738 1405 2765 in
1420 2746 1454 2766 eo
1470 2739 1585 2774 expietis
1597 2747 1646 2774 pro
1666 2740 1813 2767 animabus
1826 2747 1873 2767 vc-

1077 2783 1152 2814 stris,
1168 2788 1194 2809 el
1207 2784 1316 2818 sanguis
1330 2792 1380 2818 pro
1394 2785 1493 2811 anima:
1508 2784 1616 2819 piacqu
1630 2785 1676 2818 sit,
1691 2783 1794 2812 idcirco
1816 2784 1872 2811 dixi

1079 2829 1140 2856 ﬁliis
1155 2829 1236 2857 Israel
1253 2829 1369 2858 :Onmis
1393 2830 1484 2858 anima
1513 2838 1546 2858 ex
1572 2831 1649 2859 vobis
1672 2838 1726 2858 non
1747 2829 1874 2857 comedet
