2052 3146
160 230 225 262 1005

731 226 770 255 IN
791 223 1008 255 LEVlTlCUM.
1029 235 1062 240 ’-
1079 222 1152 251 LIB.
1173 222 1205 252 V.

1727 217 1795 251 1006

159 290 328 325 sanguinem,
347 295 397 316 nec
410 295 442 315 ex
460 287 572 314 advenis
587 286 632 322 qui
650 286 858 321 peregrinantur
878 290 950 313 Mlier
965 292 985 319 Α
1002 281 1048 312 cit,
1063 281 1158 307 Anima
1176 280 1264 307 omnis
1285 280 1375 307 carnis
1390 280 1416 306 in
1432 280 1563 314 sanguine
1587 278 1646 313 ejus
1667 283 1718 309 est,
1736 279 1796 305 md-

157 343 215 363 YOS.
237 343 246 359 ι

193 379 263 407 LXX
275 384 366 406 autent
379 378 424 405 hic
434 378 528 410 edunt,
546 377 629 404 Homo
641 378 727 403 Itonia.
745 377 820 409 Quod
835 385 950 411 quomo-

159 427 192 454 do
207 429 333 461 oporteat
350 424 475 459 intelligi,
492 423 620 458 superius
637 424 766 450 diximus.
786 423 855 458 Ergo
869 431 951 457 opor-

160 477 196 499 tet
211 471 332 498 mandati
351 470 432 506 hujus
448 470 566 496 litteram
580 470 730 501 custodire,
747 473 774 495 et
795 470 951 496 nullatenus

159 517 303 544 comedere
319 516 489 551 sanguinem.
504 515 561 543 lloc
578 517 650 543 enim
667 521 695 543 et
711 516 849 550 apostolos
873 516 950 542 inve-

159 564 217 591 nies
234 562 407 598 praecepisse,
423 562 532 596 quando
547 562 581 589 de
594 562 886 597 quibusdamludaicis
902 562 951 588 ob-

157 609 360 637 servationibus
382 608 558 635 contentione
580 608 607 634 in
630 609 805 635 Antiochensi
831 608 951 635 Ecclesia

159 657 239 686 facta,
255 655 287 682 ad
305 662 352 682 eos
365 654 450 681 relata
469 659 511 681 est
528 654 653 688 quaestio,
671 654 717 690 qui
744 655 830 690 legem
852 663 952 690 posue-

159 706 232 732 runt,
250 701 388 728 solventes
404 700 583 735 quaestionem
599 702 679 734 hanc,
706 706 734 728 ct
760 702 925 730 deﬁnientes
943 712 950 730 ε

161 747 248 773 Visam
264 752 301 773 est
316 755 376 781 ergo
391 745 501 781 Spiritui
516 752 606 774 sancto
625 753 648 774 et
661 749 742 780 nobis,
760 749 826 775 nilul
838 749 952 783 amplius

157 793 292 826 imponere
319 791 388 818 vobis
416 791 510 823 oneris,
528 800 608 826 quam
634 797 662 818 ut
685 793 839 820 abstineatis
861 801 904 820 vos
919 794 952 820 ab

157 838 305 864 immolatis
331 837 546 870 simulacrorum,
566 842 590 864 et
613 838 750 873 sanguine,
768 843 791 864 et
816 839 950 872 suffocato,

155 889 180 910 et
195 883 372 919 fornicatione
383 884 414 910 ιθ.
437 884 585 918 Propterea
598 884 756 919 sanguinem
770 885 878 919 quidem
891 893 953 920 pro-

156 931 216 965 prie
231 930 420 964 homicidium,
433 938 543 958 omnem
564 935 654 958 autem
683 932 853 966 sanguinem,
871 939 952 959 omne

156 976 312 1003 fraternum
322 976 414 1003 odium
428 976 618 1012 intelligamus,
635 977 697 1012 quia
713 978 758 1012 qui
771 978 824 1004 otlil
843 979 953 1012 fratrem
971 967 990 995 Β

156 1029 245 1053 suum,
270 1021 402 1047 homicida
418 1026 455 1047 est
469 1022 500 1053 ιε,
518 1021 588 1048 sicut
614 1021 734 1049 Joannes
746 1023 864 1057 scripsit.
885 1023 953 1050 Dicit

157 1073 223 1100 ergo
249 1074 359 1093 onmem
386 1067 566 1101 sanguinem,
592 1067 755 1102 injustitiam
785 1069 951 1095 dolosorum.

160 1111 250 1138 Virum
282 1113 351 1138 enim
377 1114 536 1147 sanguinum
565 1118 589 1139 et
616 1113 732 1140 dolosam
759 1114 954 1141 abominabitur

156 1157 288 1184 Dominus
314 1158 356 1185 ¹⁷;
385 1162 413 1185 et
435 1166 606 1194 quxccunque
641 1160 826 1194 proximorum
853 1166 955 1188 necent

157 1204 232 1236 vine,
248 1212 298 1239 per
317 1204 429 1232 insidias
443 1205 590 1240 quaslibet,
605 1205 642 1232 ita
658 1210 687 1232 ut
712 1207 860 1234 homicidio
889 1215 954 1234 san-

156 1251 251 1287 guinis
261 1256 463 1286 comparentur.
479 1252 512 1279 lit
530 1257 674 1287 propterea
689 1255 722 1280 ab
732 1254 807 1281 omni
823 1255 955 1289 sanguine

156 1297 293 1324 abstineri
306 1302 424 1332 oportet,
442 1298 560 1326 scientes
576 1299 639 1333 quia
662 1307 745 1334 super
760 1300 879 1327 animam
894 1309 955 1335 qua:

158 1344 242 1370 talem
258 1345 420 1378 sanguinem
433 1345 591 1378 comedunt,
607 1345 640 1373 de
657 1345 757 1380 quibus
773 1346 882 1373 dicebat
903 1347 952 1373 Da-

157 1390 223 1418 vid:
238 1390 288 1422 Qui
300 1393 424 1417 devorant
437 1390 536 1425 plebem
552 1399 639 1418 meam
654 1392 721 1418 sicut
732 1400 818 1418 escam
834 1394 910 1427 panis
921 1394 954 1426 ’⁸,

157 1437 260 1464 faciem
274 1446 349 1464 suam
361 1437 488 1465 obﬁrmat
506 1438 587 1469 Deus,
599 1438 725 1466 videlicet
740 1439 876 1467 Christus.
896 1439 956 1474 Ipse,

158 1489 204 1511 est
219 1484 293 1510 enim
313 1484 402 1518 imago
419 1483 515 1518 patris,
534 1484 596 1518 quia
613 1484 660 1518 qui
682 1483 748 1510 vidit
766 1483 873 1517 Filium,
890 1485 957 1512 vidit

158 1535 189 1557 et
201 1528 320 1556 Patrem.
339 1529 398 1564 Ipse
418 1529 500 1556 etiam
514 1529 597 1564 judex
615 1533 674 1561 est,
690 1534 717 1556 et
736 1530 892 1557 necessarie
923 1530 956 1557 ad

158 1576 385 1603 comminandum
411 1576 454 1603 his
472 1577 516 1611 qui
542 1577 676 1603 malorum
704 1582 769 1604 suat
788 1582 956 1612 operatores,

157 1623 312 1656 disperdam
330 1623 449 1657 ponitur,
466 1623 537 1657 quod
554 1623 724 1650 demonstrat
742 1623 824 1650 David
836 1624 932 1651 dicens
949 1633 955 1651 :
972 1635 993 1663 ε

166 1669 261 1696 Vultus
278 1674 366 1696 autem
382 1670 485 1696 Domini
509 1678 587 1704 super
605 1671 730 1705 facientes
749 1671 832 1702 mala,
850 1676 876 1697 ut
896 1679 955 1706 per-

160 1715 209 1740 dat
227 1714 258 1740 de
271 1718 342 1740 terra
362 1715 516 1741 memoriam
532 1723 622 1741 eorum
638 1716 668 1742 ‘9.
688 1716 738 1742 Hic
754 1717 872 1742 animatn
890 1724 954 1742 san-

160 1761 274 1796 guinem
302 1761 489 1788 comedentem
522 1762 611 1796 perdit
633 1762 667 1789 de
696 1763 798 1797 populo
821 1763 890 1798 ejus,
921 1762 955 1789 de

161 1807 301 1834 communi
316 1807 440 1834 videlicet
451 1807 592 1834 hominum
605 1815 720 1843 genere;
736 1809 806 1836 hanc
819 1809 892 1836 enim
904 1809 957 1835 sic-

161 1858 194 1881 ut
209 1854 453 1881 immiscricordem
469 1858 497 1880 et
521 1854 632 1888 impiam
660 1862 801 1889 separatis,
819 1863 881 1881 cmn
899 1863 956 1881 ma—

162 1899 245 1933 lignis
269 1899 434 1926 condemnat
458 1898 638 1932 dtcmonibus,
652 1904 680 1926 et
704 1900 731 1926 in
760 1900 848 1935 ignem
874 1899 957 1926 mittit

161 1950 308 1978 atcrnum,
321 1947 365 1982 qui
378 1950 490 1981 paratus
502 1950 538 1972 est
553 1946 667 1976 diabolo,
689 1951 712 1972 et
733 1947 832 1981 angelis
848 1947 905 1980 ejus
921 1947 954 1972 ¹⁰.

165 1995 269 2021 Deinde
291 1994 435 2021 insinuans
456 1998 588 2028 quantum
606 2002 656 2021 nos
670 1994 800 2021 debemus
826 1993 955 2028 compati,

163 2045 194 2068 et
210 2040 403 2068 misericordes
423 2047 494 2070 esse,
525 2040 640 2067 invicem
668 2040 821 2074 diligentes,
845 2043 957 2073 propter

164 2093 228 2113 eum
240 2085 285 2120 qui
299 2090 401 2112 tantam
417 2085 544 2119 pietatem
562 2085 588 2111 in
602 2085 680 2111 nobis
691 2084 819 2116 ostendit,
837 2088 867 2111 ut
877 2091 957 2111 suum

165 2130 326 2165 sanguinem
340 2130 466 2156 funderet
478 2130 511 2157 ad
535 2130 757 2164 propitiationem
779 2133 913 2161 nostram,
931 2133 957 2155 et

164 2185 217 2212 pro
229 2177 330 2203 nostris
346 2176 489 2203 animabus
502 2176 590 2208 daret,
606 2177 644 2202 ait
657 2185 662 2202 :
681 2175 749 2208 Quia
761 2176 851 2202 animo
875 2176 959 2202 omnis

166 2223 256 2250 carnis
270 2224 298 2248 in
313 2223 441 2257 sanguine
452 2227 498 2254 est,
513 2227 537 2248 et
554 2230 600 2257 ego
620 2222 681 2248 dedi
690 2222 766 2248 illum
779 2222 859 2254 vobis,
875 2227 901 2249 ut
914 2230 959 2248 su-

166 2277 213 2304 per
225 2269 312 2296 altare
326 2269 353 2295 in
365 2277 394 2296 eo
407 2269 515 2303 expietis
529 2277 576 2302 pro
589 2268 727 2295 animabus
742 2268 832 2294 vestris
847 2269 879 2294 ²¹.
902 2267 958 2303 My-

1003 327 1109 353 latenus
1122 326 1301 353 substantiam
1316 326 1413 353 animae
1428 327 1586 362 sanguinem
1599 326 1816 372 ἱιιιοιιὲδειιιιιιε,ι

1003 373 1050 399 sed
1068 374 1131 407 quia
1149 372 1307 400 societatem
1325 381 1386 399 cum
1399 381 1480 400 carne
1494 381 1542 408 per
1566 374 1725 409 sanguinem
1746 374 1813 415 Ini-5
1833 390 1836 409 ᾖ

1003 419 1058 451 bet,
1078 424 1104 445 et
1120 419 1229 454 quando
1246 419 1297 446 hoc
1315 424 1474 449 cvacnatum
1489 421 1581 453 fuerit,
1598 426 1644 447 aut
1662 421 1795 456 lrignerit.

1004 469 1068 491 tunc
1083 460 1098 492 a
1112 473 1193 492 carne
1209 466 1365 493 dissolvitur
1388 467 1426 494 sic
1438 466 1567 495 Creatore
1596 474 1722 496 naturam
1747 477 1797 495 no-

1004 516 1088 538 stram
1104 512 1277 547 disponente.
1299 513 1366 545 Quia
1393 521 1456 548 ergo
1482 514 1607 542 Christus
1635 517 1795 551 sanguinem

1004 564 1082 583 suurn
1099 557 1131 584 ad
1145 558 1326 592 expiationem
1339 559 1492 586 animarum
1522 566 1678 588 nostrarum
1707 563 1795 593 dedit,

1004 608 1033 630 ut
1048 603 1082 630 ab
1097 604 1171 631 onmi
1186 612 1236 631 nos
1249 605 1406 636 homicidio,
1417 606 1547 641 omnique
1562 607 1612 634 alia
1639 609 1794 644 iniquitate,

1003 657 1063 683 qua:
1076 649 1224 677 homicidio
1234 651 1357 685 proxima
1372 656 1424 684 est,
1450 653 1648 681 abstineamus.
1668 656 1797 683 Commu-

1004 695 1046 721 nis
1059 696 1132 722 cnim
1150 696 1193 722 lex
1211 701 1262 729 est,
1275 702 1301 724 et
1315 702 1409 724 contra
1427 706 1523 726 omnes
1535 701 1701 728 extenditur.

1041 741 1119 769 Vens.
1144 742 1185 774 15,
1205 743 1246 769 Ην.
1267 752 1275 768 t
1295 744 1381 771 llotno
1392 745 1549 780 quicunque
1567 747 1600 773 de
1618 747 1679 774 ﬁliis
1703 747 1795 780 Israel,

1003 793 1030 815 «ιι
1045 789 1078 815 de
1091 789 1204 816 advenis
1217 790 1263 824 qui
1277 791 1487 825 peregrinantur
1501 793 1573 826 apud
1589 802 1646 826 vos,
1666 794 1687 821 si
1715 803 1797 822 vena-

1005 833 1078 860 tione
1103 839 1184 868 atquc
1197 835 1313 869 aucupio
1325 837 1428 870 ceperit
1445 836 1528 863 feram
1544 838 1584 865 vel
1595 847 1685 871 avem,
1699 841 1798 875 quibus

1003 880 1075 906 vesci
1094 880 1196 906 licitqu
1209 885 1260 912 est,
1277 881 1371 908 tundat
1383 883 1542 918 sanguinem
1559 885 1628 919 ejus,
1646 891 1672 912 et
1695 888 1799 921 opvriat

1005 926 1079 952 iiilllll
1099 931 1168 953 terra
1184 935 1190 952 ς
1209 928 1298 954 anima
1315 928 1386 955 enim
1408 930 1497 957 omnis
1511 932 1601 959 carnis
1622 933 1649 960 in
1666 935 1798 969 sanguine

1006 977 1057 999 cst.
1086 973 1162 1000 l'ndc
1192 974 1246 1001 dixi
1275 974 1337 1001 [iliis
1362 975 1461 1002 Israel:
1479 976 1643 1012 Sanguinem
1666 980 1799 1008 universa:

1007 1019 1161 1046 earnisnon
1180 1020 1337 1053 tomrdetis,
1352 1023 1415 1056 quia
1440 1024 1531 1050 anima
1559 1026 1648 1053 carnis
1678 1027 1704 1053 in
1735 1035 1800 1054 san-

1006 1066 1087 1100 guine
1117 1071 1166 1093 est.
1196 1067 1228 1093 Et
1248 1068 1403 1103 quicunque
1425 1069 1499 1096 illum
1526 1072 1692 1105 comederit,
1715 1074 1800 1101 inter-

1009 1111 1068 1138 ibit.
1085 1121 1094 1137 ι

1043 1157 1155 1185 Multum
1174 1167 1246 1186 cunt:
1273 1165 1315 1186 est
1335 1161 1389 1186 Deo
1407 1167 1436 1188 ut
1455 1162 1616 1191 alterutrum
1640 1165 1719 1192 nobis
1748 1166 1800 1192 mi-

1007 1204 1080 1231 nimc
1112 1213 1268 1232 noceamus.
1288 1206 1432 1241 Propterea
1457 1211 1620 1243 percutienti
1651 1213 1799 1245 maxillam,

1007 1250 1077 1281 cedi,
1095 1254 1122 1277 ct
1136 1258 1188 1276 non
1205 1259 1266 1278 cum
1282 1253 1427 1286 cojndicio
1456 1255 1634 1288 contendere,
1662 1257 1801 1285 similiter—

1007 1303 1059 1329 que
1075 1300 1100 1322 ct
1115 1296 1148 1322 de
1162 1303 1194 1324 co
1210 1297 1255 1331 qui
1272 1298 1361 1324 aufert
1377 1299 1456 1325 nobis
1476 1300 1587 1334 pallium
1600 1301 1679 1330 .lcsus
1697 1311 1799 1338 praece-

1008 1342 1068 1376 pit:
1086 1347 1115 1368 ut
1141 1351 1175 1369 ne
1206 1345 1315 1378 quidem
1331 1352 1364 1371 ex
1388 1347 1564 1374 contentione
1589 1349 1622 1375 ad
1647 1350 1800 1377 nocendum

1008 1388 1131 1421 proximo
1158 1397 1348 1423 provoccmur,
1361 1391 1409 1417 sed
1428 1391 1482 1418 imo
1497 1396 1526 1418 ut
1540 1401 1602 1419 cum
1627 1394 1671 1428 qui
1701 1395 1801 1430 injuste

1008 1439 1102 1461 contra
1118 1442 1168 1461 nos
1185 1435 1248 1470 agit,
1269 1444 1316 1470 per
1340 1442 1460 1464 nostram
1494 1440 1651 1473 patiuntiam
1680 1443 1801 1477 corriga-

1010 1488 1080 1507 mus.
1101 1480 1173 1507 l‘iihil
1189 1489 1252 1516 ergo
1277 1483 1404 1517 amplius,
1419 1491 1500 1518 quam
1527 1485 1669 1520 injustitia,
1691 1492 1718 1515 et
1737 1496 1801 1515 ava-

1009 1526 1069 1553 ritia
1082 1548 1088 1558 ,
1110 1532 1136 1553 ct
1157 1527 1292 1554 alternum
1312 1529 1404 1556 odium
1427 1535 1549 1558 coarctat
1567 1533 1650 1559 vitam
1669 1538 1800 1561 nostram.

1009 1571 1048 1598 Ad
1070 1571 1121 1599 hoc
1149 1573 1294 1600 intendens
1312 1574 1459 1610 legislator,
1486 1579 1629 1614 sanguinis
1646 1581 1802 1608 mandatum

1011 1624 1064 1643 non
1080 1617 1179 1645 frustra
1194 1619 1393 1654 rccapitulavit,
1409 1622 1457 1649 sed
1475 1623 1539 1657 quia
1562 1625 1673 1659 quidam
1699 1619 1804 1654 [randi-

1011 1662 1061 1689 bus
1077 1663 1251 1697 quibusdam,
1264 1670 1291 1692 et
1305 1666 1567 1701 machinationibus,
1582 1670 1720 1706 variisque
1734 1673 1804 1700 dolis

1010 1716 1110 1735 nocere
1126 1710 1313 1744 popularibus,
1329 1712 1405 1746 quasi
1429 1713 1586 1749 ignorantes
1613 1717 1712 1750 solent,
1731 1719 1804 1753 peri—

1011 1763 1085 1782 mere
1100 1756 1182 1783 etiarn
1207 1757 1364 1792 ltujusmodi
1396 1761 1537 1788 molimina
1569 1764 1720 1798 perspexit.
1736 1765 1804 1793 Nam

1011 1801 1071 1828 vide
1083 1803 1147 1837 quid
1164 1805 1314 1839 praecipiat.

1045 1849 1075 1876 Si
1089 1851 1226 1877 venatione
1241 1857 1321 1887 atque
1335 1855 1449 1889 aucupio
1461 1856 1557 1889 ceperit
1571 1857 1666 1891 feram,
1677 1858 1717 1884 vel
1731 1866 1806 1893 avem

1011 1893 1104 1927 quibus
1125 1895 1192 1921 vesci
1218 1895 1319 1923 licitum
1340 1902 1388 1928 est.
1414 1899 1508 1934 fundat
1523 1901 1682 1934 sanguinem
1697 1901 1764 1936 ejus,
1781 1907 1806 1928 et

1011 1940 1112 1973 operiat
1127 1939 1202 1966 illum
1220 1945 1301 1968 terra.
1323 1941 1399 1974 Quod
1420 1944 1528 1971 venatio
1551 1946 1669 1972 maxime
1694 1946 1807 1981 injusti—

1013 1983 1088 2014 tiatn,
1105 1983 1268 2018 iniustitiam
1295 1990 1387 2013 autem
1408 1995 1462 2014 non
1497 1990 1656 2022 quamlibet,
1687 1991 1806 2019 sedeam

1011 2036 1071 2063 qua:
1078 2029 1110 2056 ad
1121 2030 1279 2065 sanguinem
1288 2032 1386 2065 tendit,
1395 2033 1531 2068 vitamque
1541 2034 1627 2069 ipsam
1633 2036 1809 2071 quodammo-

1012 2074 1047 2101 do
1060 2083 1108 2109 per
1116 2075 1207 2102 dolum
1218 2077 1395 2113 fraudemque
1410 2079 1543 2114 injustitia
1557 2081 1686 2116 patientis
1694 2089 1807 2116 nocet,a

1013 2121 1103 2149 divina
1124 2121 1266 2158 Scriptura
1274 2124 1359 2159 accipi
1372 2123 1469 2159 soleat,
1483 2127 1544 2155 audi
1557 2127 1640 2156 David
1649 2130 1784 2158 dicentem
1798 2142 1806 2159 ι

1013 2167 1162 2200 Captabttnt
1181 2169 1208 2196 in
1235 2171 1354 2197 animam
1370 2171 1449 2206 justi,
1467 2178 1489 2199 et
1510 2175 1665 2207 sanguinem
1681 2177 1809 2204 inuocati-

1014 2219 1065 2240 tem
1079 2216 1287 2243 condemnabam
1299 2217 1332 2243 ".
1347 2217 1380 2244 Et
1394 2227 1506 2246 rursus:
1526 2218 1622 2248 Anima
1635 2229 1723 2249 nostra
1740 2224 1808 2251 sicut

1013 2270 1107 2295 passer
1142 2267 1232 2298 erepta
1257 2269 1293 2290 est
1317 2265 1349 2291 de
1365 2265 1457 2300 laqueo
1480 2269 1677 2296 venantium”.
1702 2269 1729 2296 Si
1747 2271 1809 2305 quis

167 2315 267 2342 sticum
278 2314 380 2341 Christi
395 2314 555 2349 sanguinem
582 2314 739 2350 signiﬁcans
751 2322 757 2346 ;
771 2313 881 2348 sanguis
897 2321 961 2349 ergo
979 2313 1000 2340 D
1014 2315 1079 2343 (⁸1⁸80
1099 2309 1271 2336 venatione"!
1292 2311 1416 2345 οωυετίῐ-
1434 2312 1460 2339 id
1476 2317 1518 2339 εει
1532 2319 1692 2347 Peccantem
1708 2316 1810 2343 Vidcl‘il

168 2361 257 2396 ipsius
274 2369 323 2396 pro
349 2361 448 2387 animas
461 2361 571 2395 piaculo
583 2362 647 2387 erit.
663 2360 781 2396 Sanguis
814 2369 898 2396 super
921 2361 962 2388 al-

169 2410 228 2432 tare
243 2404 277 2431 ad
292 2404 475 2439 expiationem
491 2405 645 2432 animarum
661 2409 828 2438 nostrarum,
841 2413 890 2440 pro
902 2407 962 2432 atti-

170 2458 214 2478 ma
230 2451 352 2485 expiatis,
368 2451 412 2478 hic
437 2455 478 2478 est
492 2459 573 2485 quem
584 2451 680 2479 ell‘udit
696 2460 745 2486 pro
765 2452 845 2479 nobis
872 2452 962 2479 eruci-

170 2497 253 2525 ﬁxus.
270 2501 298 2524 et
323 2497 519 2531 expiationem,
537 2497 594 2524 sive
617 2497 837 2532 propitiationem
868 2498 962 2532 generi

173 2543 294 2570 humano
309 2542 444 2577 prmstitit,
456 2543 590 2577 primitias
604 2543 732 2576 oﬂ‘erens,
756 2549 869 2578 propter
891 2544 963 2578 quod

173 2592 248 2615 recte
266 2588 334 2614 dicit
350 2598 355 2615 :

211 2634 245 2661 Et
263 2635 370 2669 sanguis
381 2642 428 2668 pro
443 2635 541 2661 animo:
555 2635 660 2668 piacqu
685 2636 730 2662 sit.
763 2635 861 2662 Anima
890 2635 963 2662 enim

175 2681 244 2715 ejus,
263 2681 381 2715 primum
396 2680 505 2715 quidem
520 2689 581 2716 quas
594 2682 628 2708 ab
643 2690 676 2709 eo
705 2682 849 2717 plasmata,
865 2682 964 2710 deinde

175 2726 239 2760 quia
265 2730 366 2753 nostrae
388 2734 447 2753 eam
471 2727 733 2754 consubstantialem
761 2728 871 2759 animae,
903 2736 964 2755 cuin

176 2772 368 2800 incarnaretur
386 2773 510 2811 accepit,
526 2777 556 2799 ut
582 2773 640 2807 ipse
666 2782 715 2808 pro
731 2775 811 2801 nobis
840 2775 967 2801 redderet

176 2826 258 2854 quam
270 2827 322 2846 nos
333 2819 501 2846 debebamus
514 2825 640 2846 mortem.
654 2820 787 2852 Quoniam
805 2825 895 2847 autem
925 2821 967 2847 di-

216 2923 238 2938 "
258 2921 318 2948 Act.
336 2930 378 2951 xv.
401 2922 444 2949 Ξ8.
486 2922 506 2937 ‘°
524 2923 531 2948 l
550 2922 628 2950 Joan.
645 2931 672 2954 ιι,
694 2923 719 2949 ll
736 2927 814 2955 etin,
830 2923 872 2950 i5.

180 2957 224 2984 17.
264 2958 285 2972 ’⁸
300 2957 396 2984 Matth.
411 2965 472 2990 xxv,
492 2957 534 2984 ΔΙ.
573 2959 595 2973 ¹¹
609 2959 696 2985 Levii.
715 2967 761 2992 vn,
774 2959 819 2985 ‘26.

912 2924 932 2938 ¹⁷
944 2923 1014 2950 l‘sal.
1027 2932 1080 2953 Ltv.
1097 2923 1142 2950 ριλ

858 2959 880 2974 ²¹
897 2958 992 2986 Matth.
1008 2967 1034 2991 v,
1048 2959 1091 2986 79.

1016 2359 1078 2378 eum
1099 2353 1145 2387 qui
1165 2354 1302 2381 venationi
1320 2363 1351 2381 ex
1372 2355 1531 2383 inﬁrmitate
1555 2357 1597 2384 vel
1623 2365 1656 2385 ex
1675 2358 1808 2393 simplici-

1017 2403 1071 2426 tate
1103 2401 1243 2435 cxpositus
1271 2407 1323 2434 est,
1351 2403 1424 2429 hunc
1444 2403 1561 2431 dicimus
1587 2411 1648 2431 esse
1672 2412 1730 2431 rem
1748 2414 1809 2440 quas

1017 2447 1134 2481 capitur.
1159 2447 1274 2482 Propter
1287 2449 1359 2483 quod
1374 2450 1442 2476 dixit
1460 2461 1466 2478 :
1482 2451 1579 2478 Feram
1592 2451 1633 2478 vel
1646 2460 1731 2484 auem,
1747 2453 1809 2487 qni-

1018 2493 1065 2519 bus
1085 2494 1152 2520 vesci
1174 2493 1276 2520 licitum
1302 2500 1351 2522 est.
1368 2495 1420 2522 Per
1443 2496 1540 2530 feram,
1561 2497 1595 2524 de
1617 2497 1698 2532 vulgo
1712 2505 1809 2531 quem-

1018 2540 1090 2574 piam
1118 2540 1254 2567 carnalem
1271 2545 1376 2568 tantum
1401 2547 1429 2569 et
1442 2543 1615 2577 pastionibus
1630 2543 1808 2570 incubantem

1017 2586 1184 2621 signiﬁcans,
1202 2593 1395 2622 expertemque
1411 2589 1630 2616 commistionem
1653 2597 1808 2617 causarum.

1018 2632 1069 2659 Per
1091 2641 1168 2660 avem
1191 2638 1293 2666 autem,
1308 2642 1370 2661 eum
1393 2635 1439 2669 qui
1460 2643 1474 2662 a
1491 2636 1607 2663 terrenis
1630 2636 1809 2670 semetipsum

1019 2686 1140 2706 removet
1154 2680 1246 2707 rebus.
1264 2679 1425 2715 ilujusmodi
1442 2681 1514 2708 enim
1528 2681 1655 2710 homines
1671 2690 1685 2709 a
1709 2683 1812 2710 violen-

1019 2725 1053 2751 lis
1072 2730 1099 2752 et
1117 2726 1217 2758 avaris,
1241 2726 1269 2753 in
1284 2727 1374 2753 causis
1398 2727 1578 2754 smcularibus
1598 2732 1811 2760 consumuntur,

1023 2773 1066 2799 illa
1084 2773 1210 2800 videlicet
1232 2773 1380 2808 incongrua
1414 2774 1585 2809 malignaque
1600 2776 1813 2808 comessationc,

1023 2821 1055 2847 dc
1071 2827 1123 2854 qua
1148 2820 1248 2847 Paulus
1273 2820 1445 2854 prohibebat.
1462 2821 1574 2849 dicens:
1593 2820 1623 2849 Si
1648 2823 1682 2849 ad
1704 2823 1814 2850 inuicem

1183 2923 1204 2937 ”
1222 2922 1292 2949 Psai.
1309 2931 1368 2954 xm,
1386 2925 1403 2952 4
1418 2927 1443 2949 ct
1461 2931 1508 2955 LII,

1593 2923 1614 2939 "
1629 2923 1700 2950 Psal.
1717 2932 1814 2959 xxxut,

1131 2959 1154 2974 ”
1168 2959 1241 2985 I‘sal.
1255 2966 1349 2991 xcxtu,
1367 2958 1411 2986 “ll.

1451 2959 1473 2973 ’λ
1486 2958 1557 2984 l’sal.
1572 2966 1672 2992 cum,
1689 2959 1717 2986 7.
