2052 3146
263 217 330 249 1007

856 217 1035 246 IlESYClIlI
1064 218 1111 247 PR
1117 219 1302 248 ESBYTERI

1832 213 1900 247 1098

260 272 403 303 comeditis,
429 272 512 297 vidtte
529 278 560 296 ne
575 270 608 296 ab
623 270 733 296 invicem
756 271 985 297 consumamini”.
1003 271 1056 297 Aut
1071 275 1093 303 Α
1108 272 1288 306 pollutionum
1315 271 1448 299 sacriﬁcia
1483 271 1621 305 legislator
1648 277 1809 306 exponeret.
1842 273 1897 299 Sed

260 326 290 348 ttt
309 320 353 354 qui
379 325 453 353 prtus
466 321 544 344 erant
556 317 634 352 justi,
651 316 722 342 inter
735 323 766 343 ea
787 317 886 351 quibus
902 316 977 344 vesci
990 317 1050 344 lici—

259 372 316 392 tttnt
343 370 393 394 est.
423 364 450 391 id
476 368 517 391 est
542 364 612 390 inter
638 363 749 395 munda,
773 363 1049 391 t‘crtenominantur.

261 410 450 436 Verumtamen
471 408 492 434 si
514 407 575 442 quis
599 407 748 441 peccantis,
773 407 846 434 vciut
873 408 987 434 interius
1010 408 1051 442 ja-

257 456 355 486 centis,
374 460 399 482 ct
419 453 581 489 pmnitcntia
604 453 714 487 sopttlti,
738 452 853 480 etIundit
876 454 1048 488 sanguinem,

257 502 284 528 id
298 506 339 528 est
355 504 496 535 peceatum
509 499 580 534 qttod
594 498 725 533 peccavit,
741 499 857 526 elTundit
867 504 958 526 autcttt
971 499 1049 531 illud,

257 547 290 573 atl
315 545 501 580 operationem
528 543 660 570 accedens
683 548 710 570 ct
728 543 1047 578 confessionem,quem-

256 593 402 621 ttdmodum
437 591 475 617 ait
501 590 583 616 David
600 599 606 617 :
625 590 766 624 E/I'ttndam
790 591 817 616 in
835 597 969 624 conspectu
992 590 1049 624 ejus

256 639 399 666 arationem
415 645 511 669 meum,
528 637 628 670 aperiat
641 635 706 662 illud
721 637 832 663 terra“.
847 635 960 663 l’eccata
976 637 1048 663 enim

256 685 445 713 conﬁtctttiuttt
460 689 531 710 terra
546 682 646 716 operit,
663 685 757 715 utpote
772 680 886 708 inferius
900 688 1048 708 remanen-

258 732 306 762 tia.
325 735 352 758 et
377 729 536 764 poenitentia
563 727 731 754 tttortiﬁcata.
760 727 793 753 Et
810 734 926 761 quorum
952 726 1047 761 prohi-

257 779 330 806 bitus
349 781 392 804 cst
406 776 511 802 clamor
533 775 565 801 ad
587 774 670 800 caelos
686 773 847 804 ascendere,
867 773 1046 807 quemadmo-

257 825 322 853 dutn
340 824 520 851 Sodomorum
550 821 732 848 ascendebat:
748 828 799 847 nec
822 820 895 846 enittt
923 819 1048 846 volebant

255 870 443 907 ptenitenliam
479 876 569 904 agere,
604 868 639 894 ita
685 871 713 893 ut
752 866 821 893 Deus
859 865 892 892 de
922 865 988 899 ipsis
1014 865 1047 892 ab

255 917 392 945 Abraham
426 915 531 942 diceret
557 923 563 940 :
587 913 761 944 Descendunt,
798 917 820 938 et
845 911 933 937 videbo
958 915 1045 937 utrum

1105 317 1158 344 illic
1176 318 1296 352 quidem,
1314 326 1376 344 cum
1399 319 1443 352 qui
1467 317 1555 353 tetigit
1568 318 1733 349 morticina,
1758 322 1805 344 aut
1820 326 1835 344 a
1850 318 1898 345 bc-

1103 363 1164 390 stiis
1187 369 1276 398 capta.
1296 364 1322 390 id
1344 369 1396 397 est,
1423 364 1469 398 qtti
1498 364 1720 395 communicavit,
1737 365 1794 391 sive
1812 365 1898 398 parti-

1102 416 1167 442 ceps
1193 408 1245 435 l'uit
1264 417 1325 435 cttttt
1357 409 1397 435 his
1421 409 1467 442 qui
1486 409 1606 443 prtedicl-i
1630 413 1704 441 sunt,
1734 409 1824 436 dicit:
1854 410 1898 436 hic

1101 459 1192 481 atttetn
1206 462 1269 481 cum
1289 455 1335 489 qui
1350 455 1479 486 comedit,
1501 454 1626 481 videlicet
1645 454 1692 488 qui
1713 459 1799 481 totum
1824 455 1898 481 illius

1101 506 1241 535 peccatum
1258 508 1337 527 suum
1350 501 1490 535 propriutn
1507 500 1580 533 fecit,
1599 507 1732 534 suamque
1748 500 1896 535 malignam

1101 545 1282 573 intentionem
1304 545 1422 580 explevit
1436 554 1469 573 ex
1486 546 1556 572 malo
1581 545 1654 580 quod
1679 546 1725 573 ille
1748 546 1896 573 commisit.

1101 593 1169 618 sicut
1183 592 1295 619 fuerunt
1309 594 1404 618 Aonas
1415 597 1442 618 et
1457 591 1587 626 Caipbas,
1602 592 1647 626 qui
1661 596 1716 618 non
1730 591 1892 626 simpliciter

1100 637 1177 665 Juda:
1195 639 1342 674 participes
1357 642 1422 664 sunt
1445 637 1608 673 proditionis
1638 637 1738 669 eﬂecti,
1756 639 1805 673 ipsi
1818 639 1890 666 enim

1100 691 1224 713 ementes
1262 685 1426 720 proditionis
1453 685 1494 713 eis
1527 684 1662 711 dederunt
1685 685 1840 719 pecuniam,
1868 691 1898 712 et

1099 732 1162 760 olim
1183 732 1346 764 esurientes,
1372 731 1414 758 vel
1431 731 1619 758 desiderantes
1634 735 1749 757 mortem
1771 730 1890 762 Domini,

1099 779 1131 806 ad
1148 778 1310 813 pascendam
1327 777 1539 804 uutriendautve
1563 784 1639 803 suam
1664 776 1854 804 intentionem.
1870 782 1898 803 et

1099 826 1133 852 ad
1146 825 1371 852 satisfaciendum
1387 824 1535 856 desiderio,
1560 830 1608 857 per
1629 822 1727 850 ludam
1742 823 1895 857 prtevalue-

1099 878 1182 898 runt:
1209 871 1366 906 ltujusmodi
1385 870 1530 897 comedere
1555 868 1710 902 morticina,
1728 874 1781 896 eta
1795 869 1894 896 bestiis

1098 921 1175 951 capta
1199 916 1338 944 dicuntur.
1362 915 1414 947 Qui
1439 922 1552 941 necesse
1573 913 1677 940 habent
1696 914 1790 940 lavare.
1805 914 1892 941 vesti-

254 963 396 990 clamoren:
423 961 466 995 qui
489 959 557 986 venit
582 959 615 985 ad
633 966 673 984 me
690 965 765 991 opere
790 955 989 990 compleverunt,
1011 963 1045 981 (tn

1097 964 1188 988 menta
1213 967 1272 991 sua,
1293 963 1321 987 et
1345 967 1445 993 corpus
1461 968 1467 985 :
1496 959 1568 986 lavat
1585 964 1677 985 autem
1692 964 1795 986 vestem
1814 967 1891 986 suam

256 1017 306 1035 non
328 1013 365 1034 cst
381 1008 429 1039 ita,
447 1009 474 1032 ut
494 1005 617 1032 scium".
638 1004 691 1031 Sed
709 1008 736 1030 et
757 1003 808 1030 Job
829 1002 885 1029 sive
897 1010 911 1028 a
924 1001 1043 1033 diabolo,

254 1056 311 1083 sive
338 1060 391 1081 tam
408 1054 491 1085 illaut,
511 1053 568 1080 sive
583 1052 617 1079 ab
634 1050 676 1077 his
691 1049 736 1085 qui
751 1048 943 1083 exprobrando
960 1048 984 1074 ei
1002 1048 1044 1074 in~

254 1099 385 1134 gerebant
399 1097 581 1131 iniquitatem,
604 1102 659 1121 non
675 1095 760 1121 latere
778 1093 934 1123 Domtnutn,
955 1092 981 1118 id
1004 1096 1046 1118 est

253 1153 308 1172 non
336 1143 438 1178 despici
466 1142 499 1168 ab
530 1149 572 1172 ρο,
599 1148 683 1167 orans
714 1137 976 1168 clamabatzTurt-u,
994 1145 1045 1162 ttou

255 1191 397 1218 abscondas
414 1189 567 1223 sanguinem
592 1194 688 1216 meum,
720 1193 801 1219 neque
826 1184 942 1210 incutiat
960 1183 1044 1209 locum

253 1239 318 1264 inte
337 1236 436 1262 latendi
453 1235 551 1260 clamor
565 1232 677 1259 meus“.
700 1231 728 1258 ld
743 1234 795 1262 est,
814 1237 868 1256 noti
885 1229 1046 1256 cohibeatur

254 1283 325 1314 loco,
339 1282 385 1308 sed
402 1281 435 1307 ad
448 1281 531 1306 Deutn
550 1278 690 1305 ascendat.
705 1277 819 1312 Propter
834 1276 907 1309 quod
919 1274 1042 1302 addidit:

255 1329 321 1355 Ecce
348 1336 415 1354 nunc
442 1327 470 1352 in
496 1325 557 1352 cazlo
583 1324 653 1351 testis
685 1332 766 1354 meus,
790 1327 812 1348 et
836 1323 952 1348 conscius
973 1329 1044 1347 mons

254 1376 282 1402 in
295 1374 402 1401 excelsis
412 1374 455 1400 τίδ’.
467 1372 624 1399 Secundum
639 1370 708 1396 hanc
721 1376 784 1403 ergo
797 1367 988 1398 intentionem,
1005 1366 1044 1392 le-

254 1421 365 1456 gislator
378 1428 408 1446 ea
420 1426 479 1453 quae
493 1418 564 1444 dicta
576 1420 640 1443 sunt
654 1423 768 1449 ponens,
778 1413 903 1440 addidit:

290 1467 384 1493 Anium
400 1465 467 1491 εηὶηι
491 1463 573 1489 omnis
589 1461 677 1488 carnis
692 1461 718 1486 in
734 1459 860 1494 sanguine
876 1463 922 1485 cst.
942 1455 1045 1484 Deinde

255 1513 349 1548 adﬁcit
364 1521 370 1538 :
389 1511 459 1539 Untlc
485 1510 539 1536 dixi
555 1509 616 1543 [iliis
637 1506 733 1534 Israel.
757 1507 784 1532 ld
799 1510 840 1532 est
855 1504 916 1531 dic:
933 1503 969 1530 De
983 1511 1045 1530 san-

255 1558 332 1593 guine
356 1557 483 1583 ttnivet'sw
514 1553 602 1580 carnis
625 1560 676 1578 nou
703 1550 840 1577 comedetis
865 1549 926 1584 quia
954 1548 1044 1574 anima

255 1604 342 1631 carnis
355 1603 381 1628 itt
397 1601 527 1636 sanguine
544 1604 580 1626 est
595 1619 602 1630 ,
623 1602 783 1625 contestans
798 1596 831 1623 ab
852 1595 926 1621 ottttti
945 1593 1044 1628 iniqui-

255 1654 311 1677 tate
337 1648 479 1676 abstineri.
498 1647 664 1674 Contcstans
677 1651 767 1671 autem
791 1650 846 1669 non
862 1648 999 1676 exponere
1013 1647 1042 1666 ca
1060 1629 1080 1658 ο

253 1706 314 1734 quae
330 1703 424 1725 contra
435 1695 601 1724 voluntatem
614 1692 758 1720 commissa
770 1695 834 1717 sunt
847 1689 961 1716 fratrum
979 1695 1042 1722 pec-

254 1749 325 1777 cata,
341 1744 388 1771 sed
402 1743 508 1770 tradere
533 1746 611 1768 terra:
635 1739 695 1774 ejus
710 1737 756 1772 qui
775 1740 872 1771 captus
887 1739 940 1766 cst,
957 1734 983 1760 id
1003 1738 1045 1760 est

253 1792 330 1819 visus
343 1790 515 1825 sanguinem,
527 1786 718 1822 cooperiemus
747 1783 814 1810 illud
828 1782 907 1810 venia
926 1786 952 1807 et
968 1788 1044 1807 com-

254 1837 391 1872 passione.
415 1833 580 1869 Sanguinem
605 1831 676 1858 enim
693 1829 849 1858 comedens,
877 1832 903 1853 et
927 1826 1043 1852 animum

253 1871 299 1919 qui
315 1882 437 1911 diﬁamat
453 1879 579 1916 proximi,
591 1881 733 1913 peccatum
750 1878 822 1901 recte
847 1876 967 1907 putatur,
982 1871 1044 1905 quia

254 1931 352 1958 animat
393 1936 467 1956 mors
501 1931 640 1962 peceatum
670 1928 712 1950 est
737 1922 779 1950 his
806 1921 851 1956 qui
879 1919 974 1946 volunt
999 1917 1046 1944 lilii

254 1976 338 2004 Israel
354 1973 498 2010 appellari,
521 1972 624 2006 ﬁliiqtte
639 1969 684 1997 Dei
709 1966 882 2004 printogeniti
900 1964 1000 1997 vocari,
1018 1968 1045 1990 ct

252 2031 313 2059 quae
327 2021 495 2050 subinlertur
509 2026 617 2055 potitant
632 2017 751 2050 etin-gere
762 2023 769 2047 ;
782 2012 919 2041 aitenim:

289 2069 322 2096 Et
345 2069 491 2103 quicunque
514 2063 653 2091 comederit
675 2060 751 2092 illud,
766 2058 893 2085 interibit.
908 2057 941 2084 Et
955 2063 1044 2089 neque

253 2114 449 2145 sacerdotium,
461 2118 550 2146 neque
563 2110 639 2141 ﬁdes,
652 2114 742 2142 neque
753 2103 942 2135 sanctiﬁcatio,
955 2109 1044 2136 neque

253 2161 305 2187 alia
316 2160 406 2194 aliqua
416 2159 512 2189 virtus,
528 2161 574 2183 aut
584 2155 711 2189 dignitas,
724 2150 905 2188 patrocinium
920 2149 1044 2183 przebcre

253 2205 300 2232 tali
326 2208 424 2239 potest,
444 2202 570 2229 omnibus
589 2201 663 2227 ettint
692 2197 852 2233 sanguinem
873 2194 1044 2223 comedenti-

254 2251 315 2281 bus,
332 2248 472 2276 interitum
488 2250 529 2273 est
542 2246 671 2272 tnittalus.

1097 1011 1123 1034 et
1150 1013 1260 1040 corpus,
1282 1006 1328 1039 qui
1347 1005 1460 1032 mundat
1483 1006 1660 1038 semetipsum
1684 1009 1781 1036 lotuut,
1812 1005 1838 1031 id
1853 1009 1896 1032 est

1095 1053 1254 1080 interiorem
1287 1057 1505 1085 exterioremun
1534 1058 1614 1078 suutn
1637 1051 1796 1080 hominem,
1823 1051 1888 1086 quia

1095 1099 1166 1125 intra
1182 1099 1343 1126 vestimenta
1359 1106 1458 1132 corpus
1477 1101 1528 1130 est,
1546 1097 1617 1123 sicut
1640 1097 1712 1123 intra
1729 1097 1893 1124 exteriorem

1096 1145 1234 1171 hominem
1248 1145 1328 1170 homo
1341 1144 1386 1178 qui
1400 1143 1522 1170 interior.
1538 1141 1680 1174 Quomodo
1693 1148 1784 1169 autem
1801 1143 1872 1168 lavat
1885 1143 1896 1168 ἵ

1097 1189 1146 1216 l‘er
1162 1185 1338 1224 baptismum,
1356 1195 1402 1215 aut
1418 1197 1466 1223 per
1481 1189 1678 1215 abundantiam
1695 1188 1890 1222 laerytnarum,

1096 1235 1260 1262 imitantium
1285 1243 1371 1270 aquas
1390 1234 1571 1269 baptismatis.
1589 1233 1640 1266 Qui
1662 1238 1754 1260 autent
1771 1234 1823 1260 hoc
1837 1242 1892 1260 ttott

1096 1282 1170 1313 facit,
1189 1282 1309 1316 portabit
1323 1281 1497 1316 iniquitatem
1514 1288 1602 1311 suam,
1622 1280 1830 1307 retributionem
1850 1279 1893 1306 \i-

1095 1328 1193 1356 delicet
1209 1327 1362 1362 iniustitia).
1381 1327 1426 1353 Sic
1442 1327 1516 1353 enim
1531 1326 1651 1353 divinatn
1673 1325 1844 1360 Scripturam
1863 1325 1892 1351 in

1097 1375 1214 1410 peccatis
1231 1374 1404 1408 potissimum
1423 1373 1569 1399 restituere
1580 1371 1706 1398 invenies
1717 1371 1890 1398 comminan-

1097 1427 1161 1454 tem,
1182 1422 1253 1448 unde
1271 1421 1399 1447 Ezechiel
1428 1419 1512 1446 Deum
1530 1419 1638 1446 induxit
1652 1419 1788 1446 dicentem
1803 1426 1810 1444 :
1826 1417 1888 1444 Non

1096 1473 1185 1503 parret
1201 1467 1291 1494 oculus
1311 1475 1382 1493 meus
1397 1474 1475 1500 supcr
1492 1470 1524 1497 te,
1541 1471 1562 1491 ct
1587 1473 1637 1491 non
1656 1465 1827 1496 miserebitur,
1848 1466 1893 1492 sed

1096 1515 1152 1541 vias
1174 1519 1233 1540 tuus
1247 1521 1343 1547 ponam
1359 1520 1436 1545 super
1470 1517 1504 1544 te,
1520 1517 1542 1537 ct
1567 1511 1775 1537 aboutinaliottcs
1798 1516 1850 1537 tute
1867 1512 1893 1537 in

1097 1559 1180 1586 ntctlt'o
1211 1559 1249 1584 tni
1273 1558 1388 1584 crtntt".
1406 1557 1458 1583 Sed
1475 1561 1502 1583 et
1524 1556 1607 1583 Isaias
1627 1556 1710 1583 dicit:
1728 1556 1891 1588 Sacerdotts,

1098 1605 1236 1640 loquimini
1260 1605 1295 1630 ad
1317 1612 1360 1630 cor
1379 1603 1539 1636 Jerusalem,
1560 1609 1584 1630 et
1601 1605 1728 1629 advocate
1743 1611 1813 1634 eam,
1829 1603 1893 1636 quia

1098 1652 1224 1686 completa
1241 1656 1278 1678 cst
1292 1652 1395 1678 malitia
1409 1651 1476 1686 ejus,
1492 1651 1603 1677 dimissa
1620 1654 1656 1676 est
1669 1649 1794 1684 iniquitas
1809 1649 1891 1675 illius.

1096 1698 1215 1732 Suscepit
1232 1699 1262 1724 dc
1277 1706 1358 1725 manu
1372 1698 1476 1724 Domini
1491 1696 1606 1731 duplicia
1634 1703 1682 1730 pro
1697 1695 1817 1721 omnibus
1832 1703 1894 1729 pec-

1096 1745 1162 1771 catis
1174 1744 1268 1770 suis”.

1375 1788 1489 1816 CAPUT
1511 1786 1606 1816 XYlll.

1132 1846 1213 1874 Vens.
1230 1847 1287 1873 1-5.
1313 1856 1321 1871 ε
1344 1847 1378 1873 Et
1396 1846 1466 1873 dixit
1482 1845 1616 1872 Dominus
1632 1844 1666 1871 ad
1692 1843 1801 1879 Moysen
1816 1851 1822 1868 :
1838 1843 1894 1870 Lo-

1095 1901 1179 1927 quere
1201 1892 1263 1919 ﬁliis
1289 1892 1382 1924 Israel,
1398 1897 1426 1919 et
1453 1892 1528 1918 dices
1556 1890 1590 1918 ad
1606 1898 1673 1917 eos:
1691 1890 1745 1924 Ego
1761 1889 1894 1916 Dominus

1098 1940 1170 1966 Deus
1184 1943 1286 1966 vester.
1299 1938 1379 1967 Juxta
1388 1938 1617 1966 consuetudinem
1635 1941 1715 1963 terrae
1728 1935 1850 1970 (Egypti,
1865 1935 1893 1962 in

1094 1992 1147 2019 qua
1172 1984 1324 2016 habitastis,
1348 1992 1403 2011 nott
1419 1983 1536 2010 facietis.
1554 1982 1634 2009 Juxta
1649 1989 1753 2008 merent
1770 1980 1892 2015 regionis

1095 2029 1236 2061 Chanaan,
1252 2029 1284 2056 ad
1303 2036 1385 2059 quam
1398 2035 1448 2063 ego
1464 2027 1672 2054 introducturus
1684 2033 1743 2052 sum
1759 2034 1818 2057 vos,
1834 2033 1890 2052 nou

1095 2075 1189 2110 agetis,
1206 2083 1258 2102 nec
1270 2075 1299 2102 in
1310 2075 1439 2110 legitimis
1454 2081 1548 2101 eorum
1565 2072 1755 2099 atnbulabitis.
1773 2071 1894 2098 Faeietis

1098 2121 1202 2155 judicia
1221 2128 1293 2152 mea,
1307 2124 1336 2147 et
1352 2123 1488 2154 prtccepta
1505 2127 1564 2146 mea
1586 2117 1740 2149 servabitis,
1755 2122 1782 2143 et
1796 2117 1893 2143 ambu-

1096 2167 1187 2194 labitis
1200 2167 1228 2194 iit
1254 2167 1303 2193 eis.
1322 2165 1378 2201 Ego
1395 2165 1527 2192 Dontinus
1544 2165 1616 2191 Deus
1629 2168 1732 2190 vester.
1749 2162 1894 2190 Custoditc

1095 2213 1168 2247 leges
1183 2219 1258 2239 meas
1277 2216 1358 2246 atque
1378 2210 1482 2246 judicia
1496 2219 1502 2236 :
1520 2218 1580 2244 quae
1595 2209 1699 2236 iaciens
1711 2209 1803 2240 homo,
1819 2208 1891 2235 vivet

1096 2267 1124 2286 111
1140 2267 1190 2286 Bis.
1213 2268 1222 2284 ι

289 2305 370 2333 Vens.
397 2304 439 2335 15,
454 2303 497 2330 16.
517 2312 526 2329 ι
549 2301 646 2328 Anima
670 2307 730 2334 qua:
752 2297 902 2325 comederit
918 2295 1039 2323 mortici-

1129 2304 1264 2338 Quoniam
1283 2304 1368 2331 multa
1395 2303 1461 2335 illis,
1485 2307 1513 2330 et
1534 2301 1697 2329 dit'ferentcr
1713 2300 1840 2331 sancivit,
1858 2308 1893 2327 ne

253 2359 329 2384 nttm,
350 2354 396 2378 aut
424 2353 533 2386 captum
548 2356 563 2375 a
578 2346 675 2379 bestia,
693 2349 747 2372 tam
763 2345 797 2372 de
812 2342 946 2378 indigenis
960 2348 1041 2376 quain

253 2399 288 2426 de
314 2397 446 2427 advenis,
474 2395 573 2422 lavabit
600 2396 689 2420 vestes
717 2398 781 2418 suas
807 2395 836 2417 et.
862 2388 1041 2422 semetipsum

254 2452 334 2479 aqua,
360 2446 386 2469 et
404 2441 604 2469 contaminatus
618 2438 668 2465 erit
685 2444 772 2471 usqtte
794 2435 828 2462 ad
845 2441 1001 2469 vesperum,
1016 2436 1043 2459 et

255 2489 307 2517 hoc
325 2488 421 2515 ordine
439 2487 556 2514 tttuttdus
570 2485 626 2512 ﬁet.
641 2483 719 2517 Quod
733 2483 756 2510 si
772 2490 827 2509 tton
849 2481 948 2508 laverit
959 2479 1042 2507 vcsti-

255 2540 347 2562 menta
362 2541 421 2566 sua,
437 2541 488 2560 nec
498 2539 607 2567 corpus,
624 2530 744 2566 portabit
757 2528 1040 2563 iniquitatemsuam.)

291 2581 463 2608 Morticinnm
479 2587 539 2608 esse
559 2583 742 2614 peccatorent,
771 2579 864 2609 utpote
887 2573 933 2608 qui
946 2571 1043 2599 crude-

256 2628 307 2654 lem
336 2627 439 2662 peccati
466 2626 583 2654 sustinet
615 2628 753 2654 mortem,
785 2630 800 2648 a
828 2620 926 2648 bestiis
954 2623 1043 2646 autem

255 2678 374 2709 captum,
400 2680 454 2700 non
480 2676 585 2699 tantum
602 2669 772 2704 simpliciter,
789 2667 837 2695 sed
855 2667 933 2694 valde
948 2673 1044 2700 pecca-

228 2729 231 2758 ;
256 2726 356 2752 torem,
371 2720 397 2746 in
413 2724 516 2746 tantum
533 2722 563 2745 ut
585 2716 695 2751 maligni
715 2716 742 2742 in
763 2723 796 2742 eo
817 2718 968 2748 operentur
988 2713 1044 2739 the-

228 2763 231 2799 }
256 2774 360 2799 mones,
377 2766 446 2793 sicut
462 2765 513 2791 fuit
529 2763 621 2792 Judas.
636 2762 681 2796 qui
699 2761 807 2789 diabolo
832 2760 1001 2794 ingrediente
1017 2760 1043 2786 in

255 2815 336 2842 corde
357 2821 417 2846 suo,
443 2813 581 2840 Christum
600 2810 727 2839 tradidit.
745 2809 808 2836 olim
824 2809 954 2840 divinius,
981 2816 1042 2835 cum

290 2914 311 2930 ’⁵
325 2914 384 2941 Gal.
396 2922 420 2945 v,
433 2914 474 2939 l3.

253 2951 277 2969 ευ
298 2950 347 2976 lea.
367 2949 449 2981 Χιηὲ.

515 2913 536 2928 ⁸
553 2913 624 2940 Paul.
646 2920 717 2944 «κω,
735 2912 760 2938 5.

800 2911 821 2926 ⁷⁷
838 2910 895 2937 Gen
923 2918 999 2942 .vvttt,
1010 2909 1055 2936 2|.

1095 2352 1123 2379 in
1145 2351 1319 2379 multitudine
1343 2357 1438 2377 eorum
1457 2357 1518 2384 quae
1535 2349 1730 2376 sanciebantur
1761 2347 1892 2374 deﬁceret

1096 2398 1118 2425 is
1128 2398 1174 2432 qui
1191 2397 1276 2432 legem
1290 2396 1452 2431 accipiebat,
1471 2395 1654 2422 intentionem
1669 2393 1841 2428 simpliciter.
1862 2399 1893 2420 et

1096 2451 1152 2470 non
1168 2443 1195 2470 in
1212 2443 1290 2478 plura
1313 2442 1527 2476 discerpentem,
1541 2440 1661 2467 ostendit
1675 2448 1681 2466 :
1699 2439 1735 2465 ita
1757 2442 1787 2465 ut
1800 2438 1894 2465 sciens

1096 2490 1162 2525 qttid
1186 2490 1222 2516 sit
1246 2489 1451 2524 corrigendum,
1481 2493 1509 2514 et.
1533 2487 1565 2514 ad
1584 2494 1665 2521 quem
1693 2486 1774 2512 linem
1792 2484 1890 2512 tendat

1098 2534 1165 2568 legis
1191 2533 1356 2563 intellectus,
1382 2540 1437 2566 pra:
1463 2530 1664 2565 multiplicitatc
1691 2537 1745 2555 tton
1770 2528 1892 2555 deﬁciat.

1099 2579 1177 2606 Sicut
1194 2578 1222 2605 lti
1236 2578 1280 2612 qui
1298 2585 1372 2604 mare
1385 2577 1525 2611 navigant,
1540 2576 1650 2610 quando
1663 2575 1696 2602 ad
1712 2575 1794 2601 ﬁnem
1813 2577 1890 2601 navi-

1097 2624 1145 2660 gii.
1161 2628 1189 2651 et
1202 2623 1237 2650 ad
1250 2623 1396 2649 terminum
1412 2629 1519 2651 rursus,
1529 2625 1556 2648 et
1568 2625 1678 2656 portum
1687 2620 1781 2647 oculos
1798 2624 1897 2645 cxten-

1097 2671 1176 2703 dunt,
1200 2669 1279 2696 facile
1303 2668 1501 2703 longitudinem
1527 2667 1625 2702 pelagi,
1655 2671 1683 2693 et
1701 2666 1759 2693 siue
1781 2665 1892 2693 defectu

1099 2719 1275 2752 percurrunt.
1305 2715 1471 2749 Prmcipiens
1496 2721 1561 2748 ergo
1581 2722 1613 2741 ca
1645 2721 1706 2748 qua:
1725 2720 1799 2739 nunc
1819 2712 1891 2739 dicta

1097 2767 1171 2793 sunt,
1186 2762 1241 2797 Ego
1255 2769 1313 2788 sum
1327 2760 1455 2787 Dominus
1469 2760 1539 2787 Deus
1549 2764 1643 2791 vester,
1657 2759 1755 2792 inquit,
1771 2761 1799 2784 ut
1814 2765 1893 2784 crea-

1100 2814 1185 2837 torem
1202 2813 1230 2836 et
1250 2807 1396 2835 Dominutn
1419 2807 1557 2836 discentes
1575 2813 1638 2833 eum
1663 2804 1709 2840 qui
1736 2804 1891 2836 inundavit,

1096 2909 1117 2923 “
1132 2909 1189 2936 Job,
1208 2917 1261 2939 sui,
1281 2907 1321 2934 l9.
1361 2907 1394 2923 "'
1408 2907 1474 2935 ibid.
1490 2907 1535 2933 20.
1570 2907 1592 2922 "
1613 2905 1713 2932 Ezeclt.
1728 2912 1775 2936 vn,
1793 2903 1847 2930 let
1862 2901 1888 2929 9.
