2052 3146
210 177 276 209 1009

788 182 829 212 IN
849 182 1069 214 LEVITICUM.
1089 197 1124 202 —
1143 185 1218 214 LIB.
1237 185 1271 215 ν.

1774 185 1842 217 lﬁlﬁ

199 242 307 263 summo
323 235 414 264 studio
428 244 459 264 ea
473 245 533 272 quae
547 243 684 273 praecepta
700 244 764 266 sunt
784 240 818 267 ab
834 248 877 272 eo,
901 245 994 268 custo-
1010 240 1032 269 A
1046 240 1154 276 (Egypti
1176 242 1198 257 “
1211 263 1218 274 ,
1240 246 1313 270 recte
1342 243 1463 271 secundo
1490 243 1656 278 judiciorum
1688 250 1842 279 pru‘ccptu-

199 283 316 310 diamus.
354 283 400 312 Sic
427 292 491 320 ergo
526 287 677 314 sanctionis
704 288 788 315 totius
814 287 996 317 intentionem

197 330 364 365 explanavit.
390 331 456 365 Quae
477 337 519 360 est
533 339 625 361 autem
648 334 724 362 haec?
740 333 776 362 Ut
796 335 830 362 ab
846 337 924 365 omni
941 336 995 364 ini-

197 378 303 412 quitate
327 379 526 412 abstineamus.
546 385 572 408 et
588 388 650 416 qum
663 383 774 410 virtutis
791 388 855 411 sunt
871 392 994 420 agamus,

195 423 270 457 juxta
282 426 512 454 consuetudinem
531 435 610 455 terrae
623 428 742 464 (Egypti,
759 435 787 457 et
799 431 877 464 juxta
889 439 994 460 morem

196 476 276 498 terrae
289 470 420 499 Chanaan
434 473 501 500 nihil
515 473 617 504 facere.
637 475 677 502 sic
696 476 731 503 ab
750 477 824 503 omni
847 477 994 513 iniquitate

195 516 328 544 abstineri
346 520 485 554 pnecepit.
511 520 691 557 Septuaginta
727 528 819 551 autem
848 532 899 559 pro
925 533 993 553 con-

195 564 351 596 suetudine,
371 566 460 593 studia
486 567 658 602 interpretati
684 574 766 597 sunt:
783 571 847 605 quia
861 571 993 608 malignas

193 609 416 644 adiuventioues,
445 617 472 640 et
503 613 609 642 fabulas
634 616 704 644 solet
726 616 819 644 divina
847 617 991 653 Scriptura

193 657 334 691 appellare
349 660 482 686 malorum
496 661 584 688 studia
600 671 606 688 ε
620 666 715 697 utpote
728 663 872 691 Ezechiele
883 665 991 694 dicente

192 707 255 736 post
282 704 443 739 iniquitates
471 714 540 740 quas
582 707 654 736 Deus
681 709 709 736 in
740 711 842 745 templo
867 712 991 740 seniores

191 749 274 777 lsrael
302 758 383 785 agere
413 753 535 780 ostendit
552 763 558 781 :
574 754 608 781 Et
630 756 698 782 dixit
721 757 756 783 ad
773 765 815 784 me
835 757 962 786 Dominus
980 767 989 786 :

192 795 277 826 Vides,
301 796 339 831 ﬁli
363 797 493 824 hominis?
514 798 546 825 Et
575 808 693 827 rursus:
719 801 874 834 Conversus,
891 803 989 831 videbis

189 841 278 868 studia
298 842 403 876 majora
422 843 555 872 horum".
579 844 636 872 Non
652 846 739 873 solum
756 854 821 883 ergo
838 855 852 875 a
869 848 988 877 fornica-

190 888 274 921 tione,
301 893 328 916 et
343 890 470 923 avaritia,
495 894 522 918 et
538 892 678 926 superbia,
704 894 751 921 sed
768 898 796 921 et
809 902 824 921 a
839 895 988 922 divinatio-

189 939 254 959 num
288 938 315 960 et
345 935 521 969 auguriorum
553 936 755 971 abjcctionibus
782 943 810 965 et
845 939 985 967 veneﬁciis

188 980 319 1014 pmcepit
341 980 485 1013 abstineri.
516 982 566 1010 sed
599 987 655 1010 eta
671 985 767 1019 magis,
794 989 822 1012 et
848 985 985 1013 similibus

188 1025 268 1053 aliis:
295 1026 331 1053 ita
360 1031 389 1054 ut
416 1027 522 1063 Moyses
551 1029 579 1056 in
608 1029 824 1058 Deuteronomio
855 1032 981 1060 diceret:

188 1071 300 1104 Quando
315 1073 445 1109 ingressus
461 1076 542 1110 fueris
557 1081 654 1103 terram
670 1084 751 1111 quam
776 1077 903 1104 Dominus
915 1077 984 1105 Deus

188 1122 249 1144 tuus
265 1118 364 1145 dederit
380 1120 437 1152 tibi,
454 1129 515 1148 cave
531 1129 562 1148 ne
576 1122 678 1148 imitari
695 1122 758 1149 velis
775 1122 984 1150 abominationu

187 1163 297 1190 illarum
323 1166 449 1200 gentium,
467 1174 512 1193 nec
529 1167 679 1194 inveniatur
693 1168 721 1194 in
738 1172 762 1194 te
777 1168 822 1202 qui
838 1169 983 1195 sciscitetur

187 1214 212 1236 et
243 1210 357 1237 observet
372 1213 473 1238 somnia
495 1217 574 1248 atque
587 1214 711 1247 auguria,
733 1222 764 1240 ne
781 1214 815 1241 sit
837 1215 980 1249 male/iras,

188 1263 234 1281 nec
257 1255 416 1287 incantatur,
442 1265 488 1283 nec
509 1258 633 1292 pythones
652 1258 783 1290 consulat,
810 1266 855 1285 nec
871 1259 980 1290 divinas.

189 1309 235 1327 nec
250 1307 353 1336 qumrat
382 1311 397 1329 a
422 1304 533 1330 mortuis
556 1303 703 1331 veritatem.
726 1304 822 1332 Omnia
843 1305 910 1332 enim
927 1306 981 1333 Ιιιιέ

191 1347 386 1374 abominabitur
404 1347 539 1376 Dominus.
560 1349 654 1377 Omnes
671 1351 715 1385 qui
730 1351 784 1377 hac
798 1351 909 1386 faciunt,
934 1360 980 1384 pro

190 1392 428 1420 abominationibus
456 1394 495 1420 his
517 1395 648 1430 disperdat
670 1404 712 1422 eos
728 1395 856 1422 Dominus
866 1404 897 1423 ex
913 1402 937 1423 te
946 1397 978 1424 ³¹.

187 1439 228 1466 Ab
245 1440 287 1467 his
303 1448 366 1475 ergo
381 1441 513 1468 abstineri
543 1442 619 1477 prius
645 1447 764 1477 oportet,
792 1447 820 1470 et
837 1443 877 1471 sic
901 1443 980 1471 nobis

187 1486 259 1513 Deus
276 1486 362 1514 dicit:
381 1487 492 1514 Facielis
508 1488 606 1519 iudicia
633 1497 703 1521 mea,
721 1493 745 1515 et
768 1494 899 1523 prtecepta
921 1498 979 1516 mea

186 1534 331 1565 servabitis,
353 1539 377 1560 et
401 1535 570 1562 ambulabitis
595 1536 621 1562 in
643 1536 689 1567 eis,
713 1535 740 1563 id
768 1540 810 1563 est
830 1536 977 1563 movemini

186 1585 213 1606 et
235 1581 435 1607 convcrsamiui
472 1581 498 1607 in
527 1581 576 1612 eis,
609 1585 638 1608 et
663 1581 739 1608 nullo
776 1585 898 1616 tempore
930 1589 1016 1622 va-c

185 1625 254 1652 cctis
282 1625 316 1652 ab
346 1632 440 1652 eorum
472 1626 654 1654 correctione.
680 1627 784 1654 Deinde
800 1635 896 1655 rursus
913 1627 977 1655 sub-

185 1671 256 1698 didit
275 1680 282 1698 :

222 1718 277 1753 Ego
302 1718 429 1746 Dominus
456 1719 527 1746 Deus
550 1724 642 1746 vester.
673 1719 807 1746 Custodite
821 1719 888 1754 leges
905 1727 977 1746 meas

185 1769 264 1799 atque
277 1765 392 1799 judicia,
406 1774 463 1800 quae
479 1766 578 1800 faciens
592 1766 678 1797 homo,
695 1767 762 1793 vivet
777 1767 805 1793 in
824 1767 870 1794 eis.
883 1766 976 1794 Absti-

185 1816 283 1838 nentes
312 1819 363 1838 nos
384 1812 460 1846 prius
484 1812 519 1839 ab
543 1812 796 1840 abominationibus
821 1820 882 1847 qua)
896 1812 976 1841 dictae

183 1863 258 1888 sunt,
283 1858 345 1892 quia
371 1866 424 1885 non
450 1863 493 1885 cst
513 1858 689 1892 participatio
713 1859 828 1893 iustitia:
843 1867 904 1886 cum
921 1860 976 1886 ini-

183 1904 311 1938 quitate,
341 1911 429 1939 neque
454 1903 565 1931 luminis
592 1905 710 1931 societas
739 1904 773 1931 ad
803 1905 973 1937 tenebras",

183 1957 273 1984 neque
298 1950 386 1983 placet
410 1949 434 1976 ei
458 1954 487 1976 ut
509 1949 554 1984 qui
589 1950 690 1985 gentile
714 1949 855 1983 quodlibet
874 1950 974 1977 malum

183 1996 459 2030 observationemque
484 1996 598 2026 studet.
626 1995 735 2030 gloriari
767 1995 801 2022 de
828 1995 896 2030 legis
926 1996 972 2023 Dei

183 2044 297 2071 scientia
321 2043 428 2075 debeat,
447 2047 512 2070 tunc
532 2043 641 2070 demum
662 2041 773 2076 judiciis
791 2041 837 2069 Dei
865 2047 974 2070 utamur

182 2095 209 2117 ct
228 2090 383 2125 prrcccptis.
402 2089 499 2121 Qualia
515 2094 605 2116 autem
627 2088 683 2115 sint
701 2088 817 2121 judicia,
837 2093 864 2114 et
883 2089 972 2122 qualia

184 2142 330 2172 praecepta,
356 2144 416 2172 qua“:
442 2136 546 2163 faciens
569 2136 652 2163 homo
676 2135 748 2162 vivet
770 2135 796 2161 in
821 2134 872 2166 eis,
893 2139 922 2161 ut
944 2139 972 2162 tu

182 2189 333 2220 Cognoscas
359 2183 423 2218 quia
440 2191 495 2210 non
512 2182 567 2210 Deo
589 2183 685 2213 donas,
702 2181 833 2209 obediens
846 2181 897 2216 legi
914 2182 972 2216 ejus

183 2236 209 2258 et
236 2231 376 2265 complens
405 2230 464 2262 ejus
491 2229 593 2264 judicia
615 2233 643 2256 et
675 2231 822 2263 praecepta.
843 2228 890 2255 sed
908 2229 971 2255 tibi-

1050 295 1146 316 rumve
1172 289 1332 317 memoriam
1357 289 1431 323 facit,
1456 296 1487 318 ut
1509 290 1554 318 illa
1584 293 1752 323 ostenderet,
1782 301 1843 326 qua:

1047 338 1105 360 erat
1125 337 1220 369 postea
1244 336 1412 363 sanciturus.
1442 336 1479 364 De
1494 337 1596 372 quibus
1630 345 1704 365 nunc
1726 337 1840 364 addidit.

1082 379 1147 413 Quae
1177 382 1275 417 faciens
1290 383 1377 414 Immo,
1406 384 1473 411 vivet
1496 383 1523 410 in
1550 384 1597 411 eis.
1629 384 1660 411 In
1677 384 1744 419 ipsis
1767 385 1840 412 enim

1047 434 1109 454 vera
1130 428 1184 455 vita
1208 429 1385 457 credentibus
1410 430 1438 457 in
1464 430 1605 458 Christum
1636 431 1789 465 perﬁcitur,
1807 432 1841 459 de

1045 481 1099 507 quo
1123 473 1150 500 in
1165 474 1313 509 Evangelio
1331 475 1463 503 Dominus
1487 475 1618 504 dicebat:
1646 476 1709 504 [hec
1731 482 1767 503 est
1794 485 1840 504 vo-

1046 518 1134 546 luntas
1153 519 1243 547 Patris
1265 521 1326 552 mei,
1355 525 1382 547 ut
1403 521 1487 548 omnis
1511 521 1557 556 qui
1580 521 1650 548 videt
1680 521 1788 553 Filium,
1816 525 1840 547 et

1044 564 1126 590 credit
1157 565 1183 591 in
1212 573 1291 596 eum,
1326 566 1420 592 habent
1444 566 1526 593 vitam
1550 571 1677 594 retemam
1696 567 1729 593 “.
1754 565 1839 593 Valde

1043 617 1108 645 ergo
1140 611 1339 639 rationabiliter
1365 613 1486 640 secundo
1515 613 1600 641 dicit:
1627 613 1682 648 Ego
1710 612 1837 640 Dominus

1043 655 1113 683 Deus
1138 662 1229 684 uester.
1259 657 1422 686 Contestans
1442 659 1506 694 quia
1529 659 1588 694 ipse
1614 659 1749 686 Dominus
1768 680 1775 692 ,
1810 663 1837 686 et

1043 703 1132 737 priora
1155 703 1276 737 judicia,
1303 704 1346 732 vel
1375 709 1531 740 prmeepta,
1552 709 1580 733 et
1604 706 1755 741 posteriora
1773 713 1838 733 san—

1043 749 1119 780 civit,
1133 757 1194 784 qure
1207 750 1253 784 qui
1274 750 1371 778 fecerit
1393 751 1466 780 vivet
1486 751 1515 779 in
1534 752 1584 779 eis.
1607 752 1674 779 Nam
1697 751 1836 787 prioribus

1040 795 1172 829 judiciis,
1201 799 1229 823 et
1247 797 1414 832 praeceptis,
1447 798 1506 826 vide
1534 799 1599 833 quid
1634 799 1746 826 addidit.
1779 800 1836 834 Ego

1041 840 1179 870 Dominus.

1075 887 1155 916 Vens.
1172 888 1248 916 6-l7.
1266 899 1275 914 ι
1296 889 1391 917 Omnis
1410 891 1491 918 homo
1505 891 1538 919 ad
1556 891 1709 926 proximam
1726 892 1835 927 sangui-

1040 934 1082 962 nis
1096 935 1137 962 sui
1159 943 1213 963 non
1228 936 1350 968 accedet,
1367 942 1397 964 ut
1417 938 1521 965 revelet
1545 938 1746 973 turpitudinem
1760 939 1830 974 ejus.

1040 978 1095 1014 Ego
1111 979 1252 1008 Dominus.
1281 980 1490 1016 Turpitudinem
1518 983 1602 1017 patris
1622 983 1672 1014 tui,
1694 988 1721 1011 et
1742 984 1830 1019 turpi-

1039 1025 1161 1053 tudinem
1191 1027 1286 1054 matris
1305 1032 1358 1054 tua:
1377 1035 1432 1054 non
1458 1028 1664 1063 discooperies:
1681 1034 1770 1056 mater
1785 1034 1831 1056 tua

1038 1076 1090 1103 est,
1110 1079 1164 1099 non
1192 1073 1327 1100 revclabis
1352 1074 1550 1108 turpitudinem
1573 1075 1644 1110 ejus.
1668 1074 1831 1110 Turpitudi-

1037 1125 1100 1144 nem
1117 1119 1209 1146 uxoris
1234 1119 1321 1154 patris
1337 1120 1375 1147 tui
1392 1128 1447 1147 non
1478 1121 1672 1156 discooperies,
1691 1122 1830 1157 turpitudo

1037 1164 1109 1190 enim
1132 1165 1218 1199 patris
1241 1165 1279 1192 tui
1303 1170 1353 1193 cst.
1376 1166 1586 1201 Turpitudinem
1612 1167 1714 1194 sororis
1728 1171 1781 1195 tua:
1796 1175 1830 1195 ex

1036 1215 1114 1244 patre
1138 1211 1181 1238 vel
1201 1219 1234 1238 ex
1251 1215 1338 1238 matre
1362 1220 1423 1246 quae
1442 1213 1515 1239 domi
1539 1213 1582 1240 vel
1605 1213 1670 1241 foris
1684 1214 1775 1249 genita
1786 1218 1829 1242 est

1036 1264 1091 1283 non
1123 1257 1266 1285 revelabis.
1296 1257 1506 1293 Turpitudinem
1533 1259 1595 1287 ﬁlia)
1627 1259 1674 1286 ﬁlii
1703 1259 1754 1292 tui,
1785 1259 1829 1289 vel

1035 1302 1125 1336 neptis
1138 1310 1170 1330 ex
1186 1303 1249 1336 ﬁlia,
1259 1311 1313 1330 non
1325 1304 1468 1337 revelabis,
1485 1305 1548 1339 quia
1562 1305 1700 1340 turpitudo
1714 1310 1761 1333 tua
1775 1310 1827 1334 est.

1035 1348 1245 1383 Turpitudinem
1266 1349 1329 1377 tiliae
1346 1350 1437 1378 uxoris
1454 1351 1539 1385 patris
1553 1351 1602 1384 tui,
1619 1359 1700 1386 quam
1720 1353 1827 1387 peperit

1035 1395 1103 1428 patri
1121 1399 1177 1427 tuo,
1198 1400 1226 1422 et
1241 1400 1283 1423 est
1295 1403 1372 1423 soror
1386 1401 1442 1428 tua,
1461 1405 1516 1424 non
1532 1398 1676 1425 revelabis.
1692 1398 1827 1433 Turpitu-

1034 1441 1126 1469 dinem
1154 1443 1258 1470 sororis
1283 1443 1369 1478 patris
1397 1443 1436 1470 tui
1467 1451 1522 1470 non
1550 1443 1745 1478 discooperies,
1763 1444 1826 1479 quia

1034 1495 1097 1514 caro
1123 1493 1165 1515 est
1185 1489 1270 1523 patris
1294 1488 1342 1515 tui.
1363 1487 1573 1523 Turpitudinem
1596 1490 1685 1524 patrui
1713 1490 1751 1517 tui
1768 1498 1825 1518 non

1033 1534 1177 1566 revelabis,
1205 1542 1257 1562 nec
1281 1534 1393 1562 accedes
1413 1535 1446 1562 ad
1473 1543 1584 1563 uxorem
1612 1536 1681 1570 ejus,
1698 1544 1759 1571 quae
1775 1536 1824 1564 tibi

1033 1580 1164 1608 affinitate
1191 1580 1375 1616 conjungitur.
1416 1580 1626 1616 Turpitudinem
1658 1590 1744 1610 nurus
1772 1587 1825 1611 tuae

1034 1634 1090 1653 non
1103 1626 1253 1659 revelabis,
1270 1626 1334 1661 quia
1345 1634 1414 1654 uxor
1429 1626 1475 1654 ﬁlii
1493 1627 1530 1654 tui
1546 1632 1598 1659 est.
1615 1635 1666 1655 nec
1682 1628 1825 1663 discoope-

1034 1670 1088 1697 ries
1101 1670 1277 1705 ignominiam
1303 1671 1373 1706 ejus.
1388 1671 1596 1706 Turpitudinem
1622 1673 1716 1700 uxoris
1732 1673 1824 1702 fratris
1851 1670 1856 1674 ”

1033 1717 1073 1743 tui
1100 1724 1154 1743 non
1180 1716 1324 1749 revelabis,
1349 1717 1411 1752 quia
1430 1717 1571 1752 turpitudo
1593 1718 1687 1746 fratris
1706 1719 1743 1747 tui
1771 1725 1822 1748 est.

1034 1761 1241 1796 Turpitudinem
1286 1762 1378 1790 uxoris
1409 1768 1482 1796 ture,
1518 1768 1545 1790 ct
1576 1764 1637 1791 ﬁlize
1679 1765 1739 1799 ejus
1768 1773 1824 1793 non

1033 1809 1176 1836 revelabis.
1195 1809 1290 1836 Filiam
1311 1809 1357 1836 ﬁlii
1374 1811 1444 1844 ejus,
1464 1815 1492 1837 ct
1510 1810 1592 1837 ﬁliam
1616 1811 1679 1839 ﬁliae
1692 1813 1751 1847 ejus
1767 1821 1823 1840 non

1031 1861 1133 1886 sumes,
1150 1858 1179 1880 ut
1196 1854 1300 1881 rcreles
1316 1854 1493 1890 ignominiam
1509 1855 1580 1890 ejus,
1595 1856 1658 1890 quia
1670 1865 1735 1884 caro
1751 1857 1822 1885 illius

1031 1905 1104 1927 sunt.
1124 1909 1133 1925 ι

1065 1945 1142 1978 Quod
1164 1954 1219 1973 non
1246 1946 1407 1981 negligenda
1431 1946 1487 1973 sint
1516 1955 1546 1973 ea
1568 1955 1628 1982 quae
1649 1948 1820 1982 sanciuntnr,

1030 1991 1204 2018 manifestum
1230 1995 1272 2018 est
1287 1999 1319 2019 ex
1334 1999 1368 2018 eo
1382 1992 1453 2026 quod
1468 1992 1566 2019 iterum
1582 1993 1649 2020 dixit
1667 2001 1673 2020 :
1696 1993 1750 2028 Ego
1768 1993 1821 2021 Do-

1030 2037 1124 2063 minus.
1145 2036 1220 2064 Facit
1239 2042 1328 2064 autem
1349 2037 1401 2065 hoc
1417 2037 1521 2072 Moyses
1535 2059 1541 2070 ,
1560 2037 1615 2065 imo
1638 2038 1754 2073 spiritus
1773 2039 1819 2074 qui

1029 2082 1057 2109 in
1075 2089 1107 2109 eo
1130 2083 1301 2118 loquebatur,
1323 2087 1418 2110 utnon
1440 2084 1650 2118 despicerentur
1667 2093 1727 2119 qua:
1741 2085 1818 2114 dice-

1029 2129 1138 2162 bantur,
1160 2129 1313 2158 dicentibus
1327 2127 1502 2164 quibusdam,
1525 2130 1587 2166 quia
1604 2130 1727 2165 Moyseos
1743 2137 1817 2160 sunt.

1027 2175 1087 2203 Non
1111 2180 1176 2203 sunt
1198 2181 1289 2204 autem
1307 2177 1366 2212 ejus
1387 2177 1447 2204 haec
1470 2185 1531 2212 quae
1546 2177 1754 2213 praecipiuntur,
1771 2179 1817 2207 sed

1028 2224 1086 2256 Dei,
1115 2232 1177 2252 cum
1196 2233 1370 2260 summopere
1393 2225 1464 2260 quod
1480 2226 1620 2254 inventum
1636 2232 1678 2254 est
1696 2228 1817 2255 studium

182 2277 310 2312 metipsi:
338 2282 366 2304 tu
384 2277 457 2304 enim
480 2277 506 2303 in
536 2275 576 2303 eis
597 2275 682 2306 vives,
699 2274 846 2302 virtutibus
860 2282 971 2310 operam
991 2278 1009 2304 ο
1025 2271 1178 2298 adhibitum
1199 2271 1244 2303 sit,
1263 2275 1292 2298 ut
1313 2272 1403 2298 littera
1422 2279 1516 2298 corum
1541 2278 1762 2303 conservaretur.
1789 2266 1817 2301 et

182 2324 260 2356 dans,
286 2331 334 2358 per
353 2331 420 2358 quas
444 2327 546 2349 aeterna
562 2321 617 2348 vita
640 2320 798 2348 hominibus
817 2324 973 2355 prmstatur.

182 2367 235 2398 Sed
254 2369 338 2404 quaeri
362 2368 578 2404 pcrtractarique
605 2366 716 2401 dignum
733 2370 774 2393 est
809 2373 858 2393 cur
874 2365 902 2392 in
917 2373 973 2393 uno

181 2417 241 2443 loco
255 2415 323 2450 legis
346 2415 387 2443 bis
404 2414 483 2445 dixit,
504 2413 563 2441 ﬁeri
586 2412 687 2447 judicia
710 2419 769 2443 sua,
787 2416 815 2438 et
836 2416 972 2446 prmcepta

180 2470 230 2489 sua
259 2460 413 2489 custodiri?
440 2459 489 2487 Vel
515 2467 564 2486 cur
591 2459 634 2485 bis
658 2457 742 2490 dicat,
763 2457 820 2492 Ego
840 2456 972 2485 Dominus

182 2508 273 2537 Deus?
288 2508 406 2535 Putasne
417 2507 513 2534 eadem
524 2504 669 2532 iterando?
684 2503 861 2531 Nullatenus:
880 2503 971 2531 brevis

180 2559 223 2583 est
248 2555 322 2582 enim
342 2554 432 2581 omnis
446 2553 536 2579 divina
561 2551 717 2586 Scriptura;
737 2550 854 2577 maxime
879 2554 969 2577 tamen

180 2600 224 2628 hic
234 2599 382 2634 legislator.
399 2598 470 2625 sicut
483 2597 528 2632 qui
544 2597 627 2624 multa
643 2595 767 2622 dicturus
781 2599 849 2625 erat,
865 2594 917 2621 fuit
936 2595 969 2622 de

179 2645 313 2673 brevitate
339 2644 500 2671 sollicitus:
523 2642 586 2678 quia
608 2642 661 2669 duo
690 2645 754 2668 sunt
783 2644 944 2668 testamenta
960 2661 967 2673 ,

179 2691 265 2719 Vetus
279 2696 304 2718 et
327 2691 445 2722 Novum,
463 2689 537 2716 unde
552 2693 579 2716 et
609 2688 668 2722 ipse
687 2695 737 2722 per
756 2687 903 2714 Jcremiam
923 2687 966 2713 di-

178 2739 236 2766 xit:
255 2738 328 2766 Dabo
345 2737 415 2764 vobis
431 2740 614 2763 testamentum
639 2742 743 2763 nouum,
760 2741 812 2760 non
825 2734 967 2760 secundant

178 2788 364 2811 testamentum
398 2781 467 2816 quod
487 2781 546 2807 dedi
570 2779 689 2813 patribus
707 2779 806 2809 uestris,
822 2778 848 2804 in
863 2778 904 2804 dic
919 2787 970 2811 qua

177 2830 340 2865 apprehendi
356 2836 462 2856 manum
475 2835 574 2859 eorum,
591 2831 618 2853 ut
634 2826 767 2853 educerent
781 2824 838 2851 illos
851 2825 881 2851 de
898 2830 967 2851 terra

213 2905 234 2920 "
251 2902 421 2933 Elech.vm,
440 2900 483 2926 15.
536 2899 557 2914 ³¹
577 2898 652 2926 Deut.
675 2905 748 2929 mu,
771 2896 849 2923 ﬁ-li.

178 2939 222 2972 39,
239 2939 284 2966 to.

904 2896 927 2910 ³³
940 2895 960 2921 ll
972 2894 1035 2922 Cor.
1060 2903 1096 2927 γι,
1117 2895 1157 2921 Η.

1025 2317 1154 2351 spiritalis
1175 2316 1341 2344 intellectus.
1364 2316 1440 2344 Unde
1455 2322 1547 2344 nostra
1567 2318 1712 2344 translatio
1726 2319 1793 2345 dicit
1808 2329 1815 2346 :

1025 2362 1121 2390 Omnis
1135 2363 1217 2390 homo
1230 2363 1261 2390 ad
1276 2363 1426 2398 proximam
1449 2363 1592 2398 sanguinis
1607 2363 1649 2390 sui
1669 2372 1724 2390 non
1735 2372 1816 2391 acce-

1024 2407 1080 2441 det,
1107 2412 1136 2435 ut
1166 2408 1267 2435 revelet
1296 2408 1495 2442 turpitudinem
1522 2408 1593 2442 ejus.
1635 2409 1815 2444 Septuaginta

1022 2455 1126 2482 edunt:
1144 2455 1235 2486 Homo,
1267 2455 1343 2482 homo
1363 2455 1398 2482 ad
1416 2463 1518 2482 omnem
1535 2455 1709 2481 domesticam
1725 2456 1815 2482 carnis

1023 2500 1104 2533 ipsius
1128 2509 1178 2527 non
1201 2501 1316 2531 accedet.
1343 2505 1371 2528 ut
1392 2501 1497 2536 aperiat
1520 2501 1721 2535 turpitudinem.
1746 2501 1814 2528 Pro-

1022 2553 1115 2580 pterea
1130 2547 1250 2574 secundo
1271 2547 1404 2580 dicentes,
1429 2548 1505 2574 homo
1519 2548 1607 2576 Immo.
1631 2552 1660 2573 ut
1680 2548 1814 2582 quemad-

1021 2593 1130 2619 modum
1158 2597 1199 2620 est
1228 2593 1311 2620 homo
1336 2593 1446 2628 duplex,
1469 2593 1508 2620 sic
1529 2593 1718 2628 intelligantur
1739 2599 1765 2620 et
1782 2602 1813 2621 ea

1020 2646 1080 2673 qua:
1095 2639 1255 2666 sanciuntur
1268 2647 1329 2668 esse
1340 2639 1457 2671 duplicia
1471 2661 1478 2672 ,
1495 2645 1678 2675 oportereque
1694 2646 1721 2668 ct
1735 2645 1813 2668 cxte-

1022 2685 1119 2712 riorem
1135 2693 1229 2712 eorum
1247 2685 1354 2715 faciem.
1371 2690 1399 2712 et
1415 2685 1573 2712 interiorem
1592 2694 1690 2716 eorum
1702 2685 1812 2718 faciem,

1022 2735 1049 2758 ct
1064 2731 1221 2759 interiorem
1234 2731 1492 2766 contemplationem
1505 2732 1654 2763 custodire.
1673 2737 1702 2760 ut
1715 2740 1812 2768 magna

1016 2781 1152 2811 rectaque
1180 2777 1222 2803 lex
1241 2776 1404 2803 exteriorem
1426 2777 1640 2810 interioremque
1665 2782 1813 2812 componat

1025 2823 1172 2850 hominem.
1201 2822 1255 2850 Sed
1282 2831 1314 2850 ea
1338 2822 1448 2858 quidem
1473 2831 1534 2857 quae
1548 2823 1614 2850 foris
1631 2827 1674 2850 est
1689 2823 1758 2858 legis
1771 2823 1812 2851 fa-

1216 2894 1237 2909 “
1253 2895 1354 2922 Jercm.
1372 2901 1452 2926 xxxi,
1474 2893 1518 2926 3l,
1536 2893 1579 2920 5‘2.
1633 2894 1655 2909 "
1670 2893 1749 2922 Joan.
1772 2902 1812 2927 ν’,
