2052 3146
250 158 314 193 1311

848 164 873 193 Η
879 163 1027 194 ESYCHII
1047 166 1281 195 PRESBYTERI

1813 163 1881 195 1012

247 224 313 250 cies.
333 222 472 249 Proximos
486 221 618 256 sanguine
633 222 746 256 nuptiali
765 222 837 249 coitu
854 223 962 250 misceri
979 231 1039 258 pro-
1055 227 1075 255 Α
1092 230 1133 252 tos
1163 226 1344 259 cnumcravit,
1372 234 1434 253 cum
1462 225 1616 254 carnalibus
1645 229 1672 252 ct
1694 224 1754 251 illos
1775 227 1884 258 oportet

252 267 336 298 hibet,
364 267 427 301 quia
455 271 482 292 ct
509 266 560 293 hoc
585 266 695 293 tenebat
709 267 779 301 apud
794 273 897 302 gentes,
923 276 1039 303 quarum

249 318 346 342 terram
366 314 392 339 in
409 313 595 340 linercditatem
608 315 688 342 Jesus
700 314 816 346 accepit.
835 314 936 342 Servus
949 321 1039 342 autem

248 360 397 387 carnalium
421 359 592 394 voluptatum
616 359 697 387 Israel
719 365 788 390 erat.
808 361 845 387 ita
863 366 892 388 ut
912 360 1038 388 Moabiti-

247 414 293 431 eas
308 405 438 432 mulieres
449 405 648 438 desiderantes,
664 406 834 442 Beelpbegor
854 407 926 434 idolo
941 407 1038 434 inuno-

247 452 345 482 larent,
363 451 435 486 quod
455 451 489 478 ab
503 451 569 486 ipsis
585 452 727 479 colebatur
740 453 773 484 ³³,
790 457 817 479 et
835 458 977 480 accusaret
990 461 1037 480 eos

244 498 324 529 Osee,
337 505 370 524 ac
385 497 489 524 diceret
507 498 540 524 de
553 498 592 525 cis
606 507 612 525 :
643 498 739 525 Omnes
760 498 950 532 adulterantes,
966 499 1035 526 sicut

244 543 362 570 rlibanus
373 544 468 570 ardens
477 544 509 570 ³⁷.
533 544 567 570 Et
591 544 690 571 iterum
708 544 780 571 Deus
798 545 838 572 sic
852 545 884 572 ad
898 552 946 572 eos
959 544 1035 572 dice-

244 595 301 616 ret:
319 590 379 616 Non
391 591 502 617 visitabo
514 599 594 626 super
605 591 677 624 [ili/ts
693 597 802 624 vestras,
817 592 880 618 dum
897 592 1036 627 fornicata:

243 638 350 672 fuerint,
378 643 402 664 et
432 646 511 672 super
528 647 638 672 sponsas
666 644 774 670 vestras,
805 647 865 666 cum
877 639 1035 666 adulterata:

243 685 382 720 fuerint",
406 686 537 720 quoniam
562 685 615 720 ipsi
636 693 698 712 cum
724 685 914 712 meretricibus
938 693 1033 713 versa-

242 731 352 763 bantur,
381 735 409 758 ct
436 739 498 758 cum
526 732 689 759 ell'eminatis
721 732 919 759 sacriﬁcabant.
939 731 991 759 Sed
1007 736 1035 758 et

241 777 373 804 Jercmias
398 778 464 805 dicit
484 779 518 805 ad
540 783 623 806 totam
646 779 816 806 Jerusalem:
842 779 934 805 Facies
949 787 1032 805 mere-

242 825 314 851 tricis
329 826 400 859 facta
419 830 455 852 est
474 826 519 852 tibi
528 827 560 853 ".
576 826 652 853 Unde
673 831 700 853 ct
721 826 761 853 eis
782 826 910 853 mulieres
933 825 1032 853 multas

241 871 364 905 accipere
386 877 552 906 pralceptum
574 877 643 904 erat,
669 877 698 899 ut
720 880 770 907 per
796 872 848 900 hoc
879 872 977 900 saltem
998 872 1032 899 ab

241 917 391 944 alienarum
417 918 564 945 mulierum
590 918 831 951 fornicationibus,
848 923 875 946 et
890 919 1033 946 adulteriis

240 964 419 991 abstinerent.
435 965 499 992 Ideo
521 973 585 1000 ergo
609 973 683 993 nunc
699 966 809 1001 longum
834 965 957 993 extendit
973 973 1033 992 ser-

240 1019 360 1044 monem,
388 1016 415 1039 et
440 1017 631 1048 generationes
659 1020 708 1048 per
723 1013 847 1040 ordinem
862 1013 1032 1047 exsequitur,

240 1058 340 1092 quibus
362 1058 504 1085 continere
527 1066 556 1086 se
576 1059 693 1086 debeant
717 1067 732 1086 a
756 1059 948 1086 commistione
964 1067 1032 1086 con-

239 1104 359 1136 cubitus,
376 1105 549 1139 praecipiens.
568 1105 604 1132 Ut
621 1106 779 1133 ostenderet
796 1106 953 1132 mandatum
971 1113 1032 1133 esse

239 1150 438 1183 necessarium,
455 1151 527 1185 ipsas
543 1151 721 1185 cognationes
736 1151 903 1183 dinumerat,
918 1150 946 1177 in
961 1158 1031 1177 enu-

239 1197 421 1223 merationem
438 1204 548 1224 causam
577 1197 727 1224 sanctionis
746 1196 935 1229 manifestans,
957 1196 1031 1231 quod

239 1243 341 1273 studet,
374 1247 401 1269 ut
424 1250 478 1269 non
512 1242 716 1269 confundantur
750 1242 955 1277 generationes,
982 1249 1032 1270 nec

239 1290 398 1323 dispereant
414 1288 596 1320 haereditates,
618 1296 707 1322 neque
729 1287 809 1315 frater
828 1293 854 1315 et
867 1292 946 1322 pater
959 1287 1030 1315 idem

240 1335 328 1366 ﬁeret,
356 1334 536 1369 ejusdemque
567 1339 641 1362 esset
666 1342 733 1361 uxor
747 1339 775 1362 et
795 1339 892 1361 mater.
911 1334 1031 1369 Utraque

240 1381 312 1408 enim
341 1381 398 1408 lucc
419 1381 592 1412 eveniebant,
606 1381 628 1407 si
644 1381 768 1408 eamdem
783 1389 895 1408 uxorem
913 1385 991 1415 pater
1004 1385 1031 1408 et

240 1427 312 1454 filius
328 1427 498 1459 habuissent,
522 1435 554 1454 ex
569 1434 657 1461 eaque
683 1426 752 1453 ﬁlios
774 1431 976 1462 procreassent.
992 1426 1031 1453 Ex

239 1474 295 1501 tilio
323 1474 395 1501 enim
425 1473 542 1508 genitus,
570 1477 623 1500 tam
643 1477 747 1508 patrem
771 1474 922 1508 genitorem
939 1481 1030 1506 suum,

239 1528 319 1555 quam
345 1521 454 1547 fratrem
480 1520 573 1549 habet.
599 1520 699 1554 qnippe
722 1520 767 1554 qui
784 1527 861 1546 ex-ea
882 1523 962 1546 natus
978 1524 1028 1552 est,

238 1575 300 1602 quae
330 1572 357 1593 et
387 1567 461 1593 illum
488 1566 605 1601 peperit,
633 1570 661 1593 ct
687 1574 757 1593 uxor
770 1566 830 1601 ejus
853 1566 1029 1600 simulatque

238 1617 326 1640 mater
352 1613 410 1640 fuit.
446 1613 508 1640 llzcc
540 1617 630 1639 autem
662 1621 695 1639 ex
718 1612 822 1639 nefaria
851 1617 1028 1647 cognatorum

238 1659 438 1691 commistione,
457 1664 484 1686 ct
502 1660 553 1686 alia
572 1660 613 1686 bis
631 1659 762 1687 eveniunt
786 1658 896 1685 similia.
915 1657 1030 1692 Propter

238 1705 312 1740 quod
326 1711 450 1733 avertere
464 1713 477 1732 a
501 1706 544 1732 tali
562 1705 767 1740 conjunctione,
784 1711 812 1732 et
824 1705 899 1732 coitu
916 1705 1029 1732 volens:

278 1752 488 1787 Turpitudinem,
501 1752 597 1787 inquit,
614 1753 697 1787 patris
709 1752 747 1779 tui
767 1757 791 1779 et
802 1752 898 1778 matris
914 1755 966 1778 tute
979 1759 1029 1777 non

239 1798 409 1832 rliscooperies
420 1819 426 1828 ,
441 1799 535 1825 eadem
552 1802 579 1825 et
592 1798 619 1825 in
638 1798 867 1833 subsequentibus
881 1798 915 1825 de
932 1805 1030 1825 nover-

239 1851 281 1876 ca,
297 1848 325 1869 et
341 1850 444 1875 sorore,
463 1849 489 1870 et
504 1851 587 1876 nuru,
605 1848 633 1870 et
645 1843 706 1870 aliis
721 1843 859 1875 omnibus,
883 1843 1029 1870 revelatio—

239 1897 301 1916 nem
319 1889 496 1924 turpitudinis
521 1890 619 1917 borum
636 1889 859 1924 eonjunctionem
877 1889 1027 1924 appellans.

238 1935 277 1962 Ex
297 1936 350 1963 hoc
376 1944 502 1964 sermone
515 1937 651 1968 erubesci,
668 1940 696 1963 et
711 1936 809 1969 averti,
826 1935 884 1963 sive
903 1935 966 1962 odio
979 1935 1028 1962 lia-

236 1982 293 2009 beri
310 1982 392 2010 debet
406 1984 496 2010 omnis
514 1983 670 2018 liujusmodi
684 1982 786 2010 faciens
801 1983 935 2010 actiones.

272 2029 401 2056 Similiter
416 2035 440 2056 et
458 2030 525 2057 illud
548 2035 692 2064 opportune
707 2030 862 2056 intuendum
882 2034 928 2060 est,
960 2030 1029 2060 quod

236 2076 340 2102 dicens:
357 2076 449 2103 Omnis
463 2077 539 2103 homo
559 2078 594 2104 ad
607 2078 757 2112 proximam
773 2077 909 2111 sanguinis
921 2076 962 2102 sui
978 2084 1028 2102 non

236 2123 350 2153 accedet,
365 2127 394 2148 ut
405 2122 499 2149 revelct
517 2123 706 2157 turpitudinem
725 2123 791 2157 ejus.
808 2121 937 2149 Addidit:
971 2121 1027 2156 Ego

235 2168 372 2196 Dominus.
392 2170 426 2196 Et
442 2170 506 2204 quid
529 2178 597 2206 opus
615 2175 673 2198 erat
686 2171 738 2197 hoc
753 2170 825 2203 addi,
845 2178 906 2198 cum
928 2170 1025 2202 semel,

235 2218 262 2241 et
278 2215 330 2242 hoc
346 2215 425 2243 initio
441 2217 583 2251 praesentis
600 2217 750 2244 sanctionis
771 2216 889 2244 dixerit:
906 2216 962 2251 Ego
977 2215 1026 2242 Do-

235 2263 321 2290 minus
346 2262 416 2290 Deus
436 2265 537 2290 vester?
552 2263 606 2291 Sed
627 2270 721 2300 aperte
737 2265 802 2291 illud
815 2265 946 2296 ostendit,
961 2264 1024 2298 quia

233 2307 257 2335 is
269 2308 314 2343 qui
330 2308 389 2336 lucc
406 2309 506 2341 sanxit,
523 2309 580 2344 ipse
600 2313 641 2336 est
659 2309 705 2344 qui
718 2309 796 2336 nobis
808 2317 891 2337 carne
905 2309 1024 2344 conjun-

233 2359 293 2381 ctus
306 2359 359 2387 est,
379 2359 534 2391 nostraeque
553 2355 725 2390 cognationis
746 2355 862 2383 eﬁectus
877 2359 920 2383 est
940 2355 1026 2390 parti-

233 2409 308 2436 ceps.
325 2401 402 2428 Unde
427 2402 559 2437 injustum
576 2406 620 2429 est
634 2406 664 2429 ut
687 2401 904 2436 magnitudinem
925 2409 1026 2436 cogna-

232 2447 314 2473 tionis
328 2448 387 2483 cjus
409 2449 581 2482 injuriemus.
603 2449 671 2476 Cum
687 2455 777 2475 autem
801 2449 858 2476 lucc
876 2449 913 2476 ita
929 2456 958 2476 se
978 2449 1026 2475 lia-

232 2491 324 2523 bcaut,
347 2493 553 2528 intelligendum
578 2498 620 2521 est
645 2493 745 2521 sanciri
771 2494 954 2529 spiritaliter:
971 2501 1026 2520 non

232 2539 290 2565 vult
333 2539 406 2566 enim
435 2548 486 2567 nos
526 2540 652 2568 revelare
681 2541 810 2576 qnzelibet
848 2544 979 2575 peccata.
1011 2548 1026 2567 a

232 2586 365 2620 cognatis,
391 2586 521 2614 amicisve
547 2587 627 2615 nobis
642 2595 702 2622 qua:
727 2588 829 2615 credita
845 2587 955 2617 fuerint,
975 2593 1027 2613 nec

231 2632 347 2666 prodere
365 2637 458 2667 turpes
471 2633 593 2661 actiones
608 2634 726 2666 illorum,
744 2641 779 2661 ne
803 2634 873 2661 forte
891 2634 1027 2668 patiamur

231 2677 304 2714 quod
328 2677 425 2710 Cliam,
449 2679 495 2714 qui
525 2680 610 2713 patris
634 2681 785 2708 nuditatem
814 2680 911 2707 videns
921 2680 954 2712 ‘°,
971 2687 1024 2706 non

230 2727 383 2761 cooperuit,
399 2728 446 2754 sed
461 2727 591 2755 fratribus
602 2729 745 2764 egrediens
753 2727 890 2763 patefecit.
904 2726 932 2753 in
949 2730 1025 2761 patre

230 2780 296 2808 ergo
310 2777 338 2799 et
353 2778 451 2806 matre,
470 2778 497 2800 ct
514 2781 619 2806 sorore,
639 2782 817 2810 quoscunque
840 2773 909 2801 alios
925 2778 1024 2805 cogna-

264 2876 288 2892 “
309 2877 387 2904 Num.
407 2886 468 2908 xxv,
487 2878 530 2904 lil.
586 2878 607 2893 ³⁷
620 2878 689 2904 Osce
706 2885 754 2907 \‘tl,
773 2877 798 2903 ll.

229 2910 253 2930 “
265 2911 275 2939 l
289 2912 352 2941 Cor.
369 2921 420 2947 ιιι,
440 2913 481 2939 l2.
522 2913 543 2928 ι³
557 2911 635 2940 Rom.
653 2920 711 2946 xui,
727 2913 808 2946 9,10.

845 2879 866 2894 ³⁸
885 2878 955 2906 Osce
977 2886 1013 2911 iv,
1033 2878 1074 2906 ll.

1093 273 1189 307 accipi.
1204 273 1242 300 De
1255 273 1354 307 quibus
1366 271 1466 300 Paulus
1481 271 1547 299 dicit
1560 281 1566 298 :
1584 270 1734 298 Sermonem
1751 277 1783 296 ne
1796 269 1883 295 incre-

1091 320 1205 354 pavcris,
1221 321 1266 347 sed
1285 320 1388 346 obsecra
1415 323 1443 346 ut
1462 323 1574 353 patrem,
1594 317 1704 351 juvenes
1729 319 1766 343 ut»
1775 316 1882 350 fratres,

1091 374 1158 393 anus
1186 371 1213 392 ut
1239 371 1346 398 matres,
1374 364 1530 399 juvenculas
1553 368 1581 390 ut
1599 370 1700 390 sorores
1717 362 1750 388 ⁸⁸.
1778 361 1882 388 Deinde

1090 417 1216 440 cunctam
1246 413 1334 444 nobis,
1362 413 1407 447 qui
1435 412 1529 439 ﬁdeles
1551 418 1656 441 sumus,
1677 416 1739 436 cum
1751 407 1882 434 omnibus

1089 460 1135 494 qui
1157 459 1280 494 ejusdem
1294 463 1358 486 sunt
1376 458 1448 490 ﬁdei,
1466 457 1629 492 conquirere
1645 455 1760 489 cupiens
1779 461 1880 489 cogna-

1090 506 1204 537 tionem,
1227 505 1266 532 sic
1282 512 1376 532 rursus
1391 504 1459 532 dicit
1474 502 1572 531 :Multi
1588 509 1669 528 unum
1684 508 1777 534 corpus
1789 508 1880 526 sumus

1088 551 1116 578 in
1131 551 1244 583 Christo,
1255 550 1352 585 singuli
1374 554 1473 580 autem,
1499 548 1568 575 alter
1595 547 1704 573 alterius
1720 545 1836 572 membra
1845 544 1878 570 δ’.

1088 597 1166 625 Unde
1183 602 1209 625 et
1232 597 1355 632 impium,
1380 595 1501 623 revelare
1514 593 1661 628 cujuslibet
1686 591 1878 627 praedictorum

1088 644 1296 679 turpitudinem,
1310 642 1471 678 appellavit,
1489 641 1552 676 quia
1564 639 1695 675 spiritalis
1708 638 1879 674 cognationis

1087 690 1275 725 prtevaricatio
1290 689 1324 716 ad
1341 688 1483 716 Dominum
1497 686 1594 718 tendit,
1609 690 1752 721 postquam
1765 692 1826 711 cum
1845 692 1879 712 eo
1894 688 1901 695 “

1088 737 1220 765 habemus
1243 736 1434 772 cognationem
1465 733 1582 761 vinculis
1605 732 1805 768 spiritualibus.
1824 731 1878 758 γε·

1086 788 1239 811 rumtamen
1253 790 1288 809 ne
1312 782 1364 809 hoc
1386 779 1525 815 praterire
1548 781 1657 814 oportet
1678 785 1741 804 eum
1763 775 1811 810 qui
1835 776 1878 802 di-

1086 831 1202 865 ligenter
1218 828 1365 856 meditatur
1376 827 1443 862 legis
1457 825 1576 861 eloquia,
1588 823 1650 859 quia
1663 822 1814 851 secundum
1832 822 1878 849 Se-

1084 877 1226 912 ptuaginta
1237 875 1331 902 decem
1350 873 1482 909 graduum
1501 871 1674 907 cognationis
1690 877 1835 896 numerum
1849 868 1877 894 in

1086 923 1215 958 praesenti
1237 921 1326 956 posuit
1354 919 1514 955 legislator,
1541 919 1620 953 cujus
1650 916 1756 943 numeri
1785 915 1877 942 omnia

1082 967 1213 995 mandata
1236 970 1301 994 sunt
1316 965 1395 1000 legis,
1407 964 1557 992 ostendens
1569 963 1633 998 quia
1648 961 1772 996 quisquis
1789 960 1878 995 turpi-

1086 1014 1207 1041 tudinem
1232 1012 1345 1043 reVelat,
1373 1010 1531 1040 carnalium,
1549 1008 1743 1044 spiritualium,
1769 1007 1810 1034 vcl
1828 1015 1877 1034 co-

1085 1065 1240 1096 gnatorum,
1261 1059 1344 1085 totius
1358 1057 1424 1092 legis
1439 1055 1579 1082 invenitur
1595 1062 1656 1081 esse
1679 1059 1876 1089 transgressam

1084 1105 1190 1140 Quare?
1202 1105 1265 1140 quia
1284 1104 1403 1131 alienum
1426 1106 1468 1129 est
1482 1109 1497 1129 a
1515 1101 1648 1129 cliaritate
1663 1100 1736 1135 quod
1748 1100 1803 1134 agit
1815 1107 1878 1134 qua:

1084 1158 1125 1180 est
1136 1153 1203 1188 legis
1223 1151 1375 1187 plenitudo.
1404 1148 1460 1175 Hoc
1473 1152 1516 1176 est
1544 1148 1617 1183 quod
1632 1147 1670 1174 ait
1684 1146 1803 1173 Paulus:
1817 1145 1877 1172 Non

1083 1200 1266 1228 adulterabis:
1284 1198 1342 1225 Non
1370 1197 1485 1224 occides:
1501 1195 1559 1222 Non
1579 1194 1679 1229 furtum
1700 1193 1779 1228 facies
1791 1200 1800 1218 :
1817 1191 1877 1219 Non

1083 1246 1255 1280 concupisces.
1275 1244 1308 1271 Et
1333 1244 1356 1270 si
1382 1242 1452 1277 quod
1469 1246 1506 1268 est
1522 1240 1598 1267 aliud
1612 1239 1778 1269 mandatum.
1792 1237 1877 1264 inlioc

1082 1293 1158 1319 verbo
1182 1293 1348 1318 instauratur
1370 1298 1379 1316 :
1405 1289 1503 1324 Diliges
1526 1287 1675 1322 proximum
1707 1289 1781 1311 tuum
1807 1284 1875 1309 sicut

1083 1340 1205 1373 teipsum.
1223 1337 1333 1364 Dilectio
1346 1336 1460 1371 proximi
1476 1334 1576 1361 malum
1594 1340 1646 1359 non
1661 1335 1796 1366 operatur.
1812 1329 1876 1356 Ple-

1083 1388 1173 1414 nitudo
1188 1394 1248 1421 ergo
1263 1385 1326 1420 legis
1335 1388 1371 1410 est
1382 1383 1486 1410 dilectio
1493 1381 1526 1407 ".
1552 1379 1662 1406 Planior
1679 1382 1770 1405 autem
1786 1376 1821 1404 sit
1833 1376 1874 1402 in-

1083 1433 1217 1465 tellectus,
1230 1431 1251 1459 si
1266 1432 1351 1466 ipsam
1371 1433 1574 1464 perscrutemur
1584 1427 1713 1453 litteram.

1117 1480 1209 1507 Omnis
1222 1480 1298 1506 homo
1310 1479 1344 1505 ad
1352 1480 1499 1512 proximam
1510 1474 1647 1510 sanguinis
1658 1473 1698 1500 sui
1710 1481 1760 1499 non
1767 1471 1874 1498 accedet

1083 1532 1110 1554 ut
1132 1525 1225 1553 revelat
1241 1524 1429 1559 turpitudinem
1444 1522 1511 1557 ejus.
1530 1522 1565 1549 Ut
1587 1528 1642 1548 non
1663 1518 1825 1546 accedamus
1840 1516 1875 1543 ad

1044 1578 1065 1607 ο
1083 1578 1212 1609 cognatos
1234 1572 1261 1599 ili
1276 1571 1334 1606 lege
1359 1569 1528 1605 cognationis
1547 1569 1754 1603 praesumentes,
1773 1567 1800 1591 ct
1825 1571 1875 1598 per

1082 1621 1134 1647 hoc
1143 1627 1190 1647 eos
1204 1621 1351 1650 tentantes,
1368 1625 1400 1644 ac
1415 1616 1516 1643 deinde
1531 1615 1653 1642 actiones
1668 1618 1762 1639 eorum
1777 1615 1873 1644 turpes

1081 1670 1287 1703 cognoscentes,
1299 1664 1447 1700 prodamus
1463 1670 1519 1689 eos.
1537 1661 1615 1689 Unde
1627 1664 1654 1687 et
1670 1658 1752 1685 nimis
1767 1663 1871 1691 oppor-

1082 1719 1147 1742 tune
1170 1712 1291 1746 subdidit
1310 1720 1317 1737 :
1338 1711 1394 1746 Ego
1421 1709 1559 1736 Dominus.
1579 1707 1609 1734 Id
1627 1710 1669 1733 est
1693 1703 1873 1732 manifestans

1082 1760 1223 1788 hominum
1246 1762 1366 1793 peccata,
1383 1763 1555 1792 quaacunquc
1572 1751 1689 1780 confessi
1708 1750 1809 1777 fuerint
1825 1752 1874 1780 ;ct

1080 1806 1184 1835 orando
1200 1804 1387 1840 exposuerint,
1409 1808 1503 1838 tegens
1517 1805 1545 1828 et
1569 1799 1717 1834 dissipans,
1738 1797 1773 1824 ita
1791 1799 1822 1822 ut
1837 1802 1874 1821 ne

1079 1854 1189 1889 quidem
1199 1852 1343 1887 vestigium
1358 1857 1452 1877 eormn
1465 1847 1624 1883 reperiatur.
1635 1845 1703 1878 Quia
1719 1850 1784 1878 ergo
1799 1840 1874 1868 mul-

1056 1929 1061 1936 ,
1080 1887 1138 1928 tum
1154 1907 1248 1927 eorum
1261 1906 1321 1933 qua:
1337 1904 1409 1923 nunc
1429 1895 1532 1923 sancita
1554 1898 1626 1923 sunt,
1650 1891 1755 1918 lucrum
1774 1887 1874 1916 didici-

1080 1954 1152 1977 mus,
1170 1946 1202 1972 ad
1219 1952 1249 1971 ca
1265 1951 1326 1978 qua:
1342 1945 1495 1976 sequuntur
1511 1944 1693 1966 transeamus.

1115 1992 1313 2027 Turpitudinem
1328 1989 1416 2016 uxoris
1435 1995 1486 2014 tute
1503 1990 1526 2013 et
1552 1985 1615 2020 ﬁlia:
1632 1983 1689 2018 ejus
1704 1990 1755 2008 non
1770 1979 1872 2007 revela-

1080 2039 1128 2071 bis,
1147 2042 1170 2064 ct
1185 2037 1270 2072 [ilium
1283 2035 1332 2069 ﬁlii
1346 2034 1413 2069 ejus,
1429 2038 1453 2059 et
1465 2031 1550 2066 ﬁliam
1566 2029 1629 2064 ﬁlia:
1644 2028 1700 2062 ejus
1712 2034 1764 2053 non
1772 2032 1872 2055 sumes,

1081 2089 1108 2111 nt
1131 2082 1226 2110 revelcs
1246 2080 1420 2116 ignominiam
1437 2078 1504 2112 ejus,
1516 2077 1578 2112 quia
1594 2083 1655 2102 curo
1673 2073 1745 2100 illius
1756 2075 1827 2102 sunt,
1846 2074 1872 2096 et

1080 2129 1141 2156 talis
1156 2129 1240 2156 coitus
1251 2128 1363 2154 incestus
1376 2129 1424 2152 est.
1441 2122 1629 2151 Necessarium
1643 2127 1707 2155 ergo
1724 2119 1776 2145 hoc
1792 2124 1872 2144 man-

1079 2176 1171 2203 datum
1182 2174 1321 2210 lcgislator
1331 2172 1422 2208 posuit
1437 2180 1443 2198 ε
1456 2178 1501 2205 qui
1512 2170 1585 2197 enim
1600 2175 1662 2196 cum
1675 2171 1760 2194 matre
1773 2168 1801 2191 et
1816 2163 1872 2210 ﬁlia

1078 2209 1220 2252 miscetur,
1244 2224 1272 2247 et
1293 2219 1328 2246 de
1349 2222 1463 2252 utraque
1486 2216 1555 2243 lilios
1579 2216 1702 2250 generat,
1728 2209 1873 2238 confundit

1080 2268 1139 2303 ipse
1156 2266 1356 2302 generationes.
1372 2263 1424 2297 Qui
1436 2262 1509 2290 enim
1521 2261 1554 2289 de
1570 2265 1657 2288 matre
1668 2259 1692 2286 ei
1704 2259 1873 2293 generantur

1078 2301 1136 2346 ﬁlii,
1156 2301 1255 2340 iratres
1282 2318 1377 2338 eorum
1394 2309 1440 2344 qui
1465 2311 1631 2344 generantur
1652 2313 1685 2332 ex
1699 2303 1792 2331 uxoris
1816 2301 1873 2328 ﬁlia

1078 2359 1159 2388 simul
1187 2363 1270 2394 atque
1296 2358 1323 2385 hi
1347 2357 1425 2384 ﬁunt.
1443 2356 1591 2389 Patresque
1613 2353 1738 2381 similiter
1764 2353 1791 2376 et
1814 2349 1870 2380 avi,

1077 2407 1187 2442 quando
1196 2414 1257 2434 cum
1273 2410 1369 2437 matre,
1384 2408 1412 2431 et
1431 2403 1491 2438 ejus
1505 2407 1587 2437 nepte
1599 2401 1692 2428 coiens
1707 2403 1784 2434 pater
1799 2397 1871 2424 ﬁlio-

1079 2462 1150 2485 rum,
1170 2453 1215 2488 qui
1237 2461 1269 2480 ex
1295 2456 1408 2486 utraque
1430 2450 1514 2486 geniti
1538 2454 1612 2481 sunt,
1635 2448 1717 2475 fuerit
1742 2446 1870 2473 ell‘ectus.

1077 2501 1134 2528 Non
1150 2504 1240 2527 autem
1254 2499 1360 2530 matris,
1376 2503 1404 2525 et
1417 2497 1487 2529 ﬁlitc,
1507 2501 1536 2524 et
1551 2495 1642 2530 neptis
1658 2492 1869 2528 turpitudinem,

1078 2547 1177 2574 malum
1196 2545 1371 2576 desiderium,
1392 2543 1582 2577 actionemque
1595 2548 1626 2568 cx
1639 2539 1777 2567 desiderio
1789 2535 1871 2572 geni-

1077 2597 1131 2619 tam
1147 2590 1342 2626 inlelligamus,
1358 2596 1418 2624 quae
1435 2588 1468 2615 ad
1484 2587 1619 2615 actionem
1634 2585 1713 2612 aliam
1731 2582 1872 2618 egreditur

1076 2636 1263 2672 maligniorcm
1289 2639 1371 2670 atque
1398 2634 1541 2668 majorem.
1568 2632 1614 2659 Ait
1636 2631 1709 2658 enim
1732 2628 1868 2656 Jacobus:

1077 2682 1290 2716 Concupiscentia
1306 2689 1364 2708 cum
1384 2685 1509 2715 concepta
1525 2679 1614 2714 fuerit,
1630 2677 1703 2712 parit
1719 2679 1868 2710 peccatum,

1079 2733 1214 2763 peccatum
1231 2733 1318 2755 autem
1336 2735 1394 2753 cum
1412 2730 1623 2753 consummatum
1637 2724 1715 2759 fuerit
1732 2742 1739 2754 ,
1760 2725 1868 2756 generat

1078 2779 1186 2802 mortem
1199 2774 1220 2789 “
1239 2783 1244 2800 :
1261 2781 1321 2808 qua).
1341 2777 1383 2800 est
1402 2771 1530 2799 desiderii
1550 2778 1648 2806 nepos,
1662 2769 1734 2804 quod
1755 2767 1803 2795 tibi
1823 2773 1869 2793 se-

1395 2876 1416 2892 “
1433 2875 1501 2904 Gen.
1521 2882 1547 2908 ι,
1563 2873 1608 2901 ‘22.
1635 2873 1668 2888 ⁷⁸⁸
1687 2867 1818 2905 1Τὶιη,ι³,
1836 2869 1864 2897 Ξ.

1115 2878 1137 2894 ³ο
1149 2877 1252 2904 .lcrem.
1271 2884 1310 2909 Ill,
1329 2876 1355 2903 5.
