2052 3146
185 173 252 205 1013

765 182 803 212 [Ν
825 182 1045 213 LEVlTlCUM.
1059 193 1093 198 -’-
1113 181 1185 210 LIB.
1202 181 1233 213 V.

1753 176 1818 208 10H

185 230 305 257 cundum
331 233 416 266 ipsam
440 232 582 262 historiam
606 239 634 262 ct
664 235 832 272 Scripturatn
854 237 974 265 divinam
991 242 1012 270 Α
1028 236 1204 264 dimittantur
1213 245 1256 264 vos
1271 245 1322 263 non
1337 237 1408 268 bene.
1420 237 1466 263 sed
1479 236 1615 264 excludere
1623 244 1666 263 vos
1681 235 1767 262 rolunt
1782 236 1814 262 ⁸⁸.

186 277 373 305 ostendemus.
386 279 552 315 Concupivit
567 289 633 316 ergo
645 282 729 310 David
750 283 819 311 Uria:
837 292 951 311 uxorem
966 293 972 310 :

186 331 250 350 ccce
285 324 387 357 peccati
403 329 490 352 mater
513 327 745 362 concupiscentia.
771 329 974 364 Concupiscens

186 370 337 397 tnmcltatus
354 375 395 398 est
412 377 546 399 :tnatrem
564 373 616 400 filia
632 375 775 402 subsecuta
791 380 843 402 est.
860 376 974 404 Adulte-

187 421 262 443 ratns
292 417 414 445 occidit:
441 419 557 452 pessima
580 421 808 454 concupiscentia
825 421 972 449 mortiferae

185 469 244 495 qius.-
270 463 409 496 prmcessit
437 464 536 499 neptis.
563 465 636 491 Nihil
658 473 722 501 ergo
746 466 841 494 horum
860 467 973 495 revelari

186 507 260 534 vult:
273 515 362 542 neque
370 509 441 536 enim
452 514 559 544 oportet
570 511 755 545 proximorum
767 513 842 547 prodi
853 518 972 548 peccata,

185 554 232 580 sed
255 553 397 582 admoneri
415 555 500 591 magis
520 564 577 589 eos,
600 562 627 584 et
644 557 678 585 ad
695 559 854 585 memoriam
880 567 973 587 eorum

185 606 323 631 revocare,
348 607 410 626 cum
428 601 500 628 dicat
519 603 666 636 Apostolus
681 612 687 630 :
704 602 823 635 Fratres,
835 605 858 631 si
884 605 975 639 depre-

186 644 279 671 hensus
295 645 373 679 fuerit
395 647 451 681 quis
469 655 501 674 ea;
512 647 580 674 vobis
602 649 629 675 in
643 649 733 684 aliqua
753 650 857 682 delicto,
874 659 918 678 eos
931 652 975 685 qni

185 690 319 724 spiritales
331 692 402 723 estis,
417 693 538 721 iustruite
553 694 705 729 hujusmodi
724 696 750 722 in
772 697 866 730 spiritu
878 697 973 725 lenita-

188 736 230 768 tis,
257 738 426 764 considerans
443 739 564 771 teipsum,
580 749 611 767 ne
630 746 654 768 et
677 747 706 768 tu
727 743 832 770 tenteris
844 743 876 769 ⁸⁸.
894 743 975 771 Vides

186 782 248 816 quia
263 790 318 808 non
337 783 435 810 frustra
449 785 585 820 legislator
604 787 713 814 dicebat
730 797 735 814 :
753 787 822 816 Caro
842 793 886 815 tua
902 794 972 817 sunt.

185 826 340 854 Ostendcns
358 829 420 862 quia
441 835 586 865 cognatum
608 832 688 859 nobis
710 834 921 868 quodatnmodo,
947 840 976 862 et

185 872 317 900 familiare
330 879 382 906 est,
403 882 526 909 peccare,
544 882 654 912 propter
669 879 739 912 quod
755 880 872 913 compati
896 880 974 908 nobis

1026 282 1094 314 Quia
1111 287 1202 310 autem
1220 289 1276 309 non
1299 281 1418 308 Ecclesia
1442 281 1610 317 Synagogam
1632 280 1745 313 zelatur,
1768 281 1815 307 sed

1026 326 1084 360 ipsa
1098 334 1112 352 a
1126 326 1264 361 Synagoga
1276 326 1363 353 zelum
1374 325 1485 361 patitur,
1495 325 1668 353 manifestum
1681 330 1721 352 est
1735 333 1769 352 ex
1784 333 1817 352 eo

1027 371 1099 405 quod
1114 379 1169 398 non
1179 372 1298 399 secunda
1314 379 1381 398 uxor
1393 372 1498 406 primat,
1510 372 1557 399 sed
1573 372 1660 406 prima
1673 371 1771 398 aemula
1783 372 1818 398 sit

1027 417 1153 444 secundm
1164 437 1172 449 ,
1195 417 1266 445 sicut
1285 425 1318 444 ex
1330 418 1465 445 desiderio
1479 418 1530 444 viri
1539 418 1760 454 subingrediente
1772 426 1817 445 so-

1026 464 1062 490 let
1074 473 1080 489 :
1091 463 1251 491 undeetLia
1261 463 1398 490 zelabatur
1408 463 1519 490 Rachel.
1536 462 1605 490 Vide
1625 468 1716 491 autem
1728 464 1817 498 qualia

1027 509 1161 544 lcgislator
1184 509 1323 536 subdidit:
1345 509 1453 541 Etcum
1477 509 1612 536 dixisset:
1630 509 1670 536 Da
1696 510 1759 536 milii
1783 510 1816 536 de

1027 555 1209 590 mandragoris
1235 555 1285 589 ﬁlii
1299 556 1347 586 tui,
1363 555 1666 590 responditzParumne
1677 556 1722 582 tibi
1744 556 1818 582 vide-

1027 604 1071 626 tur
1082 601 1151 634 quod
1163 600 1332 634 prceripueris
1349 601 1475 626 "teritum
1484 601 1546 627 mihi
1556 601 1599 628 5‘?
1615 601 1714 636 Aperte
1726 606 1817 628 autent

1028 645 1086 672 haec
1100 646 1255 674 aemulantis
1267 647 1349 673 verba
1360 651 1434 674 sunt.

1063 690 1144 718 Vens.
1158 691 1253 719 19-23.
1277 701 1285 716 ι
1310 692 1349 719 Ad
1370 692 1513 720 mulierem
1530 700 1590 727 qua:
1617 693 1718 728 patitur
1741 701 1818 721 men-

1027 740 1100 762 strua
1116 743 1169 762 non
1186 737 1310 769 accedes,
1326 738 1488 765 necreveles
1497 737 1647 766 fmditatem
1664 739 1734 774 ejus.
1749 739 1817 767 Cum

1027 789 1111 809 uxore
1131 782 1246 817 proaimi
1264 783 1300 809 tui
1320 791 1374 810 non
1392 783 1486 815 coibis,
1506 792 1558 812 nec
1574 785 1686 812 seminis
1702 786 1816 813 cornuti-

1027 827 1114 854 stione
1125 827 1314 856 maculaberis.
1332 829 1369 856 De
1377 829 1480 857 semine
1490 834 1535 857 tuo
1548 838 1602 858 non
1615 831 1692 858 dabis
1703 837 1729 859 ut
1751 839 1817 859 con-

1027 879 1149 900 secretur
1158 873 1229 903 idolo
1239 873 1354 907 Moloeb,
1366 884 1375 900 ι
1395 875 1447 907 vel,
1466 876 1616 904 secundum
1629 876 1816 912 Septuaginta.

184 919 300 946 invicem
311 920 443 948 debemus
454 927 609 956 peccantes.
621 923 686 950 Nam
700 924 800 953 Paulus
813 926 973 961 dispensans

1028 919 1126 947 Prwsto
1149 929 1203 948 esse
1220 921 1344 955 principi.
1364 931 1373 947 ‹
1395 921 1450 949 Nec
1466 922 1570 957 pollues
1587 931 1687 950 nomen
1702 923 1750 951 Dei
1767 924 1816 951 tui.

184 965 236 992 hoc
247 966 318 1000 quod
335 974 409 994 nunc
423 967 523 995 dictum
539 975 588 998 est.
601 970 721 998 subdidit
736 980 743 998 :
762 971 875 999 Invicem
894 981 974 1000 onero

181 1016 269 1037 vestra
299 1017 412 1045 portate,
434 1019 457 1040 et
479 1015 516 1040 sic
531 1015 708 1050 adimplebitis
729 1017 810 1052 legem
828 1017 925 1045 Christi
939 1019 972 1045 “.

182 1055 243 1089 lpse
255 1063 320 1091 ergo
337 1063 447 1091 peccata
459 1064 550 1086 nostra
566 1061 696 1094 portavit.
710 1061 761 1093 Qui
788 1067 879 1090 autem
904 1071 974 1092 onus

183 1102 297 1135 proximi
314 1107 413 1137 portat,
429 1109 456 1131 et
473 1106 585 1140 suscipit
599 1106 624 1133 in
639 1108 787 1143 semetipso
806 1109 896 1137 fratris
908 1118 973 1145 pec-

181 1152 251 1177 cata.
268 1156 322 1175 non
338 1149 397 1177 [nec
412 1151 512 1185 prodit,
533 1159 585 1179 nec
600 1153 712 1186 revelat,
726 1155 774 1181 sed
800 1155 884 1190 magis
897 1157 973 1184 cohi-

181 1193 236 1224 bet,
250 1198 278 1220 et
291 1195 381 1223 verbis
394 1197 600 1225 medicinalibus
611 1204 699 1232 curat,
713 1204 741 1227 et
753 1200 825 1228 sicut
836 1202 973 1236 propriam

181 1239 367 1268 infirmitatem
383 1243 619 1271 exhortationibus
631 1245 757 1280 benignis
770 1247 904 1275 exhaurit.
918 1248 974 1275 Un-

180 1285 214 1312 de
229 1287 361 1320 propheta
375 1288 460 1316 Isaias
468 1289 502 1317 de
515 1289 655 1318 Salvatore
665 1292 758 1319 dicens
770 1301 776 1318 :
789 1293 852 1320 Vere
863 1300 973 1328 peccata

180 1335 270 1357 nostra
283 1332 338 1365 ipse
351 1334 475 1367 portavit,
487 1335 607 1363 subdidit
620 1345 626 1362 :
638 1336 671 1363 Et
680 1345 728 1370 pro
738 1340 974 1373 transgressoribus

181 1378 281 1412 rogavit
297 1379 329 1406 ⁸⁷.
342 1379 428 1416 Allligi
451 1381 532 1416 igitur
544 1386 571 1409 et
588 1390 695 1417 gemere
708 1384 839 1412 debemus
857 1393 906 1420 pro
932 1386 972 1413 eis

181 1423 226 1457 qui
243 1423 276 1450 ad
295 1432 404 1458 pravam
425 1434 546 1460 operam,
564 1428 810 1464 cogitationemque
837 1432 972 1466 progressi

181 1474 255 1501 sunt,
272 1478 324 1496 non
342 1476 433 1498 autent
451 1473 508 1500 haec
525 1475 708 1503 manifestare.

219 1514 288 1543 Vens
309 1516 349 1544 l8.
368 1526 377 1543 ι
393 1517 520 1546 Sororem
533 1521 626 1548 uxoris
639 1525 690 1548 tute
706 1521 733 1548 in
745 1523 899 1557 pellicatum
912 1525 973 1560 ejus

182 1568 236 1587 non
243 1561 372 1596 accipies,
389 1571 440 1591 nec
447 1565 581 1593 revelabis
592 1566 787 1601 turpitudinem
801 1570 870 1605 ejus,
882 1571 974 1598 adhuc
989 1584 1009 1612 ε

183 1606 226 1632 ila
245 1607 362 1635 vivente.
388 1619 397 1634 ι

219 1652 302 1680 ltecte
317 1653 374 1681 haec
383 1655 588 1691 praecipiuntur,
599 1666 664 1693 quia
676 1660 702 1687 in
720 1668 787 1695 pace
801 1662 910 1690 vocavit
922 1671 974 1691 nos

183 1700 313 1728 Dominus
326 1702 406 1730 Deus.
426 1703 477 1736 Qui
492 1705 564 1732 enim
584 1714 645 1734 cum
663 1708 791 1736 omnibus
813 1717 863 1737 nos
878 1718 973 1745 pacem

182 1745 282 1774 habere
298 1749 367 1780 vult,
387 1748 468 1776 etiam
481 1758 528 1784 per
541 1751 653 1779 Paulum
672 1753 765 1781 dicens
781 1763 787 1781 :
801 1753 832 1782 Si
852 1756 974 1790 possibile

180 1797 229 1822 est.
247 1794 316 1828 quod
334 1802 365 1822 ex
378 1796 448 1822 vobis
463 1802 510 1830 est,
526 1806 585 1824 cum
597 1799 716 1826 omnibus
728 1800 874 1828 hominibus
884 1810 974 1836 pacem

180 1838 272 1866 habete
287 1840 319 1873 ⁸⁸,
335 1842 420 1869 multo
443 1843 527 1878 magis
545 1845 663 1879 placatos
683 1853 734 1873 nos
751 1846 808 1873 vult
827 1854 887 1875 esse
911 1855 972 1875 cum

180 1885 324 1920 proximis,
339 1888 412 1921 quod
427 1889 572 1921 subvertit,
593 1890 616 1917 si
627 1891 707 1919 simul
722 1892 784 1926 quis
798 1893 874 1919 uxori
894 1901 973 1920 soro-

182 1931 258 1966 rique
273 1932 332 1966 ejus
341 1933 479 1969 jungatur,
500 1940 530 1962 ut
544 1943 652 1964 sorores
666 1937 746 1964 simul
759 1938 892 1970 habitent,
908 1943 974 1966 etut

182 1977 252 2004 inter
258 1978 340 2006 simul
348 1979 502 2008 habitantes
509 1982 642 2009 excitetur
650 1983 734 2015 zelus,
751 1984 823 2011 unde
834 1984 973 2011 contentio

182 2024 294 2059 rixaque
309 2031 463 2060 generatur.
480 2027 544 2055 Post
563 2028 615 2056 hoc
629 2029 670 2056 lex
686 2029 752 2057 illud
771 2030 902 2065 praecipit,
917 2038 972 2058 non

180 2075 308 2104 oportere
319 2071 346 2098 in
358 2071 471 2100 Judaica
484 2074 693 2102 conversatione
706 2075 917 2103 ecclesiasticam
928 2083 973 2103 ac-

181 2113 284 2147 cipere,
296 2123 346 2142 nec
357 2117 437 2143 simul
451 2118 561 2152 pascha.
578 2119 649 2154 quod
665 2119 692 2146 in
707 2119 792 2155 ﬁgura
806 2125 848 2148 est
862 2129 924 2148 cum
940 2129 973 2148 eo

180 2163 252 2196 quod
262 2169 304 2190 est
313 2163 493 2200 intelligibile,
503 2167 651 2200 celebrare,
661 2175 712 2195 nec
723 2168 897 2196 festivitatem
911 2177 973 2205 azy-

180 2216 288 2236 morum
310 2211 491 2244 celebrantes,
507 2214 607 2242 Christi
622 2215 700 2249 panis
721 2222 827 2243 cmnam
849 2223 970 2249 sumere,

1026 965 1081 1001 Ego
1092 966 1230 993 Dominus.
1250 967 1317 994 Cum
1335 968 1455 995 masculo
1471 976 1527 996 non
1544 968 1664 997 dormies
1681 969 1754 997 coitu
1777 969 1818 996 fc-

1026 1013 1127 1044 mineo,
1140 1012 1203 1047 quia
1219 1013 1386 1041 abominatio
1403 1018 1455 1041 est.
1470 1014 1537 1042 Cum
1555 1015 1629 1043 omni
1650 1023 1748 1050 pecore
1761 1023 1816 1043 non

1025 1057 1121 1090 coibis,
1131 1065 1182 1085 nec
1193 1059 1374 1086 ntaculaberis
1381 1067 1443 1087 cum
1454 1067 1496 1088 eo.
1512 1061 1608 1088 Mulier
1615 1069 1669 1089 non
1689 1069 1817 1089 succum-

1026 1104 1070 1131 bet
1083 1104 1219 1138 jumento,
1233 1112 1286 1133 nec
1300 1106 1460 1134 miscebitur
1473 1107 1508 1139 ei,
1524 1107 1586 1142 quia
1601 1108 1690 1135 scelus
1702 1113 1754 1136 est.
1772 1117 1782 1134 ›

1061 1149 1133 1177 Bene
1148 1150 1207 1178 haec
1228 1151 1462 1186 interpretationis
1482 1154 1552 1188 stylo
1572 1153 1717 1189 conjuncta
1741 1159 1814 1182 sunt.

1025 1194 1148 1223 Praesens
1159 1204 1224 1232 ergo
1238 1197 1399 1232 legislatoris
1420 1198 1535 1227 intentio
1555 1203 1597 1227 est
1610 1207 1625 1226 a
1647 1200 1815 1233 libidinibus,

1025 1245 1053 1268 et
1074 1241 1187 1269 nefariis
1208 1243 1458 1277 commistionibus,
1473 1248 1529 1271 eta
1552 1244 1733 1272 fornicatione
1762 1249 1816 1272 tam

1025 1287 1145 1315 sensibili
1161 1296 1241 1323 quam
1270 1288 1431 1325 inielligibili
1445 1291 1573 1318 cohibere
1587 1298 1649 1318 eum
1662 1291 1708 1326 qui
1719 1291 1817 1327 accipit

1025 1331 1121 1367 legem.
1131 1332 1198 1360 Eum
1212 1339 1356 1370 prepterea
1369 1343 1422 1362 non
1435 1336 1563 1370 praecepit
1577 1336 1602 1363 ei
1620 1344 1681 1371 quae
1696 1337 1724 1364 in
1737 1345 1817 1365 meu-

1027 1378 1094 1404 truis
1107 1380 1259 1407 constituta
1271 1385 1312 1407 est
1324 1384 1436 1415 propter
1451 1381 1629 1416 pollutionem
1642 1382 1816 1415 concubitus,

1025 1428 1121 1452 contra
1132 1425 1218 1461 legem
1231 1426 1350 1458 misceri,
1367 1427 1414 1453 sed
1429 1434 1481 1454 nec
1495 1426 1571 1454 uxori
1586 1427 1702 1462 proximi
1720 1436 1726 1454 :
1739 1428 1817 1455 adul-

1026 1470 1124 1498 terium
1153 1471 1224 1498 enitn
1254 1471 1303 1499 ista
1326 1472 1489 1504 commistio,
1507 1479 1562 1499 non
1589 1472 1743 1508 conjugium
1763 1477 1816 1501 est.

1027 1515 1104 1544 Unde
1115 1524 1176 1544 cum
1192 1517 1322 1545 dixisset:

1061 1561 1128 1589 Cum
1155 1571 1234 1590 uxore
1254 1564 1368 1598 proximi
1385 1565 1424 1592 tui
1443 1573 1493 1592 non
1513 1566 1603 1599 coibis,
1615 1566 1718 1594 addidit
1736 1575 1743 1593 :
1763 1566 1818 1593 Nec

1025 1609 1133 1635 seminis
1161 1610 1343 1637 commistione
1373 1611 1557 1639 maculaberis‘.
1574 1611 1632 1639 Hoc
1656 1613 1816 1647 explanans,

1004 1684 1008 1687 ι
1025 1654 1088 1688 quia
1100 1654 1156 1688 jam
1173 1663 1227 1682 non
1245 1660 1287 1684 est
1305 1656 1480 1692 conjugium;
1496 1665 1586 1693 neque
1598 1658 1671 1685 enim
1686 1658 1818 1693 polluerat

1026 1708 1087 1728 eum
1104 1703 1149 1736 qui
1172 1703 1402 1731 commiscebatur
1417 1712 1423 1736 ;
1438 1704 1501 1739 quia
1517 1704 1678 1732 honorabile
1699 1708 1741 1732 est
1750 1713 1818 1732 con-

1022 1747 1138 1782 jugium,
1156 1752 1183 1774 et
1203 1752 1278 1775 torus
1299 1749 1488 1776 imtnaculatus
1507 1758 1512 1776 :
1536 1749 1585 1776 sed
1608 1756 1670 1776 cum
1696 1749 1818 1776 sensibili

1026 1791 1214 1825 fornicatione,
1225 1798 1252 1821 et
1262 1794 1295 1821 ab
1305 1793 1464 1829 intelligibili
1478 1801 1529 1821 nos
1540 1801 1683 1835 removere
1696 1795 1817 1822 maximo

1025 1839 1116 1866 studio
1140 1839 1245 1872 nititur,
1269 1846 1380 1875 propter
1400 1841 1473 1875 quod
1496 1840 1617 1867 subdidit
1636 1849 1643 1867 :
1662 1840 1701 1867 De
1719 1842 1818 1868 semine

1026 1889 1069 1911 tuo
1091 1893 1143 1912 non
1164 1886 1239 1912 dabis
1259 1886 1355 1913 servire
1373 1886 1482 1916 Moloclt,
1499 1886 1566 1917 sive,
1583 1890 1613 1912 ut
1628 1885 1816 1920 Septuaginta,

1025 1929 1156 1965 Principi.
1175 1930 1225 1958 Cui
1252 1936 1341 1958 autent
1366 1931 1494 1965 principi,
1520 1935 1611 1958 nostra
1637 1931 1778 1958 translatio
1789 1937 1817 1958 et

1025 1975 1122 2010 reliqui
1144 1975 1309 2010 interpretes
1332 1976 1522 2002 ostenderunt.
1536 1975 1589 2010 ipsi
1603 1977 1677 2003 enim
1695 1975 1815 2007 Moloch,

1024 2028 1074 2055 pro
1083 2028 1116 2047 eo
1128 2021 1199 2055 quod
1211 2025 1253 2048 est
1263 2021 1388 2055 principi,
1401 2029 1522 2049 consone
1538 2022 1696 2049 ediderunt.
1712 2021 1815 2048 Idolum

1024 2071 1116 2094 autem
1137 2067 1191 2094 hoc
1219 2067 1304 2094 fuisse
1323 2068 1407 2094 etiam
1432 2068 1589 2102 Stephanus
1604 2068 1627 2083 ⁸¹
1639 2068 1816 2099 concionans,

1024 2114 1139 2141 maxime
1154 2114 1237 2141 Amos
1253 2119 1317 2141 ante
1333 2122 1395 2141 eum
1413 2114 1592 2149 prophetans,
1607 2114 1815 2146 demonstravit,

1024 2160 1062 2186 ait
1076 2160 1149 2187 enim
1163 2169 1170 2186 :
1183 2160 1217 2187 Et
1238 2161 1365 2195 portastis
1387 2160 1587 2188 tabernaculum
1607 2160 1706 2188 Moloclt
1721 2165 1814 2190 vestro.

1023 2211 1047 2232 et
1068 2205 1212 2240 imaginem
1240 2206 1373 2234 idolorum
1398 2211 1555 2240 vestrorum,
1576 2208 1648 2234 sidus
1669 2206 1717 2233 Dei
1737 2207 1816 2234 vestri

179 2262 242 2290 qua:
253 2261 388 2284 summm
398 2263 559 2293 azyma’nec
568 2260 805 2288 circumcisione“,
813 2261 892 2289 simul
904 2270 974 2298 ρτω-
989 2256 1010 2283 1)
1024 2251 1120 2287 fecistis
1135 2252 1205 2279 vobis
1217 2252 1249 2280 ⁵³.
1269 2252 1367 2280 Semen
1385 2258 1475 2281 autem
1491 2261 1547 2280 non
1568 2257 1656 2280 solum
1675 2258 1814 2289 cognatos.

180 2300 271 2329 dicare
280 2307 307 2330 et
316 2303 459 2338 baptisma.
472 2305 660 2334 Memoramini
669 2315 732 2342 ergo
747 2307 819 2335 illius
827 2309 874 2342 qui
883 2308 951 2336 dixit
964 2319 971 2337 :

182 2347 249 2375 Ecce
260 2357 306 2382 ego
313 2349 413 2377 Paulus
421 2352 479 2378 dico
489 2353 569 2385 vobis,
576 2353 598 2379 si
607 2353 843 2387 circumcidamini,
853 2354 972 2382 Christus

180 2394 252 2421 vobis
261 2395 326 2421 nillil
334 2400 438 2429 prodest
447 2397 480 2426 ".
493 2398 546 2425 Sed
559 2403 585 2425 et
598 2398 620 2425 si
632 2399 667 2425 fon
677 2403 701 2426 te
712 2399 774 2434 quis
785 2399 897 2427 Judaica
905 2408 972 2428 con-

180 2440 335 2467 versatione
345 2449 410 2469 usus
420 2446 459 2469 est
466 2462 473 2474 ,
482 2443 643 2478 negligendo
653 2451 712 2470 eam
722 2443 876 2476 mortiﬁcet,
889 2445 915 2472 id
929 2449 972 2472 est

180 2485 303 2512 viliorem
316 2491 396 2521 atque
406 2487 572 2515 ineﬂicacem
586 2489 691 2520 reddat,
708 2492 735 2515 et
747 2493 811 2516 tunc
820 2489 846 2516 ei
858 2497 919 2523 qum
928 2493 971 2516 est

179 2530 309 2559 Ecclesia:
326 2534 483 2565 misceatur,
500 2542 562 2568 quae
581 2542 657 2561 soror
671 2535 753 2568 illius,
763 2542 824 2569 quae
844 2535 969 2562 eamdem

181 2575 268 2610 legem
283 2576 375 2609 habet,
385 2578 551 2614 eosdemque
563 2579 627 2615 legit
638 2579 795 2618 prophetas,
811 2579 860 2606 sed
872 2580 970 2607 aemula

179 2626 232 2654 est,
242 2631 297 2650 non
308 2624 380 2658 quod
396 2624 452 2658 ipsa
464 2625 576 2658 zeletur,
592 2626 638 2653 sed
650 2626 721 2660 quod
736 2626 794 2653 haec
804 2626 874 2653 illius
882 2627 969 2654 zelum

181 2668 299 2702 patiatur
317 2678 322 2696 :
340 2670 403 2705 quia
419 2671 520 2698 divitias
534 2672 593 2705 ejus
607 2672 640 2698 ad
655 2680 704 2699 nos
720 2680 767 2706 per
784 2672 869 2706 ipsam
885 2673 969 2700 devo-

181 2714 244 2742 luue
257 2721 331 2750 sunt,
341 2717 368 2743 in
380 2722 485 2744 tantum
496 2723 522 2744 ut
534 2717 631 2745 Paulus
643 2718 676 2745 de
687 2718 726 2745 his
740 2718 786 2752 qui
799 2726 831 2745 ex
851 2718 969 2746 circurn-

181 2761 284 2789 cisione
293 2767 366 2793 sunt.
380 2763 413 2790 ad
425 2763 532 2791 Galatas
544 2764 588 2798 qui
597 2772 628 2791 ex
635 2764 761 2798 gentibus
769 2767 846 2790 erant
855 2764 968 2791 diceret:

225 2844 247 2861 ⁸³
259 2845 316 2871 Gal.
328 2852 364 2875 γι,
379 2845 400 2871 Ι.

187 2887 251 2909 ιη,
269 2880 308 2905 I5.

439 2844 461 2860 “
475 2845 538 2872 ibid.
551 2846 578 2872 2.
617 2846 638 2862 "
655 2846 705 2872 lsa.
721 2854 778 2874 Llll.
796 2847 812 2872 4
829 2851 855 2873 et
870 2846 911 2872 12.

951 2846 972 2861 ⁵³
985 2847 1063 2872 Rom.
1082 2855 1128 2878 ut,
1153 2848 1193 2875 18.

347 2880 435 2907 "Act.
455 2889 501 2910 vn.
515 2881 558 2908 49.
597 2881 619 2897 ⁵²
635 2881 716 2908 Amos
730 2881 808 2912 V326.
847 2882 868 2896 “
883 2881 891 2907 l
908 2880 975 2907 Tim.
993 2890 1027 2911 γι,
1042 2883 1080 2908 tt).

1024 2298 1071 2325 sed
1089 2305 1199 2325 omnem
1224 2303 1345 2326 nostram
1360 2299 1495 2327 actionem
1517 2305 1545 2326 et
1559 2300 1711 2327 doctrinam
1736 2299 1816 2326 intel-

1024 2345 1147 2380 ligamus,
1174 2349 1271 2373 utnec
1289 2345 1424 2373 actionem
1443 2350 1564 2373 nostram
1584 2345 1681 2372 demus
1706 2344 1738 2371 ad
1757 2352 1816 2372 ser-

1023 2391 1153 2418 viendum
1166 2391 1255 2423 idolis,
1268 2391 1331 2426 quia
1346 2391 1424 2418 radis.
1434 2392 1552 2418 omnium
1568 2391 1699 2418 malorum
1711 2390 1815 2424 cupidi-

1022 2443 1073 2469 tas,
1090 2445 1148 2473 qua
1159 2442 1196 2464 est
1209 2437 1340 2464 idolorum
1347 2438 1457 2464 servitus
1467 2437 1500 2463 “.
1515 2436 1569 2464 Sed
1582 2442 1633 2464 nec
1643 2436 1708 2464 talia
1717 2436 1798 2464 docea
1806 2451 1814 2456 -

1022 2494 1092 2517 Inus,
1103 2493 1164 2520 quae
1175 2485 1209 2512 ad
1222 2485 1324 2512 erroris
1335 2485 1468 2512 idolorum
1479 2485 1648 2520 impietatem
1662 2483 1812 2518 pertinent.

1022 2532 1068 2559 Sic
1086 2531 1158 2558 enim
1177 2530 1304 2566 intelligis
1322 2538 1377 2557 non
1393 2535 1519 2565 oportere
1541 2530 1576 2557 ad
1594 2530 1736 2556 mulierem
1752 2538 1812 2563 qua:

1022 2579 1049 2605 in
1065 2578 1212 2605 menstruis
1223 2577 1372 2604 constituta
1382 2581 1434 2608 est,
1454 2576 1569 2612 ingredi,
1585 2576 1619 2603 ad
1637 2575 1811 2603 revelandam

1022 2626 1218 2661 turpitudinem
1240 2626 1310 2660 ejus,
1327 2630 1357 2652 ut
1376 2632 1429 2652 non
1442 2624 1470 2651 in
1494 2632 1616 2652 errorem
1643 2631 1811 2659 paganorum

1024 2680 1073 2700 nos
1097 2672 1271 2699 misceamus.
1297 2672 1384 2706 llnjus
1397 2671 1470 2698 enim
1488 2671 1602 2706 figuram
1626 2678 1731 2706 gerere,
1752 2678 1812 2698 eam

1023 2727 1083 2753 qua:
1091 2719 1118 2745 in
1128 2718 1275 2745 menstruis
1283 2718 1431 2746 constituta
1438 2721 1489 2749 est,
1497 2717 1621 2752 superius
1629 2717 1812 2749 ostendimus,

1024 2773 1085 2792 cum
1101 2765 1135 2792 de
1155 2765 1342 2796 menstruatis,
1358 2768 1385 2791 et
1404 2763 1506 2791 fluxum
1522 2763 1662 2798 sanguinis
1684 2763 1813 2798 patienti~

1234 2849 1254 2863 "’
1269 2849 1326 2876 Gal.
1345 2858 1369 2882 ν,
1382 2851 1408 2876 2.

1448 2852 1469 2867 ³ο
1488 2854 1544 2882 Gal.
1565 2862 1599 2885 Iv,
1618 2855 1657 2882 l7.
1704 2857 1724 2872 "'
1739 2858 1806 2886 Gen.
