2052 3146
259 195 327 227 2015

852 193 1032 223 iIESYClllI
1052 191 1287 222 PRESBYTERI

1813 188 1881 221 1016

257 253 309 278 bus
335 251 505 281 mulieribus,
532 248 726 283 interpretandi
758 247 920 274 necessitate
953 254 1043 273 sermo
1060 251 1080 277 Α
1096 250 1212 281 oportet,
1241 253 1292 273 nec
1308 245 1417 273 dissolvi
1442 245 1500 280 ejus
1525 253 1605 280 quant
1627 245 1708 272 habet
1730 244 1756 271 in
1781 244 1882 272 virtute

257 297 367 324 habitus
378 300 429 323 est.
446 294 499 323 Sed
517 302 567 322 nec
588 294 740 321 revelemus
760 293 908 321 fteditatem
929 293 999 327 ejus,
1016 297 1045 318 ut

258 351 311 370 non
325 343 554 375 dicamus,neque
562 341 729 368 deducamus
743 340 776 367 ad
789 340 908 367 medimn
923 339 1045 366 actiones

258 396 351 415 eorum
366 387 461 418 malas,
477 394 531 413 non
545 386 621 421 quasi
636 386 677 413 eis
698 390 850 421 parcentes,
873 385 920 412 sed
934 388 1046 420 propter

257 441 304 460 eos
320 433 366 467 qui
390 432 513 465 audiunt,
537 432 599 466 quia
621 436 702 459 nocet
727 431 911 458 audientibus.
934 430 1047 465 Propter

258 479 329 513 quod
345 479 411 506 dicit
428 478 528 505 Paulus
542 487 549 504 :
563 477 627 510 Qua:
639 478 707 504 enim
717 477 743 503 in
758 477 857 504 occulto
872 477 904 503 ab
919 477 956 503 eis
969 476 1046 510 ﬁunt,

259 530 334 558 turpe
344 529 381 550 est
395 524 490 551 dicere.
503 523 553 551 Sed
561 528 585 550 et
599 530 706 549 uxorem
716 523 828 557 proximi
840 522 1008 556 refugiamus,
1019 524 1047 547 ut

259 578 310 595 non
323 569 457 602 polluatur
471 570 497 596 in
514 569 585 601 ea“,
595 568 702 603 gentilis
718 567 878 595 videlicetet
890 567 1046 598 idololatrte,

259 615 305 648 qui
313 615 451 649 proximus
459 620 561 647 noster,
569 619 680 649 propter
690 618 815 640 naturam
824 617 851 640 et
860 613 1047 648 cognationem

260 661 368 688 dicitur.
380 662 493 695 Propter
503 661 574 696 quod
585 665 612 688 et
620 660 751 688 Dominus
762 660 906 694 inquisitus
917 667 932 685 a
944 658 1047 686 Scriba:

262 709 295 733 Et
306 708 363 742 quis
383 712 421 734 est
436 709 570 742 proximas
591 715 662 733 mens
678 707 701 723 "
713 707 724 732 ?
737 714 799 733 eum
815 706 860 740 qui
873 705 1050 733 descenderat

261 754 296 781 ab
311 753 460 781 Jerusalem
485 754 513 780 in
528 753 650 785 Jericho,
674 757 700 779 et
719 753 746 779 in
766 753 885 779 latrones
905 751 1048 783 inciderat,

262 800 389 827 videlicet
410 801 558 832 daemones,
575 804 603 827 et
620 807 708 834 neque
729 807 744 826 a
765 798 916 830 sacerdote,
933 804 1021 831 neque
1034 804 1049 824 a

263 845 355 872 Levita
363 850 473 873 sanatus
486 850 537 878 est,
550 846 595 873 sed
608 845 787 877 Samaritano,
804 843 958 879 proximum
971 842 1047 870 dixit.

263 891 330 918 Cum
353 891 433 925 hujus
458 898 522 926 ergo
544 891 658 918 muliere
680 898 732 918 non
757 890 932 922 concumbes,
958 894 988 916 ut
1005 889 1050 916 tali

263 937 377 964 seminis
399 938 590 964 commistione
612 937 757 965 maculeris
782 947 788 964 :
814 942 844 964 ut
859 945 913 965 non
930 945 1050 973 pagano-

263 989 322 1008 rum
339 982 480 1016 sapientiae
495 982 522 1008 in
537 987 640 1009 tantum
658 983 904 1016 communicemus,
921 990 1010 1018 neque
1022 983 1050 1010 in

264 1031 368 1054 tantum
383 1028 410 1054 in
427 1035 458 1054 ea
470 1027 670 1062 incumbamus,
688 1034 718 1056 ut
731 1029 849 1063 aliquam
870 1029 1051 1064 pollutionem

263 1081 296 1100 ex
311 1081 342 1100 ea
356 1073 384 1099 in
395 1074 521 1108 dogmate
536 1074 740 1108 conquiramus,
764 1083 816 1102 nec
831 1075 983 1110 polluamus
1001 1082 1052 1102 no-

263 1127 325 1147 men
351 1119 398 1146 Dei
420 1120 518 1152 nostri,
544 1121 616 1155 quod
635 1121 816 1147 communiter
840 1121 867 1148 in
882 1120 973 1147 omnia
992 1128 1052 1155 quae

263 1165 335 1192 dicta
363 1170 427 1192 sunt
444 1165 636 1201 intelligamus.
651 1165 719 1198 Quia
744 1167 845 1200 polluet
867 1174 966 1193 nomen
993 1166 1051 1198 Dei,

264 1217 319 1237 non
340 1210 428 1237 solum
451 1210 640 1238 fornicationis
664 1211 842 1245 turpitudine,
870 1216 898 1238 et
917 1212 1052 1246 aliquibus

264 1255 419 1282 actionibus
433 1255 568 1282 idolorum
592 1261 683 1288 utens,
701 1257 748 1283 sed
768 1257 827 1284 etsi
847 1257 908 1292 quis
923 1265 954 1284 ex
970 1265 1052 1292 paga«

264 1307 363 1327 norum
381 1308 485 1333 errore,
501 1306 529 1327 et
541 1308 572 1327 ea
589 1308 649 1335 quae
671 1302 823 1336 appellatur
843 1303 914 1338 apud
935 1310 981 1330 eos
991 1303 1053 1337 phi—

265 1345 397 1380 losophia,
409 1346 610 1374 subintroducit
619 1348 646 1374 in
671 1348 761 1375 divina
775 1348 899 1376 Ecclesia:
911 1349 1050 1384 dogmata:

264 1393 337 1427 quod
348 1393 457 1427 quidam
469 1393 613 1428 patientes,
632 1395 658 1421 in
671 1400 771 1422 sortem
783 1396 971 1423 haereticorum
986 1397 1053 1431 lapsi

265 1447 339 1471 sunt,
359 1445 386 1467 et
406 1440 469 1467 facti
485 1445 549 1468 sunt
566 1446 640 1468 extra
652 1441 809 1474 Ecclesium,
826 1447 918 1476 utpote
933 1444 1055 1478 polluen-

265 1491 307 1513 tcs
328 1494 427 1513 nomen
446 1487 503 1518 Dei,
526 1487 551 1514 id
577 1491 616 1514 est
635 1487 798 1522 injuriantes
812 1493 840 1515 et
854 1489 1054 1522 quodammodo

266 1532 473 1565 coinquinantcs
491 1540 496 1557 :
514 1532 576 1566 quia
591 1540 645 1559 non
659 1537 767 1567 oportet
781 1541 810 1560 ea
824 1541 884 1568 qua:
898 1538 960 1561 sunt
981 1543 1053 1561 mor-

1097 292 1327 326 perseverantiam
1353 301 1359 318 ε
1380 291 1431 318 hoc
1454 291 1527 318 enim
1557 296 1709 326 opportune
1738 298 1800 317 cum
1824 290 1883 317 viro

1098 337 1223 365 muliebri
1239 337 1311 364 coitu
1329 337 1437 364 misceri
1455 337 1624 371 intelligitur.
1639 335 1691 363 Sed
1705 335 1884 370 quemadmo-

1097 384 1161 410 dum
1186 384 1266 410 alium
1288 383 1473 410 effeminatum
1496 383 1554 410 fieri
1570 390 1624 409 non
1637 382 1766 417 oportuit,
1783 383 1817 409 ita
1834 390 1885 409 nec

1098 428 1210 456 nefariis
1231 429 1415 463 voluptatibus
1438 428 1608 463 requiescere
1625 437 1632 456 :
1649 436 1710 463 qua:
1728 433 1801 455 recte
1817 436 1885 462 qua-

1098 475 1239 509 drupedia,
1261 479 1356 510 utpote
1371 475 1398 501 in
1411 479 1508 502 terram
1531 475 1708 506 intendentia,
1722 479 1750 502 et
1764 475 1886 502 actiones

1098 529 1158 555 qua:
1168 522 1253 549 virum
1265 522 1390 554 deceant,
1402 529 1456 548 non
1465 520 1687 553 habentes,dicta
1696 525 1777 548 sunt:
1789 520 1815 547 in
1829 525 1886 547 ter-

1099 576 1156 595 ram
1168 569 1240 595 enim
1252 569 1398 596 intendunt
1407 567 1639 603 quadrupedia,et
1649 575 1779 594 manuum
1792 572 1886 594 carent

1100 622 1161 647 usu,
1173 622 1234 649 quze
1250 615 1276 641 in
1287 615 1408 642 actiones
1423 615 1516 650 dignas
1534 613 1691 641 hominibus
1705 614 1886 648 accipiuntur,

1099 660 1162 695 quia
1174 659 1282 694 proprie
1305 660 1445 687 hominum
1461 665 1502 687 est
1522 659 1650 686 manibus
1673 659 1806 686 laborare.
1827 659 1887 687 Non

1099 713 1164 740 ergo
1178 709 1286 740 oportet
1297 713 1359 733 eum
1376 706 1418 732 his
1431 706 1504 732 coire
1517 713 1550 732 ex
1566 705 1666 740 quibus
1673 705 1733 740 quis
1746 705 1886 739 polluitur.

1100 750 1151 783 Qui
1172 750 1245 777 enim
1258 755 1380 778 moratur
1393 751 1421 777 in
1432 749 1671 782 delectationibus,
1688 750 1745 777 sive
1760 749 1887 784 volupta-

1101 796 1183 828 tibus,
1197 795 1234 823 ila
1247 799 1278 822 ut
1292 796 1454 824 concumbat
1471 796 1497 823 in
1515 797 1566 829 eis,
1588 797 1632 823 hic
1643 803 1736 823 semen
1748 795 1890 823 effundere

1100 842 1209 875 dicitur,
1228 847 1340 878 propter
1353 843 1415 875 hoc,
1436 843 1499 877 quia
1522 843 1631 878 pellitur
1641 843 1675 869 ab
1689 842 1740 873 eis,
1755 842 1813 868 sive
1825 841 1890 876 quia

1101 889 1249 916 delectatur
1273 888 1301 915 in
1328 889 1378 921 eis,
1408 893 1436 916 et
1460 889 1595 924 frequenti
1621 897 1671 916 usu
1701 888 1817 916 seminat
1831 895 1890 920 eos,

1101 935 1312 970 quodammodo,
1334 940 1381 963 aut
1394 936 1427 963 ab
1443 936 1482 963 eis
1502 936 1652 963 seminatur
1673 934 1776 962 semine
1790 935 1890 968 aliquo,

1101 981 1174 1016 quod
1189 981 1316 1009 inimicus
1338 981 1538 1009 dormientibus
1554 981 1633 1009 nobis
1647 986 1674 1008 et
1690 980 1892 1016 negligentibus

1102 1027 1130 1054 in
1148 1027 1280 1055 mundum
1298 1027 1423 1060 seminat,
1439 1027 1564 1062 pollucns
1579 1027 1667 1059 valde,
1681 1027 1716 1053 ita
1732 1030 1762 1053 ut
1778 1033 1793 1052 a
1813 1032 1892 1052 sacro

1103 1074 1278 1102 tabernaculo
1300 1074 1396 1101 debeat
1415 1074 1475 1107 hic,
1493 1074 1539 1108 qui
1555 1073 1616 1100 talis
1637 1078 1688 1104 est,
1710 1077 1740 1099 ut
1766 1071 1890 1107 polluens

1102 1119 1211 1154 expelli,
1233 1120 1394 1154 alienusque
1418 1127 1478 1147 esse
1497 1127 1511 1146 a
1523 1119 1660 1146 dominica
1678 1126 1751 1149 area,
1769 1118 1813 1152 qui
1842 1125 1891 1152 per

1102 1165 1203 1193 malutn
1219 1173 1312 1193 semen
1327 1166 1415 1193 factus
1428 1172 1470 1193 est
1483 1166 1595 1192 zizania.
1612 1164 1710 1200 Legem
1729 1168 1820 1191 autem
1837 1171 1890 1190 non

1103 1214 1144 1240 vir
1157 1213 1242 1244 solus,
1257 1213 1305 1239 sed
1317 1212 1416 1239 mulier
1430 1212 1585 1239 necessarie
1613 1210 1732 1238 custodit
1750 1221 1755 1238 :
1774 1210 1818 1236 illa
1837 1209 1893 1236 uti-

1103 1266 1156 1293 que
1168 1265 1250 1293 quam
1264 1257 1394 1285 Salomon
1409 1258 1510 1290 laudat,
1530 1257 1625 1283 Mulier
1640 1257 1706 1283 bona
1717 1256 1892 1286 benedicetur,

1104 1305 1229 1331 timorem
1254 1304 1301 1331 Dei
1330 1304 1434 1331 laudat.
1462 1303 1601 1330 Mulierem
1628 1304 1731 1338 fortem,
1756 1302 1805 1332 ait,
1835 1301 1893 1337 quis

1104 1350 1215 1377 inveniet
1236 1349 1276 1376 δοῖ)
1298 1349 1534 1382 Quemadmodum
1552 1349 1699 1380 masculus,
1715 1348 1825 1383 quando
1844 1355 1893 1374 sua

1104 1395 1275 1427 custodierit,
1289 1395 1458 1430 gesseritque
1475 1395 1527 1422 sibi
1558 1395 1650 1429 digna,
1668 1394 1803 1429 significat
1829 1393 1892 1420 ani-

1104 1449 1176 1467 mam
1208 1441 1235 1467 in
1264 1441 1412 1468 virtutibus
1428 1441 1626 1467 constitutam:
1652 1440 1692 1467 sic
1725 1444 1753 1466 et
1782 1439 1891 1471 mulier,

1105 1487 1213 1521 quando
1227 1487 1253 1513 in
1271 1487 1354 1514 nullis
1368 1494 1397 1514 se
1410 1486 1550 1513 miscuerit
1562 1486 1752 1519 muliebribus,
1765 1485 1894 1520 quoniam

1105 1534 1235 1568 grandem
1250 1538 1278 1561 et
1293 1535 1360 1566 haec,
1375 1539 1522 1569 antequam
1551 1534 1791 1569 transgrederctnr
1808 1533 1895 1559 Crea-

266 1580 386 1607 tuorum,
410 1584 492 1611 super
512 1577 596 1604 vitam
617 1577 757 1610 inducere,
775 1579 821 1606 sed
847 1580 1053 1608 custodiendum
1067 1590 1090 1620 ε
1106 1583 1192 1606 torem
1208 1588 1298 1612 suum,
1312 1580 1472 1615 dignitatem
1489 1579 1602 1614 accepit,
1640 1583 1669 1606 ut
1699 1579 1818 1613 adjntrix
1842 1578 1895 1605 viri

265 1625 310 1649 est
325 1621 399 1648 Pauli
415 1621 581 1655 Inundalum,
598 1623 729 1658 scriptum
745 1631 758 1650 a
776 1624 877 1658 Spiritu
893 1634 899 1651 :
915 1625 978 1658 Qua:
992 1635 1055 1661 par-

268 1668 385 1701 ticipatio
399 1667 510 1702 justitiw
535 1669 569 1695 ad
596 1669 761 1702 iniquitatem
777 1670 788 1696 ?
802 1675 849 1697 aut
871 1679 929 1706 qua!
949 1673 1057 1700 societas

267 1713 363 1740 Christi
375 1714 409 1740 ad
426 1713 513 1740 Belial
524 1715 545 1730 ⁸¹
559 1715 637 1742 ?lloc
650 1715 723 1742 cuitu
737 1720 765 1743 et
781 1717 838 1750 ipse
855 1718 1057 1751 quodammodo

267 1758 563 1794 legislatorsignificans
579 1760 605 1787 in
617 1761 659 1787 his
673 1768 734 1796 quae
746 1761 818 1789 dicta
829 1767 902 1796 sunt,
921 1763 1054 1791 subdidit:

269 1803 324 1837 ligo
337 1803 472 1831 Dominus.
488 1805 538 1837 Qui
561 1805 672 1840 gloriam
698 1806 785 1833 habeo
810 1808 936 1834 otnnibus
950 1808 1056 1836 incom-

267 1849 470 1881 municabilem,
491 1855 594 1884 quanto
615 1851 700 1887 magis
712 1852 889 1883 daemonibus.
898 1855 943 1888 qui
962 1862 1057 1882 corru-

267 1900 358 1930 ptores
374 1899 439 1923 sunt
452 1897 612 1930 animarum,
627 1901 655 1924 et
669 1898 748 1925 idolis
765 1900 875 1926 eorum?
887 1900 953 1934 ipsis
965 1906 1055 1928 autem

267 1941 358 1968 verbis
382 1941 550 1968 sanctionem
574 1943 764 1970 terribiliorem
787 1943 862 1977 facit,
875 1952 908 1971 ex
930 1953 962 1972 eo
984 1946 1056 1980 quod

266 1986 384 2013 mediam
399 1994 469 2019 eam,
481 1988 552 2014 sicut
562 1988 661 2021 cernis,
677 1988 718 2016 his
728 1989 762 2016 de
775 1990 873 2024 quibus
888 1998 960 2018 nunc
969 1991 1056 2026 loqui-

268 2037 320 2064 tur,
343 2033 441 2067 posuit.
468 2032 688 2062 Prrecedentibus
713 2036 814 2070 quippe
829 2037 872 2064 bis
893 2045 954 2071 qua:
976 2038 1056 2065 modo

265 2079 387 2107 discussa
402 2083 473 2111 sunt,
487 2087 581 2106 rursus
596 2081 739 2115 proponit:
754 2081 823 2114 Quia
836 2090 890 2108 non
902 2083 982 2110 debet
994 2090 1054 2109 cum

265 2123 387 2150 masculo
402 2124 471 2151 virili
487 2124 560 2151 coitu
575 2125 728 2156 concumbi,
744 2127 790 2153 sed
806 2134 858 2154 nec
878 2135 940 2154 eum
957 2135 1056 2161 pecore

266 2169 343 2200 coiri,
359 2170 514 2197 necessarie
529 2170 556 2196 in
570 2171 621 2198 hoc
634 2175 750 2206 utroque
766 2173 911 2204 mandans,
924 2178 1053 2208 tanquam

267 2218 411 2248 utrumque
428 2220 521 2242 contra
545 2220 669 2243 naturam
696 2222 746 2244 est.
771 2218 824 2245 Sed
856 2219 968 2254 insuper
991 2221 1054 2255 quia

1107 1624 1307 1651 nominaretur.
1336 1624 1452 1658 Propter
1484 1624 1556 1658 quod
1581 1623 1727 1650 scelestum
1751 1626 1793 1649 est
1813 1622 1894 1653 hanc,

1107 1678 1167 1704 quae
1182 1670 1244 1696 talis
1258 1673 1310 1702 est,
1331 1669 1435 1697 libidini
1458 1670 1606 1696 substerni.
1637 1668 1714 1696 Coire
1739 1676 1814 1703 ergo,
1841 1676 1897 1695 suc-

1107 1717 1226 1744 cumbere
1241 1717 1325 1744 edidit
1342 1717 1532 1751 Symmachus.

1143 1763 1224 1791 Vens.
1238 1763 1335 1790 24-26.
1353 1774 1362 1788 ι
1383 1763 1422 1790 Ne
1445 1763 1605 1798 pollnamini
1617 1763 1643 1789 in
1660 1763 1896 1797 omnilmstpiibus

1107 1809 1299 1837 contaminata:
1313 1813 1377 1836 sunt
1398 1813 1502 1844 gentes,
1532 1817 1599 1844 quas
1620 1817 1670 1845 ego
1696 1809 1804 1844 ejiciam
1832 1814 1896 1837 ante

1106 1859 1284 1890 conspectum
1303 1860 1436 1887 vestrum,
1453 1863 1468 1882 e
1493 1856 1591 1890 quibus
1619 1856 1720 1890 polluta
1749 1860 1791 1883 est
1812 1861 1895 1887 terra,

1107 1901 1185 1934 cujus
1216 1908 1265 1935 ego
1293 1901 1395 1927 scelera
1420 1901 1522 1932 vitabo,
1549 1905 1578 1927 ut
1606 1906 1714 1928 evomat
1730 1901 1897 1927 habitatores

1106 1954 1181 1974 suos.
1198 1945 1342 1973 Custodite
1358 1946 1478 1981 legitima
1497 1954 1566 1979 mea,
1584 1950 1666 1981 atque
1678 1946 1788 1982 judicia.
1807 1956 1815 1971 ι

1142 1991 1201 2019 Non
1213 1999 1297 2026 parvo
1310 1991 1389 2019 modo
1398 1991 1483 2026 pollui
1502 1991 1529 2018 in
1541 1992 1680 2026 przedictis
1693 1992 1822 2026 peccatis,
1852 1992 1896 2018 in-

1107 2037 1238 2073 dignatio,
1255 2042 1283 2065 et
1299 2045 1379 2072 paena
1390 2046 1451 2072 qua:
1467 2038 1494 2064 in
1509 2038 1550 2064 eis
1574 2037 1686 2064 deﬁnita
1700 2041 1753 2070 est,
1781 2037 1898 2064 demon-

1107 2087 1190 2115 strat;
1207 2083 1234 2109 in
1254 2083 1328 2110 nullo
1337 2083 1410 2109 enim
1422 2090 1516 2109 eorum
1535 2086 1645 2117 oportet
1662 2082 1758 2116 pollui,
1774 2089 1839 2108 nam
1850 2082 1899 2116 qui

1107 2129 1133 2156 in
1150 2137 1204 2156 uno
1217 2130 1336 2164 pollutus
1347 2129 1439 2162 fuerit,
1456 2129 1484 2156 in
1501 2129 1628 2156 omnibus
1640 2133 1667 2155 et
1678 2129 1818 2163 polluitur.
1828 2128 1898 2160 Quia

1107 2183 1140 2203 ea
1165 2184 1225 2210 qua:
1239 2176 1292 2203 sibi
1306 2176 1339 2204 ad
1358 2175 1477 2202 invicem
1489 2175 1634 2210 conjuncta
1650 2179 1724 2208 sunt,
1739 2175 1782 2201 lex
1801 2179 1899 2201 osten-

1107 2222 1171 2250 dere
1188 2223 1311 2256 cupiens,
1325 2223 1352 2249 in
1370 2230 1455 2249 unum
1469 2222 1561 2249 omnia
1581 2221 1699 2256 collegit,
1718 2229 1778 2256 qua:
1795 2221 1821 2247 in
1834 2227 1898 2247 tan-

263 2259 448 2305 jumeutorum
465 2265 505 2287 est
519 2265 545 2287 et
559 2266 590 2288 ut
604 2262 645 2288 vir
656 2262 713 2289 viro
729 2262 800 2290 foedo
811 2263 883 2290 coitu
898 2264 1054 2297 misceatur,
1072 2272 1094 2300 Ῑ)
1110 2273 1165 2296 tum
1177 2273 1241 2296 sunt
1259 2269 1364 2305 gravia,
1386 2272 1415 2295 ut
1430 2271 1526 2303 gentes
1551 2268 1670 2303 integras
1684 2268 1842 2302 perderent.
1869 2272 1900 2294 et

264 2304 336 2339 quod
360 2304 518 2339 fugiendum
539 2310 620 2340 atque
644 2307 842 2335 adversandum
867 2314 917 2336 est.
950 2309 1002 2337 Sed
1027 2315 1055 2338 et

264 2350 364 2378 Paulus
379 2351 430 2378 hoc
443 2351 649 2385 demonstravit,
664 2353 698 2380 ad
721 2362 829 2388 pinnam
845 2363 877 2382 ea
891 2356 1002 2389 docens,
1027 2363 1055 2385 et

265 2395 331 2422 iram
348 2397 440 2427 Dei.et
452 2398 630 2432 perditionem
646 2400 872 2427 committentium
891 2402 1054 2437 peragi.Sed

265 2447 292 2469 et
310 2443 404 2477 reliqui
420 2443 583 2478 interpretes
595 2452 643 2478 pro
658 2445 854 2476 abominabilis,
873 2448 1054 2483 Symmachus

265 2488 404 2522 ineffabile,
428 2490 524 2524 Aquila
540 2491 672 2526 infectant,
688 2492 832 2520 ediderunt
847 2502 852 2520 :
868 2495 920 2522 hoc
942 2495 1052 2530 quidem

265 2535 380 2567 actione,
398 2536 463 2563 illud
489 2541 579 2564 autem
595 2538 677 2565 verbo
692 2539 735 2565 vel
750 2540 906 2566 narratione
921 2548 976 2567 non
992 2549 1053 2568 esse

265 2581 406 2615 portabilc,
422 2590 470 2609 nec
483 2583 632 2617 legitimum
643 2585 774 2612 dicentes.
784 2586 838 2613 Nos
850 2591 939 2614 autem
958 2593 1055 2622 praeter

266 2626 334 2658 haec,
345 2628 494 2655 masculum
503 2628 548 2661 qui
561 2629 647 2657 virilia
658 2631 722 2665 agit,
731 2632 1054 2667 intelliganmshominem

265 2674 300 2700 de
313 2681 367 2707 quo
384 2673 465 2701 David
483 2675 591 2702 dicebat
609 2685 614 2702 τ
630 2676 727 2704 Beatus
743 2679 782 2705 vir
806 2681 850 2713 qui
872 2688 923 2706 non
944 2681 1009 2707 abiit
1029 2681 1056 2707 in

266 2719 374 2745 consilio
391 2720 532 2754 impiorum
547 2721 593 2754 5“;
613 2727 640 2749 et
664 2731 782 2751 rursus:
807 2725 868 2752 Fiat
893 2735 986 2753 nutans
1007 2733 1053 2754 tua

265 2773 343 2800 super
363 2766 448 2793 cirum
470 2767 648 2795 dexlenetuw
663 2770 695 2797 ⁵⁹.
728 2770 806 2798 llunc
828 2772 976 2800 cfl‘etninari
1000 2781 1052 2800 non

301 2878 323 2894 "
336 2877 434 2913 Ephes.
450 2887 476 2910 v,
491 2879 533 2907 12.

577 2880 600 2897 ³⁸
613 2880 679 2909 Luc.
698 2891 723 2916 x,
742 2884 787 2916 27,
800 2885 844 2911 ‘29.

265 2921 340 2948 xxxi,
359 2915 400 2942 10.

438 2915 460 2930 ⁶¹
477 2914 556 2944 Rom.
571 2917 683 2951 vnt,22.

898 2885 918 2900 ⁵⁷
937 2885 957 2912 ll
973 2885 1036 2913 Cor.
1061 2894 1094 2918 vt,
1119 2885 1159 2913 l5.

1108 2320 1208 2342 terram
1219 2315 1383 2350 polluerent,
1396 2315 1584 2350 pollutamque
1598 2314 1690 2348 respui
1710 2314 1844 2346 facerent,
1869 2317 1899 2340 et

1108 2369 1156 2388 eos
1173 2362 1218 2396 qui
1232 2362 1258 2388 in
1277 2369 1310 2388 ea
1325 2361 1388 2388 talia
1407 2360 1618 2390 commiserunt.
1648 2365 1787 2387 evomeret
1815 2364 1900 2394 atque

1108 2411 1246 2438 rcnueret,
1260 2415 1314 2433 non
1334 2407 1397 2441 quia
1410 2410 1517 2440 poterat
1540 2406 1676 2440 expellere
1688 2414 1703 2432 a
1718 2413 1759 2437 se,
1770 2406 1811 2432 vel
1829 2413 1898 2432 evo-
1928 2426 1931 2429 .

1108 2459 1191 2483 mere,
1209 2452 1261 2484 vel,
1271 2451 1341 2478 sicut
1357 2451 1527 2478 Theodolion
1540 2451 1634 2482 edidit,
1647 2459 1767 2486 respuere
1784 2459 1836 2481 eos.
1849 2452 1900 2478 sed

1105 2498 1169 2532 quia
1177 2498 1286 2525 eosdem
1296 2502 1427 2525 nocentes
1438 2497 1761 2532 ingemiscitnaturaliter
1770 2497 1796 2523 in
1807 2501 1901 2524 trans-

1103 2544 1292 2580 gressionibus
1321 2545 1389 2577 suis,
1418 2544 1651 2579 quemadmodum
1680 2543 1781 2570 Paulus
1806 2543 1897 2570 dicit:

1106 2591 1174 2623 Quia
1206 2591 1263 2626 ipsa
1286 2595 1408 2617 creatura
1435 2591 1590 2625 ingemiscit,
1618 2594 1642 2616 et
1671 2589 1787 2623 parturit
1817 2597 1901 2623 usque

1108 2637 1220 2663 nunc“.
1238 2636 1308 2663 Dens
1342 2641 1433 2663 autcm
1447 2641 1501 2663 tam
1529 2637 1660 2671 gemitum
1686 2635 1745 2667 ejus
1767 2635 1898 2668 vindicat,

1107 2690 1186 2718 quam
1202 2683 1287 2718 legem
1306 2691 1394 2714 suam,
1412 2688 1438 2710 et
1453 2687 1618 2711 creaturam,
1634 2687 1730 2716 utpote
1746 2682 1898 2716 propriam.

1107 2735 1167 2762 quae.
1181 2727 1349 2754 demonstrat
1368 2735 1401 2754 ex
1432 2728 1474 2754 his
1489 2736 1550 2762 quae
1581 2735 1656 2754 nunc
1687 2727 1755 2754 dixit
1779 2736 1785 2753 τ
1813 2725 1899 2760 (Σιυιιε

1109 2782 1156 2808 ego
1186 2773 1282 2800 scelera
1295 2774 1470 2800 visitabomt
1494 2773 1544 2799 hoc
1566 2779 1660 2808 aperte
1691 2773 1810 2800 ostendit
1833 2773 1898 2806 quia

1213 2886 1235 2901 ’⁸
1252 2885 1323 2913 Psal.
1338 2894 1355 2918 ι,
1380 2886 1400 2912 ι.
1454 2885 1476 2901 "
1489 2884 1559 2912 Psal.
1576 2892 1667 2917 um,
1684 2884 1725 2910 18.
1781 2882 1803 2898 ⁶⁶
1815 2882 1897 2910 I‘mv.
