2052 3146
198 192 264 225 101⁵1

775 187 814 218 IN
833 186 1052 217 LEVITICUM.
1073 198 1107 202 -
1126 186 1197 215 LIB.
1217 187 1252 216 V.

1762 179 1830 212 1018

196 261 212 280 ι
229 252 284 279 Deo
301 251 429 277 virtutem
450 254 520 276 terra
530 246 731 275 evomendieos
742 246 789 280 qui
803 245 830 272 in
846 244 989 279 eaiujuste
1005 247 1027 275 Α
1041 244 1093 272 bus
1107 248 1227 279 oportet.
1248 247 1275 271 et
1288 243 1446 270 nullatenus
1461 242 1521 270 haec
1551 241 1643 268 facere
1670 247 1730 275 quae
1756 239 1829 266 colt--

198 302 292 334 agunt,
308 300 423 330 accepit.
443 294 520 321 Unde
537 299 565 321 et
584 293 732 321 crabrones
754 291 780 318 in
806 290 987 326 perditionem

199 342 381 372 habitantium
395 341 532 376 produxit,
542 347 610 374 quos
623 339 705 365 etiam
715 345 745 364 se
762 337 910 364 inmittere
925 339 988 362 ante

199 390 299 418 faciem
326 388 443 414 ﬁliorum
460 386 543 413 Israel
556 390 651 413 contra
665 383 841 411 Amorrhtcos
861 387 890 408 et.
923 381 988 407 reli-

199 444 266 471 quas
277 440 374 471 gentes
389 441 437 468 per
453 431 656 460 Deuteronomii
673 430 771 458 librum
786 436 837 456 nos
847 428 940 455 docuit
953 428 987 453 ι’.

199 483 232 510 Et
247 483 304 509 haec
316 480 426 515 quidem
442 486 493 506 nos
510 478 588 505 docet
600 484 648 512 per
667 476 785 503 litteram
803 475 854 501 lex.
874 473 922 500 llis
937 481 989 499 au-

199 532 253 554 tem
265 526 410 560 conjuncta
430 528 502 555 sunt,
517 526 545 549 et
565 529 617 548 non
635 520 784 552 contraria,
804 520 826 546 si
842 526 891 553 per
906 517 989 552 spiri-

199 573 280 600 talem
302 571 471 598 intellectum
488 573 583 604 gentes
603 569 630 594 in
647 567 689 593 his
703 566 832 593 omnibus
858 565 987 598 pollutas,

199 619 338 646 dasmones
350 615 585 646 intellexerimus;
613 616 708 649 gentes
725 611 860 646 siquidem
888 611 914 636 hi
930 618 992 644 pro-

200 669 261 699 pter
273 662 476 690 multitudinem
493 661 623 688 dicuntur
638 667 643 685 :
678 665 740 685 cum
754 657 827 684 enim
839 656 921 684 nimis
936 656 991 683 sint

199 708 297 743 iniqui,
313 712 341 734 et
360 706 434 733 omni
468 706 594 732 [tutantur
614 703 724 734 malitia,
754 701 872 729 maxime
901 706 990 727 tamen

200 753 394 783 fornicatione.
410 756 437 779 et
450 751 553 778 nefaria
569 749 760 781 fornicatione,
780 756 811 775 ac
825 748 911 774 multo
930 754 988 773 ma-

199 801 240 836 gis
254 799 406 827 idololatria
421 798 541 833 gaudent
555 804 561 822 :
580 796 640 831 quia
657 796 684 822 in
700 795 742 822 his
753 802 852 829 corpus
863 798 890 820 et
901 793 992 820 anima

200 845 356 873 maculatur
372 848 399 871 et
411 848 482 870 totus
500 843 592 874 homo,
610 841 656 876 qui
667 846 738 868 terra
751 839 914 874 appellatur,
943 845 991 872 per

201 892 253 919 hoc
276 891 419 926 polluitur.
436 889 489 916 Sed
512 888 605 915 visitat
622 888 693 914 Deus
726 892 838 917 terram,
865 885 992 911 videliert

202 937 345 964 hominum
361 942 457 969 genus,
471 939 498 961 et
514 934 614 964 scelus,
632 933 682 965 vel,
697 939 727 959 ut
739 931 928 967 Septuaginta.
946 930 989 956 iu—
1008 923 1029 952 Β

198 981 336 1016 justitiam
359 980 416 1015 ejus
438 980 465 1006 in
497 986 568 1009 eam.
590 978 616 1005 id
630 983 681 1009 est,
695 986 754 1013 qua:
782 977 815 1004 ab
832 977 900 1011 ipsa,
915 981 943 1002 et
965 976 991 1001 in

201 1027 376 1062 semetipsum
387 1026 567 1053 committitur
586 1033 592 1050 :
613 1025 647 1051 ab
658 1032 689 1051 ea
709 1024 820 1058 quidem
835 1023 880 1058 qui
894 1023 928 1049 ab
944 1023 990 1049 ho-

202 1073 324 1100 minibus
335 1076 399 1099 sunt
417 1075 572 1106 peccantes,
587 1075 614 1097 et
629 1070 650 1097 si
666 1078 680 1096 a
699 1070 881 1101 daemonibus,
897 1073 924 1096 et
941 1069 993 1095 hoo

202 1120 400 1155 protrahuntur
415 1118 442 1145 in
453 1117 613 1151 semetipsa.
645 1117 708 1151 quia
735 1116 901 1151 accipientes
914 1123 993 1142 occa-

203 1164 310 1190 sionem
326 1163 363 1190 illi
377 1170 410 1189 ex
422 1167 517 1189 nostra
535 1161 710 1196 negligentia,
730 1161 922 1188 contumeliam
950 1161 992 1186 iu-

203 1214 304 1244 gerum
319 1214 422 1237 nostra:
435 1214 551 1237 naturae.
569 1209 621 1235 Sed
651 1208 780 1234 visitante
795 1207 850 1234 Deo
867 1214 916 1241 per
934 1206 994 1233 Sal-

204 1256 304 1283 vatoris
318 1256 476 1288 adventum,
497 1256 530 1283 de
545 1263 600 1290 quo
614 1253 761 1281 Zacharias
772 1253 890 1284 dicebat,
929 1259 994 1287 pro-

204 1305 321 1338 plictans
336 1303 364 1329 in
378 1303 472 1338 januis
485 1310 546 1329 esse
563 1301 669 1328 Domini
683 1300 853 1327 nativitatem
870 1308 876 1325 :
897 1299 994 1326 Vtsita-

204 1350 239 1376 vit
254 1357 300 1375 nos
331 1349 417 1375 oriens
447 1356 479 1375 ea:
496 1349 551 1375 alta
566 1348 597 1375 ⁵³.
625 1347 796 1374 llabitatores
810 1344 875 1372 suo's
901 1351 994 1371 nostra

203 1400 311 1426 natura,
329 1394 355 1421 id
371 1399 422 1424 est,
438 1402 486 1421 eos
503 1394 548 1429 qui
559 1401 619 1421 eam
637 1398 710 1421 sorte
737 1398 928 1427 pett't'pt'rultt,
953 1392 993 1417 vel

203 1442 230 1468 in
246 1449 276 1468 ea
286 1449 402 1475 quorum
415 1440 566 1475 priucipetn
580 1440 682 1466 malum
694 1438 777 1465 David
794 1437 913 1472 ﬁgurans
923 1437 995 1471 psal—

203 1489 301 1515 lebat:
325 1487 403 1514 Sedet
425 1487 453 1513 in
482 1486 586 1513 insidiis
613 1494 672 1512 cum
688 1484 813 1511 divitibus
840 1484 868 1509 iu
887 1482 995 1509 occultis

203 1539 232 1560 ut
255 1534 397 1568 interﬁciat
427 1533 591 1559 innocentem
606 1533 647 1569 σξ,
679 1533 716 1558 ita
747 1534 776 1558 ut
803 1530 854 1565 ipsi
889 1529 993 1564 expulsi

202 1580 344 1607 dicereut:
362 1578 390 1606 Si
409 1578 483 1613 ejicis
495 1586 551 1611 uos,
568 1578 642 1604 mitte
653 1585 699 1604 nos
718 1577 745 1603 in
770 1584 875 1611 gregem
903 1583 995 1608 porco-
1009 1595 1029 1622 Ε

202 1635 261 1652 rum
273 1626 305 1652 ⁸⁵.
323 1625 437 1659 Propter
451 1624 523 1659 quod
542 1624 681 1651 custodire
708 1623 794 1658 legem
813 1630 922 1649 omnem
948 1629 994 1656 per

202 1672 313 1708 Moysen
331 1671 500 1706 pmpalatam
525 1675 552 1697 et
585 1673 721 1705 przeccpta
748 1668 910 1703 evangelica:
935 1675 996 1694 con-

203 1718 365 1745 versationis
381 1718 525 1748 debemus,
548 1721 641 1751 utpote
657 1716 704 1750 qui
724 1716 806 1742 talem
821 1715 856 1742 ab
875 1723 907 1742 eo
932 1722 996 1749 per-

203 1764 318 1799 cipimus
335 1764 531 1791 visitationem.

240 1810 320 1837 Vens.
336 1810 433 1837 ili—‘29.
445 1819 454 1835 t
473 1810 505 1836 Et
521 1817 575 1836 non
587 1808 668 1835 [εισιοι
685 1816 718 1835 ex
745 1807 874 1835 omnibus
902 1807 996 1834 admo-

203 1857 355 1883 nitionibus
371 1857 441 1887 istis,
468 1860 521 1882 tam
546 1855 674 1890 indigena
701 1862 783 1888 quam
809 1854 923 1880 colonus
949 1852 995 1887 qui

204 1901 395 1936 peregrinatur
409 1901 482 1935 apud
496 1909 553 1927 eos.
567 1900 669 1927 Omnes
686 1900 759 1926 enim
789 1899 997 1926 exsecrationes

203 1947 270 1973 istas
286 1947 411 1973 fecerunt
422 1946 522 1973 accolae
535 1951 615 1973 ιρι-ηιξ
630 1947 676 1979 qui
690 1945 802 1972 fuerunt
816 1949 879 1971 ante
896 1951 954 1976 vos,
970 1948 997 1970 et

203 1992 360 2026 polluerunt
373 2000 444 2019 eam.
471 1992 572 2019 Cavete
596 1999 660 2027 ergo
685 1999 720 2018 ne
747 1995 774 2017 et
801 1999 849 2017 vos
875 1991 998 2018 similiter

204 2044 323 2070 evomat,
342 2048 405 2066 cum
423 2039 496 2074 paria
510 2039 633 2066 feceritis
650 2039 720 2066 sicut
747 2038 868 2065 evomuit
890 2042 997 2073 gentem

202 2094 263 2120 quaa
284 2086 334 2113 fuit
366 2091 429 2113 ante
452 2094 510 2113 vos.
529 2086 626 2114 Omnis
652 2087 742 2113 anima
766 2094 826 2120 qua:
848 2085 944 2112 fecerit
965 2085 999 2111 de

203 2133 455 2160 abominatiouibus
479 2133 539 2160 istis
556 2134 706 2168 quidpiam,
731 2132 829 2168 peribit
851 2131 884 2158 de
910 2131 999 2158 medio

203 2179 296 2214 populi
314 2179 366 2206 sui.
384 2189 392 2204 ι

242 2225 363 2251 Reiterat
385 2230 412 2252 et
441 2226 544 2253 stabilit
573 2227 670 2261 legem,
703 2231 730 2253 ct
757 2225 998 2253 comminationem

1040 291 1296 324 bantautiquiores,
1309 290 1356 324 qui
1383 294 1483 316 terram
1514 291 1635 315 nostram
1663 285 1829 321 polluerunt.

1041 337 1073 364 Hi
1088 345 1152 372 ergo
1163 336 1330 371 antiquiores
1340 335 1419 362 nobis
1447 339 1511 361 sunt
1531 334 1558 360 in
1570 332 1739 362 conditione,
1765 330 1829 365 quia

1041 382 1190 410 invisibiles
1208 386 1271 409 sunt
1282 384 1425 408 creaturae.
1454 379 1613 407 Polluerth
1631 382 1721 404 autem
1739 376 1830 403 homi-

1042 437 1106 456 num
1126 436 1222 464 genus.
1240 427 1453 455 inobedieutiam
1472 426 1497 453 ei
1527 425 1624 456 Adam,
1644 428 1671 450 et
1695 420 1747 449 alia
1768 425 1831 456 post

1041 475 1118 502 illum
1129 475 1199 502 mala
1221 479 1409 510 suggerentes,
1433 472 1516 500 veluti
1541 470 1725 500 mendacium,
1741 468 1830 495 homi-

1042 520 1141 548 cidium
1157 523 1184 546 et
1199 526 1369 554 quaecunque
1396 517 1439 544 his
1456 516 1555 544 similia
1573 519 1648 548 sunt,
1664 514 1702 541 ita
1720 517 1750 540 ut
1778 512 1830 538 Do-

1042 567 1133 594 minus
1144 567 1178 593 de
1192 566 1300 593 diabolo
1313 565 1417 592 diceret
1434 573 1440 590 :
1454 562 1502 590 Ille
1515 562 1547 589 ab
1563 561 1640 588 initio
1666 559 1779 586 utendam
1807 561 1832 584 et

1042 611 1172 639 homicida
1185 616 1221 638 est
1242 611 1274 637 ⁸⁷.
1292 609 1493 644 Suggesseruut
1521 612 1612 634 autern
1628 605 1667 633 eis
1685 605 1732 639 qui
1756 611 1834 631 men-

1045 663 1098 685 tem
1111 658 1244 684 lubricam
1262 662 1289 683 et
1310 661 1468 691 vergentem
1482 654 1515 681 ad
1545 653 1646 679 malum
1668 651 1807 678 habebant
1824 657 1830 674 :

1044 713 1105 731 nam
1126 711 1177 731 nec
1190 703 1269 734 Abel,
1285 710 1336 729 nec
1350 702 1427 733 Seth,
1441 708 1492 727 nec
1509 699 1615 730 Enoch,
1634 705 1685 724 nec
1696 696 1763 727 Noe.
1781 702 1834 722 uce

1044 752 1104 779 aliis
1119 751 1200 786 justis
1213 758 1357 785 suggerere
1371 752 1530 783 potuerunt,
1552 746 1595 773 vel
1610 745 1694 780 magis
1721 751 1833 778 sugges-

1044 803 1150 830 serunt,
1163 797 1273 824 scduou
1290 796 1478 826 obtinuerunt,
1503 793 1550 820 sed
1570 791 1643 819 irrisi
1659 794 1723 817 sunt
1735 790 1768 816 ab
1781 789 1832 819 eis.

1044 849 1072 871 et
1094 847 1277 871 recesserunt.
1302 841 1394 875 Neque
1418 839 1491 865 enim
1520 837 1624 864 inimici
1654 834 1834 870 cogitationes

1045 887 1382 924 iguorantiusti,sicutait
1400 885 1521 912 Paulus:
1546 883 1605 910 Non
1633 883 1701 908 enim
1729 881 1834 915 ignora-

1045 945 1101 962 mus
1113 936 1282 970 cogitationes
1295 934 1350 968 ejus
1366 933 1398 960 ⁵⁸.
1412 933 1539 959 Scientcs
1556 934 1648 957 autem
1665 936 1722 959 eos,
1739 928 1773 954 ab
1795 926 1835 953 eis

1044 988 1073 1007 se
1093 980 1259 1007 custodiunt.
1274 978 1326 1005 Sed
1340 978 1400 1004 illos
1414 976 1525 1011 quidem
1545 973 1723 1008 iutelligibilis
1741 976 1834 998 nostra

1045 1033 1116 1053 terra
1130 1026 1238 1052 visitata
1259 1033 1273 1051 a
1292 1025 1358 1056 Deo,
1382 1031 1430 1058 per
1443 1021 1594 1049 Salvatoris
1605 1020 1752 1047 adventum
1770 1025 1835 1044 evo—

1044 1074 1124 1101 muit.
1147 1073 1261 1107 Propter
1276 1071 1348 1105 quod
1367 1077 1418 1098 nec
1434 1069 1513 1096 venia
1528 1068 1574 1094 tali
1595 1074 1670 1093 nunc
1683 1066 1781 1100 dignus
1794 1068 1836 1091 est

1046 1119 1107 1146 talia
1119 1126 1246 1153 peceans.
1260 1117 1334 1152 quia,
1346 1119 1488 1151 postquam
1502 1112 1633 1141 destructi
1652 1110 1772 1144 suntqui
1786 1117 1837 1136 nos

1045 1166 1189 1196 seducunt,
1208 1170 1234 1192 et
1256 1168 1397 1198 postquam
1415 1161 1538 1189 evomuit
1554 1167 1601 1187 eos
1617 1163 1700 1190 terra,
1725 1165 1776 1184 nos
1805 1163 1836 1182 ea

1044 1212 1149 1247 quaiad
1166 1219 1212 1237 cos
1231 1209 1371 1244 pertinent
1390 1208 1540 1238 imitamur,
1570 1210 1597 1232 et
1622 1204 1740 1238 patituur
1762 1201 1836 1236 quod

1047 1258 1179 1284 Dominus
1195 1257 1324 1283 dicebat:
1353 1255 1432 1282 Fiunt
1463 1252 1604 1280 novissima
1629 1249 1740 1277 hominis
1764 1247 1837 1274 illius

1046 1304 1174 1331 deteriora
1186 1301 1316 1337 prioribus
1332 1301 1363 1326 δν.
1375 1300 1407 1327 111
1422 1300 1496 1326 enim
1522 1297 1568 1332 qui
1581 1293 1836 1332 postevangelicam

1047 1348 1267 1382 prtcdicationem
1283 1347 1311 1373 in
1331 1353 1389 1376 cas,
1404 1353 1464 1380 quae
1484 1344 1556 1370 dicta
1581 1346 1657 1373 sunt,
1683 1340 1838 1375 impietates

1046 1398 1225 1421 excesserunt
1242 1398 1269 1420 et
1286 1393 1401 1424 scelera,
1413 1391 1471 1418 sive
1483 1389 1714 1417 abominationes,
1727 1389 1838 1421 propter

1046 1439 1160 1466 nimiam
1193 1438 1227 1465 ab
1252 1439 1292 1465 cis
1319 1437 1365 1463 Dri
1389 1436 1573 1467 eversionem,
1590 1438 1665 1460 recte
1693 1432 1756 1459 dicti
1774 1435 1839 1457 sunt

1047 1486 1109 1513 ntali
1121 1495 1127 1518 ;
1137 1489 1208 1512 terra
1224 1485 1354 1511 abhorret
1368 1487 1396 1510 et
1411 1487 1520 1510 evomct
1531 1482 1592 1508 illos
1609 1490 1615 1507 :
1632 1488 1687 1507 non
1699 1479 1772 1506 enim
1785 1479 1837 1512 iam

1048 1533 1074 1559 in
1089 1532 1228 1559 hominum
1246 1530 1380 1565 portione,
1416 1528 1463 1556 sed
1498 1528 1525 1555 in
1553 1529 1706 1554 dzemonum
1726 1525 1839 1551 ordina-

1047 1578 1150 1604 buntur
1168 1586 1174 1603 :
1192 1576 1342 1611 perdentur
1352 1574 1426 1601 enim
1438 1581 1533 1601 eorum
1558 1573 1667 1599 animm.
1680 1570 1736 1597 Iloc
1747 1574 1838 1596 autem

1048 1624 1074 1650 in
1095 1624 1219 1659 gehenna
1234 1622 1273 1654 ﬁt,
1287 1621 1331 1647 ubi
1349 1620 1466 1647 maxime
1479 1619 1555 1646 locus
1571 1622 1598 1645 et
1610 1625 1670 1645 sors
1683 1617 1838 1644 daemonum

1048 1674 1099 1701 est,
1108 1669 1180 1704 quod
1189 1667 1484 1696 mauil'estall)ominus
1494 1666 1606 1693 dicens:
1620 1663 1751 1691 Discedite
1763 1671 1777 1688 tt
1790 1670 1839 1693 me.

1049 1715 1191 1746 maledicti,
1208 1715 1235 1740 in
1249 1714 1334 1748 ignem
1349 1717 1487 1743 retentum,
1505 1710 1550 1746 qui
1567 1714 1678 1744 paratus
1689 1712 1726 1735 est
1736 1706 1842 1734 diabolo

1048 1767 1071 1788 cl
1081 1761 1182 1796 angelis
1198 1761 1255 1795 ejus
1269 1761 1303 1787 7°.

1086 1809 1164 1835 Vnus.
1184 1808 1227 1835 50.
1249 1818 1257 1832 ι
1277 1806 1417 1834 Custodilc
1446 1805 1575 1832 mandata
1599 1811 1668 1830 mea.
1688 1802 1772 1829 nolite
1801 1801 1842 1827 fa—

1048 1864 1110 1883 cere
1135 1863 1196 1889 qum
1217 1854 1341 1881 fecerunt
1368 1853 1394 1879 hi
1411 1853 1456 1886 qui
1485 1852 1597 1878 fuerunt
1612 1854 1676 1876 ante
1692 1857 1749 1878 vos,
1767 1852 1794 1874 et
1809 1855 1843 1873 ne

1050 1901 1207 1937 polluatuiui
1230 1901 1257 1927 in
1287 1901 1336 1927 eis.
1358 1899 1501 1945 ligo‘sntu
1534 1896 1668 1923 Dominus
1697 1893 1768 1919 Deus
1795 1900 1843 1919 ve—

1050 1953 1116 1975 SlCl‘.
1137 1957 1146 1972 ι

1087 1994 1155 2021 Vere
1170 1996 1196 2020 in
1213 1994 1312 2020 duobus
1330 1997 1353 2018 et
1370 1992 1451 2018 tribus
1463 1993 1570 2018 testibus
1585 1994 1637 2016 stat
1669 1996 1744 2015 omne
1786 1995 1843 2012 uer-

1050 2042 1109 2068 bum
1124 2040 1158 2067 “.
1174 2039 1229 2066 lloc
1247 2047 1310 2074 ergo
1324 2038 1462 2073 lt'gislalor
1495 2036 1656 2063 conﬁrmare
1676 2033 1782 2063 volens,
1809 2032 1843 2059 de

1051 2087 1154 2114 eisdem
1171 2086 1251 2112 tertio
1262 2085 1403 2120 praecepit.

1089 2132 1234 2164 Cttstodite,
1253 2131 1352 2165 inquit,
1371 2131 1499 2157 mandata
1515 2127 1672 2158 metunt/lite
1690 2127 1843 2162 faccrcqme

1054 2177 1206 2214 {rreruuthi
1227 2177 1271 2211 qui
1286 2178 1391 2212 [uerunt
1416 2181 1476 2202 ante
1498 2183 1552 2202 vos.
1572 2173 1605 2201 Ut
1629 2172 1755 2200 ostendat
1779 2171 1842 2205 quia

1052 2231 1106 2250 non
1124 2223 1244 2249 hominis
1262 2222 1419 2256 cujuslibet.
1435 2222 1482 2248 sed
1509 2221 1597 2256 ipsius
1619 2220 1665 2247 Dei
1682 2222 1747 2246 sunt
1763 2225 1844 2244 man-

203 2271 358 2298 couﬁrmat.
376 2271 462 2299 Etiam
482 2273 538 2299 hmo
551 2273 771 2303 rursnsa'ldens,
786 2280 900 2311 poenam
919 2280 991 2298 mau-
1015 2270 1036 2297 Β
1050 2270 1126 2297 data.
1147 2269 1198 2301 Qui
1226 2269 1363 2303 quomodo
1387 2269 1486 2296 debeat
1501 2268 1644 2299 custodiri,
1664 2275 1718 2293 non
1748 2265 1843 2294 verbo.

203 2317 250 2344 dat
268 2322 381 2350 terrere,
405 2322 433 2345 et
449 2319 555 2354 erigere
582 2327 631 2345 nos
657 2319 751 2346 volens
774 2319 806 2345 ad
836 2319 944 2346 vitanda
966 2327 996 2345 ea

203 2370 262 2397 qum
274 2364 370 2396 vetuit,
387 2368 416 2390 ut
430 2372 485 2391 non
500 2365 535 2395 ci,
549 2373 629 2399 quam
645 2365 826 2391 eotumiuatus
840 2369 892 2396 est,
911 2373 997 2399 pmiue

204 2409 392 2444 subjiciamur.
406 2410 472 2443 Quae
491 2415 533 2438 est
548 2411 620 2438 enim
636 2412 692 2438 haec
708 2412 806 2438 anima:
819 2412 956 2445 perditio?
971 2411 997 2438 id

203 2459 254 2486 est,
268 2463 350 2489 quam
368 2457 412 2483 hic
428 2458 533 2491 peccati
547 2458 681 2492 prmvcnit
694 2465 778 2489 mors,
796 2457 917 2492 complet
933 2465 997 2492 ergo

205 2500 230 2526 in
249 2500 370 2528 futurum
384 2503 519 2537 gcltenua.
546 2504 591 2531 Ait
610 2504 682 2530 enim
717 2503 847 2530 Dominus
864 2513 871 2530 :
901 2504 998 2530 Timete

204 2555 263 2574 eum
285 2549 330 2582 qui
344 2553 426 2583 potest
438 2554 461 2576 et
476 2558 569 2584 corpus
592 2555 615 2576 et
631 2550 749 2576 animum
771 2552 881 2583 perdere
908 2550 934 2576 in
959 2559 999 2585 ge-

204 2594 290 2620 heuna
304 2595 336 2622 ⁸ο.
352 2594 468 2630 Propter
479 2596 550 2630 quod
567 2601 620 2623 tam
652 2597 779 2629 incolam,
798 2597 823 2624 id
855 2601 906 2628 est,
937 2605 998 2624 eum

204 2639 276 2673 quia
292 2640 416 2674 patribus
432 2641 459 2667 in
470 2642 526 2677 lege
543 2642 662 2669 nutritus
683 2647 733 2675 est,
761 2647 789 2669 ct
819 2642 852 2669 ab
884 2642 998 2669 infantia

205 2687 302 2712 doctus
317 2691 358 2713 est
374 2688 489 2718 litteras,
509 2696 589 2722 quam
604 2689 781 2723 prosclytum,
800 2689 881 2723 ctqui
897 2688 998 2723 adjun-

203 2737 263 2758 ctus
274 2738 317 2759 est
332 2733 422 2765 nobis,
435 2734 461 2761 id
470 2738 522 2766 est,
536 2742 598 2761 eum
609 2735 654 2769 qui
667 2735 769 2762 deforis
779 2735 858 2762 nobis
871 2735 996 2770 adjectus

205 2784 256 2810 ρει,
272 2779 317 2813 qui
335 2779 452 2807 interius
468 2787 575 2812 sumus,
591 2781 719 2808 recedere
732 2781 766 2808 ab
783 2781 996 2808 abominationi-

242 2866 264 2882 ⁶¹
279 2867 359 2893 Deut.
380 2876 427 2899 vit,
448 2869 494 2901 20,

242 2869 264 2882 "
280 2869 359 2893 Deut.
380 2876 427 2899 vn,
448 2869 494 2901 20,
533 2869 555 2885 ⁸⁸
569 2869 634 2896 Luc.
650 2878 668 2901 ι,
685 2870 730 2897 28.

219 2902 229 2917 Ι
247 2901 334 2917 "1".“-
359 2910 385 2917 ι-.
411 2904 437 2917 ll
493 2905 514 2917 se
531 2904 612 2917 “Aul.
641 2913 677 2917 ι...
711 2906 730 2917 ι·

207 2902 229 2917 ⁸⁸
246 2901 268 2928 11
280 2902 344 2929 Cor.
359 2910 396 2934 ιι,
411 2904 453 2930 ll.

493 2905 514 2920 ‘9
531 2904 624 2932 Matth.
641 2913 688 2939 xtl,
704 2906 748 2934 45.

772 2870 793 2885 τι
809 2870 880 2897 Psal.
895 2880 931 2902 Ix,

1023 2873 1044 2888 ⁸⁵
1061 2872 1154 2899 Matth.
1172 2874 1285 2903 γιιιμῖι.

788 2907 810 2922 ⁷ο
822 2906 918 2933 Matth.
936 2915 997 2940 xxv,
1010 2908 1053 2934 41.

1052 2317 1099 2344 sed
1117 2324 1211 2350 opere,
1239 2316 1396 2342 incarnatus
1425 2323 1472 2350 per
1500 2323 1577 2342 suam
1607 2312 1843 2340 comersationcm

1053 2363 1184 2391 ostendit.
1202 2362 1235 2390 Ut
1254 2371 1308 2389 non
1326 2362 1457 2389 faciamus
1478 2367 1567 2388 autem
1584 2359 1674 2386 omnia
1690 2366 1751 2393 quae
1771 2357 1844 2383 fece~

1053 2414 1118 2438 runt
1134 2410 1160 2436 hi
1184 2411 1229 2444 qui
1248 2409 1359 2436 filerunt
1374 2413 1437 2435 ante
1466 2416 1526 2440 nos,
1546 2406 1704 2434 necessarie
1717 2403 1821 2431 addidit
1837 2423 1843 2435 ,

1053 2462 1083 2484 ut
1096 2457 1228 2484 sciremus
1243 2457 1306 2491 quia
1321 2457 1427 2483 veniam
1447 2454 1626 2490 peccantibus
1646 2461 1700 2479 non
1719 2455 1841 2486 prastat.

1052 2503 1129 2537 Quod
1147 2503 1334 2538 prmccdcutcs
1351 2502 1395 2529 alii
1411 2501 1518 2537 quidam
1533 2499 1629 2527 similia
1642 2498 1759 2533 posteris
1769 2505 1846 2524 com-

1052 2551 1186 2578 miserunt
1201 2555 1311 2584 peccata
1327 2559 1332 2576 :
1349 2549 1467 2584 primum
1498 2548 1618 2583 quidem,
1634 2546 1696 2581 quia
1714 2554 1765 2572 nec
1793 2544 1846 2570 illis

1052 2597 1131 2624 venia
1146 2597 1206 2624 data
1226 2601 1277 2627 est,
1293 2596 1340 2623 sed
1357 2596 1445 2629 poenis
1455 2593 1628 2621 condemnati
1639 2596 1702 2619 sunt
1714 2600 1720 2624 ;
1734 2590 1843 2621 deinde,

1053 2644 1116 2680 quia
1132 2643 1347 2678 prmcedcutium
1362 2650 1441 2676 pmua
1452 2641 1589 2668 sufficiens
1606 2644 1665 2667 erat
1683 2638 1715 2666 ad
1728 2646 1846 2672 st‘qtlcn-

1055 2696 1095 2718 tes
1109 2691 1299 2726 corrigendos;
1318 2692 1431 2725 insuper
1458 2690 1522 2724 quia
1541 2689 1596 2716 Deo
1612 2688 1645 2715 dc
1662 2687 1764 2714 eisdem
1778 2694 1845 2712 eon~

1053 2742 1170 2765 testante
1186 2746 1258 2772 saepe
1275 2746 1324 2772 per
1342 2738 1440 2773 legem,
1457 2741 1482 2764 et
1501 2735 1666 2770 Prophetas,
1679 2739 1705 2761 et
1724 2734 1846 2767 Evange-

1052 2783 1098 2816 lia,
1108 2784 1251 2818 oportebat
1260 2783 1292 2811 ad
1305 2783 1488 2811 obedientiam
1501 2782 1572 2809 ﬂecti
1588 2780 1737 2816 quamlibet
1746 2779 1845 2806 durum

1326 2874 1347 2887 *θ
1361 2873 1455 2901 Matth.
1468 2882 1494 2906 χ,
1511 2873 1553 2900 ES.

1093 2909 1113 2923 ⁷¹
1130 2909 1224 2936 Matth.
1238 2917 1314 2942 xvut,
1332 2910 1375 2936 16.

1596 2872 1618 2887 ⁸⁷
1633 2871 1712 2898 Joan.
1725 2878 1783 2901 \‘ltl,
1800 2868 1844 2896 11.
