2052 3146
197 170 268 202 1019

794 172 974 202 HESYCIIII
996 171 1231 201 PRESBYTER!

1764 169 1827 202 1020

194 239 251 257 cor.
269 230 321 257 Sed
340 229 402 257 vide
416 229 514 265 quibus
539 234 701 264 praisentem
718 230 890 258 sanctionem
916 238 984 258 con-
1002 236 1021 262 Α
1038 231 1108 261 estis,
1127 235 1151 257 et
1169 231 1277 263 spiritus
1293 229 1340 256 Dei
1366 229 1467 256 habitat
1493 230 1520 256 in
1551 229 1643 261 vobis!
1677 229 1830 264 Quicunque

196 275 313 303 ﬁrmavit
324 275 424 302 verbis.

231 321 271 348 Ne
284 321 441 355 polluamini
454 322 481 347 in
494 321 541 353 eis,
561 322 624 356 quia
639 329 685 356 ego
698 328 756 347 sum
778 321 906 348 Dominus
919 321 987 348 Deus

195 373 295 399 vester,
319 374 414 394 omnes
430 375 476 395 vos
504 375 519 394 a
543 367 693 402 pollutione
720 367 854 394 mundare
881 367 985 394 volens.

195 413 264 446 Quia
278 413 423 447 imaginem
441 414 501 448 ejus
516 413 677 441 circumdati
700 421 806 447 sumus,
831 419 858 441 et
883 414 987 449 polluta

195 458 304 494 quidem
339 467 380 492 ea,
407 467 421 486 a
449 459 571 494 qualibet
591 467 696 492 carum,
723 467 784 494 qua:
802 460 893 487 vetit:e
909 464 984 491 sunt,

196 506 329 533 malarum
346 510 374 532 et
391 505 559 532 nefariarum
573 505 691 537 actione,
718 505 872 533 necessarie
889 506 985 533 irasci-

196 556 262 577 tur:
278 550 378 577 munda
393 555 484 577 autem
512 554 683 583 conservata,
709 550 736 576 in
768 555 872 577 tantum
896 550 986 585 placet

198 600 229 622 nl.
243 596 324 622 etiam
337 596 472 623 inhabitet
486 596 513 622 in
529 596 617 628 nobis,
630 595 702 630 quod
717 596 874 623 manifestat
886 595 985 623 Paulus

197 646 343 676 utrumque
358 650 365 675 ;
387 642 425 669 ait
441 649 506 677 ergo
518 642 575 669 sic:
592 641 705 668 Nescitis
720 642 782 676 quia
793 641 919 676 templum
937 641 985 668 Dei

1044 286 1105 311 ergo
1115 277 1238 310 templum
1263 276 1309 302 Dei
1321 276 1467 307 violaverit,
1497 276 1627 311 disperdat
1655 276 1728 303 illum
1752 276 1829 306 Deus.

1045 321 1170 355 templum
1195 321 1265 348 enim
1294 321 1342 347 Dei
1367 326 1488 348 sanctum
1499 325 1547 353 est,
1580 322 1649 356 quod
1663 322 1725 347 estis
1739 330 1783 348 vos
1796 322 1828 348 ¹¹¹.

1042 366 1264 394 Consuminatam
1285 374 1349 401 ergo
1373 365 1616 394 sanctificationem
1634 367 1830 400 custodientes,

1041 417 1126 440 totam
1138 414 1166 440 in
1193 413 1274 441 nobis
1299 413 1433 440 habemus
1463 413 1663 440 inhabitantem
1691 412 1831 441 Trinitatis

1041 459 1252 494 plenitudinem,
1267 459 1289 486 si
1309 463 1399 485 tamen
1421 458 1553 492 templum
1570 457 1618 485 Dei
1635 465 1741 490 sumus,
1757 458 1832 485 vide-

1040 506 1105 533 licet
1124 505 1222 535 Patris,
1246 504 1346 531 Christi
1361 508 1453 532 autem
1483 511 1584 538 corpus
1602 507 1629 530 et
1642 494 1791 535 membra,‘
1804 508 1831 530 et

1040 551 1161 586 Spiritus
1175 556 1286 579 sanctus
1302 551 1328 577 in
1347 551 1426 577 nobis
1455 550 1571 583 habitat,
1593 550 1621 577 in
1637 549 1747 577 Christo
1765 549 1830 577 Jesu

1040 597 1154 624 Domino
1170 601 1276 628 nostro,
1297 596 1392 623 cuiest
1403 595 1499 631 gloria,
1512 596 1611 628 honor,
1629 600 1657 623 et
1668 602 1792 631 regnum,
1803 595 1830 621 in

1040 643 1139 670 sa-cula
1154 642 1329 669 smculorum.
1343 643 1441 669 Amen.

1613 732 1810 745 ———-——,—‘

739 814 946 861 LIBER
993 814 1271 860 SEXTUS.

488 1002 696 1032 PILEFATIO.

229 1071 336 1105 Quanta
352 1072 423 1099 bona
439 1073 472 1099 ad
488 1073 693 1100 meditationem
706 1073 773 1108 legis
789 1078 817 1100 et
847 1073 984 1107 interpre-

194 1118 324 1146 tationem
345 1123 466 1146 mentem
510 1119 718 1152 transferentes,
743 1120 891 1152 lucremur,
918 1119 984 1154 quid

193 1172 262 1199 opus
272 1169 314 1192 est
327 1165 440 1192 dicere?
456 1165 548 1200 Neque
559 1166 632 1193 enim
648 1167 737 1194 solum
751 1167 867 1194 virtutes
879 1175 981 1194 conse-

193 1210 312 1244 quimur,
333 1211 381 1238 sed
396 1216 424 1238 et
439 1212 509 1238 mala
524 1212 675 1242 renuimns.
709 1220 743 1239 ex
773 1213 856 1246 hujus
880 1213 983 1246 studio,

193 1262 302 1281 necnon
333 1263 454 1282 amorem
482 1256 651 1290 acquirimus
673 1256 730 1288 Dei,
753 1257 983 1291 pulchritudinem

193 1300 333 1334 sapientiae
348 1301 408 1334 ejus
423 1301 568 1334 discentes,
585 1302 720 1337 simulque
734 1310 748 1329 a
760 1303 884 1330 saeculari
908 1303 984 1332 fumo

192 1346 302 1372 oculum
320 1347 419 1374 anima:
435 1347 590 1379 liberamus,
609 1354 636 1376 et
649 1349 833 1384 corruptionis
857 1350 984 1377 humana:

194 1390 329 1417 sustinere
344 1398 485 1418 cessamus
496 1391 654 1426 imperium,
666 1398 694 1419 et
711 1393 871 1420 excedimus
902 1394 981 1421 dein-

195 1442 261 1470 ceps
276 1436 416 1469 homines,
433 1444 517 1464 carne
533 1437 595 1468 hac,
611 1445 672 1472 quae
693 1442 779 1465 estex
798 1443 905 1466 terrena
924 1447 984 1467 ma-

196 1482 274 1514 teria,
289 1481 416 1510 viventes
428 1483 584 1515 sublimius,
613 1483 656 1510 vel
672 1484 757 1519 magis
772 1485 905 1512 enicimur
934 1486 983 1513 ho-

195 1528 292 1555 mines.
308 1528 433 1556 Hominis
441 1529 515 1556 enim
530 1533 571 1556 est
585 1529 717 1556 rationale
729 1531 986 1565 contemplativum.

194 1581 248 1608 que
267 1574 419 1608 proprium,
438 1575 510 1602 unde
525 1575 598 1602 etad
620 1575 766 1611 imaginem
797 1576 844 1603 Dei
875 1581 985 1604 creatus

195 1619 307 1645 dicitur.
321 1618 384 1646 Haec
398 1625 491 1647 autem
506 1621 586 1654 nobis
606 1629 654 1656 per
673 1622 793 1648 studium
819 1627 848 1649 et
865 1630 984 1657 occupa-

197 1664 298 1690 tionem
311 1664 383 1692 circa
397 1666 511 1693 verbum
526 1666 572 1693 Dei
592 1667 769 1701 proveniunt.
787 1667 901 1702 Propter
910 1670 983 1703 quod
999 1670 1021 1700 α

197 1707 308 1734 Levitici
324 1708 385 1736 libri
400 1710 542 1744 sequentia
556 1718 761 1745 percurramus,
774 1712 983 1747 multumjuva-

196 1760 259 1779 men
273 1753 611 1789 legentibusconferentia.
626 1757 672 1784 Dei
682 1758 757 1784 enim
770 1759 984 1792 suntmandata,

195 1799 353 1827 adumbrata
365 1802 476 1836 quidem
490 1803 518 1829 in
534 1803 657 1838 pluribus
669 1808 783 1839 propter
798 1805 985 1834 inﬁrmitatem

196 1847 287 1881 populi
303 1847 458 1876 Judteorum
474 1849 503 1877 in
526 1850 615 1878 littera
632 1860 638 1878 :
664 1851 863 1886 perfectionem
893 1856 985 1879 autem

195 1894 347 1921 secundum
362 1894 480 1923 litteram
505 1897 625 1938 intuenti
649 1902 791 1933 praastant,
818 1903 845 1925 et
865 1906 986 1926 consona

196 1939 374 1968 inveniuntur
382 1949 424 1975 ea,
440 1950 502 1977 quae
513 1950 563 1978 per
581 1943 690 1980 Moysen
702 1945 775 1973 dicta
798 1950 873 1978 sunt,
900 1946 923 1973 si
944 1946 986 1973 in-

196 1990 389 2022 terpretentur,
405 1989 561 2025 Evangelia.

481 2068 594 2098 CAPUT
613 2070 685 2098 XIX.

232 2146 311 2174 Vens.
329 2148 384 2176 1-4.
397 2157 406 2173 ί
426 2149 547 2177 Locutus
563 2154 606 2177 est
619 2150 753 2179 Dominus
767 2152 800 2179 ad
819 2152 927 2188 Moysen
944 2153 988 2180 di-

195 2201 278 2221 cens:
292 2193 413 2228 Loquere
426 2195 459 2222 ad
475 2204 583 2223 onmem
600 2202 700 2224 costum
719 2197 837 2226 filiorum
852 2200 943 2232 Israel,
961 2205 989 2228 et

195 2241 270 2268 dices
294 2241 327 2269 ad
354 2250 426 2270 eos:
450 2243 542 2270 Sancti
569 2248 668 2277 estote,
681 2245 744 2279 quia
767 2250 794 2273 et
805 2254 855 2281 ego
876 2252 988 2275 sanctus

195 2296 255 2315 sum
268 2288 399 2316 Dominus
415 2288 485 2317 Deus
497 2296 597 2318 vester.
616 2290 811 2326 Unusquisque
824 2297 929 2327 patrem
959 2297 989 2320 et

1004 925 1041 932 .—

999 1001 1020 1030 B
1036 999 1195 1033 sionemque
1204 998 1598 1035 removet),sanctificationem
1609 999 1821 1034 consequimini;

1036 1049 1148 1072 sanctus
1166 1050 1257 1072 autem
1270 1046 1398 1082 conjungi
1424 1046 1547 1081 profanis
1560 1054 1615 1074 non
1627 1047 1738 1081 patitur.
1763 1046 1828 1074 Pro-

1036 1097 1128 1126 pterea
1144 1092 1243 1119 l’aulus
1254 1092 1364 1120 diccbat
1380 1101 1387 1119 ε
1410 1093 1525 1120 Nescitis
1541 1094 1605 1128 quia
1630 1093 1755 1128 templum
1782 1094 1827 1121 Dei

1035 1138 1095 1164 estis
1106 1138 1149 1164 ?et
1164 1138 1273 1171 spiritus
1290 1137 1339 1164 Dei
1366 1138 1468 1165 habitat
1502 1139 1530 1164 in
1560 1138 1649 1165 vobis?
1675 1139 1828 1173 Quicunque

1035 1188 1123 1210 autem
1143 1184 1269 1217 templum
1291 1184 1399 1211 Domini
1421 1184 1569 1218 violaverit,
1596 1185 1728 1220 disperde!
1753 1185 1827 1212 illum

1035 1229 1115 1255 Deus.
1127 1229 1260 1263 Templum
1273 1230 1342 1256 enim
1354 1230 1401 1256 Dei
1410 1235 1531 1267 sanctum
1540 1235 1586 1263 est,
1597 1231 1666 1266 quod
1673 1231 1734 1258 estis
1743 1239 1786 1258 vos
1795 1231 1827 1257 ⁷⁸.

1074 1274 1305 1309 Supertedificans
1317 1280 1409 1302 autem
1422 1276 1551 1303 mandata
1568 1284 1651 1312 super
1665 1277 1717 1304 hoc
1730 1276 1828 1304 funda-

1036 1324 1169 1353 mentum,
1195 1327 1271 1349 extra
1297 1322 1370 1357 quod
1393 1330 1474 1349 nemo
1498 1327 1590 1357 potest
1614 1331 1717 1358 ponere
1732 1324 1825 1351 aliud:

1039 1366 1228 1402 Unusquisque,
1250 1367 1298 1400 ait,
1321 1373 1436 1403 patrem,
1461 1374 1485 1396 et
1505 1375 1616 1397 matrem
1633 1378 1710 1397 suam
1726 1371 1827 1397 timeat.

1035 1411 1088 1439 Pcr
1102 1413 1346 1442 sanctiticationem
1364 1415 1474 1449 quidem
1501 1424 1597 1450 puram
1617 1421 1738 1444 mentem
1767 1424 1829 1452 erga

1035 1458 1193 1486 Creatorem
1207 1460 1352 1493 mandans,
1372 1468 1419 1494 per
1435 1461 1568 1489 honorem
1590 1466 1682 1489 autem
1699 1462 1786 1497 patris
1801 1466 1829 1489 et

1035 1505 1130 1532 matris
1149 1506 1281 1540 impendi,
1295 1511 1399 1535 naturae
1422 1507 1631 1543 benignitatem,
1658 1516 1719 1543 quae
1731 1516 1829 1543 paren—

1036 1551 1110 1578 tibus
1122 1551 1265 1585 honorem,
1283 1553 1331 1580 sed
1349 1558 1377 1580 et
1391 1554 1518 1581 timorem
1535 1554 1631 1582 deberi
1643 1562 1659 1581 a
1671 1554 1744 1586 ﬁliis,
1754 1554 1828 1582 sicut

1036 1596 1169 1625 Dominus
1186 1598 1272 1625 dedit.
1288 1599 1390 1627 Deinde
1416 1600 1483 1635 legis
1504 1601 1634 1628 mandata
1647 1600 1830 1635 recapitulare

1038 1643 1143 1676 volens,
1158 1644 1184 1671 id
1198 1649 1250 1675 est,
1275 1644 1336 1672 Non
1364 1646 1481 1678 occides;
1510 1646 1570 1673 Non
1586 1647 1719 1682 furaberis
1740 1655 1750 1673 :
1769 1647 1829 1674 Non

1039 1690 1206 1718 adulterabis
1221 1699 1230 1718 :
1245 1692 1305 1718 Non
1314 1692 1464 1727 perjurabis
1480 1700 1490 1719 :
1514 1692 1576 1719 Non
1606 1701 1722 1720 assumes
1736 1701 1830 1720 nomen

1036 1736 1143 1764 Domini
1162 1737 1211 1764 Dei
1222 1738 1261 1764 tui
1279 1738 1307 1764 in
1321 1746 1419 1765 vanum
1433 1746 1442 1765 :
1456 1737 1516 1765 Non
1540 1739 1705 1772 concupisces
1719 1747 1827 1766 uxorem

1035 1782 1150 1816 proximi
1162 1782 1224 1809 tui:
1246 1786 1274 1809 et
1299 1786 1329 1809 ut
1357 1782 1477 1810 breviter
1502 1783 1700 1810 continentiam
1723 1792 1739 1810 ει
1758 1785 1829 1811 malo

1036 1826 1199 1861 praeciperet
1214 1836 1221 1859 ;
1234 1826 1350 1854 Sabbata
1369 1836 1427 1854 mea
1456 1829 1596 1861 custodite,
1631 1829 1829 1857 rationabiliter

1037 1872 1158 1900 subdidit
1174 1893 1181 1905 ,
1198 1873 1260 1907 quia
1273 1881 1368 1900 verum
1383 1874 1533 1900 Sabbatum
1551 1879 1595 1901 est
1613 1875 1717 1902 nullum
1733 1883 1829 1902 corru-

1036 1918 1138 1953 ptionis
1149 1926 1218 1953 opus
1235 1919 1341 1953 operari
1357 1929 1362 1946 :
1384 1927 1448 1946 nam
1462 1923 1490 1947 et
1501 1927 1584 1947 omne
1598 1928 1667 1954 opus
1681 1921 1779 1948 servile
1799 1921 1828 1948 in

1036 1964 1155 1993 Sabbato
1165 1973 1220 1993 non
1232 1965 1302 1999 ﬁeri,
1319 1965 1425 2001 Moyses
1447 1966 1578 2001 prmcepit
1595 1976 1601 1994 :
1612 1971 1706 2002 aperte
1716 1967 1750 1994 ab
1761 1974 1829 2001 ope-

1037 2012 1113 2039 ribus
1123 2013 1226 2046 carnis,
1239 2022 1299 2048 qum
1314 2018 1380 2041 sunt
1394 2013 1553 2047 fornicatio,
1591 2014 1777 2046 immunditia,
1801 2017 1828 2041 et

1037 2058 1136 2086 similia
1151 2060 1205 2092 his,
1220 2068 1316 2087 cavere
1328 2060 1492 2095 praecipiens
1509 2067 1573 2088 eum
1598 2061 1644 2095 qui
1677 2061 1826 2087 Sabbatum

1038 2106 1175 2134 celebrare
1192 2107 1250 2135 vult
1276 2108 1427 2135 secundum
1452 2108 1540 2144 legem
1557 2108 1679 2143 spiritus.
1697 2108 1749 2135 Sed
1775 2115 1826 2134 nec

1037 2161 1145 2181 causam
1165 2153 1275 2181 Sabbati
1290 2153 1416 2189 ignorare
1439 2158 1557 2189 oportet,
1570 2154 1610 2181 sic
1621 2154 1721 2181 etenim
1738 2153 1825 2180 virtu-

1038 2205 1092 2228 tem
1116 2200 1192 2236 legis,
1217 2209 1277 2235 qua:
1295 2201 1328 2228 de
1357 2208 1390 2227 eo
1414 2205 1466 2233 est,
1487 2201 1613 2228 sciemus.
1639 2200 1750 2233 Quando
1760 2205 1824 2233 ergo

1038 2247 1149 2274 Sabbati
1163 2248 1321 2274 mandatum
1335 2246 1406 2274 Deus
1422 2247 1518 2274 dedit?
1543 2251 1659 2281 putasne
1690 2245 1738 2272 sub
1752 2243 1819 2274 Noe,

1038 2292 1147 2327 quando
1164 2301 1218 2320 non
1236 2293 1341 2320 comedi
1360 2293 1522 2327 sanguinem
1546 2290 1690 2327 praecepit?
1718 2296 1816 2323 nequa-

197 2339 308 2360 matri-m
329 2343 405 2361 suam
423 2335 525 2362 timeat.
544 2336 661 2363 Sabbato
677 2344 735 2363 mea
752 2338 898 2365 custodite.
930 2338 985 2373 Ego
1003 2346 1024 2373 ι)
1038 2347 1130 2373 quarti,
1147 2339 1194 2366 sed
1205 2340 1255 2366 sub
1270 2339 1416 2369 Abraham,
1434 2346 1513 2372 quem
1526 2337 1618 2364 habuit
1630 2336 1741 2363 amicum
1751 2334 1816 2361 iide-

198 2380 327 2408 Dominus
346 2381 416 2408 Deus
431 2386 530 2409 vester.
544 2382 635 2410 Nolite
648 2383 770 2411 converti
780 2383 814 2411 ad
834 2383 917 2417 idola,
934 2393 985 2412 nec

196 2427 261 2453 deos
280 2428 432 2456 conflatiles
447 2428 553 2457 facietis
568 2429 657 2462 vobis,
671 2437 722 2466 ego
739 2429 882 2458 Dominus.
904 2441 913 2457 I

232 2473 316 2500 Recte
341 2474 989 2522 sanctiﬁcationem/WBPE

197 2519 307 2547 virtutis
317 2525 360 2548 est
369 2515 982 2548 tandem

197 2566 239 2594 dis
253 2559 469 2603 omnibus“

234 2626 1170 2662 ξυιυς-

245 2662 281 2681 Iw
1182 2667 1184 2669 .
1198 2665 1200 2667 ν
1218 2662 1246 2674 γ’
1258 2662 1266 2684 l

197 2700 257 2741 μ’,
275 2708 281 2712 “
1215 2709 1278 2750 Ροε

1189 2808 1205 2827 δι
1234 2798 1251 2822 ο
1266 2799 1282 2820 c

1238 2863 1242 2872 .

294 2916 408 2946 Lru-rr-
501 2891 674 3007 ⁸

266 2950 304 2980 IIII:
376 2944 398 2980 ,ΓΓ

250 2992 268 3018 Γ·
360 2980 394 3016 ﬁt!
462 3014 472 3016 _

254 3020 292 3042 T__
396 3016 432 3036 ¹---ι
452 3018 460 3036 ι’
472 3034 500 3044 .,_
516 3038 518 3040 .
940 3017 959 3039 |

262 3044 272 3046 _
292 3044 316 3056 ’““
520 3042 526 3064 Ι.
536 3064 556 3068 __
566 3050 594 3064 1-⁵·
602 3042 608 3060 -Ι
660 3048 666 3064 J

328 3068 360 3094 ,η-
656 3084 670 3108 F1.
1199 3072 1205 3074 .

360 3112 408 3132 ηπ..
640 3112 642 3124 |
759 3131 772 3133 ᾼ
787 3130 792 3131 7
909 3123 914 3125 Α
1179 3116 1207 3129 ,β-
1216 3126 1222 3127 κ
1236 3111 1262 3128 ζ’
1275 3112 1282 3128 Ζ

1036 2385 1102 2417 lem,
1117 2393 1198 2420 quem
1214 2385 1350 2420 probavit,
1369 2390 1397 2411 ct
1412 2391 1553 2418 nunquam
1567 2383 1601 2409 ab
1617 2390 1650 2409 eo
1663 2380 1812 2408 mandatum

1038 2431 1139 2458 bonum
1151 2431 1304 2458 abscondit.
1317 2430 1370 2457 Sed
1382 2437 1433 2457 nec
1446 2435 1520 2459 tunc.
1545 2427 1652 2462 quando
1679 2426 1711 2452 de
1743 2429 1810 2450 terra

1037 2476 1146 2514 Egypti
1170 2475 1301 2512 populum
1317 2475 1471 2502 Judmorum
1508 2473 1609 2504 eduxit,
1621 2476 1647 2498 ct
1668 2469 1808 2514 esurientes

1032 2513 1290 2554 purmnraverunt,
1305 2519 1445 2546 dicentes:
1461 2517 1566 2545 Utinam
1580 2515 1671 2542 mortui
1679 2513 1805 2548 fuissemus

1226 2597 1237 2603 ,η
1250 2565 1355 2594 Domini
1370 2564 1396 2591 in
1410 2568 1479 2590 terra
1501 2562 1615 2597 Egypti,
1627 2559 1725 2596 quando
1737 2556 1803 2606 sede-

1176 2606 1222 2642 ﬁi‘
1234 2609 1303 2639 ollas
1316 2610 1445 2642 carnium,
1457 2613 1480 2635 et
1496 2606 1684 2635 comedebamus
1695 2608 1800 2637 partem:

1170 2642 1266 2690 Ei”
1287 2655 1473 2690 Misitquidem
1486 2654 1524 2681 eis
1538 2653 1605 2680 Deus
1627 2657 1726 2680 manna,
1754 2647 1798 2675 do-

1881 3116 1887 3118 s
1894 3106 1954 3117 δρψ
1961 3106 1992 3116 μιν
1997 3105 2040 3115 ἡ,
