2052 3146
246 245 358 272 Μόδιος
387 247 456 276 erat,
484 250 545 277 quae.
559 246 666 276 poterat
692 250 918 277 unumquemque
936 242 1042 270 nutrire

248 291 398 319 hominem.
418 289 495 316 Time
510 297 534 316 et
541 296 575 323 go
589 289 688 316 docere
704 297 752 317 eos
767 289 801 316 de
816 289 981 324 intelligibili
996 296 1040 316 re—

246 337 310 372 quie
327 341 354 364 et
382 335 435 363 ﬁne
454 335 547 362 mundi
563 335 667 367 volens,
686 335 749 369 quia
775 334 823 361 illo
847 339 970 369 tempore
990 333 1041 361 im—

246 382 378 418 possibile
404 385 446 408 est
473 381 566 409 cibum
592 381 764 415 conquirere,
792 381 835 408 vel
849 381 968 415 operari,
990 388 1042 408 nec

247 430 318 456 circa
338 428 481 463 corporale
505 427 606 461 aliquid
623 427 764 462 occupari,
793 427 855 454 talia
883 427 923 454 eis
949 427 1041 454 dicere

247 469 354 510 Moysen
365 473 496 508 prmecpit
509 483 516 500 :
536 472 655 500 Sabbata
671 473 749 499 hodie
760 472 885 504 Domino,
896 481 947 499 non
968 473 1039 499 iuue—

246 520 323 546 uietis
342 519 409 545 illud
430 519 457 545 in
473 527 537 554 agro
549 526 558 544 :
574 526 622 545 sex
637 518 735 545 diebus
748 518 898 552 colligitur,
924 518 1041 553 septima

246 570 340 592 autent
353 565 398 592 die
415 564 545 596 Sabbata,
561 572 616 591 tton
630 564 682 591 erit
692 563 719 590 in
731 571 775 590 ea.
786 563 847 590 Non
878 563 1039 596 Sabbatutn,

245 612 294 639 sed
314 611 445 644 Sabbata,
461 611 524 646 quia
552 610 730 645 iutclligibilis
751 611 859 644 requies
873 618 927 637 non
943 611 976 637 ab
986 618 1041 637 uno

245 657 376 691 quodam,
404 657 452 683 sed
475 657 511 683 ab
539 655 667 683 omnibus
688 655 846 682 carnalibus
869 655 1040 683 vacationem

245 703 500 738 alienationemque
516 703 648 738 possidet.
664 703 742 731 Unde
755 710 886 737 nusquam
905 702 980 737 prius
997 702 1039 728 in-

245 750 342 777 venies
362 749 433 784 apud
450 749 571 776 divinam
594 749 767 784 Seripluram
781 749 965 776 Sabbatorum
989 756 1039 775 no-

245 804 320 829 men,
332 800 363 822 ut
373 796 550 822 manifestum
567 796 603 823 sit
628 795 692 831 quia
704 795 855 823 Sabbatttm
866 802 976 822 omnem
992 803 1039 821 va-

245 843 384 868 cationem
398 841 562 873 carnalium,
576 845 604 868 et
617 841 790 867 sa-cularium
817 847 909 867 rerum
938 846 1040 874 pra-ce-

245 888 295 922 pit.
314 888 393 915 Unde
408 895 490 914 onutc
503 895 572 922 optts
588 888 630 914 lex
658 887 821 922 prohibens,
841 895 903 921 quae
936 885 1041 913 faciunt

243 934 376 961 adt'ersus
391 941 501 962 omnem
514 934 646 966 animam,
673 934 795 961 subdidit
813 942 819 960 :
837 932 954 960 Sabbata
982 941 1039 959 mea

244 981 383 1007 custodite.
393 980 445 1007 Per
460 980 513 1008 hoc
524 985 618 1015 aperte
629 980 778 1007 ostendens
803 979 866 1014 quia
895 987 910 1007 a
940 987 1040 1014 corpo-

244 1026 347 1054 ralibus
365 1034 416 1053 nos
431 1034 529 1053 vacare
553 1026 702 1058 desiderat,
725 1031 752 1053 et
777 1034 837 1061 quae
849 1026 883 1055 ad
908 1026 1039 1061 juvamen

243 1076 310 1099 sunt
320 1073 429 1104 animae,
443 1077 471 1099 et
489 1072 645 1107 profectum
666 1072 834 1107 pertinentia
853 1073 971 1107 operari.
985 1072 1039 1100 Ve-

243 1127 304 1146 rutn
322 1118 396 1145 enim
413 1117 564 1145 Sabbatum
585 1122 638 1150 est,
653 1117 722 1144 nihil
738 1118 891 1150 matcriale,
908 1118 976 1144 nihil
1006 1118 1039 1145 ad

245 1168 347 1190 terram
366 1162 505 1189 hominem
521 1162 690 1197 deprimens,
721 1167 749 1189 et
768 1162 800 1189 ad
832 1161 1039 1196 corruptionem

241 1209 381 1236 carnalem
403 1209 516 1235 traltens
525 1215 616 1243 agere.
632 1208 701 1235 Cum
717 1207 768 1235 hoc
784 1212 876 1234 autetn
890 1207 955 1242 quid
965 1207 1039 1235 aliud

243 1262 318 1281 nunc
332 1253 405 1281 Deus
415 1254 546 1288 praecepit
558 1262 565 1279 τ
1007 1279 1010 1282 λ

278 1299 399 1327 γεμςΑ.
415 1309 424 1325 ι
441 1299 532 1327 Nolite
556 1300 681 1327 converti
710 1299 744 1327 ad
775 1300 858 1332 idola,
892 1307 944 1327 nec
969 1300 1038 1327 deos

240 1347 392 1374 conﬁatiles
414 1346 520 1373 iacietis
532 1347 619 1374 vobis.
636 1347 691 1381 Ego
706 1346 848 1373 Dominus.
863 1355 872 1372 ι

278 1392 337 1419 Non
353 1392 476 1419 converti
488 1397 579 1419 autetu
597 1392 630 1419 ad
644 1392 724 1424 idola,
746 1396 788 1419 est
800 1399 854 1419 non
867 1392 1037 1420 condescen-

241 1439 308 1466 dere
342 1439 385 1466 ltis
419 1447 480 1473 (llltP.
514 1439 650 1465 idolorum
679 1439 722 1465 lex
754 1439 839 1465 multa
867 1439 1037 1474 profanaque

240 1484 335 1519 exigit.
349 1484 401 1510 Sed
420 1491 470 1510 nec
481 1483 632 1510 conllatiles
649 1483 715 1510 deos
731 1483 863 1511 faciamus
881 1484 971 1515 nobis,
982 1492 1037 1510 non

241 1530 331 1557 solum
349 1531 376 1557 in
389 1530 549 1557 animalium
571 1530 678 1562 formis,
693 1530 740 1557 sed
757 1538 808 1557 nec
821 1531 848 1557 in
866 1531 1037 1565 peculiorum

241 1577 390 1608 thesauris,
416 1584 466 1604 nec
495 1577 522 1602 in
535 1576 592 1603 auri
623 1580 670 1603 aut
699 1576 805 1611 argenti
832 1576 952 1603 massis:
977 1577 1036 1603 haec

242 1622 319 1648 enim
336 1622 402 1648 deos
417 1629 480 1648 suos
493 1621 597 1648 iaciunt
612 1621 639 1648 hi
676 1621 722 1655 qui
740 1628 771 1648 ea
797 1625 975 1656 congregant,
1008 1621 1035 1647 in

241 1673 349 1695 tantum
365 1668 415 1694 sub
427 1675 518 1694 earum
535 1667 657 1694 dominio
668 1667 821 1700 constituti,
836 1673 865 1694 ut
881 1667 1037 1694 timeautex

239 1713 280 1740 cis
296 1714 340 1740 vel
354 1714 626 1748 quantulumcunque
655 1714 826 1749 contingere.
853 1713 924 1746 Quid
944 1719 1036 1741 autent

240 1761 300 1787 haec
320 1768 432 1788 necesse
448 1761 602 1788 habemus?
624 1761 670 1795 qtti
698 1769 748 1795 pro
761 1760 890 1787 omnibtts
914 1761 1037 1795 posside-

240 1815 304 1833 mus
317 1807 419 1834 divitiis
431 1815 494 1834 eum
506 1807 553 1842 qui
573 1806 659 1834 dicit:
678 1806 732 1841 Ego
756 1807 908 1834 Dominus?
932 1808 957 1834 id
983 1812 1036 1838 est,

238 1853 287 1888 qui
302 1853 418 1880 volatilia
438 1854 542 1885 nutrio,
554 1853 599 1887 qui
613 1853 668 1880 lilia
696 1853 753 1888 agri
773 1854 870 1885 vestio,
886 1854 931 1888 qtti
944 1862 978 1881 ex
993 1854 1036 1880 ni-

240 1898 300 1925 hilo
319 1898 381 1929 l'eci,
398 1898 466 1925 laeta
489 1898 603 1928 nutrivi,
615 1903 697 1932 atque
713 1899 771 1925 haec
783 1899 873 1926 omnia
889 1906 984 1926 rursus
1002 1899 1036 1925 ad

239 1945 421 1979 indigentiam
433 1945 558 1980 redigere
575 1945 662 1972 valeo.

277 1990 360 2017 Vens.
374 1991 427 2018 5-8.
448 2000 456 2016 ι
471 1991 498 2018 Si
513 1991 718 2018 immolaveritis
731 1991 846 2018 hostiam
860 1991 1035 2025 paciﬁcorum

241 2035 370 2067 Domino,
386 2041 415 2063 ul
430 2037 464 2063 sit
480 2037 667 2072 acceptabilis,
679 2037 762 2063 codie
773 2044 827 2071 quo
840 2037 919 2063 luerit
937 2037 1035 2063 immo-

240 2080 307 2111 lata,
322 2082 471 2109 comedetis
485 2090 557 2114 eam,
574 2087 602 2109 et
616 2082 661 2109 die
676 2082 772 2109 altero.
790 2081 929 2116 Quidquid
941 2086 1035 2108 autent

241 2126 385 2154 residuum
399 2127 479 2155 fuerit
493 2128 519 2155 in
533 2129 604 2155 diem
628 2129 751 2161 tertium,
769 2129 830 2164 igne
854 2129 1034 2156 comituretis.

241 2170 271 2196 Si
287 2172 353 2206 quis
369 2178 424 2207 post
440 2174 552 2201 biduum
581 2175 732 2201 comederit
755 2183 787 2201 ev
817 2183 848 2202 ca
862 2196 869 2206 ,
896 2175 1029 2209 profanus

241 2215 309 2247 erit,
335 2222 365 2244 et
390 2219 534 2254 impietatis
563 2228 637 2252 reus,
662 2221 836 2255 portabitque
858 2221 1034 2256 iniquitatem

242 2266 336 2292 suam,
349 2264 409 2298 quia
421 2266 657 2301 sanctumpotuiui
667 2267 775 2301 polluit,
792 2272 818 2294 et
831 2267 931 2302 peribit
944 2267 1034 2294 anima

243 2303 289 2330 illa
306 2306 342 2332 de
355 2310 451 2344 popttlo
461 2319 519 2338 suo.
544 2321 553 2337 ι

258 2392 264 2396 ⁷
280 2347 383 2396 Omnia
399 2356 516 2391 quidem,
534 2362 564 2384 ut
586 2357 622 2385 ita
639 2357 773 2390 dicamus,
790 2357 893 2393 Moyses
907 2358 973 2393 legis
988 2366 1034 2385 ca-

237 2394 326 2444 ξξξῑυῙδ
355 2399 397 2444 bis
412 2408 507 2437 terque
521 2405 621 2440 populo
637 2405 777 2439 praecepit,
794 2404 931 2439 frequenti
948 2406 1033 2432 tradi-

318 2442 498 2500 "I‘ncnioriam
521 2458 616 2478 eorum
639 2451 811 2478 auditoribus
846 2452 1032 2487 promulgatis.

215 2478 403 2543 gggﬁfmgis
419 2499 523 2522 tamen
537 2496 663 2523 mandata
685 2503 747 2531 qua).
759 2496 946 2523 necessariora
958 2501 1032 2529 sunt,

202 2527 324 2592 1:35;?“
344 2545 492 2574 praesens
522 2542 698 2576 mandatum;
718 2546 829 2577 ρνοριει·
839 2542 911 2576 (ιυοά
924 2547 951 2569 εί
970 2542 1035 2569 “Md

193 2572 355 2632 ιίῐλρέίωηδ
362 2585 528 2630 pridem,
558 2596 619 2615 cum
645 2588 679 2615 de
703 2587 843 2615 sacriﬁciis
865 2589 1034 2623 pra-eiperct,

183 2620 350 2679 vigil.”st
362 2620 501 2677 ;)lene
524 2633 557 2660 de
568 2633 654 2660 hocin
678 2634 768 2669 primo
783 2633 854 2661 libro
871 2634 952 2669 hujus
984 2634 1037 2661 Le-

275 2669 312 2679 ι,..
507 2677 515 2679 .

166 2696 207 2717 ενδ
214 2669 584 2728 Γέὶηῖίρρρήεξξλιίοηίε
593 2680 772 2708 discussimus
786 2690 792 2708 :
808 2688 872 2708 ecce
886 2689 960 2708 nttnc
977 2689 1036 2708 rur-

153 2739 202 2765 ιμια,
214 2713 441 2773 ᾗῗξίιοῖαυί
452 2726 490 2754 ι.
532 2731 565 2773 _ut
588 2734 638 2754 nos
657 2727 776 2754 breviter
809 2727 1033 2762 recapitulemus,

140 2768 374 2816 ωΙσίθνθῖοιιϐισ
439 2771 572 2816 ιξίιιιω
596 2772 726 2800 diximus.
759 2772 927 2800 Sacrificium
958 2774 1032 2801 enim

241 2806 485 2860 ’ὴωοιῦτὶ
507 2819 694 2854 praecipiens,
726 2819 814 2854 ipsum
845 2824 917 2846 recte
932 2820 1032 2853 innuit,

144 2871 182 2902 "Ei

178 2886 231 2928 ζοῆ
255 2928 376 2955 «\vl,
431 2913 532 2945 εδδ
581 2924 604 2939 ⁷⁶
619 2923 629 2951 Ι
647 2923 719 2950 Tim.
737 2933 766 2957 tt,
785 2923 810 2951 sl.
851 2925 871 2939 ⁷τ
892 2923 990 2951 lJoaIt.
1010 2932 1037 2952 nt

822 183 863 213 IN
885 183 1104 214 LEVITICUM.
1123 196 1157 200 ’-
1177 184 1250 214 LIB.
1269 183 1319 215 VI.

1058 245 1079 273 Α
1095 244 1123 270 itt
1148 251 1202 278 quo
1218 252 1248 270 ea
1272 252 1333 279 qua:
1361 244 1500 279 pertinent
1525 243 1558 270 ad
1583 243 1698 270 salutent
1729 250 1885 278 operemur.

1094 289 1162 316 llinc
1176 295 1278 323 autem,
1288 295 1316 317 ut
1330 290 1365 317 sit
1379 290 1527 331 placabilis,
1546 293 1655 325 oportet
1670 289 1817 319 immolari,
1829 289 1888 316 haec

1093 337 1186 371 utique
1213 337 1373 364 omnimodo
1398 340 1587 370 assequenles,
1614 343 1674 370 qua:
1706 335 1887 370 acceptabilia

1093 383 1148 410 Deo
1163 388 1235 414 sunt,
1248 383 1282 410 de
1298 391 1352 418 quo
1363 383 1432 410 dixit
1444 382 1553 415 Paulus,
1569 390 1630 409 eum
1645 389 1700 416 quo
1712 381 1791 408 modo
1805 388 1887 415 opor-

1093 434 1164 456 teret
1183 430 1291 464 assequi
1307 435 1439 456 remotam
1466 433 1495 456 et-
1515 429 1634 463 quietam
1652 428 1746 459 vitam,
1765 428 1792 454 in
1811 427 1886 454 omni

1091 476 1192 511 pietate
1210 480 1237 502 et
1250 475 1391 510 pudicitia,
1418 475 1562 501 Timotheo
1588 474 1711 501 scribens
1736 473 1859 500 ostendit
1879 481 1885 499 ι

1092 523 1148 548 Hoc
1161 522 1257 548 bonum
1279 526 1303 547 et
1318 525 1453 555 acceptant
1473 528 1564 546 coram
1574 518 1712 546 Saluatore
1724 523 1809 545 nostro
1821 517 1883 548 Deo,

1092 567 1233 598 quionmes
1248 566 1363 593 homines
1379 565 1432 592 vult
1448 565 1532 592 salvos
1548 565 1616 599 ﬁeri,
1637 568 1659 590 et
1675 564 1710 590 ad
1725 563 1884 598 agnitionem

1092 613 1211 639 veritatis
1223 613 1311 639 venire
1325 612 1357 638 ⁷⁵.
1375 611 1427 638 Sed
1440 611 1461 638 si
1478 611 1547 638 dicis
1563 619 1570 636 ;
1590 610 1674 644 Cujus
1688 609 1725 636 rei
1739 609 1822 644 gratia
1842 616 1886 635 ac-

1092 661 1170 691 cepta
1187 661 1288 687 vestra,
1299 656 1450 683 secundum
1467 655 1644 690 Septuaginta
1655 653 1887 689 legislaturdixit?

1091 703 1173 735 Scito,
1183 702 1246 737 quia
1255 702 1451 730 conscientiam
1464 702 1601 737 designat,
1612 709 1660 736 per
1669 708 1749 735 quam
1761 707 1821 734 quae
1833 699 1887 726 sint

1092 748 1148 776 Deo
1160 753 1280 784 accepta,
1295 749 1484 784 unusquisque
1493 752 1583 783 potest
1597 747 1678 779 scire,
1692 751 1805 782 propter
1813 745 1887 780 quod

1090 795 1209 823 Joannes
1221 795 1330 823 dicebat
1346 795 1485 827 :Fratres,
1500 795 1524 821 si
1539 802 1582 820 cor
1608 798 1724 820 nostrum
1737 801 1787 825 non
1797 800 1886 825 repre-

1091 842 1178 869 hendit
1191 850 1247 874 nos,
1267 842 1392 876 ﬁduciam
1407 841 1531 868 habemus
1558 840 1592 866 ad
1620 839 1705 865 Deum
1721 839 1754 864 ⁷⁷.
1785 838 1885 865 Come-

1092 890 1157 916 dere
1171 893 1262 916 autem
1278 889 1311 916 de
1327 887 1472 918 sacriﬁcio,
1484 894 1518 914 eo
1533 886 1577 913 die
1592 894 1646 920 quo
1656 885 1824 912 immolatum
1832 888 1883 915 est,

1091 941 1119 964 et
1135 937 1199 969 alio,
1218 941 1270 967 est,
1289 939 1319 963 ut
1332 936 1358 962 in
1373 934 1501 970 praesenti
1529 934 1593 966 vita,
1607 939 1776 967 qurecuuque
1789 931 1822 957 ad
1841 939 1885 957 sa-

1091 984 1175 1011 lutem
1192 983 1333 1018 pertinent
1347 989 1504 1017 operemur.
1521 980 1607 1008 Hodie
1627 984 1718 1006 autem
1746 982 1773 1005 et
1788 977 1884 1004 crasti-

1090 1037 1166 1062 num,
1182 1029 1210 1055 itt
1225 1028 1352 1063 prtesenti
1371 1026 1472 1054 saeculo
1488 1026 1578 1053 divina
1598 1024 1738 1059 Scriptura
1756 1024 1826 1050 solet
1840 1031 1884 1049 ac-

1090 1075 1192 1110 cipere,
1206 1075 1240 1102 de
1253 1082 1306 1109 qua
1333 1073 1431 1101 testem
1455 1072 1587 1100 Jacobum
1611 1070 1794 1105 producamus
1816 1069 1885 1095 seris

1090 1121 1199 1148 bentem
1212 1120 1282 1155 :Age
1292 1119 1423 1154 uunc,qui
1435 1119 1539 1146 dicitis:
1549 1117 1645 1149 Hodie,
1660 1116 1826 1143 autcrastiuo
1836 1115 1885 1141 ibi—

1091 1175 1149 1193 mus
1161 1167 1188 1193 in
1204 1165 1281 1192 illam
1297 1166 1428 1192 civitatem
1443 1164 1476 1190 ⁷⁸.
1495 1163 1558 1190 Dies
1581 1166 1672 1189 autem
1701 1161 1792 1192 tertia,
1821 1159 1886 1194 quia

1090 1213 1116 1239 in
1133 1213 1191 1247 ipsa
1204 1220 1219 1239 a
1235 1211 1352 1239 mortuis
1367 1210 1498 1238 Dominus
1517 1213 1610 1236 noster
1639 1207 1799 1239 resurrexit,
1815 1206 1884 1241 ligu—

1091 1267 1148 1286 ram
1162 1258 1245 1285 l‘utttri
1262 1257 1365 1289 saeculi,
1383 1258 1410 1284 et
1429 1261 1598 1283 mortuorum
1614 1253 1826 1282 resurrectionis
1835 1260 1883 1287 ge-

1090 1305 1134 1335 rit,
1150 1305 1176 1331 iu
1189 1312 1244 1339 quo
1257 1304 1313 1338 jam
1325 1311 1381 1330 ttou
1396 1303 1458 1329 licet
1471 1301 1590 1337 operari,
1603 1301 1651 1328 sed
1664 1299 1710 1335 qui
1724 1307 1798 1326 nunc
1813 1306 1880 1333 ope—

1089 1351 1139 1378 rati
1155 1354 1229 1383 sunt,
1241 1350 1295 1376 illic
1309 1350 1342 1376 ad
1357 1348 1566 1375 retributionem
1598 1346 1721 1372 veniunt.
1754 1344 1805 1377 Qui
1821 1352 1886 1379 ergo

1088 1398 1127 1425 sic
1145 1398 1191 1424 hie
1214 1397 1289 1428 vivit,
1314 1401 1441 1430 tanquam
1468 1394 1523 1420 illic
1543 1392 1667 1427 quaedam
1707 1391 1884 1427 praesentiunt

1087 1448 1249 1479 opt-raturus
1264 1443 1308 1474 sit,
1325 1447 1351 1468 et
1366 1444 1511 1476 propterea
1529 1438 1673 1466 comedere
1691 1437 1770 1464 tertia
1782 1436 1825 1463 die
1841 1443 1884 1462 sa-

1088 1490 1222 1518 criﬁcium
1239 1488 1426 1524 pacilit-orntn,
1443 1487 1501 1514 sive
1534 1485 1652 1512 salutare
1666 1483 1775 1514 dicitur,
1802 1489 1882 1516 opus,

1088 1541 1214 1565 attrectat
1230 1546 1245 1563 a
1260 1536 1414 1571 legislatore.
1437 1533 1618 1569 prohibitum,
1637 1533 1766 1558 virtutem
1784 1529 1884 1562 imper-

1052 1601 1071 1628 ϐ
1090 1585 1187 1612 lectam
1202 1583 1372 1617 relinquetis,
1392 1581 1468 1608 velttt
1484 1580 1538 1606 illic
1553 1582 1717 1613 operaturus
1728 1575 1773 1607 sit,
1793 1579 1820 1601 t'l.
1832 1575 1886 1601 hu-

1086 1629 1132 1664 jus
1144 1627 1307 1656 sacrit‘tcium
1322 1625 1474 1653 rectissime
1502 1628 1646 1657 acceptum
1672 1628 1728 1648 non
1748 1625 1799 1651 est,
1833 1627 1886 1646 nec

1088 1676 1142 1703 vita
1153 1678 1278 1708 correpta
1292 1677 1343 1700 est.
1358 1672 1411 1698 Sed
1427 1671 1472 1706 qui
1487 1669 1568 1697 talem
1581 1666 1743 1701 sibimetipsi
1756 1669 1885 1700 operatur

1088 1721 1227 1752 virtutem,
1244 1719 1415 1754 iniquitatem
1432 1725 1509 1744 suam
1535 1714 1662 1751 portabit,
1680 1713 1755 1748 prius
1775 1711 1884 1746 quidem

1087 1766 1246 1802 imperfecte
1259 1772 1387 1800 operans,
1404 1763 1504 1791 deinde
1522 1767 1550 1790 ιιι
1566 1762 1693 1797 lugeretis
1713 1757 1881 1786 calumniam

1087 1813 1186 1841 diviure
1200 1812 1261 1847 legi,
1279 1816 1308 1838 et
1325 1811 1422 1846 dogma
1444 1808 1627 1837 disseminaus
1658 1806 1770 1840 impium
1804 1809 1885 1838 atque

1087 1859 1217 1888 alienum.
1233 1858 1314 1892 hujus
1323 1856 1412 1883 anima
1423 1855 1492 1890 perit
1506 1855 1539 1882 de
1554 1853 1654 1889 popttlo
1670 1860 1730 1880 suo.
1746 1851 1775 1877 In
1785 1849 1884 1885 popqu

1087 1909 1178 1932 autem
1198 1903 1243 1938 qui
1256 1903 1385 1934 salvetur,
1399 1909 1454 1928 non
1473 1899 1656 1930 ordinabitur,
1689 1896 1751 1931 quia
1769 1894 1881 1928 reliquit

1088 1950 1274 1985 imperfectam
1292 1949 1384 1979 vitam,
1406 1955 1467 1982 qua:
1493 1954 1555 1974 cum
1586 1945 1691 1972 salvare
1715 1945 1833 1977 poterat,
1861 1940 1883 1966 si

1087 2004 1146 2023 eam
1158 1997 1388 2022 consummasset.

1122 2041 1204 2069 Vens.
1220 2041 1246 2072 9,
1268 2041 1307 2067 l0.
1324 2048 1332 2064 ε
1352 2039 1421 2066 Cum
1437 2036 1584 2064 messueris
1599 2039 1706 2070 segetes
1721 2037 1803 2060 terra:
1819 2035 1882 2062 tuae,

1087 2097 1140 2116 non
1158 2086 1283 2114 tondebis
1301 2093 1386 2120 usque
1416 2083 1449 2110 ad
1482 2083 1568 2110 solam
1593 2080 1766 2116 superﬁciem
1793 2083 1881 2109 term,

1087 2142 1138 2161 nec
1153 2136 1327 2160 rentanentes
1340 2130 1429 2165 spicas
1444 2129 1566 2164 colliges,
1581 2135 1671 2161 neque
1690 2126 1717 2152 in
1729 2125 1807 2152 vinea
1838 2128 1883 2151 tua

1087 2187 1217 2209 racemos.
1235 2182 1263 2205 et
1274 2185 1357 2212 grana
1377 2175 1529 2203 decidentia
1552 2172 1739 2208 eougregabis,
1757 2171 1803 2198 sed
1815 2178 1884 2206 pau-

1089 2224 1200 2260 peribus
1215 2227 1242 2249 et
1265 2221 1418 2257 peregrinis
1450 2219 1587 2254 carpenda
1600 2218 1730 2246 dimittes.
1749 2217 1805 2252 Ego
1829 2216 1883 2243 Do-

1052 2268 1074 2298 D
1089 2270 1180 2297 minus
1197 2268 1267 2295 Deus
1279 2271 1379 2295 vester.
1399 2276 1408 2292 ι

1124 2315 1189 2342 Vult
1201 2314 1341 2350 legislator
1355 2317 1384 2340 ut
1398 2320 1449 2339 nos
1465 2312 1583 2339 invicem
1600 2311 1753 2345 diligamus,
1783 2313 1884 2336 amato-

1090 2369 1187 2396 resque
1214 2368 1364 2396 pauperum
1389 2367 1439 2386 nos
1466 2365 1527 2385 esse
1554 2357 1701 2388 desiderat,
1722 2362 1884 2390 semperque

1088 2402 1268 2442 elecmosynis
1281 2407 1400 2437 studere,
1421 2412 1495 2431 nunc
1518 2405 1627 2439 quidem
1658 2404 1754 2430 dantes
1783 2402 1884 2437 egenti-

1088 2455 1149 2486 bus,
1169 2461 1243 2481 nunc
1257 2458 1348 2479 atttem
1359 2460 1415 2479 non
1429 2451 1567 2486 exigentes
1587 2458 1647 2485 qum
1677 2449 1756 2476 nobis
1771 2449 1882 2481 debent,

1089 2501 1137 2528 sed
1147 2504 1174 2527 et
1191 2499 1375 2526 concedentes
1389 2498 1429 2525 eis
1457 2496 1584 2532 colligere
1609 2502 1785 2530 quascunque
1817 2494 1883 2520 reli-

1089 2547 1167 2582 quias
1181 2545 1304 2573 omnium
1321 2545 1464 2576 bonorum,
1479 2551 1540 2578 qua:
1556 2551 1571 2569 a
1600 2543 1655 2569 Deo
1676 2542 1775 2569 donata
1802 2540 1882 2567 nobis

1089 2597 1163 2624 sunt,
1180 2591 1342 2627 repet-crint,
1356 2595 1384 2618 et
1405 2590 1503 2617 imitari
1520 2598 1582 2616 cum
1607 2589 1652 2623 qui
1676 2587 1797 2616 donatit.
1826 2594 1880 2612 nou

1090 2643 1194 2666 tantum
1207 2638 1419 2669 misericordem,
1438 2637 1485 2664 sed
1502 2641 1529 2663 et
1543 2636 1589 2671 qui
1619 2636 1710 2663 mult-.e
1727 2633 1881 2661 miseratio-

1086 2685 1129 2712 nis
1145 2689 1188 2711 est
1216 2689 1298 2719 atque
1313 2683 1421 2710 dicitur.
1442 2682 1475 2710 Et
1500 2688 1645 2718 propterea
1670 2686 1814 2714 metentes,
1834 2686 1881 2708 aut

1087 2728 1198 2755 omnino
1213 2728 1423 2758 vindetuiantcs,
1438 2727 1538 2754 iterare
1549 2728 1644 2754 eodem
1658 2732 1781 2762 tempore
1796 2727 1880 2761 ipsam

1087 2782 1237 2802 tuessuram
1269 2774 1486 2808 vindemiamque
1515 2782 1570 2800 nott
1589 2774 1718 2809 praecepit
1733 2783 1738 2800 :
1752 2773 1798 2800 sed
1830 2780 1882 2799 nec

1088 2829 1120 2848 ex
1135 2826 1191 2848 toto
1202 2826 1304 2849 metere
1336 2825 1382 2848 aut.
1398 2821 1565 2849 vindemiam
1592 2822 1718 2853 sancivit.
1737 2821 1784 2849 sed
1797 2821 1880 2849 relinc

1057 922 1077 949 Β

1043 2945 1049 2957 ,
1070 2924 1115 2951 ‘ll.
1153 2925 1175 2940 ⁷⁵
1207 2924 1264 2951 Jac.
1283 2933 1318 2956 ιγ,
1337 2924 1376 2951 15.
