2056 3148
249 209 257 240 1
263 210 314 241 003

840 205 1018 237 HESYCHH
1045 202 1282 233 PRESBYTERI

1811 197 1880 231 1οὓ4

244 275 336 294 servos
351 267 449 294 liberos
460 266 558 298 facere,
571 265 695 300 jejunare
707 264 875 299 frequenter,
890 263 930 290 vel
942 270 1029 293 orare,
1047 266 1068 293 Α
1084 264 1111 286 et
1136 260 1215 286 docet
1231 259 1309 294 quale
1330 263 1371 286 est
1382 258 1572 286 fornicationis
1589 261 1743 292 peccatum,
1761 261 1786 283 ut
1819 255 1878 282 ido—

245 322 298 341 nun
315 311 595 343 circumscribitloco,
611 311 674 346 quia
689 318 796 346 semper
816 315 879 337 sunt
901 309 988 340 utilia,
1007 313 1034 334 et

244 367 304 386 cum
322 358 476 394 evangelica
501 357 708 385 conversatione
721 355 887 383 communia.
904 354 964 382 llaec
988 362 1035 380 au-

245 410 297 431 tem
309 412 369 439 qua:
383 405 535 432 secundum
551 404 698 438 semetipsa
721 407 784 430 sunt
812 400 958 436 superflua.
987 399 1034 426 sed

243 458 333 479 causm
357 451 498 486 cujusdam
525 454 590 477 sunt
619 449 752 484 exquisita
774 448 872 483 gratia,
897 445 1035 473 concludit

242 497 311 529 loco,
331 501 360 523 ut
385 501 549 531 cognoscant
563 495 625 531 quia
654 494 813 530 temporalia
835 496 898 520 sunt
918 501 923 518 :
944 491 1033 518 omnia

242 541 316 568 enim
339 549 400 576 quae.
427 541 486 568 loco
509 542 642 573 serviunt,
666 540 771 568 servire
797 539 879 566 etiam
909 537 1034 565 ordinata

242 593 307 614 sunt
321 587 447 621 tempori.
466 586 598 622 Deputata
617 591 681 614 sunt
705 586 786 621 igitur
809 586 868 611 loco
891 582 1034 614 sacriﬁcia,

242 631 451 659 emundationcs
479 635 661 662 mortuorum,
677 634 704 658 et
730 630 842 657 seminis
862 628 963 655 fluxum
987 636 1037 662 pa-

243 677 382 709 tientium,
399 680 427 704 et
446 676 628 711 leprosorum,
650 679 678 702 et
703 679 932 702 menstruatarum
951 683 957 699 :
973 673 1036 707 quia

242 727 269 749 et
299 723 357 749 hate
376 729 425 757 per
451 721 582 748 sacriﬁcia
606 720 733 748 eﬁectum
768 720 892 747 habent:
913 718 1037 746 similiter

241 775 346 804 azyma,
362 773 389 795 et
401 767 545 803 ﬁguratum
556 767 667 802 pascha,
681 766 854 801 scenopegia,
867 768 1035 800 pentecoste,

242 822 349 842 necnon
379 814 542 845 neomenize.
569 817 598 840 et
621 812 734 840 sabbata
756 820 764 838 :
792 811 934 846 oportebat
964 811 1037 837 enim

241 861 316 887 omni
339 861 419 887 tnodo
440 859 573 887 sacriﬁcia
590 859 615 885 in
639 859 699 885 istis
725 857 827 885 offerri.
848 857 916 890 Quia
943 861 1035 884 autem

243 906 300 933 hinc
313 905 502 940 mysteriorum
516 904 630 931 Domino
647 904 848 938 implendorum
873 903 972 939 ﬁguras
989 904 1037 930 ha-

1086 305 1172 331 lorum
1193 305 1277 337 cultu,
1293 303 1510 336 fornicationem,
1527 308 1555 330 et
1572 304 1605 330 ad
1619 303 1756 330 tlzcrnones
1781 302 1878 329 confu-

1086 349 1170 384 gium,
1191 349 1401 377 fornicationem
1413 349 1601 376 nominaretur
1614 357 1620 374 :

1122 394 1201 422 Vens.
1215 395 1241 427 8,
1254 395 1281 422 9.
1301 404 1309 420 1
1323 395 1357 421 Et
1369 394 1444 422 dices
1468 395 1502 421 ad
1531 395 1624 429 ipsos:
1645 393 1732 421 llomo
1751 395 1784 422 de
1816 394 1880 421 ﬁliis

1086 435 1268 471 lsracl,et'de
1282 439 1395 466 advenis
1422 439 1467 474 qui
1479 439 1689 477 peregrinantur
1719 440 1789 473 apud
1819 447 1880 470 vos,

1085 483 1132 518 qui
1159 484 1290 512 obtulerit
1318 485 1520 518 holocaustum,
1551 486 1608 513 sive
1634 486 1782 519 victimam,
1796 491 1823 513 ct
1847 488 1882 513 ad

1087 531 1186 557 ostium
1203 530 1369 558 tabernaculi
1397 531 1544 558 testimonii
1564 539 1618 558 non
1643 532 1788 559 adduxerit
1809 540 1882 564 eam,

1088 580 1117 603 ut
1136 576 1268 604 oﬁeratur
1285 577 1409 611 Domino,
1431 578 1552 604 interibit
1566 578 1599 605 de
1614 578 1715 612 populo
1725 586 1785 605 suo.
1804 589 1812 605 ι

1124 622 1157 650 Et
1188 623 1210 649 si
1237 622 1333 650 eadem
1347 623 1439 650 dicere
1468 623 1603 658 legislator
1629 623 1745 656 videtur,
1776 632 1885 652 verum-

1088 672 1178 696 tamen
1193 669 1336 704 populum,
1371 669 1415 696 cui
1430 669 1465 696 ab
1485 677 1518 696 eo
1543 670 1583 696 lex
1596 670 1754 704 imponitur,
1775 675 1885 698 cautum

1089 715 1179 742 reddit
1198 724 1204 741 :
1221 715 1316 742 eadem
1328 717 1429 750 quippe
1449 715 1606 750 frequenter
1629 715 1735 748 dicens,
1763 717 1887 743 ostendit

1089 760 1140 786 hoc
1156 761 1314 788 mandatum
1346 761 1532 788 necessarium
1566 769 1636 793 esse,
1656 762 1792 796 nimisque
1806 762 1884 789 utile.

1091 804 1283 833 Verumtamen
1301 814 1335 833 ne
1359 807 1460 834 frustra
1486 807 1604 841 idipsutn
1631 814 1726 833 rursus
1741 806 1816 836 dicit.
1838 807 1886 834 sed

1089 859 1171 886 supra
1182 852 1291 887 quidem
1305 852 1472 879 occidentem
1485 851 1669 884 solummodo,
1684 856 1712 878 ut
1723 852 1832 887 aliquod
1847 852 1886 879 fa-

1090 901 1165 924 ceret
1175 897 1348 930 saeriﬁcium,
1362 906 1416 925 non
1431 902 1521 924 tamen
1538 897 1613 924 omni
1635 898 1716 925 modo
1731 903 1759 925 et
1781 898 1884 933 reliqua

243 951 361 984 bcbant,
388 951 414 978 in
447 951 635 986 superioribus
659 949 825 977 sufﬁcienter
855 949 1037 976 ostendimus.

1092 942 1216 970 sacriﬁcii
1230 943 1387 975 facientem,
1404 950 1492 978 prenm
1517 943 1651 977 subjecit;
1672 943 1709 970 ait
1723 943 1796 970 enim
1813 952 1820 969 :
1835 944 1885 976 Qui

242 997 373 1024 Parvulus
385 1004 451 1033 ergo
465 1005 527 1024 cum
545 1002 618 1024 esset
644 996 774 1032 populus,
788 995 834 1031 qui
849 995 935 1031 legem
962 995 1038 1022 acci-

241 1042 349 1076 piebat,
365 1045 392 1069 et
407 1042 440 1069 ad
457 1049 487 1069 ea
503 1049 564 1077 quae
577 1046 641 1068 sunt
666 1041 823 1076 imperfecta
843 1041 961 1072 inhians,
976 1040 1038 1075 quia

241 1088 425 1115 adhmsiturus
435 1093 495 1115 erat
511 1087 625 1117 umbris.
641 1092 670 1114 et
682 1094 875 1122 compassurus
894 1085 971 1118 locis,
984 1086 1039 1113 sic-

243 1139 273 1162 ut
303 1135 431 1169 parvulus
454 1134 481 1161 in
498 1133 661 1168 quibusdam
681 1133 748 1160 locis
777 1133 938 1164 delectatur,
960 1132 1038 1159 inve-

241 1182 283 1208 nit
294 1181 404 1208 modum
420 1181 566 1216 legislator,
581 1188 628 1215 per
643 1187 724 1215 quem
744 1187 777 1206 ex
791 1179 953 1206 necessitate
977 1178 1037 1206 illos

242 1232 404 1255 removeata
419 1227 523 1262 ﬁguris,
549 1226 658 1261 quando
677 1230 798 1260 tempore
828 1225 923 1252 harum
947 1232 1037 1251 reces-

241 1272 326 1300 sionis
342 1272 435 1304 fuerit,
454 1272 514 1299 loco
531 1271 749 1298 circumcludens
775 1278 822 1297 eas
837 1278 896 1304 qua:
926 1269 1037 1296 destru-

241 1324 334 1346 cturus
359 1323 428 1351 erat,
457 1323 484 1344 et
503 1317 664 1352 przecipiens
687 1320 764 1343 extra
786 1315 875 1342 locum
902 1315 974 1342 hunc
1000 1314 1037 1341 nil

241 1371 336 1391 eorum
351 1371 412 1398 quae
426 1363 498 1390 dicta
514 1367 588 1394 sunt,
614 1362 683 1395 ﬁeri,
699 1363 746 1389 sed
760 1370 822 1389 eum
838 1361 883 1397 qui
910 1365 1036 1394 tentaret,

242 1417 304 1436 esse
318 1409 390 1436 sicut
401 1409 560 1444 sanguinem
585 1407 782 1435 eﬂ‘undentem.
796 1406 866 1442 Ergo
880 1406 1037 1441 quicunque

242 1460 270 1483 et
285 1463 360 1482 nunc
382 1455 482 1491 ﬁguras
499 1461 630 1490 peragere
661 1453 793 1481 destructi
813 1457 948 1480 conantur
973 1453 1036 1484 loci,

242 1500 404 1536 sanguinem
421 1499 578 1532 eﬁ’undunt,
595 1498 620 1525 id
634 1503 676 1526 est
695 1505 870 1525 communem
889 1491 1036 1525 conversa-

244 1545 345 1572 tionem
363 1544 497 1579 polluunt,
518 1544 545 1571 in
561 1550 706 1571 commune
722 1548 846 1577 peccant,
866 1543 937 1570 sicut
951 1546 978 1570 et
1009 1542 1036 1569 lii

242 1592 288 1626 qui
322 1591 481 1625 sanguinem
512 1589 640 1620 fundunt,
670 1588 849 1623 similiterque
877 1588 1036 1623 sanguinem

243 1639 304 1673 ejus
315 1636 361 1672 qui
385 1636 419 1663 ab
434 1636 474 1662 eis
488 1636 514 1661 in
530 1642 651 1661 errarent
664 1634 788 1666 mittitur,
798 1634 914 1661 fundunt
928 1643 934 1660 :
949 1634 1040 1668 pcrdi—

244 1684 326 1712 tionis
342 1683 415 1710 enim
431 1683 456 1708 ei
479 1688 561 1708 causa
577 1680 741 1717 efﬁciuntur.
760 1679 827 1712 Quia
843 1683 933 1706 autem
954 1679 1037 1714 possi-

244 1728 300 1756 bile
314 1728 364 1754 fuit
376 1727 435 1753 illos
451 1727 630 1760 interrogare,
648 1728 695 1750 aut
710 1723 839 1758 cogitare,
851 1729 878 1750 et
894 1723 973 1758 cujus
1002 1723 1040 1750 rei

245 1774 329 1810 gratia
348 1773 406 1800 haec
420 1772 523 1799 sancita
537 1775 611 1803 sunt,
627 1771 648 1797 si
660 1771 755 1797 lor-alia
772 1775 835 1797 sunt
849 1790 856 1803 ,
873 1770 906 1797 ad
934 1775 1041 1805 tempus

244 1820 371 1851 dicimus,
386 1819 447 1854 quia
463 1825 573 1845 causam
587 1817 732 1852 ﬁgurarum
755 1823 920 1851 cognoscere
947 1821 1041 1850 aperte

245 1875 299 1894 non
332 1870 467 1901 poterant,
493 1871 582 1898 neque
608 1863 755 1898 cupiebant
785 1863 903 1890 revelate
922 1863 1039 1895 discere,

245 1913 307 1950 quia
321 1912 436 1938 aliorum
454 1910 588 1938 haberent
611 1909 742 1945 imagines
761 1916 792 1935 ea
806 1917 866 1944 qua:
879 1909 1039 1936 sanciebatu-

246 1964 300 1988 tur,
317 1958 500 1992 Quamobrem
512 1964 621 1984 causam
641 1956 694 1983 illis
708 1955 790 1982 aliam
806 1955 940 1982 veriorem
953 1955 1040 1989 ipsum

245 2005 386 2040 legislutor
403 2004 524 2039 scripsit,
542 2011 623 2038 quam
640 2003 712 2029 hanc
728 2011 734 2028 :

282 2051 316 2078 l'It
332 2059 498 2086 nequaquam
515 2050 584 2076 ultra
597 2048 772 2076 immolabant
788 2048 887 2075 hostias
908 2056 970 2074 suas
987 2048 1041 2075 da“-

245 2097 365 2125 monibus
377 2106 436 2124 cum
449 2097 542 2132 quibus
554 2096 678 2131 fornicati
692 2100 760 2122 sunt.
774 2095 847 2127 Sive,
861 2099 890 2122 ut
904 2094 971 2121 LXX
986 2103 992 2121 :
1009 2095 1041 2121 Et

246 2152 297 2171 non
323 2142 496 2170 immolabant
512 2142 582 2168 ultra
612 2141 743 2175 sacriﬁcia
775 2149 823 2167 sua
846 2140 1040 2175 supervacuis:

245 2198 308 2218 cum
326 2191 368 2216 eis
384 2189 465 2216 alleo
491 2192 658 2224 praeceptum
683 2186 869 2214 fuissetzNon
887 2187 968 2222 facies
996 2186 1043 2213 tibi

246 2235 356 2266 idolum,
372 2243 416 2261 nec
427 2242 529 2261 omnem
545 2233 743 2262 similitudinem
758 2241 848 2259 eorum
867 2240 925 2267 qua:
936 2233 963 2259 in
980 2232 1043 2259 melo

1092 989 1215 1016 occiderit
1233 990 1331 1021 bovem,
1348 994 1395 1015 aut
1412 997 1495 1022 ovem,
1509 990 1562 1016 sive
1585 990 1613 1015 in
1627 990 1733 1022 castris,
1745 990 1786 1016 vel
1811 996 1886 1017 extra

1091 1041 1191 1068 castra,
1205 1041 1229 1062 et
1247 1044 1298 1062 non
1310 1036 1431 1063 obtulerit
1447 1036 1482 1062 ad
1502 1037 1598 1063 ostium
1620 1037 1786 1064 tabernaculi
1812 1038 1887 1064 oblu-

1091 1083 1187 1109 tionem
1221 1082 1343 1109 Domino.
1367 1082 1405 1109 lbi
1437 1083 1593 1117 prohibitus
1626 1083 1830 1118 intelligiturab
1855 1092 1888 1110 eo

1090 1129 1162 1163 quod
1178 1129 1290 1156 tentavit
1313 1138 1318 1154 :
1338 1129 1382 1156 hic
1392 1135 1483 1156 autent
1497 1137 1551 1156 non
1568 1130 1615 1163 ita,
1631 1130 1680 1158 sed
1696 1139 1702 1158 :
1717 1130 1767 1162 Qui
1783 1131 1888 1158 obtule-

1092 1175 1128 1202 rit
1142 1174 1332 1207 holocaustum,
1347 1176 1400 1202 sive
1410 1176 1557 1209 victimam,
1572 1182 1596 1203 et
1609 1177 1645 1203 ad
1658 1178 1753 1204 ostium
1769 1178 1889 1204 taberna-

1092 1219 1144 1246 culi
1163 1221 1302 1247 testimonii
1314 1229 1366 1247 mm
1376 1221 1517 1248 adduxerit
1532 1230 1601 1254 eam,
1615 1227 1642 1248 ut
1658 1223 1782 1257 o/feratur
1797 1223 1888 1250 Domi—

1090 1274 1133 1294 no.
1148 1266 1374 1293 Consummatum
1389 1267 1446 1294 sive
1473 1268 1638 1295 sacriﬁcium
1661 1269 1814 1303 perfectum
1847 1270 1888 1296 di-

1089 1319 1164 1344 cens,
1176 1312 1203 1339 in
1216 1316 1321 1339 tantum
1337 1317 1367 1340 ut
1383 1313 1572 1341 holocaustum
1587 1314 1676 1347 ﬁeret,
1695 1315 1822 1342 eamdem
1847 1321 1888 1342 ta-

1090 1365 1152 1386 men
1169 1359 1237 1386 etin
1252 1359 1303 1386 hoc
1327 1367 1436 1394 poenam
1453 1360 1591 1395 praecepit.
1607 1360 1659 1393 Qui
1681 1361 1753 1388 enim
1780 1361 1888 1388 initium

1090 1404 1155 1432 fecit
1168 1405 1220 1432 hoc
1235 1406 1409 1439 attrectandi,
1430 1411 1458 1434 et
1472 1406 1627 1441 prohibitus
1643 1411 1694 1440 est,
1715 1407 1784 1434 nihil
1796 1407 1890 1435 diﬁ‘ert

1089 1451 1123 1478 ab
1134 1458 1168 1478 eo
1184 1451 1230 1486 qui
1242 1451 1397 1486 complevit.
1415 1452 1468 1479 Sed
1480 1457 1507 1479 et
1524 1453 1666 1488 utriusque
1696 1461 1785 1488 pinna,
1798 1453 1890 1488 perdi-

1090 1497 1128 1524 tio
1144 1498 1177 1525 de
1189 1499 1291 1533 populo
1306 1503 1357 1530 est,
1373 1499 1409 1526 ita
1422 1503 1452 1526 ut
1465 1507 1520 1526 non
1535 1500 1623 1534 possit
1638 1500 1709 1527 ultra
1724 1501 1768 1527 hic
1788 1501 1815 1527 in
1839 1508 1889 1535 po-

1092 1544 1157 1579 pulo
1170 1545 1279 1580 degere,
1292 1552 1380 1579 neque
1396 1545 1430 1572 de
1443 1546 1653 1574 circumcisione
1665 1546 1785 1581 gloriari,
1798 1554 1890 1581 neque

1092 1590 1126 1617 de
1136 1598 1236 1626 genere
1251 1589 1388 1618 Abraham
1409 1592 1589 1626 semetipsum
1607 1599 1716 1623 ornare,
1733 1597 1781 1619 aut
1796 1592 1888 1620 lsrae<

1092 1636 1138 1663 lita
1164 1637 1228 1668 dici,
1244 1636 1290 1663 sed
1309 1636 1379 1663 inter
1405 1637 1569 1672 prwputium
1583 1638 1715 1666 habentes
1734 1644 1760 1666 et
1789 1639 1889 1666 alieni-

1092 1689 1175 1716 genas
1190 1682 1383 1714 constituatur,
1400 1683 1453 1710 hoc
1470 1688 1512 1710 est
1527 1683 1646 1718 dlSPEI'lll
1677 1686 1834 1720 quempiam
1855 1686 1890 1713 de

1092 1730 1195 1762 populo
1209 1736 1269 1756 suo.
1292 1727 1363 1762 Ergo
1391 1729 1547 1764 quicunque
1563 1737 1637 1757 nunc
1655 1730 1721 1765 legis
1750 1731 1889 1763 mandata,

1092 1779 1141 1799 seu
1157 1773 1288 1800 terminos
1305 1773 1554 1808 transgrediuntur,
1566 1780 1642 1801 extra
1668 1775 1798 1809 templum
1810 1783 1891 1811 agen-

1094 1821 1134 1844 tes
1156 1826 1328 1853 qumcunque
1355 1820 1496 1847 destructo
1510 1820 1613 1855 templo
1629 1820 1671 1847 lex
1685 1821 1727 1855 agi
1745 1828 1800 1847 non
1821 1821 1890 1852 vult,

1090 1864 1146 1898 jam
1162 1872 1216 1891 non
1233 1870 1298 1892 sunt
1313 1865 1452 1896 lsraelitae,
1468 1873 1520 1893 nec
1550 1866 1709 1894 Iudaeorum
1727 1866 1891 1901 appellatio-

1093 1917 1155 1936 nem
1166 1911 1239 1945 juste
1250 1910 1300 1938 sibi
1316 1915 1458 1945 usurpant.
1475 1911 1527 1938 Sed
1545 1912 1626 1938 etiam
1643 1911 1708 1938 illud
1729 1919 1784 1946 pne
1797 1912 1890 1939 omni—

1093 1955 1144 1983 bus
1155 1957 1243 1983 notari
1257 1961 1373 1991 oportet,
1388 1957 1462 1992 quod
1473 1965 1528 1984 non
1542 1958 1630 1985 solum
1645 1965 1693 1985 eos
1703 1958 1749 1992 qui
1765 1966 1797 1985 ex
1827 1959 1891 1985 ﬁliis

1094 2001 1176 2028 Israel
1191 2007 1264 2034 sunt,
1292 2006 1350 2030 hate
1376 2004 1506 2038 prmeepit
1518 2005 1667 2035 custodire,
1684 2004 1731 2030 sed
1748 2012 1809 2030 cum
1824 2004 1891 2038 ipsis

1094 2053 1121 2075 et
1137 2047 1297 2084 proselytas,
1313 2051 1370 2076 sive
1398 2050 1526 2083 advenas,
1543 2049 1590 2084 qui
1619 2049 1831 2085 peregrinantur
1848 2051 1889 2076 iu-

1096 2098 1135 2120 ter
1154 2102 1210 2126 cos,
1229 2094 1256 2122 id
1269 2099 1311 2121 est
1325 2095 1450 2130 gentiles,
1468 2095 1495 2122 hi
1512 2096 1585 2123 enim
1603 2103 1659 2123 non
1684 2096 1725 2123 eis
1749 2097 1890 2131 conjuncti

1095 2144 1168 2172 sunt,
1183 2140 1231 2167 sed
1242 2140 1314 2175 apud
1329 2148 1377 2167 eos
1391 2145 1466 2173 sunt,
1484 2141 1546 2175 quia
1561 2141 1634 2176 apud
1647 2149 1695 2169 eos
1719 2149 1825 2175 sumus,
1847 2146 1891 2169 ut-

1095 2189 1158 2220 pote
1170 2185 1257 2221 lcgem
1272 2194 1378 2222 eorum,
1396 2190 1424 2214 et
1441 2187 1600 2222 prophetas,
1619 2192 1647 2214 et
1669 2188 1833 2222 promissam
1850 2189 1893 2215 eis

1097 2231 1283 2259 [nereditatem
1298 2232 1440 2260 habentes.
1454 2234 1633 2261 Adita-remus
1649 2238 1740 2260 autem
1765 2241 1820 2260 non
1849 2235 1893 2269 ip-

246 2287 306 2309 sum
321 2290 437 2314 sursum,
450 2286 472 2308 et
496 2281 524 2309 in
538 2285 609 2308 terra
634 2280 766 2312 deorsum,
792 2284 816 2305 et
832 2287 993 2314 qumcunque
1014 2280 1041 2305 in
1059 2284 1080 2312 ι)
1095 2278 1142 2310 sis,
1155 2279 1203 2306 sed
1227 2279 1299 2306 Deo:
1320 2283 1454 2314 prazterea
1469 2280 1621 2307 secundum
1639 2279 1722 2312 LXX,
1738 2280 1821 2307 homo
1851 2281 1894 2307 di-

245 2327 322 2363 aquis
335 2327 425 2354 subtus
455 2332 555 2353 terram
572 2326 604 2353 η.
620 2324 740 2352 Vitulum
770 2324 896 2353 fecerunt
919 2325 1043 2352 condati-

245 2374 298 2400 lem
319 2378 346 2401 et
365 2373 449 2401 vitulo
477 2373 640 2401 sacriﬁcium
650 2371 819 2404 obtulerunt,
839 2377 920 2397 causa
946 2371 1043 2405 gastri-

246 2419 356 2454 margia:
372 2427 480 2447 sumere
501 2418 635 2446 sacriﬁcia
652 2417 783 2445 volentes.
803 2416 968 2452 Pazdagogus
995 2424 1038 2443 en-

247 2472 307 2490 rum
326 2464 378 2496 lex,
393 2465 426 2491 dc
454 2465 494 2492 eis
526 2463 626 2491 oﬁ‘erre
655 2461 787 2490 sacriﬁcia
803 2462 941 2496 praecepit,
959 2466 988 2488 ut
1013 2462 1040 2490 in

247 2510 306 2538 haec
333 2511 455 2545 occupati
470 2511 504 2537 ab
517 2510 592 2537 omni
611 2508 770 2537 idololatria:
782 2507 915 2535 sacriﬁcio
942 2512 1042 2535 semet—

248 2555 322 2590 ipsos
340 2554 495 2581 abstineaut
509 2564 514 2581 :
534 2560 561 2584 et
573 2555 631 2581 hinc
647 2553 746 2586 sancit,
757 2560 818 2587 qua:
832 2552 874 2579 lex
888 2560 935 2579 eos
946 2552 1041 2587 prohi-

247 2602 316 2628 bens
326 2601 360 2627 ab
375 2600 507 2627 idolorum
524 2599 676 2632 sacriﬁciis,
692 2598 772 2626 simul
787 2598 885 2626 docere
904 2598 985 2624 ctiam
1011 2597 1043 2624 ﬁ-

221 2643 223 2647 ⁴
248 2655 330 2682 gurtts
346 2646 535 2681 mysteriorum
551 2646 703 2674 futurorum
716 2644 879 2680 potuissent.
897 2644 968 2671 Bene
995 2651 1044 2670 au-

223 2703 224 2706 η
249 2700 304 2720 tem
323 2693 425 2719 servire
437 2692 528 2725 idolis,
547 2692 754 2719 fornicationem
773 2691 938 2726 appellavit:
952 2695 1045 2726 aperte

223 2741 226 2771 ἶ
249 2746 301 2766 nos
315 2738 430 2767 docens.
448 2739 510 2772 quia
526 2742 632 2766 nostras
643 2737 748 2764 animas
762 2736 833 2764 Deus
849 2737 900 2764 sibi
917 2736 949 2764 ad
970 2737 1043 2764 salu-

224 2784 226 2795 ²
252 2790 306 2812 tem
321 2784 476 2819 despondit,
495 2789 522 2811 ct
539 2784 599 2810 ideo
611 2783 755 2810 fornicatio
768 2783 867 2811 dicitur
880 2784 914 2811 ab
931 2783 975 2811 illo
991 2783 1044 2811 (lis-

248 2831 348 2858 eessio.
367 2831 480 2865 Insuper
492 2834 577 2857 terret
594 2837 641 2856 eos
656 2830 702 2865 qui
725 2829 752 2856 in
765 2837 848 2857 carne
860 2830 1042 2862 fornicamur,

289 2936 311 2953 “
330 2935 416 2966 Exod.
433 2943 477 2969 xx,
496 2935 512 2961 4
526 2937 554 2960 et
570 2931 658 2960 chil.
674 2941 746 2965 xxvr,
768 2934 790 2961 f.

1098 2325 1146 2357 xit,
1160 2333 1222 2352 cum
1235 2325 1328 2352 liceret
1345 2326 1507 2360 simpliciter
1528 2326 1619 2353 dicere
1639 2326 1788 2358 hominem,
1803 2327 1894 2361 dupli-

1097 2377 1141 2399 cat
1154 2376 1255 2405 tamen,
1270 2377 1300 2399 ut
1317 2373 1444 2400 ostendat
1468 2377 1521 2399 tam
1540 2380 1604 2399 eum
1620 2372 1666 2407 qui
1696 2372 1724 2399 in
1749 2372 1895 2400 circumci-

1096 2423 1185 2449 Sione,
1203 2425 1283 2452 quam
1300 2418 1347 2452 qui
1362 2418 1390 2444 in
1408 2418 1541 2453 praeputio
1552 2418 1672 2445 adhaeret
1695 2418 1761 2451 Deo,
1779 2418 1832 2445 hoc
1843 2418 1894 2445 de-

1097 2461 1162 2488 bere
1178 2462 1314 2490 custodire
1329 2463 1499 2490 mandatum.

1134 2506 1215 2534 Vens.
1236 2507 1329 2535 10-12.
1345 2518 1354 2533 1
1369 2508 1456 2535 llotno
1478 2508 1593 2543 quilibet
1614 2508 1648 2536 de
1664 2508 1746 2535 domo
1760 2507 1854 2541 Israel,
1867 2514 1895 2536 et

1095 2553 1129 2581 de
1143 2554 1255 2582 advenis
1271 2554 1317 2588 qui
1337 2554 1547 2590 peregrinantur
1563 2555 1636 2583 inter
1649 2563 1706 2589 eos,
1727 2556 1749 2583 si
1765 2555 1895 2583 comede-

1096 2600 1131 2627 rit
1149 2600 1320 2635 sanguinem,
1334 2601 1486 2628 obﬁrmabo
1502 2600 1598 2628 faciem
1614 2609 1702 2628 meam
1716 2606 1812 2629 contra
1832 2602 1895 2628 ani-

1097 2654 1170 2674 mam
1185 2646 1267 2680 illius,
1279 2650 1307 2674 et
1323 2647 1478 2682 disperdam
1493 2655 1554 2674 eam
1571 2647 1605 2674 de
1627 2648 1729 2682 populo
1744 2655 1806 2675 suo.
1823 2647 1894 2680 Quia

1098 2692 1188 2719 anima
1203 2692 1293 2719 carnis
1307 2693 1334 2719 in
1347 2692 1480 2728 sanguine
1496 2697 1549 2725 cst,
1567 2698 1594 2720 ct
1612 2700 1661 2728 ego
1678 2693 1741 2720 dedi
1757 2693 1833 2720 illum
1849 2701 1882 2720 vo

1098 2739 1150 2770 bis,
1168 2743 1196 2766 ut
1212 2747 1293 2773 super
1306 2739 1389 2766 altare
1401 2739 1427 2765 in
1443 2747 1476 2766 eo
1493 2739 1606 2774 expietis
1619 2748 1668 2774 pro
1688 2740 1836 2766 animabus
1847 2747 1897 2766 vc-

1100 2784 1174 2815 stris,
1190 2789 1216 2811 et
1229 2785 1339 2820 sanguis
1353 2793 1402 2820 pro
1416 2785 1515 2812 anima:
1531 2785 1638 2820 piaculo
1652 2785 1698 2818 sit,
1713 2783 1816 2812 idcirco
1839 2784 1896 2811 dixi

1101 2831 1162 2858 ﬁliis
1177 2831 1258 2858 lsrael
1275 2831 1392 2858 :Omnis
1416 2831 1506 2858 anima
1536 2839 1568 2858 cx
1594 2830 1671 2858 vobis
1694 2837 1748 2858 non
1769 2830 1898 2857 comedet
