2056 3148
192 178 257 210 1009

769 184 809 214 IN
830 184 1050 216 LEV’lTICUM.
1070 199 1105 204 -
1124 187 1199 217 LIB.
1217 189 1251 217 ν.

1755 189 1823 221 lﬁlﬁ

181 244 288 264 summo
304 237 395 265 studio
409 246 440 265 ea
454 247 514 274 quae
528 245 664 274 praecepta
681 246 745 268 sunt
765 242 799 269 ab
814 250 858 274 eo,
882 247 958 270 custo

1027 243 1135 278 Ai'gypti
1157 245 1198 276 “,
1221 249 1294 272 recte
1322 246 1443 274 secundo
1470 246 1637 281 judicioruin
1669 253 1822 282 ιιι-ιριξριιιιι-

180 284 296 312 diamus.
335 285 381 313 Sic
408 293 472 322 ergo
506 289 658 316 sanctionis
684 290 769 317 totius
794 290 976 319 intentionem

179 331 345 366 explanavit.
371 332 436 366 Quze
457 339 499 362 est
514 341 606 363 autem
628 336 705 364 lucc?
721 335 756 364 Ut
777 337 811 364 ab
827 339 905 367 omni
922 339 976 366 ini-

178 379 284 412 quitate
307 380 507 414 abstineamus,
526 387 552 410 et
568 391 630 418 quae
644 384 754 412 virtutis
772 390 835 414 sunt
851 394 974 422 agamus,

175 423 250 458 juxta
263 428 493 455 consuetudinem
512 436 591 456 terrae
604 429 723 466 Egypti,
740 437 767 459 et
779 433 857 466 juxta
870 441 974 462 morem

178 476 257 499 terra;
270 471 400 500 Chanaan
413 474 481 501 nihil
496 475 597 506 facere.
618 477 658 504 sic
677 478 711 505 ab
730 479 804 505 omni
827 479 974 515 iniquitate

176 517 308 546 abstineri
326 521 466 555 prmcepit.
492 521 671 559 Septuaginta
707 530 799 553 autem
828 534 879 561 pro
905 535 973 555 con-

175 565 331 597 suetudine,
352 567 440 594 studia
466 568 639 604 interpretati
663 576 746 599 sunt:
764 573 827 607 quia
841 574 973 610 malignas

174 610 396 645 adinventiones,
426 619 453 641 et
483 615 589 643 fabulas
615 617 684 645 solet
706 619 799 646 divina
828 619 971 655 Scriptura

174 659 314 692 appellare
328 661 463 688 malorum
476 663 564 690 studia
580 673 586 690 :
601 668 695 698 utpote
708 664 852 693 Ezechiele
863 667 971 696 dicente

173 709 236 737 post
262 705 423 740 iniquitates
451 715 520 742 quas
562 709 634 738 Deus
661 711 688 738 in
720 713 822 747 templo
847 714 970 743 seniores

172 749 255 778 Israel
282 759 363 786 agere
393 755 515 782 ostendit
532 765 538 782 :
554 755 587 782 Et
610 758 678 784 dixit
701 759 736 785 ad
753 767 795 785 me
815 759 942 787 Dominus
960 770 968 788 :

173 795 257 827 Vides.
281 797 319 831 ﬁli
343 798 473 826 hominis?
494 799 526 827 Et
555 809 673 829 rursus:
699 802 854 836 Conversus,
871 805 969 833 videbis

169 843 259 869 studia
277 844 383 878 majora
402 845 534 874 horum".
559 846 616 874 Non
632 848 719 875 solum
736 856 802 885 ergo
818 857 832 877 a
849 850 968 878 fornica-

171 889 254 922 tione,
281 894 308 917 ct
323 891 450 924 avaritia,
474 897 502 920 et
517 894 657 927 superbia,
683 895 730 922 sed
748 901 776 923 et
789 903 804 923 a
819 897 967 924 divinatio-

169 940 234 960 num
267 939 294 961 et
325 936 500 970 auguriorum
533 938 734 972 abjectionibus
762 945 790 967 et.
825 941 965 968 veneﬁciis

168 981 298 1015 pnecepit
321 981 465 1013 abstineri,
496 983 545 1011 sed
578 989 634 1012 eta
650 986 747 1021 magis,
773 990 802 1014 et
827 987 964 1015 similibus

168 1026 247 1054 aliis:
274 1027 310 1055 ita
340 1033 369 1055 ut
396 1028 501 1064 Moyses
530 1030 558 1058 in
586 1030 803 1060 Deuteronomio
834 1033 961 1062 diceret:

166 1073 279 1105 Quando
294 1075 424 1110 ingressus
441 1077 521 1112 fueris
536 1082 634 1105 terram
650 1086 730 1113 quam
756 1079 883 1106 Dominus
895 1079 964 1107 Deus

167 1123 228 1145 tuus
245 1119 344 1147 dederit
360 1121 417 1153 tibi,
433 1130 494 1149 caue
510 1131 541 1150 ne
555 1123 658 1150 imitari
675 1124 737 1151 velis
754 1124 963 1152 abominationu

166 1164 276 1192 illarum
302 1167 428 1200 gentium,
446 1176 491 1194 nec
508 1168 659 1196 inueniatur
673 1170 700 1196 in
717 1173 741 1196 te
757 1170 802 1204 qui
817 1171 962 1198 sciscitatur

166 1215 192 1237 et
223 1211 337 1238 observet
351 1214 453 1240 somnia
475 1218 554 1249 atque
567 1215 690 1249 auguria,
712 1223 743 1242 ne
760 1216 794 1243 sit
816 1217 960 1251 maleficus.

166 1264 213 1282 nec
236 1256 396 1288 incantator,
422 1266 467 1285 nec
488 1259 612 1293 pylhones
632 1259 762 1292 consulat,
788 1268 834 1287 nec
850 1261 959 1293 divinos,

167 1310 214 1329 nec
229 1307 332 1337 quierat
360 1312 376 1330 a
401 1305 512 1332 mortuis
535 1305 682 1332 veritatem.
705 1305 801 1334 Omnia
823 1307 890 1334 enim
906 1308 960 1335 hau:

168 1348 364 1375 abominabitur
383 1349 518 1378 Dominus.
539 1350 633 1378 Omnes
650 1352 694 1387 qui
709 1352 764 1379 [nec
777 1353 888 1388 faciunt,
913 1363 960 1387 pro

167 1394 407 1422 abominationibus
435 1396 474 1422 his
497 1396 628 1431 dispar-det
649 1405 691 1424 eos
707 1397 835 1424 Dominus
845 1407 876 1424 ex
892 1403 916 1425 te
925 1399 958 1426 θ’.

165 1441 207 1467 Ab
224 1441 266 1468 his
282 1449 346 1477 ergo
360 1443 492 1469 abstineri
522 1443 598 1478 prius
625 1449 743 1478 oportet,
771 1449 799 1472 et
816 1445 856 1473 sic
881 1446 959 1473 nobis

165 1486 238 1514 Dens
255 1487 340 1515 dicit:
361 1488 472 1516 Facielis
487 1489 585 1521 iudicia
612 1499 681 1523 mea,
700 1495 724 1517 et
747 1496 878 1525 praecepta
900 1500 957 1518 mea

163 1535 310 1566 seruabitis,
332 1540 356 1562 et
381 1537 548 1563 ambulabitis
573 1538 600 1563 in
622 1538 667 1568 eis.
692 1537 718 1564 id
747 1542 789 1565 est
809 1537 957 1565 movemini

163 1586 192 1607 et
213 1582 414 1608 conversamini
451 1582 477 1608 in
506 1583 555 1613 eis,
588 1587 617 1610 et
642 1583 718 1610 nullo
755 1587 877 1618 tempore
909 1591 957 1611 va-

162 1627 233 1652 cetis
261 1626 295 1653 ab
325 1633 419 1654 eorum
451 1628 632 1655 correctione.
659 1628 763 1656 Deinde
779 1637 875 1657 rursus
892 1629 956 1657 sub-

163 1673 234 1699 didit
253 1681 261 1700 :

200 1720 255 1754 Ego
282 1719 408 1747 Dominus
435 1720 506 1747 Deus
528 1725 621 1748 vester.
652 1720 786 1748 Custodite
800 1721 867 1755 leges
884 1729 956 1748 meas

163 1771 243 1800 atque
256 1766 370 1800 judicia,
385 1775 442 1801 qua!
457 1768 557 1802 faciens
570 1767 657 1799 homo,
673 1768 740 1794 vivet
755 1769 783 1795 in
803 1769 849 1796 eis.
862 1767 955 1795 Absti-

163 1817 262 1840 nentes
291 1820 341 1840 nos
362 1813 438 1847 prius
462 1813 497 1840 ab
522 1813 773 1842 aheminalionibus
799 1822 860 1849 quae
875 1814 954 1842 dictae

161 1863 236 1890 sunt,
262 1859 324 1894 quia
349 1867 402 1886 non
428 1864 471 1887 est
492 1860 668 1894 participatio
691 1860 806 1894 justitia:
821 1869 882 1888 cum
899 1862 954 1888 ini—

161 1905 289 1939 quitatc,
319 1913 407 1940 neque
433 1905 543 1933 luminis
570 1906 688 1933 societas
717 1906 751 1933 ad
782 1907 951 1940 tenebras",

161 1958 251 1985 neque
277 1951 364 1984 placet
389 1951 413 1977 ei
435 1955 465 1977 ut
487 1951 531 1985 qui
567 1951 668 1986 gentile
693 1951 834 1985 quodlibet
852 1952 952 1979 malum

161 1997 437 2031 observationemque
462 1998 576 2028 studet,
604 1997 713 2032 gloriari
746 1997 780 2024 de
806 1997 874 2032 legis
904 1998 951 2025 Dei

161 2045 275 2072 scientia
299 2045 407 2075 debeat.
425 2048 490 2071 tunc
510 2044 619 2071 demum
640 2043 751 2078 judiciis
769 2043 815 2071 Dei
843 2049 951 2072 utamur

160 2096 188 2118 ct
206 2091 361 2126 praeceptis.
380 2090 476 2122 Qualia
493 2095 583 2117 autem
605 2090 661 2117 sint
679 2089 795 2122 judicia,
815 2094 842 2116 et
861 2090 950 2124 qualia

162 2143 308 2173 prrecepta,
334 2145 394 2173 qure
421 2137 524 2164 faciens
547 2137 630 2164 homo
654 2137 725 2163 vivet
748 2137 774 2163 in
799 2136 849 2167 eis,
871 2140 899 2162 ut
921 2141 949 2164 tu

159 2188 311 2221 Cognosces
338 2185 401 2220 quia
419 2192 473 2211 non
490 2183 545 2211 Deo
567 2184 663 2214 donas,
679 2183 811 2210 obcdiens
824 2183 874 2218 legi
891 2184 950 2217 ejus

160 2237 188 2259 et
214 2232 354 2265 complens
383 2231 442 2262 ejus
469 2230 570 2265 judicia
593 2234 620 2257 et
653 2233 800 2264 prmeepta,
820 2230 868 2256 sed
886 2231 949 2257 tibi-

1031 298 1126 318 rumve
1152 291 1312 319 memoriam
1337 292 1411 326 facit,
1437 299 1467 321 ιιι
1489 293 1534 321 illa
1564 296 1733 325 ostenderet,
1763 304 1823 329 qua:

1028 341 1086 363 erat
1105 340 1201 371 postea
1224 338 1392 366 sanciturus.
1423 339 1459 367 De
1475 340 1577 374 quibus
1610 348 1685 368 nunc
1707 341 1821 368 addidit.

1062 382 1127 415 Quw
1157 385 1256 420 faciens
1271 386 1357 417 homo,
1386 387 1453 413 vivet
1476 387 1503 414 in
1530 387 1577 414 eis.
1610 387 1639 414 In
1657 387 1724 422 ipsis
1747 389 1820 415 enim

1027 437 1089 457 vera
1111 431 1164 458 vita
1188 431 1365 460 credentibus
1390 433 1418 460 in
1444 433 1585 461 Christum
1616 434 1769 469 perﬁcitur,
1787 435 1822 462 dc

1025 483 1080 509 quo
1103 476 1130 503 in
1146 477 1293 512 Evangelia
1311 477 1444 506 Dominus
1467 478 1599 507 dicebat:
1625 479 1689 507 llam
1711 485 1748 507 est
1774 488 1820 507 vo-

1026 520 1114 548 luntas
1133 522 1223 549 Patris
1245 523 1306 554 mei,
1335 528 1362 550 ut
1384 524 1468 551 omnis
1491 524 1537 559 qui
1560 525 1630 551 videt
1660 524 1769 556 Filium,
1795 528 1820 551 et

1024 566 1106 592 credit
1138 567 1163 593 in
1192 575 1271 599 eum,
1306 568 1400 595 habeat
1424 569 1505 596 vitam
1529 574 1657 597 aeternam
1676 570 1709 596 ".
1735 568 1819 596 Valde

1024 620 1089 647 ergo
1120 614 1318 642 rationabiliter
1345 616 1466 642 secundo
1495 616 1580 644 dicit:
1606 617 1662 651 Ego
1690 616 1817 644 Dominus

1024 657 1093 685 Deus
1119 665 1209 686 vester.
1239 659 1402 688 Contestans
1422 661 1485 696 quia
1509 662 1569 697 ipse
1595 662 1729 690 Dominus
1748 683 1755 695 .
1789 667 1817 689 et

1023 705 1112 739 priora
1134 705 1256 740 judicia,
1283 707 1326 734 vel
1355 713 1511 743 prmeepta,
1533 712 1560 736 et
1584 709 1734 744 posteriora
1753 717 1817 737 san-

1022 751 1099 782 civit,
1113 759 1174 786 qua:
1187 752 1233 787 qui
1253 752 1350 781 fecerit
1373 754 1446 783 vivet
1466 755 1494 782 in
1514 755 1564 783 eis.
1587 755 1654 783 Nam
1678 755 1816 790 prioribus

1019 797 1152 832 judiciis,
1181 802 1209 825 et
1228 800 1394 835 praeceptis,
1427 801 1486 829 vide
1514 802 1579 836 quid
1614 802 1726 830 addidit.
1758 803 1815 837 Ego

1023 843 1159 872 Dominus.

1055 889 1135 918 Vens.
1152 891 1228 918 6-17.
1246 901 1255 917 ι
1276 891 1370 920 Omnis
1389 894 1470 921 homo
1485 895 1518 922 ad
1536 895 1688 929 proximam
1705 895 1814 930 sangui-

1020 937 1062 964 nis
1076 938 1116 964 sui
1138 946 1193 965 non
1208 939 1330 971 accedet,
1346 945 1376 967 ut
1397 941 1501 968 revelet
1525 941 1726 976 turpitudinem
1739 942 1810 977 ejus.

1020 980 1075 1016 Ego
1090 982 1232 1010 Dominus.
1261 983 1470 1019 Turpitudinem
1497 986 1582 1020 patris
1602 987 1652 1017 tui,
1674 991 1701 1014 et
1722 988 1810 1022 turpi-

1019 1027 1141 1055 tudinem
1171 1029 1266 1057 matris
1284 1034 1338 1057 tuae
1356 1038 1412 1057 non
1438 1031 1644 1066 discooperies:
1661 1037 1750 1059 mater
1765 1037 1810 1060 tua

1017 1078 1069 1106 est,
1089 1082 1144 1101 non
1172 1075 1307 1103 revelabis
1331 1077 1529 1111 turpitudinem
1552 1078 1623 1112 ejus.
1647 1078 1810 1114 Turpitudi-

1017 1127 1079 1147 nem
1097 1121 1188 1149 uxoris
1214 1122 1300 1156 patris
1316 1123 1354 1150 tui
1372 1131 1426 1150 non
1457 1123 1652 1159 discooperies,
1670 1125 1809 1160 turpitudo

1016 1166 1088 1193 enim
1111 1168 1197 1202 patris
1220 1168 1258 1194 tui
1282 1173 1333 1195 est.
1356 1169 1565 1204 Turpitudinem
1591 1170 1693 1197 sororis
1708 1175 1760 1198 tua:
1775 1179 1809 1199 ex

1016 1218 1092 1247 patre
1118 1214 1160 1240 vel
1180 1221 1213 1241 ex
1231 1218 1317 1241 matre
1342 1223 1402 1249 qua
1421 1215 1494 1242 domi
1518 1216 1561 1243 vel
1584 1216 1650 1244 foris
1663 1217 1754 1252 genita
1765 1221 1809 1245 est

1015 1266 1070 1285 non
1102 1260 1246 1288 revelabis.
1275 1260 1485 1296 Turpitudinem
1513 1262 1575 1290 ﬁlim
1606 1262 1653 1289 ﬁlii
1683 1263 1733 1295 tui,
1765 1263 1808 1292 vel

1014 1304 1104 1339 neptis
1117 1312 1150 1332 ex
1166 1305 1229 1338 ﬁlia,
1239 1313 1292 1333 non
1305 1307 1448 1340 revelabis,
1464 1308 1527 1342 quia
1541 1308 1680 1343 turpitudo
1693 1313 1740 1336 tua
1754 1314 1806 1338 est.

1014 1350 1224 1385 Turpitudinem
1245 1352 1308 1380 ﬁliae
1325 1353 1416 1381 uxoris
1433 1354 1518 1388 patris
1532 1354 1582 1387 tui,
1598 1363 1679 1390 quam
1699 1355 1807 1391 peperit

1014 1397 1083 1430 patri
1100 1402 1156 1430 tuo,
1177 1402 1205 1425 et
1220 1403 1262 1425 est
1274 1406 1351 1426 soror
1365 1404 1421 1432 tua,
1440 1408 1495 1427 non
1511 1401 1655 1428 revelabis.
1671 1401 1806 1436 Turpitu-

1013 1444 1105 1471 dinem
1133 1445 1238 1473 sororis
1261 1446 1348 1480 patris
1376 1446 1415 1472 tui
1446 1453 1500 1473 non
1529 1447 1724 1481 discoopcries,
1742 1447 1804 1482 quia

1013 1497 1076 1516 caro
1102 1495 1144 1518 est
1164 1491 1249 1526 patris
1273 1491 1321 1518 tui.
1341 1490 1552 1526 Turpitudinem
1575 1493 1663 1527 patrui
1692 1493 1730 1520 tui
1747 1501 1804 1520 non

1012 1537 1156 1568 revelabis,
1184 1545 1236 1564 nec
1260 1537 1372 1565 accedes
1392 1538 1424 1565 ad
1452 1546 1563 1566 uxorem
1591 1539 1660 1573 ejus,
1677 1547 1737 1574 quae
1752 1539 1803 1568 tibi

1011 1582 1142 1610 afﬁnitate
1170 1583 1353 1618 coniungitur.
1395 1583 1605 1618 Turpitudinem
1636 1593 1722 1612 nurus
1751 1591 1804 1614 tua:

1013 1636 1069 1655 non
1082 1628 1232 1661 revelabis,
1249 1630 1312 1664 quia
1323 1637 1392 1656 uxor
1407 1629 1454 1656 ﬁlii
1471 1630 1509 1656 tui
1525 1635 1577 1661 est,
1593 1638 1644 1658 nec
1660 1631 1804 1666 discoope-

1013 1672 1066 1700 ries
1080 1672 1256 1707 ignominiam
1282 1674 1352 1708 ejus.
1367 1673 1575 1709 Turpitudinem
1600 1676 1695 1704 uxoris
1711 1676 1803 1705 fratris
1830 1674 1834 1678 ’

1012 1719 1051 1745 ιιιὶ
1079 1726 1133 1746 non
1158 1719 1303 1751 revelabis,
1327 1720 1390 1754 quia
1410 1720 1550 1755 turpitudo
1572 1721 1666 1749 fratris
1684 1722 1721 1750 tui
1749 1728 1800 1751 est.

1012 1763 1220 1798 Turpitudinem
1264 1765 1356 1792 uxoris
1389 1770 1460 1799 ture,
1496 1771 1523 1793 et
1554 1767 1615 1794 ﬁlim
1657 1768 1717 1802 ejus
1746 1776 1802 1796 non

1011 1811 1154 1838 revelabis.
1174 1811 1268 1838 Filiam
1290 1812 1335 1839 ﬁlii
1352 1813 1422 1847 ejus,
1443 1817 1470 1840 et
1489 1813 1571 1840 ﬁliam
1594 1814 1657 1842 ﬁlias
1670 1815 1730 1850 ejus
1746 1823 1801 1844 non

1010 1863 1112 1888 sumes,
1128 1861 1157 1882 ut
1174 1856 1279 1884 reveles
1295 1857 1471 1892 ignominiam
1488 1858 1558 1893 ejus,
1573 1859 1636 1893 quia
1649 1867 1713 1887 caro
1729 1860 1801 1888 illius

1009 1907 1082 1929 sunt.
1103 1912 1111 1927 I

1043 1948 1120 1980 Quod
1142 1957 1198 1975 non
1224 1948 1385 1983 negligenda
1409 1949 1465 1976 sint
1494 1957 1525 1976 ea
1546 1958 1607 1984 qua:
1627 1951 1798 1985 sanciuntur,

1008 1993 1182 2020 manifestum
1208 1997 1250 2021 est
1265 2001 1298 2021 ex
1313 2001 1346 2021 eo
1360 1995 1431 2028 quod
1446 1994 1544 2022 iterum
1560 1995 1627 2022 dixit
1645 2004 1651 2022 :
1674 1996 1729 2031 Ego
1746 1996 1799 2024 Do-

1008 2039 1102 2065 minus.
1123 2038 1198 2066 Facit
1217 2045 1306 2066 autem
1327 2040 1379 2067 hoc
1395 2040 1500 2075 Moyses
1513 2061 1519 2071 ,
1538 2040 1593 2067 imo
1616 2041 1732 2076 spiritus
1751 2043 1798 2077 qui

1007 2084 1034 2111 in
1053 2092 1085 2111 eo
1108 2085 1279 2119 loquebatur,
1301 2089 1331 2112 ut
1344 2093 1397 2112 non
1418 2086 1628 2120 despicerentur
1645 2095 1705 2122 quae
1720 2089 1796 2117 dice-

1007 2131 1116 2164 bantur,
1137 2131 1291 2159 dicentibus
1305 2131 1480 2167 quibusdam,
1502 2133 1565 2168 quia
1582 2133 1705 2167 Moyseos
1722 2140 1794 2163 sunt.

1005 2177 1065 2205 Non
1089 2183 1154 2205 sunt
1175 2183 1266 2206 autem
1284 2179 1344 2214 ejus
1365 2179 1425 2206 lucc
1449 2187 1509 2215 quae
1524 2180 1732 2216 praecipiuntur.
1749 2183 1794 2210 scd

1006 2226 1064 2258 Dei,
1093 2234 1155 2254 cum
1174 2235 1348 2262 summopere
1371 2228 1442 2262 quod
1458 2229 1598 2256 inventum
1614 2234 1656 2257 est
1674 2231 1794 2258 studium

159 2279 287 2313 metipsi:
316 2282 344 2305 tu
362 2278 435 2306 enim
458 2277 484 2304 in
514 2277 553 2304 eis
574 2277 660 2307 vives,
677 2276 824 2303 virtutibus
838 2283 949 2311 operam
969 2280 987 2306 [ι
1003 2273 1155 2300 adhibitum
1177 2273 1222 2305 sit,
1240 2277 1270 2300 ut
1291 2274 1381 2300 littera
1400 2281 1494 2301 eorum
1518 2281 1740 2306 conservaretur,
1767 2269 1794 2304 et

160 2325 238 2357 dans,
264 2332 311 2359 per
330 2332 398 2359 quas
422 2328 524 2350 aeterna
541 2323 594 2350 vita
618 2321 776 2349 hominibus
795 2326 950 2356 praestatur.

159 2368 213 2398 Sed
232 2370 315 2405 qumri
339 2369 556 2404 pertractarique
582 2367 694 2403 dignum
711 2371 753 2394 est
787 2375 836 2394 cur
852 2367 880 2394 in
895 2375 951 2395 uno

159 2418 219 2444 loco
234 2417 301 2451 legis
323 2416 365 2443 bis
382 2415 460 2446 dixit,
482 2414 540 2442 ﬁeri
563 2414 664 2448 judicia
688 2421 747 2444 sua,
765 2417 793 2440 et
814 2418 949 2448 praecepta

158 2471 207 2490 sua
237 2461 390 2490 custodiri?
418 2461 466 2488 Vel
493 2468 542 2487 cur
568 2460 612 2487 bis
635 2459 719 2492 dicat,
741 2459 798 2493 Ego
818 2458 950 2486 Dominus

160 2510 250 2537 Deus?
266 2509 384 2536 Putasne
395 2507 491 2535 eadem
501 2506 647 2534 iterando?
661 2505 821 2533 Nullatenus
833 2514 839 2531 :
857 2505 948 2532 brevis

158 2556 200 2584 est
226 2556 300 2583 enim
320 2555 410 2582 omnis
423 2554 513 2580 divina
539 2553 694 2587 Scriptura;
714 2551 832 2578 maxime
857 2555 946 2578 tamen

157 2601 202 2628 hic
211 2599 359 2634 legislator.
377 2599 447 2626 sicut
460 2598 506 2633 qui
521 2597 604 2625 multa
620 2597 744 2623 dicturus
758 2601 827 2626 erat,
843 2596 894 2623 fuit
913 2597 947 2623 de

157 2645 291 2674 brevitate
317 2645 477 2672 sollicitus:
501 2644 563 2679 quia
585 2643 639 2670 duo
667 2647 731 2670 sunt
761 2646 921 2669 testamenta
938 2663 945 2675 ,

156 2692 242 2720 Vetus
257 2697 282 2719 et
305 2691 422 2723 Novum,
440 2690 514 2717 unde
529 2694 556 2717 et
586 2690 645 2724 ipse
665 2696 713 2723 per
733 2688 880 2715 Jercmiam
900 2689 943 2715 di-

156 2740 214 2767 xit:
232 2739 306 2766 Dabo
323 2737 391 2765 vobis
408 2741 591 2764 testamentum
617 2743 720 2765 nouum,
737 2743 789 2762 non
802 2735 944 2762 secundum

156 2788 341 2812 testamentum
375 2782 444 2817 quod
464 2781 524 2808 dedi
548 2780 665 2815 patribus
682 2780 783 2810 vestris.
799 2780 825 2806 iu
840 2780 881 2806 die
896 2788 947 2813 qua

155 2831 317 2866 apprehendi
333 2837 439 2856 manum
451 2836 552 2860 eorum,
568 2832 595 2854 ut
610 2827 744 2854 educerem
757 2826 815 2853 illos
828 2827 858 2853 de
875 2831 944 2853 terra

189 2905 211 2921 ³¹
229 2902 328 2930 Ειρεὶι.
341 2909 398 2934 vm,
417 2901 459 2927 13.
513 2901 534 2915 ³¹
554 2899 630 2927 Deut.
652 2906 726 2930 xvtu,
748 2897 826 2925 9—H.

157 2940 199 2973 39,
216 2940 261 2966 to.

882 2897 903 2912 "
917 2897 937 2923 ll
949 2897 1012 2924 Cor.
1036 2905 1072 2930 v1,
1094 2897 1134 2923 li.

1003 2319 1132 2353 spiritalis
1153 2318 1318 2347 intellectus.
1341 2318 1418 2346 Unde
1433 2324 1525 2347 nostra
1546 2320 1690 2347 translatio
1704 2321 1770 2349 dicit
1786 2332 1792 2349 :

1003 2364 1098 2392 Omnis
1113 2365 1194 2392 horno
1207 2365 1239 2392 ad
1252 2365 1403 2400 proximam
1427 2365 1570 2400 sanguinis
1584 2366 1627 2393 sui
1646 2374 1701 2393 non
1712 2374 1793 2394 acce-

1001 2409 1057 2443 dct,
1085 2414 1114 2436 ut
1144 2411 1245 2437 revelet
1273 2410 1472 2445 turpitudinem
1500 2410 1571 2444 ejus.
1613 2411 1792 2447 Septuaginta

1000 2456 1103 2484 edunt:
1122 2457 1213 2488 llomo,
1245 2457 1320 2484 homo
1340 2457 1375 2484 ad
1393 2465 1496 2484 omnem
1513 2457 1686 2484 domesticam
1703 2460 1792 2486 carnis

1000 2502 1082 2535 ipsius
1105 2511 1156 2529 non
1179 2503 1293 2533 accedet,
1320 2507 1349 2530 ut
1369 2503 1475 2537 aperiat
1498 2504 1698 2538 turpitudinem.
1723 2504 1791 2532 Pro-

1000 2554 1092 2581 pterea
1108 2549 1228 2576 secundo
1249 2549 1382 2582 dicentes,
1406 2550 1482 2576 homo
1497 2550 1584 2578 homo.
1608 2555 1637 2576 ut
1657 2552 1791 2584 quemad-

998 2595 1108 2622 modum
1135 2599 1177 2622 est
1205 2595 1288 2622 homo
1313 2595 1424 2630 duplex,
1447 2595 1485 2623 sic
1506 2595 1695 2629 intelligantur
1716 2601 1743 2623 et
1759 2605 1790 2624 ea

997 2648 1058 2674 qua:
1072 2641 1232 2668 sanciuntur
1246 2649 1306 2671 esse
1318 2641 1434 2673 duplicia
1449 2663 1456 2674 ,
1473 2646 1656 2677 oportercque
1672 2648 1698 2670 et
1712 2649 1791 2671 exte-

999 2687 1097 2714 riorem
1112 2695 1207 2714 eorum
1224 2687 1331 2718 facient,
1348 2692 1376 2714 et
1392 2687 1550 2714 interiorem
1569 2696 1667 2718 eorum
1680 2687 1789 2721 faciem,

999 2738 1026 2761 ct
1041 2733 1198 2760 interiorem
1211 2734 1469 2768 contemplationem
1482 2734 1632 2765 custodire.
1650 2739 1680 2762 ut
1692 2743 1790 2771 magna

993 2783 1130 2813 rectaque
1157 2779 1200 2806 lex
1219 2778 1381 2805 exteriorem
1403 2778 1618 2812 interioremque
1643 2786 1790 2814 componat

1002 2825 1150 2852 hominem.
1179 2824 1232 2852 Sed
1259 2833 1290 2851 ea
1315 2824 1425 2859 quidem
1451 2833 1511 2859 qua:
1525 2825 1591 2851 foris
1609 2829 1651 2852 est
1667 2825 1735 2860 legis
1749 2826 1789 2853 fa-

1193 2895 1214 2910 “
1230 2896 1331 2923 Jerem.
1348 2903 1428 2928 xxxi,
1451 2895 1495 2928 3t,
1513 2895 1556 2922 52.
1611 2895 1632 2911 "
1647 2895 1726 2923 Joan.
1749 2905 1789 2929 v',
