2056 3148
256 153 320 188 13H

853 159 1032 189 lIESYCHIl
1053 161 1286 191 PRESBYl’Eﬂl

1818 159 1886 192 1012

253 218 319 244 cies.
339 216 478 243 Proximos
492 217 624 251 sanguine
638 217 752 252 nuptiali
771 217 843 244 coitu
860 218 968 246 misceri
984 227 1045 254 pro-
1060 223 1081 251 Α
1098 226 1138 248 tos
1169 222 1349 254 cnumcrayii,
1378 230 1439 249 cum
1467 221 1621 250 carnalibus
1650 225 1677 248 et
1699 220 1759 247 illos
1780 223 1889 254 oportet

258 262 342 292 hibet,
370 261 432 296 quia
461 265 488 288 et
514 261 566 288 hoc
590 261 702 289 tenebat
715 262 785 297 apud
800 267 903 297 gentes,
929 271 1044 298 quarum

255 312 352 336 terram
372 308 397 334 in
415 308 601 335 haereditatem
614 310 694 337 JeSus
706 309 822 342 accepit.
841 309 942 337 Servus
954 316 1044 337 autem

253 354 403 381 carnalium
427 355 598 389 voluptatum
622 355 703 382 Israel
724 360 794 386 erat,
814 356 851 383 ita
868 361 898 383 ut
917 356 1044 384 Moabiti-

253 409 298 427 eas
315 401 444 427 mulieres
454 400 653 433 desiderantes,
670 401 840 437 Bcclphegor
859 402 932 429 idolo
946 402 1043 430 immo-

253 447 351 476 larent,
368 446 441 481 quod
461 446 494 473 ab
508 447 574 481 ipsis
590 447 732 474 colebatur
746 448 779 479 “,
796 452 823 475 et
840 454 982 476 accusaret
995 456 1042 476 eos

250 493 329 524 Osee,
344 500 376 519 ac
390 493 495 519 diceret
512 493 546 519 de
559 493 599 520 eis
612 502 618 520 :
648 493 745 520 Omnes
765 493 956 527 adulterantes,
971 495 1040 521 sicut

250 538 367 565 clibanus
379 539 474 565 ardens
482 539 515 565 ³⁷.
539 539 572 566 Et
596 539 696 566 iterum
713 539 785 566 Deus
803 540 844 567 sic
857 540 889 567 ad
904 547 951 567 eos
964 540 1040 567 dice-

249 589 306 612 ret:
324 585 384 612 Non
396 585 507 612 visitabo
520 594 599 621 super
611 586 682 619 [ilius
699 592 807 620 vestras,
822 587 885 613 dum
902 587 1041 622 fornicata:

248 632 355 666 limrint,
383 638 407 660 et
438 641 516 667 super
534 641 644 668 sponsas
672 639 779 665 uestras,
811 642 869 660 cum
883 634 1040 661 adulterata:

248 679 387 714 fuerint“,
411 680 542 714 quoniam
567 680 620 715 ipsi
641 689 703 708 cum
729 681 919 708 meretricibus
944 688 1038 708 versa-

247 726 357 758 bantur,
386 731 413 753 et
441 734 503 754 cum
531 727 694 754 ell'eminatis
725 727 924 754 sacrificabant.
944 727 1040 754 Sedet

245 771 377 799 Jeremias
404 773 469 800 dicit
488 774 523 800 ad
546 779 629 801 totam
651 774 821 801 Jerusalem:
847 774 938 800 Facies
953 782 1038 801 mere—

246 820 319 846 tricis
333 821 405 855 facta
424 825 460 847 est
478 821 524 847 tibi
533 821 565 848 δ’.
581 821 658 848 Umlc
677 826 705 848 et
726 821 766 848 eis
786 821 915 848 mulieres
938 821 1037 848 multas

246 866 369 900 accipere
390 871 556 901 prmceptum
579 872 648 899 erat,
673 872 703 894 ut
725 875 774 902 per
801 868 853 895 hoc
885 867 981 895 saltem
1003 868 1037 894 ab

245 912 396 939 alienarum
421 913 568 940 mulierum
595 913 836 946 foruicationibus,
853 919 880 941 et
895 914 1038 941 adulteriis

245 958 424 986 abstinerent.
439 959 503 987 Ideo
525 968 589 995 ergo
614 967 688 988 nunc
704 961 814 996 longum
839 961 962 988 extendit
977 968 1038 987 ser-

244 1014 364 1038 monetn,
392 1011 420 1034 ct
445 1012 635 1042 generationes
664 1015 712 1043 per
728 1008 852 1035 ordinem
867 1007 1036 1043 exsequitur,

244 1053 345 1088 quibus
367 1053 509 1080 continere
531 1061 560 1081 se
580 1054 697 1081 debeant
721 1062 737 1081 a
761 1055 953 1082 commistione
969 1062 1036 1081 con-

244 1099 364 1131 cubitus,
381 1100 553 1134 praecipiens.
573 1100 608 1127 Ut
625 1101 784 1128 ostenderet
800 1101 958 1128 mandatum
976 1108 1037 1128 esse

243 1145 443 1178 necessarium,
460 1146 531 1179 ipsas
548 1145 726 1180 cognationes
741 1146 908 1178 dinumerat,
923 1145 950 1172 in
966 1153 1036 1172 enu—

243 1192 425 1218 merationem
443 1199 552 1218 causam
582 1192 732 1218 sanctionis
751 1191 939 1223 manifestans,
962 1191 1036 1226 quod

244 1237 346 1267 studet,
379 1242 483 1264 utnon
516 1237 721 1264 confundantur
755 1237 960 1272 generationes,
986 1244 1037 1265 nec

244 1283 402 1317 dispeream
419 1283 600 1315 haereditates,
623 1291 712 1317 neque
733 1283 814 1310 frater
832 1287 859 1310 et
872 1287 950 1318 pater
964 1283 1034 1310 idem

245 1329 333 1362 ﬁeret,
361 1329 541 1364 ejusdemque
571 1334 645 1356 esset
671 1337 738 1356 uxor
752 1334 779 1356 et
799 1333 896 1356 mater.
915 1329 1036 1364 Utraque

244 1376 317 1402 enim
346 1375 402 1403 hmc
423 1375 597 1408 eveniebant,
611 1375 632 1402 si
648 1376 772 1403 eamdem
787 1383 900 1403 uxorem
918 1380 995 1410 pater
1009 1381 1036 1403 et

244 1422 316 1448 ﬁlius
332 1421 502 1453 habuissent,
526 1429 559 1448 ex
573 1429 661 1456 eaque
687 1421 756 1449 ﬁlios
779 1426 981 1457 procreassent.
997 1421 1036 1448 Ex

244 1469 300 1495 tilio
328 1469 399 1495 enim
430 1468 547 1503 genitus,
574 1473 628 1495 tam
647 1473 751 1503 patrem
776 1469 927 1504 genitorem
943 1476 1034 1501 suum,

243 1523 324 1549 quam
349 1515 458 1542 fratrem
485 1515 577 1544 habet,
603 1515 703 1549 quippe
726 1515 771 1550 qui
789 1522 820 1542 ex
830 1523 866 1542 ~ea
886 1519 967 1541 natus
982 1519 1033 1547 est,

1098 268 1194 303 accipi.
1209 269 1247 296 De
1260 269 1360 303 quibus
1371 267 1472 295 Paulus
1487 267 1552 295 dicit
1565 276 1571 294 :
1589 266 1740 294 Sermonem
1756 273 1788 291 ne
1801 265 1888 291 incre-

1097 316 1210 349 pavcris,
1227 316 1272 343 sed
1290 316 1394 342 obsecra
1421 319 1448 342 ut
1467 319 1580 349 patrem,
1599 313 1709 347 juvenes
1734 315 1770 338 uF-
1780 312 1887 346 fratres,

1097 370 1163 388 anus
1191 367 1218 388 ut
1245 366 1352 394 matres,
1379 360 1536 395 juveuculas
1558 364 1586 386 ut
1603 366 1705 386 sorores
1722 357 1756 384 "‘.
1783 357 1887 384 Deinde

1096 413 1221 436 cunctam
1251 409 1340 440 nobis,
1368 409 1412 443 qui
1440 408 1534 435 ﬁdeles
1556 413 1661 438 sumus,
1682 412 1744 432 cum
1757 403 1888 431 omnibus

1095 455 1141 489 qui
1162 455 1285 490 ejusdem
1299 459 1363 482 sunt
1381 454 1453 487 ﬁdei,
1470 453 1634 488 conquirere
1650 451 1765 485 cupiens
1783 457 1886 485 cogna-

1095 502 1209 533 tionem,
1232 501 1271 528 sic
1287 508 1381 528 rursus
1396 500 1464 528 dicit
1479 498 1577 527 :Multi
1593 506 1674 524 unum
1688 504 1782 530 corpus
1794 503 1886 522 sumus

1093 547 1122 574 in
1136 547 1249 579 Christo,
1260 546 1357 582 singuli
1379 550 1478 576 autent,
1504 544 1573 571 alter
1599 543 1709 569 alterius
1725 540 1884 568 membra“.

1092 593 1170 621 Unde
1188 598 1214 620 et
1236 593 1360 628 impium,
1385 591 1506 619 revelare
1519 589 1665 625 cuiuslibet
1690 588 1885 623 praedictorum

1094 640 1302 674 turpitudinem.
1315 638 1475 674 appellavit,
1494 637 1557 672 quia
1568 635 1699 671 spiritalis
1713 634 1885 670 cognationis

1092 685 1280 720 prievaricatio
1295 685 1329 712 ad
1346 684 1488 712 Dominum
1501 682 1598 714 tendit,
1613 686 1757 717 postquam
1770 688 1832 708 eum
1851 687 1884 707 eo
1900 684 1906 691 ‘

1093 733 1225 760 habemus
1248 731 1439 767 cognationem
1470 729 1587 758 vinculis
1610 728 1810 764 spiritualibus.
1829 727 1884 755 Ve-

1091 783 1244 806 rumtamen
1258 786 1293 805 ne
1317 777 1369 804 hoc
1391 775 1530 812 praeterire
1553 777 1662 809 oportet
1683 780 1746 800 eum
1768 772 1816 806 qui
1840 772 1883 798 di-

1091 826 1207 861 ligenter
1223 824 1369 852 meditatur
1381 823 1448 858 legis
1462 821 1581 856 eloquia,
1593 819 1654 855 quia
1668 819 1819 846 secundum
1837 818 1884 845 Se-

1090 872 1231 907 ptuaginta
1242 871 1336 898 decem
1354 869 1486 905 graduum
1506 867 1679 903 cognationis
1695 873 1840 892 numerum
1855 864 1883 890 in

1090 918 1219 954 praesenti
1242 917 1331 952 posuit
1359 915 1518 951 legislator,
1546 914 1624 948 cujus
1654 911 1761 939 numeri
1790 911 1883 938 omnia

1087 963 1218 990 mandata
1241 966 1305 989 sunt
1321 961 1399 996 legis,
1412 960 1561 987 ostendens
1574 959 1637 994 quia
1653 957 1776 992 quisquis
1794 956 1884 991 turpi—

1090 1009 1212 1036 tudinem
1237 1008 1349 1039 revelat,
1377 1004 1748 1040 carnalium,spiritualium,
1774 1003 1815 1030 vel
1833 1011 1883 1030 co-

1090 1060 1245 1091 gnatorum,
1266 1054 1348 1080 totius
1363 1052 1428 1088 legis
1444 1051 1584 1078 invenitur
1599 1058 1661 1078 esse
1683 1055 1881 1085 transgressor.

1089 1101 1195 1135 Quare?
1207 1101 1269 1135 quia
1289 1099 1408 1127 alienum
1430 1102 1473 1125 est
1486 1097 1652 1125 a'charitate
1668 1097 1740 1131 quod
1753 1096 1809 1131 agit
1821 1104 1883 1130 qua:

1088 1153 1130 1176 cst
1140 1148 1207 1183 legis
1228 1146 1379 1182 plenitudo.
1409 1144 1464 1171 lloc
1478 1148 1520 1172 est
1549 1144 1622 1179 quod
1637 1143 1674 1170 ait
1689 1142 1808 1170 Paulus:
1822 1142 1882 1168 Non

1088 1195 1250 1223 adulterubis
1262 1203 1271 1221 :
1288 1194 1346 1220 Non
1375 1193 1490 1220 occides:
1506 1191 1564 1218 Non
1583 1190 1683 1224 furtum
1704 1189 1804 1224 facies:
1822 1187 1882 1215 Non

1088 1241 1260 1275 concupisces.
1279 1239 1312 1267 Et
1338 1240 1361 1266 si
1387 1237 1456 1273 quod
1474 1242 1512 1264 est
1527 1236 1602 1263 aliud
1616 1235 1783 1266 mandatum,
1797 1234 1881 1260 iuliae

1087 1288 1163 1315 verba
1186 1288 1353 1314 instauratur
1374 1293 1383 1312 :
1410 1285 1508 1320 Diliges
1531 1283 1679 1318 proximum
1712 1285 1785 1307 tuum
1812 1281 1880 1305 sicut

1088 1335 1209 1368 teipsum.
1226 1333 1337 1360 Dilectio
1350 1331 1465 1367 proximi
1481 1330 1580 1357 malum
1599 1337 1650 1355 non
1666 1331 1801 1362 operatur.
1817 1325 1881 1352 Pleo

1087 1383 1178 1409 nitudo
1192 1389 1252 1416 ergo
1268 1380 1330 1415 legis
1339 1384 1375 1406 est
1386 1379 1491 1406 dilectio
1498 1377 1531 1403 ⁵⁸.
1557 1375 1667 1402 Planior
1683 1378 1775 1401 autem
1791 1373 1826 1400 sit
1838 1372 1880 1398 ins

1086 1429 1221 1460 tellectus,
1235 1427 1256 1454 si
1271 1427 1355 1461 ipsam
1375 1429 1578 1460 perscrutemur
1588 1422 1717 1449 litteram.

1122 1475 1214 1502 Omnis
1227 1475 1303 1501 homo
1314 1474 1349 1500 ad
1356 1476 1504 1508 proximam
1514 1470 1651 1506 sanguinis
1662 1469 1703 1496 sui
1715 1477 1764 1495 non
1772 1467 1879 1494 accedet

1088 1527 1114 1549 ut
1136 1521 1229 1548 revelet
1245 1520 1434 1555 turpitudinem
1449 1519 1515 1553 ejus.
1534 1517 1569 1545 Ut
1591 1523 1646 1544 non
1667 1514 1830 1542 accedamus
1844 1512 1879 1539 ad

242 1570 305 1596 qua:
334 1567 362 1588 et
392 1561 465 1588 illum
492 1561 609 1596 peperit,
638 1566 665 1588 ct
693 1569 761 1588 uxor
774 1561 834 1596 ejus
857 1560 1033 1595 simulatque

1087 1573 1216 1604 cognatos
1238 1568 1266 1594 in
1281 1567 1338 1602 lege
1363 1565 1533 1601 cognationis
1551 1565 1759 1599 prtesumentes,
1777 1563 1804 1587 ct
1830 1566 1880 1594 per

242 1612 330 1635 matcr
357 1608 415 1635 fuit.
451 1608 512 1635 llmc
544 1612 634 1635 autem
666 1616 699 1634 ex
723 1607 826 1634 nefaria
855 1612 1032 1642 cognatorum

243 1655 443 1687 commistione,
461 1660 489 1681 et
507 1655 557 1681 alia
576 1655 617 1682 his
635 1655 766 1682 eveniunt
790 1653 900 1681 similia.
919 1653 1034 1688 Propter

243 1700 316 1735 quod
330 1705 454 1728 avertere
468 1709 481 1727 a
505 1701 549 1727 tali
566 1701 771 1736 conjunctione,
788 1706 816 1727 et
829 1700 903 1728 coitu
920 1700 1033 1727 volens:

282 1747 492 1782 Turpitudinem,
505 1747 602 1782 inqttit,
618 1748 701 1782 patris
713 1747 751 1774 tui
771 1752 795 1774 et
806 1747 902 1774 matris
919 1750 970 1773 tua:
983 1754 1034 1772 non

243 1793 413 1827 discooperies
424 1814 431 1822 .
446 1794 539 1820 eadem
555 1797 583 1820 et
597 1793 624 1820 in
642 1793 871 1828 subsequentibus
885 1793 919 1820 de
936 1801 1034 1820 nover-

243 1846 286 1870 ca,
302 1843 329 1864 et
345 1845 448 1870 sorore,
468 1844 494 1865 et
509 1846 591 1871 nuru,
609 1843 637 1865 et
649 1838 709 1866 aliis
725 1839 863 1871 omnibus,
888 1838 1034 1865 revelatio-

243 1892 305 1912 nem
323 1884 500 1919 turpitudinis
526 1885 623 1912 hormn
640 1885 863 1919 conjunctioncm
881 1884 1032 1920 appellans.

243 1930 281 1957 Ex
302 1931 355 1958 hoc
379 1939 507 1958 sermone
519 1931 655 1963 crubesci,
672 1935 700 1958 et
716 1931 813 1964 averti,
830 1931 888 1958 sive
907 1931 970 1958 odio
983 1931 1032 1957 ha-

241 1976 298 2004 beri
315 1977 396 2004 debet
410 1979 500 2005 omnis
518 1978 675 2013 hujusmodi
689 1977 790 2005 faciens
805 1978 939 2005 actiones.

276 2024 405 2051 Similiter
420 2030 444 2051 et
462 2024 529 2052 illud
552 2029 696 2059 opportune
712 2025 865 2051 intuendum
886 2029 933 2055 est,
964 2025 1033 2055 quod

240 2071 344 2097 (licens:
361 2070 454 2098 Omnis
467 2072 543 2098 homo
563 2073 598 2099 ad
612 2073 760 2106 proximam
778 2072 913 2107 sanguinis
926 2071 966 2098 sui
981 2079 1032 2097 non

240 2117 355 2148 accedet,
370 2122 398 2143 ut
410 2117 502 2144 revolet
521 2118 710 2153 turpitudinem
729 2118 795 2153 ejus.
812 2117 940 2145 Addidit:
974 2116 1031 2152 Ego

240 2163 377 2190 Dominus.
397 2165 431 2191 Et
446 2165 510 2199 quid
533 2173 601 2201 opus
619 2170 677 2193 erat
690 2166 742 2193 hoc
757 2165 829 2198 addi,
849 2173 910 2193 eum
932 2165 1029 2197 semel,

239 2213 267 2235 et
282 2209 334 2237 hoc
351 2209 430 2238 initio
445 2212 587 2246 praesentis
604 2212 754 2239 sanetionis
776 2212 893 2239 dixerit:
909 2212 966 2247 Ego
981 2211 1031 2237 Do-

239 2257 325 2285 minus
352 2257 420 2285 Deus
441 2260 541 2286 vester?
556 2259 610 2286 Sed
631 2266 725 2295 aperte
741 2260 806 2287 illud
819 2260 950 2292 ostendit,
965 2259 1029 2294 quia
1048 2253 1069 2282 Ι)

238 2302 261 2330 is
274 2303 318 2338 qui
335 2303 392 2330 hzec
410 2304 510 2336 sanxit,
527 2305 584 2340 ipse
603 2309 645 2332 est
663 2305 709 2339 qui
721 2305 800 2332 nobis
812 2312 895 2332 carne
909 2304 1028 2339 conjun-

237 2353 297 2376 ctus
310 2353 363 2382 est,
383 2355 537 2386 nostraeque
557 2350 729 2385 cognationis
750 2350 866 2378 eﬁectus
881 2355 924 2378 est
943 2350 1029 2385 parti-

237 2404 312 2431 ceps.
330 2396 406 2424 Unde
431 2397 562 2432 injustum
580 2401 623 2424 est
638 2402 667 2424 ut
691 2397 908 2431 magnitudinem
929 2404 1030 2431 cogna-

237 2442 318 2468 tionis
332 2443 391 2477 cjus
413 2444 584 2478 injuricmus.
607 2444 674 2471 (Itnn
691 2450 781 2471 autctn
806 2445 862 2471 haec
880 2444 916 2471 ita
933 2451 962 2471 se
981 2444 1030 2470 ha-

236 2486 329 2518 beant,
351 2488 557 2523 intelligendum
582 2493 624 2517 est
649 2489 749 2517 sanciri
775 2489 957 2525 spiritaliter:
974 2496 1029 2515 non

237 2534 295 2560 vult
337 2534 411 2560 enim
439 2543 490 2562 nos
530 2536 655 2563 revelare
685 2536 814 2571 qualibet
852 2540 983 2570 peccata,
1015 2543 1029 2562 a

236 2581 369 2615 cognatis,
395 2582 525 2609 amicisve
550 2583 631 2610 nobis
646 2591 706 2618 quae
730 2584 833 2611 credita
849 2582 959 2612 fuerint,
979 2589 1030 2608 nec

235 2627 352 2661 prodere
370 2631 462 2662 turpes
475 2629 596 2656 actiones
612 2629 730 2661 illorum,
748 2637 783 2657 ne
806 2629 877 2656 forte
895 2629 1030 2664 patiamur

235 2672 308 2709 quod
332 2672 429 2705 Cham,
453 2675 499 2709 qui
530 2676 614 2709 patris
638 2677 789 2703 nuditatem
818 2675 915 2703 videns
925 2675 958 2707 “',
974 2682 1029 2701 non

235 2722 387 2756 cooperuit,
403 2723 450 2749 sed
465 2722 595 2750 fratribus
606 2724 749 2758 egrediens
757 2723 894 2758 patefecit.
908 2721 936 2748 In
952 2726 1028 2756 patre

235 2775 300 2802 ergo
315 2772 342 2794 et
358 2773 456 2801 matre,
474 2773 501 2794 et
518 2776 623 2801 sorore,
644 2777 821 2804 quoscunque
844 2769 912 2796 alios
929 2773 1028 2800 cogna-

268 2871 292 2886 “
311 2872 391 2900 Num.
411 2881 472 2903 xxv,
491 2873 533 2900 .‘il.
589 2873 610 2888 ³⁷
623 2873 692 2900 Osce
709 2882 757 2903 \‘ll,
776 2873 801 2899 ll.

232 2905 278 2935 “l
293 2907 356 2936 Cor.
373 2916 424 2942 ut,
444 2908 485 2934 1'2.
525 2909 547 2924 “
560 2907 638 2935 Rom.
656 2917 714 2941 xm,
730 2909 756 2942 9,
771 2909 811 2935 10.

849 2874 870 2889 ³⁸
889 2873 958 2901 05cc
981 2881 1017 2906 μ’,
1036 2873 1078 2901 M.

1087 1616 1138 1643 hoc
1148 1623 1195 1642 eos
1208 1617 1355 1645 tentantes,
1373 1620 1404 1639 ac
1420 1611 1520 1639 deinde
1535 1611 1657 1638 actiones
1672 1614 1766 1635 eorum
1782 1611 1877 1640 turpes

1085 1666 1291 1698 cognoscentes,
1303 1659 1451 1695 prodamus
1467 1666 1523 1685 eos.
1541 1656 1619 1685 Unde
1632 1660 1658 1682 et
1674 1653 1756 1681 nimis
1772 1660 1876 1687 oppor-

1086 1715 1152 1737 tune
1174 1708 1295 1741 subdidit
1314 1715 1321 1732 :
1342 1706 1398 1742 Ego
1426 1705 1564 1732 Dominus.
1583 1703 1613 1730 ld
1632 1706 1673 1729 est
1697 1699 1878 1728 manifestans

1086 1756 1227 1783 hominum
1250 1757 1371 1788 peccata,
1388 1758 1559 1787 quaecunque
1576 1747 1692 1776 confessi
1712 1745 1814 1774 fuerint
1829 1753 1836 1776 ;
1849 1748 1878 1770 ct

1085 1802 1189 1829 orando
1204 1799 1391 1835 exposueriut,
1414 1803 1507 1833 tegens
1521 1800 1549 1824 et
1573 1795 1721 1829 dissipans,
1741 1793 1777 1820 ita
1795 1795 1826 1818 ut
1841 1798 1877 1817 ne

1084 1850 1193 1884 quidem
1203 1847 1347 1882 vestigium
1362 1853 1456 1872 eorum
1469 1843 1628 1878 reperiatur.
1640 1840 1707 1874 Quia
1723 1846 1788 1874 ergo
1803 1836 1877 1864 mul-

1061 1925 1066 1932 ,
1085 1901 1142 1924 tum
1158 1902 1252 1923 eorum
1265 1901 1325 1928 qua:
1341 1900 1414 1919 nunc
1433 1891 1536 1918 sancita
1558 1893 1630 1918 sunt,
1654 1887 1759 1914 lucrum
1778 1883 1877 1912 didici-

1084 1949 1156 1973 mus,
1174 1941 1206 1967 ail
1223 1947 1253 1966 ea
1268 1946 1330 1974 qua:
1346 1941 1500 1972 sequuntur
1515 1939 1697 1962 transeamus.

1119 1987 1317 2022 Turpitudinem
1332 1985 1420 2012 uxoris
1439 1990 1491 2010 tua:
1507 1986 1530 2009 et
1556 1980 1619 2015 ﬁlia:
1636 1979 1693 2014 ejus
1708 1985 1759 2004 non
1774 1974 1876 2002 reuela-

1084 2034 1132 2066 bis,
1151 2038 1174 2059 et
1189 2032 1273 2067 filiam
1287 2031 1336 2065 ﬁlii
1350 2030 1417 2064 ejus,
1433 2033 1457 2055 et
1470 2027 1553 2061 ﬁlium
1570 2025 1633 2060 ﬁlia:
1648 2023 1705 2058 ejus
1716 2028 1875 2051 uousumes,

1086 2085 1112 2106 ut
1135 2078 1230 2105 reueles
1250 2075 1424 2112 ignominiam
1441 2074 1508 2107 ejus,
1521 2072 1582 2107 quia
1598 2078 1659 2098 caro
1677 2069 1749 2096 illius
1760 2071 1831 2098 sunt,
1850 2070 1876 2092 et

1084 2124 1145 2152 talis
1160 2124 1243 2151 coitus
1256 2123 1367 2149 incestus
1380 2125 1428 2148 est.
1444 2118 1633 2146 Necessarium
1647 2123 1712 2150 ergo
1729 2115 1780 2141 hoc
1796 2120 1875 2140 man-

1083 2171 1175 2199 datum
1186 2169 1325 2205 legislator
1335 2167 1426 2203 posuit
1441 2175 1447 2194 :
1460 2174 1505 2201 qui
1517 2165 1589 2193 enim
1604 2171 1666 2192 cum
1678 2167 1764 2190 matre
1776 2164 1805 2187 et
1819 2159 1876 2186 ﬁlia

1083 2217 1223 2246 miscetur,
1248 2219 1276 2242 et
1297 2215 1332 2241 de
1352 2217 1467 2247 utraque
1490 2211 1559 2238 ﬁlios
1583 2212 1706 2246 generat,
1731 2205 1876 2234 confundit

1083 2263 1143 2298 ipse
1160 2261 1359 2297 generationes.
1376 2259 1428 2292 Qui
1440 2258 1513 2285 enim
1525 2257 1559 2285 de
1573 2261 1661 2283 matre
1672 2255 1696 2282 ei
1708 2255 1877 2289 generantur

1081 2297 1140 2341 ﬁlii,
1161 2307 1259 2334 fratres
1286 2313 1381 2333 eorum
1398 2305 1444 2340 qui
1469 2307 1635 2340 generantur
1656 2309 1689 2328 ex
1703 2299 1796 2327 uxoris
1820 2297 1876 2324 ﬁlia

1082 2354 1162 2383 simul
1192 2359 1274 2389 atque
1300 2354 1327 2380 hi
1351 2353 1429 2379 ﬁunt.
1447 2352 1595 2384 Patresque
1616 2348 1741 2376 similiter
1767 2349 1795 2372 et
1817 2345 1874 2376 avi,

1081 2402 1191 2437 quando
1200 2409 1261 2429 cum
1277 2405 1373 2432 matre,
1388 2404 1415 2427 et
1435 2399 1495 2433 ejus
1509 2403 1591 2433 nepte
1602 2397 1695 2424 coiens
1710 2399 1788 2430 pater
1803 2393 1874 2420 ﬁlio-

1082 2457 1154 2481 rum,
1173 2448 1220 2483 qui
1241 2456 1273 2475 ex
1299 2451 1412 2481 utraque
1433 2445 1517 2481 geniti
1542 2449 1616 2477 sunt,
1638 2443 1721 2470 fuerit
1745 2442 1874 2469 effectus.

1080 2497 1138 2524 Non
1154 2499 1244 2522 autem
1258 2494 1363 2525 matris,
1380 2498 1408 2520 et
1421 2493 1491 2525 ﬁliae,
1512 2496 1539 2519 et
1555 2491 1646 2525 neptis
1662 2488 1873 2524 turpitudinem,

1081 2542 1180 2569 malum
1199 2539 1375 2572 desiderium,
1396 2538 1586 2572 actionemque
1598 2544 1630 2563 cx
1643 2534 1780 2563 desiderio
1793 2532 1874 2568 geni-

1081 2592 1134 2614 tam
1151 2586 1345 2621 intelligamus,
1362 2592 1422 2619 quae
1439 2583 1472 2610 ad
1488 2583 1623 2610 actionem
1637 2581 1717 2608 aliam
1734 2578 1876 2614 egreditur

1080 2631 1266 2667 maligniorem
1292 2634 1374 2664 atque
1402 2629 1545 2663 majorem.
1572 2627 1617 2654 Ait
1639 2626 1712 2653 enim
1736 2624 1872 2652 Jacohus:

1080 2677 1294 2711 Concupiscentia
1310 2685 1368 2703 cum
1388 2680 1513 2710 concepta
1529 2674 1617 2710 fuerit,
1633 2673 1706 2707 parit
1722 2675 1872 2706 pecca'tum,

1082 2728 1217 2758 peccatum
1235 2728 1321 2750 autent
1339 2730 1397 2748 cum
1415 2725 1626 2748 consummatum
1641 2719 1719 2755 fuerit
1735 2738 1743 2749 ,
1763 2720 1872 2752 generat

1081 2774 1190 2797 mortem
1202 2769 1224 2785 “
1242 2778 1247 2795 :
1265 2776 1324 2803 qua:
1345 2773 1386 2796 est
1405 2767 1534 2795 desiderii
1554 2774 1651 2801 nepos,
1666 2764 1737 2800 quod
1759 2763 1806 2790 tibi
1826 2769 1873 2789 se-

1651 2869 1672 2884 “
1691 2867 1779 2895 lTim.
1794 2863 1821 2900 1³,
1839 2865 1868 2893 9.

1119 2873 1140 2889 ³³
1153 2872 1255 2900 .lerem.
1274 2880 1314 2905 ιιι,
1333 2871 1359 2898 3.
1398 2871 1419 2887 "‘
1436 2871 1504 2900 Gen.
1525 2878 1550 2903 ι,
1566 2869 1612 2896 εξ.
