2056 3148
179 173 243 206 1m

757 183 795 213 IN
816 183 1038 213 LEVITICUM.
1051 195 1085 199 —
1105 182 1177 211 LIB.
1194 182 1226 213 V.

1746 176 1810 208 10H

178 231 297 258 cumlnm
323 235 408 267 ipsam
432 233 574 263 historiam
599 241 626 263 et
656 236 824 273 Scripturain
847 238 966 266 divinam
983 243 1004 270 Α
1020 237 1196 264 Επιιιιαηιιιτ
1205 245 1249 264 vos
1263 246 1314 264 non
1329 237 1400 268 bene.
1413 238 1458 263 sed
1471 236 1607 264 excludere
1615 245 1658 264 vos
1672 235 1760 262 volunt
1774 237 1806 263 ".

179 278 365 306 ostendemus.
378 279 544 316 Coneupivit
559 289 625 317 ergo
638 283 722 310 David
742 283 811 312 Uriaa
829 293 942 312 uxorem
959 294 964 311 :

179 331 241 351 ecce
277 325 380 358 peccati
396 331 482 353 mater
506 329 737 362 concupiscentia.
762 329 967 365 Concupisceus

177 371 329 398 mmehatus
346 376 388 399 est
405 380 411 397 :
425 377 537 400 matrem
556 374 608 401 ﬁlia
625 376 768 403 subsecuta
784 381 835 403 est.
852 377 966 404 Adulte-

179 422 253 444 ratus
284 418 406 446 occidit:
432 420 549 454 pessima
573 421 800 455 concupiscentiae
816 422 964 450 mortiferae

177 470 236 496 qua":
262 464 401 497 praecessit
429 465 528 500 neptis.
555 465 628 492 Nihil
650 474 715 502 ergo
738 467 833 494 horum
851 468 965 496 revelari

178 508 233 534 vult
245 517 252 534 :
265 516 354 544 neque
362 509 434 537 enim
443 515 551 545 oportet
562 512 747 546 proximorum
759 514 834 548 prodi
845 519 964 549 peccata,

178 555 224 581 sed
247 555 389 582 admoneri
407 557 492 592 magis
512 565 570 590 eos,
592 562 619 585 et
637 558 670 586 ad
688 559 847 586 memoriam
872 567 965 587 eorum

178 607 315 632 revocare,
340 608 402 628 cum
420 602 493 629 dicat
510 603 658 637 Apostolus
673 613 679 631 :
697 603 816 636 Fratres,
828 606 850 632 si
876 606 967 640 depre-

178 645 271 672 hensus
287 646 365 680 fuerit
387 648 443 682 quis
461 657 493 675 ex
504 649 572 676 vobis
594 650 622 676 in
635 650 726 685 aliquo
745 651 849 683 delicto,
866 661 911 680 vos
923 653 967 686 qui

177 691 311 725 spiritales
323 693 394 724 estis,
409 694 531 722 instruite
546 695 697 730 hujusmadi
716 697 743 723 in
765 698 859 731 spiritu
871 698 966 726 lenita-

180 738 222 769 tis,
249 739 418 766 considerans
435 741 556 772 teipsum,
571 750 603 768 ne
622 747 647 769 et
670 747 698 769 tu
719 744 825 770 tenteris
837 744 868 770 ⁸⁵.
886 744 967 771 Vides

179 783 240 817 quia
255 791 310 810 non
329 784 428 812 frustra
441 785 578 821 legislator
597 788 705 815 diccbat
722 798 728 815 :
746 788 814 816 Cara
834 794 879 816 tua
895 795 965 817 sunt.

178 827 332 856 Ostendens
349 830 412 863 quia
434 836 578 866 cognatum
600 833 679 860 nobis
702 834 914 868 quodammodo,
940 840 968 862 et

178 873 308 901 familiare
323 880 374 907 est,
396 883 518 910 peccare,
537 883 646 913 propter
661 880 732 913 quod
747 880 864 914 compati
888 881 967 908 nobis

177 920 291 948 invicem
304 921 434 950 debemus
446 928 600 957 peccantes.
614 924 679 951 Nam
692 925 792 953 Paulus
806 927 967 961 dispensans

177 966 228 993 hoc
239 967 311 1001 quod
327 975 400 995 nunc
415 968 515 995 dictum
531 976 581 999 est,
594 971 713 998 subdidit
729 981 735 998 :
754 972 868 1000 Invicem
886 982 966 1001 onera

174 1017 260 1038 vestra
291 1018 404 1046 portate,
426 1020 449 1041 et
471 1016 508 1041 sic
523 1016 700 1051 adimplebitis
721 1017 802 1053 legem
820 1018 917 1046 Christi
931 1020 964 1046 ⁸⁸.

175 1056 235 1090 Ipse
247 1064 312 1092 ergo
329 1064 438 1092 peccata
452 1065 543 1086 nostra
559 1062 688 1095 portavit.
702 1062 753 1094 Qui
780 1067 871 1090 autem
897 1072 966 1092 onus

175 1102 289 1136 proximi
306 1108 405 1138 portat,
421 1110 448 1132 et
465 1107 578 1141 suscipit
591 1107 617 1134 in
632 1109 780 1144 semetipso
797 1110 888 1138 fratris
900 1119 966 1146 pec-

173 1153 243 1178 cata.
260 1157 314 1176 non
331 1150 389 1177 haec
404 1151 504 1186 prodit,
526 1160 577 1180 nec
593 1154 704 1187 revelat,
718 1155 766 1182 sed
792 1156 876 1191 magis
889 1157 966 1185 cohi-

173 1194 228 1225 bet,
243 1199 270 1222 et
284 1196 374 1224 verbis
386 1198 592 1226 medicinalibus
604 1205 691 1233 curat,
706 1205 733 1228 et
746 1201 817 1229 sicut
829 1203 966 1237 propriam

173 1240 359 1269 inﬁrmitatem
375 1243 611 1272 exhortationibus
624 1246 749 1281 benignis
762 1248 897 1276 exhaurit.
911 1249 966 1276 Un-

172 1287 206 1313 de
221 1288 353 1321 propheta
367 1289 453 1317 Isaias
461 1290 494 1317 de
508 1290 647 1319 Salvatore
657 1293 750 1320 dicens
763 1302 769 1319 :
782 1293 844 1321 Vere
856 1301 966 1329 peccata

172 1336 261 1358 nostra
275 1333 330 1366 ipse
343 1335 467 1368 portavit,
479 1336 600 1364 subdidit
612 1346 619 1363 :
632 1337 664 1364 Et
673 1346 721 1371 pro
731 1340 966 1374 transgressoribus

173 1379 273 1413 rogat-it
290 1380 322 1407 ⁸⁷.
334 1380 420 1416 AlDigi
443 1382 525 1417 igitur
537 1387 564 1410 et
580 1391 688 1418 gemere
701 1385 832 1412 debemus
849 1393 898 1420 pro
924 1387 964 1414 eis

173 1425 218 1459 qui
236 1425 269 1452 ad
288 1433 396 1460 pravam
417 1434 538 1461 operam,
556 1429 803 1465 cogitationemque
829 1433 965 1467 progressi

173 1475 247 1502 sunt,
264 1479 316 1498 non
334 1477 425 1499 autem
444 1474 500 1501 haec
516 1475 701 1503 manifestare.

211 1515 280 1543 Vsus
302 1517 341 1545 l8.
360 1527 369 1544 ι
385 1518 513 1547 Sororem
526 1522 618 1549 uxoris
631 1526 683 1549 tuae
698 1522 725 1550 in
737 1523 891 1558 pellicatum
905 1526 965 1560 ejus

174 1569 228 1588 non
236 1562 365 1597 accipies,
382 1572 432 1592 nec
440 1566 574 1594 revelahis
585 1567 780 1602 turpitudinem
793 1570 863 1605 ejus,
875 1571 966 1599 adhuc
981 1584 1001 1612 ρ

175 1607 218 1633 ila
237 1609 355 1636 vivente.
381 1620 389 1635 I

212 1653 294 1681 Recte
310 1655 367 1682 haec
375 1656 581 1692 praecipiuntur,
592 1662 656 1694 quia
669 1661 695 1687 in
712 1669 780 1696 pace
794 1663 903 1690 vocavit
914 1671 966 1691 nos

175 1701 306 1728 Dominus
319 1703 398 1731 Deus.
419 1704 470 1738 Qui
484 1706 557 1733 enim
576 1715 638 1734 cum
656 1709 784 1737 omnibus
805 1718 856 1738 nos
871 1719 966 1746 pacem

174 1746 275 1774 habere
292 1749 359 1781 vult,
380 1750 461 1777 etiam
474 1759 521 1784 per
533 1752 646 1780 Paulum
664 1754 758 1782 dicens
774 1764 779 1782 :
794 1754 824 1782 Si
845 1757 966 1790 possibile

172 1798 221 1823 est.
239 1795 309 1829 quod
326 1804 358 1823 ex
371 1796 440 1823 vobis
455 1803 503 1830 est,
518 1807 578 1825 eum
590 1800 708 1827 omnibus
720 1801 867 1828 hominibus
877 1811 967 1837 pacem

173 1839 264 1867 habete
279 1841 312 1874 “,
328 1843 413 1870 multo
435 1845 520 1879 magis
538 1845 656 1880 placatos
676 1854 726 1873 nos
744 1847 801 1874 vult
820 1855 880 1875 esse
903 1856 965 1876 cum

173 1886 317 1921 proximis,
332 1889 404 1922 quod
419 1890 565 1922 subvertit,
586 1891 609 1918 si
619 1891 699 1919 simul
715 1893 776 1926 quis
791 1894 867 1920 uxori
887 1901 966 1921 soro-

174 1932 251 1967 rique
265 1934 325 1967 ejus
333 1934 472 1970 jungatur,
493 1941 523 1963 ut
537 1944 645 1964 sorores
659 1938 738 1964 simul
752 1938 885 1971 habitent,
901 1943 967 1966 etut

174 1978 332 2007 intersimul
341 1980 635 2010 habitantesexcitetur
643 1984 727 2016 zelus,
744 1985 815 2011 unde
827 1985 966 2012 contentio

175 2025 286 2060 rixaque
301 2032 456 2061 generatur.
473 2028 536 2056 Post
556 2029 607 2057 hoc
622 2030 663 2057 lex
679 2030 745 2057 illud
763 2031 894 2066 praecipit,
910 2039 965 2059 non

172 2075 301 2105 Oportere
312 2072 338 2099 in
351 2072 464 2101 Iudaica
477 2075 686 2103 conversatione
698 2076 910 2104 ecclesiasticam
921 2084 966 2104 ac-

173 2114 277 2148 cipere,
289 2124 339 2144 nec
350 2118 430 2144 simul
444 2119 554 2152 pascha.
571 2120 642 2154 quod
658 2120 684 2147 in
699 2120 784 2156 ﬁgura
799 2126 841 2149 est
855 2130 917 2149 cum
932 2129 965 2149 eo

171 2163 245 2197 quod
255 2170 297 2191 est
306 2164 486 2201 intelligibile,
496 2167 644 2201 celebrare,
654 2176 705 2196 nec
716 2169 890 2197 festivitatem
904 2178 965 2206 azy-

171 2218 281 2237 morum
303 2212 484 2246 celebrantes,
500 2214 599 2242 Christi
615 2215 693 2250 panis
714 2223 820 2243 coenam
842 2224 963 2250 sumere,

171 2264 234 2291 qua:
246 2262 310 2284 sunt
319 2266 381 2285 vera
390 2264 494 2294 azyma,
502 2268 552 2287 nec
561 2261 798 2289 circumcisionem
806 2262 885 2290 simul
897 2271 966 2298 pras-

171 2302 264 2330 dicare
272 2308 300 2331 et
309 2304 452 2339 baptisma.
465 2305 653 2334 Memoramini
661 2316 726 2343 ergo
740 2308 812 2336 illius
820 2309 866 2343 qui
875 2309 944 2336 dixit
957 2319 963 2338 :

173 2348 241 2376 Ecce
252 2358 299 2383 ego
307 2350 406 2378 Paulus
414 2353 471 2379 dico
481 2353 561 2386 vobis,
569 2354 591 2380 si
600 2354 836 2388 circumcidamini,
847 2355 965 2383 Christus

171 2396 244 2422 vobis
253 2396 319 2422 nihil
328 2400 431 2430 prodest
440 2398 473 2427 λθ.
487 2399 539 2426 Sed
552 2404 579 2426 et
591 2399 612 2426 si
625 2399 660 2426 fon
669 2404 694 2427 te
705 2400 766 2434 quis
778 2399 890 2427 Judaica
899 2409 964 2428 con-

171 2441 329 2468 versatione
338 2450 403 2470 usus
413 2447 451 2470 est
458 2463 466 2475 ,
475 2444 636 2479 negligenda
646 2451 705 2470 eam
715 2444 868 2476 mortiﬁcet,
882 2445 908 2472 id
922 2450 966 2473 est

171 2485 297 2513 viliorem
309 2492 389 2522 atque
399 2488 565 2516 inefficacem
579 2489 684 2521 reddat,
701 2493 727 2515 et
739 2493 804 2516 tunc
813 2489 839 2516 ei
851 2497 912 2524 qua'
921 2493 964 2517 est

171 2532 302 2560 Ecclesia:
319 2534 476 2566 misceatur,
493 2543 554 2569 qua:
573 2543 650 2562 soror
664 2535 746 2568 illius,
756 2543 817 2570 quae
837 2535 962 2562 eamdem

173 2577 260 2612 legem
276 2577 368 2610 habet,
377 2579 543 2614 eosdemque
556 2579 620 2615 legit
631 2580 788 2619 prophetas,
805 2580 853 2607 sed
866 2581 963 2607 aemula

171 2628 225 2654 est,
234 2631 290 2651 non
301 2625 373 2658 quod
389 2625 445 2659 ipsa
457 2626 570 2659 zeletur,
584 2627 631 2653 sed
643 2627 714 2660 quod
730 2627 787 2654 hac
797 2626 867 2653 illius
876 2627 962 2654 zelum

173 2669 292 2703 patiatur
310 2678 316 2696 :
334 2671 397 2705 quia
412 2671 513 2699 divitiae
527 2673 586 2706 ejus
600 2672 633 2699 ad
648 2680 697 2699 nos
713 2680 760 2707 per
777 2672 862 2706 ipsam
878 2673 962 2700 devo—

174 2715 237 2742 luta:
250 2721 324 2750 sunt,
334 2717 361 2744 in
374 2722 478 2745 talltum
489 2723 515 2745 ut
527 2718 624 2746 Paulus
637 2719 670 2745 de
679 2719 720 2746 his
733 2718 780 2753 qui
792 2727 824 2745 ex
844 2719 962 2746 circum-

173 2761 277 2790 cisione
286 2768 360 2794 sunt,
373 2764 405 2790 ad
419 2764 525 2791 Galatas
537 2764 581 2799 qui
590 2764 754 2798 exgentibus
762 2767 840 2791 erant
849 2764 962 2791 diceret:

217 2845 239 2862 ⁸³
252 2845 309 2872 Gal.
322 2853 357 2875 γι,
372 2846 393 2871 I.
432 2845 455 2862 ⁸⁸³
468 2846 531 2872 ibid.
544 2847 572 2873 ‘2.

181 2888 243 2910 xxx,
262 2880 301 2906 t3.
340 2881 428 2908 "Art.
448 2881 551 2910 “$.19.
590 2882 612 2898 ⁸³
628 2882 709 2909 Amos
724 2881 802 2913 ν,ἓῆ

610 2847 632 2862 "
649 2847 698 2873 Isa.
715 2854 772 2875 mn.
789 2847 805 2873 4
822 2851 848 2873 et
863 2846 904 2872 ‘l-Z.

944 2846 965 2861 "
979 2847 1056 2873 lieni.
1075 2855 1121 2878 xtl.
1146 2848 1186 2875 i8.

841 2881 884 2907 “l
901 2880 968 2907 Tim.
986 2890 1020 2912 γι,
1035 2882 1073 2907 it].

1018 282 1086 315 Quia
1104 287 1194 310 autem
1213 290 1268 309 non
1291 282 1410 309 Ecclesia
1434 282 1601 317 Synagogam
1624 281 1737 314 zelatur,
1759 281 1807 308 sed

1018 326 1076 360 ipsa
1090 335 1105 353 a
1118 327 1256 362 Synagoga
1268 327 1355 354 zelum
1367 326 1478 362 patitur,
1488 326 1660 353 manifestum
1673 330 1713 353 est
1727 333 1760 353 ex
1776 333 1808 352 eo

1019 372 1091 406 quod
1107 380 1161 399 non
1171 373 1290 399 secunda
1306 380 1373 399 uxor
1385 373 1489 407 primae,
1502 372 1549 399 sed
1565 372 1652 407 prima
1666 371 1762 399 :emula
1775 372 1810 399 sit

1019 418 1145 445 secundae
1156 437 1164 450 ,
1187 418 1259 445 sicut
1276 426 1310 445 ex
1322 419 1458 446 desiderio
1471 418 1522 445 viri
1531 418 1752 454 subingrediente
1764 426 1809 446 so-

1018 465 1054 491 let
1067 474 1072 490 :
1083 464 1243 491 undeetLia
1254 463 1511 491 zelahaturltachel.
1528 463 1596 491 Vide
1616 469 1708 491 autem
1720 465 1809 499 qualia

1018 510 1153 545 legislator
1176 509 1315 537 subdidit:
1337 510 1446 542 Etcum
1469 509 1603 537 dixisset:
1622 509 1662 536 Da
1688 510 1751 536 mihi
1775 510 1807 536 de

1019 556 1201 590 mandragoris
1227 556 1277 589 ﬁlii
1291 556 1340 588 tui,
1355 556 1658 590 responditzParumne
1669 557 1714 582 tibi
1736 557 1810 583 vide-

1019 605 1063 626 tur
1075 601 1143 635 quod
1156 601 1324 634 prteripueris
1342 601 1467 627 maritum
1476 601 1538 628 mihi
1548 602 1591 628 “'2
1607 601 1706 636 Aperte
1719 606 1810 629 autent

1020 646 1078 673 haec
1092 647 1247 674 annulantis
1259 648 1341 674 verba
1352 652 1426 674 sunt.

1055 691 1136 718 Vens.
1150 692 1244 719 19-25.
1269 701 1277 717 ι
1302 693 1341 720 Ad
1362 693 1504 720 mulierem
1522 700 1582 728 qua:
1609 694 1710 728 patitur
1733 702 1810 721 men-

1019 741 1093 763 strua
1109 744 1161 763 non
1177 737 1302 770 accedes,
1318 739 1480 765 necreveles
1489 738 1639 767 fmditatem
1657 740 1725 775 ejus.
1741 740 1809 768 Cum

1019 790 1104 810 uxore
1123 783 1238 817 proximi
1256 783 1292 810 tui
1312 791 1366 810 non
1384 784 1478 816 coibis,
1499 793 1551 812 nec
1567 785 1678 813 seminis
1694 787 1808 813 commi-

1019 827 1106 855 stione
1117 828 1306 856 maculaberis.
1324 830 1361 856 De
1369 829 1472 857 semine
1482 834 1528 857 tuo
1541 839 1594 859 non
1607 831 1684 859 dabis
1695 837 1722 859 ut
1743 840 1809 859 con-

1020 879 1141 901 secretur
1151 874 1222 903 idolo
1232 874 1346 907 Molnch,
1359 884 1367 900 ι
1388 876 1440 908 vel,
1458 876 1607 904 secundum
1621 877 1808 912 Septuaginta,

983 914 1005 944 Β
1020 919 1118 948 Ριιιεειο
1142 929 1195 948 esse
1213 921 1336 956 principi.
1356 932 1365 947 ι
1388 921 1442 949 Nec
1459 922 1563 957 pollues
1579 931 1679 951 nomen
1694 924 1742 952 Dei
1760 924 1808 952 tui.

1018 966 1073 1001 Ego
1085 966 1223 994 Dominus.
1243 967 1309 994 Cum
1327 968 1447 995 masculo
1464 976 1519 996 non
1537 969 1657 997 dormies
1673 969 1746 997 coitu
1769 969 1810 997 fe-

1018 1013 1120 1044 mineo,
1132 1013 1195 1047 quia
1211 1013 1378 1041 abominatio
1395 1019 1448 1041 est.
1462 1014 1529 1042 Cum
1547 1016 1621 1043 omni
1642 1023 1741 1051 pecore
1754 1024 1808 1043 non

1018 1058 1113 1090 coibis,
1124 1066 1174 1086 nec
1186 1059 1436 1088 maculaberiscum
1446 1068 1489 1088 eo.
1505 1061 1600 1089 Mulier
1607 1070 1661 1089 non
1681 1069 1809 1089 succum-

1018 1105 1063 1132 bet
1075 1105 1211 1139 jumento,
1226 1113 1277 1133 nec
1292 1106 1452 1134 miscebitur
1466 1108 1501 1140 ei,
1516 1108 1579 1143 quia
1593 1109 1682 1136 scelus
1694 1113 1746 1136 est.
1765 1118 1774 1134 ι

1053 1150 1126 1178 Bene
1141 1151 1199 1179 haec
1220 1151 1454 1187 interpretationis
1474 1154 1544 1189 stylo
1565 1154 1710 1190 conjuncta
1734 1160 1807 1182 sunt.

1018 1195 1140 1224 Praesens
1152 1204 1216 1232 ergo
1229 1197 1391 1233 legislatoris
1412 1199 1528 1227 intentio
1547 1203 1590 1227 est
1603 1208 1617 1226 a
1639 1200 1807 1233 libidinibus,

1017 1246 1045 1268 et
1066 1242 1179 1270 nefariis
1200 1244 1450 1277 commistionibus,
1466 1249 1493 1272 et
1506 1253 1521 1272 a
1544 1244 1725 1273 fornicatione
1754 1250 1808 1273 tam

1017 1288 1138 1315 sensibili
1153 1297 1234 1323 quam
1263 1289 1423 1325 inielligibili
1437 1291 1566 1318 cohibere
1579 1299 1641 1319 eum
1655 1291 1700 1326 qui
1711 1292 1809 1327 accipit

1017 1333 1114 1368 legem.
1123 1333 1190 1360 Eum
1204 1340 1349 1370 propterea
1361 1344 1415 1363 non
1428 1337 1556 1371 praecepit
1570 1336 1594 1364 ei
1612 1344 1673 1372 qua:
1688 1337 1716 1364 in
1729 1345 1809 1365 men-

1019 1378 1086 1405 truis
1100 1380 1252 1408 constituta
1263 1386 1305 1408 est
1317 1385 1429 1416 propter
1444 1381 1621 1416 pollutionem
1634 1383 1808 1415 concubitus,

1017 1428 1113 1452 contra
1125 1425 1210 1461 legem
1224 1427 1342 1459 misceri,
1360 1427 1407 1453 sed
1422 1434 1473 1454 nec
1488 1427 1563 1454 uxori
1578 1427 1694 1462 proximi
1712 1436 1719 1454 :
1732 1428 1810 1456 adul—

1019 1470 1116 1498 terium
1145 1472 1216 1498 enim
1246 1471 1296 1499 ista
1318 1473 1481 1504 commistio,
1500 1480 1554 1499 non
1581 1472 1736 1508 conjugium
1756 1478 1808 1502 est.

1019 1516 1097 1544 Unde
1107 1525 1168 1545 cum
1184 1517 1315 1546 dixisset:

1054 1561 1121 1590 Cum
1147 1572 1226 1591 uxore
1246 1565 1360 1598 proximi
1377 1566 1416 1592 tui
1435 1573 1485 1592 non
1505 1566 1595 1599 coibis,
1607 1566 1711 1594 addidit
1729 1575 1736 1593 :
1756 1566 1811 1594 Nec

1017 1609 1126 1636 seminis
1153 1610 1336 1637 commistione
1365 1612 1549 1639 ntaculaberis‘.
1567 1611 1624 1640 Hoc
1648 1613 1809 1648 explanans,

997 1684 1001 1688 ,
1018 1654 1081 1689 quia
1093 1655 1148 1689 jam
1165 1664 1220 1683 non
1237 1661 1279 1684 est
1297 1657 1472 1693 conjugium;
1489 1666 1578 1693 neque
1590 1658 1663 1686 enim
1679 1659 1811 1694 polluerat

1018 1709 1080 1729 eum
1096 1703 1142 1737 qui
1165 1704 1395 1731 commiscebatur
1409 1713 1416 1736 ;
1431 1704 1494 1739 quia
1510 1705 1671 1732 honorabile
1691 1708 1734 1732 est
1743 1713 1811 1732 con-

1015 1747 1130 1782 jugium,
1149 1753 1176 1775 et
1195 1752 1271 1776 torus
1291 1749 1480 1776 immaculatus
1499 1759 1505 1776 :
1529 1749 1577 1777 sed
1600 1757 1663 1776 cum
1689 1749 1811 1776 sensibili

1017 1792 1207 1826 fornicatione,
1217 1798 1244 1821 et
1254 1794 1288 1821 ab
1297 1794 1456 1830 intelligihili
1470 1801 1521 1822 nos
1532 1801 1675 1835 removere
1688 1795 1810 1822 maximo

1017 1839 1108 1866 studio
1132 1840 1238 1873 nititur,
1262 1846 1373 1875 propter
1393 1841 1465 1875 quod
1488 1841 1610 1868 subdidit
1629 1850 1635 1867 :
1654 1840 1693 1868 De
1712 1842 1810 1868 semine

1018 1890 1061 1912 tuo
1083 1894 1135 1912 non
1156 1886 1231 1913 dabis
1251 1887 1347 1913 servire
1365 1886 1475 1916 Malae/1.
1491 1887 1558 1918 sive,
1576 1890 1606 1912 ut
1621 1885 1808 1921 Septuaginta,

1018 1929 1148 1965 Principi.
1167 1931 1217 1958 Cui
1244 1937 1334 1958 autent
1359 1932 1486 1966 principi,
1513 1936 1604 1958 nostra
1630 1931 1770 1958 translatio
1782 1936 1809 1958 et

1017 1975 1114 2010 reliqui
1137 1976 1302 2010 interpretes
1325 1976 1515 2003 ostenderunt.
1529 1976 1581 2010 Ipsi
1596 1977 1670 2003 enim
1687 1975 1808 2006 Moloeh,

1017 2029 1066 2056 pro
1075 2029 1108 2048 eo
1120 2022 1192 2055 quod
1203 2026 1245 2048 est
1255 2021 1381 2056 principi,
1394 2029 1515 2050 consone
1531 2022 1689 2049 ediderunt.
1705 2021 1807 2048 Idolum

1016 2071 1108 2094 autem
1130 2067 1183 2095 hoc
1212 2067 1296 2095 fuisse
1316 2069 1400 2095 etiam
1425 2068 1581 2103 Stephanus
1596 2068 1620 2084 "
1632 2068 1808 2100 concionans.

1016 2114 1132 2142 maxime
1146 2114 1230 2142 Amos
1246 2119 1310 2142 ante
1326 2123 1388 2142 eum
1406 2115 1585 2150 prophetans.
1601 2113 1808 2146 demonstravit,

1016 2160 1054 2187 ait
1069 2160 1142 2187 enim
1156 2169 1162 2187 :
1177 2161 1210 2188 Et
1231 2161 1358 2195 portastis
1380 2161 1579 2188 tabernaculum
1600 2161 1698 2188 Malae/1
1714 2166 1807 2192 vestro,

1016 2211 1039 2232 et
1061 2206 1205 2241 imaginem
1233 2206 1366 2234 idolorum
1390 2211 1548 2240 vestrorum,
1569 2208 1641 2234 sidus
1663 2207 1710 2234 Dei
1729 2208 1809 2234 vestri

981 2257 1002 2284 n
1017 2252 1112 2287 fecistis
1129 2252 1198 2279 vobis
1210 2252 1241 2281 ".
1261 2253 1360 2280 Semen
1377 2259 1467 2281 autem
1484 2261 1540 2280 non
1561 2258 1649 2281 solum
1667 2258 1807 2290 cognatos.

1017 2298 1064 2325 sed
1082 2306 1192 2326 omnem
1216 2304 1338 2327 nostram
1353 2300 1488 2328 actionem
1510 2305 1537 2327 et
1552 2300 1703 2327 doctrinam
1729 2300 1809 2326 intel-

1016 2345 1140 2380 Iigamus,
1166 2350 1197 2372 ut
1212 2353 1263 2373 nec
1282 2346 1417 2374 actionem
1436 2351 1557 2374 nostram
1577 2346 1673 2373 demus
1698 2345 1731 2372 ad
1751 2353 1808 2372 ser—

1016 2391 1146 2419 viendum
1158 2391 1248 2424 idolis,
1261 2391 1324 2427 quia
1339 2391 1417 2419 rudia.
1428 2392 1545 2418 omnium
1561 2391 1692 2418 malorum
1704 2391 1807 2425 cupidi-

1015 2444 1066 2470 tas,
1083 2446 1140 2474 qua:
1151 2443 1188 2465 est
1202 2438 1332 2465 idolorum
1340 2438 1449 2465 seruitus
1460 2438 1492 2464 “.
1508 2437 1562 2464 Sed
1575 2442 1626 2464 nec
1636 2437 1700 2464 talia
1710 2436 1806 2464 docea-

1015 2494 1084 2518 mus,
1096 2493 1157 2521 quze
1169 2486 1202 2512 ad
1216 2485 1317 2512 erroris
1328 2485 1461 2512 idolorum
1472 2485 1640 2520 impietatem
1655 2484 1805 2518 pertinent.

1015 2532 1061 2559 Sic
1079 2531 1151 2559 enim
1170 2531 1297 2566 intelligis
1316 2538 1370 2557 non
1386 2535 1512 2565 oportere
1534 2531 1568 2558 ad
1587 2529 1729 2557 mulierem
1745 2538 1805 2563 qua:

1015 2579 1042 2606 in
1058 2578 1204 2605 menstruis
1216 2577 1365 2605 constituta
1375 2581 1427 2609 est,
1447 2577 1562 2612 ingredi,
1578 2577 1612 2603 ad
1630 2575 1803 2603 revelandam

1015 2626 1211 2661 turpitudinem
1233 2626 1303 2660 ejus,
1320 2630 1350 2653 ut
1368 2625 1463 2652 nonin
1487 2632 1609 2652 errorem
1636 2631 1803 2660 paganorum

1017 2681 1066 2700 nos
1090 2672 1263 2699 misceamus.
1290 2672 1377 2706 Hujus
1390 2671 1463 2698 enim
1482 2671 1594 2706 figuram
1619 2678 1723 2706 gerere,
1745 2678 1805 2697 eam

1016 2727 1031 2752 q
1037 2727 1076 2745 ua:
1085 2719 1110 2745 in
1121 2723 1242 2746 meustru
1247 2718 1268 2745 is
1276 2718 1424 2746 constituta
1431 2722 1481 2749 est,
1489 2717 1615 2752 superius
1622 2717 1805 2750 ostendimus,

1017 2773 1078 2792 cum
1095 2765 1128 2792 de
1148 2765 1334 2797 menstruatis.
1351 2769 1379 2791 et
1397 2763 1498 2791 fluxum
1516 2763 1656 2798 sanguinis
1678 2762 1806 2797 patienti~

1228 2849 1247 2863 “’
1263 2849 1320 2876 Gul.
1338 2858 1362 2882 ν,
1375 2850 1401 2876 2.

1441 2852 1462 2868 ⁸⁰
1481 2854 1538 2882 Gal.
1558 2862 1592 2885 Iv,
1611 2855 1650 2882 l7.
1697 2857 1717 2873 ⁵¹
1732 2857 1799 2886 Gen.
