2056 3148
199 188 266 221 1οΠ

777 185 816 216 IN
834 185 1054 215 LEVITICUM.
1075 197 1110 201 -
1127 185 1198 214 LIB.
1219 186 1254 215 V.

1763 181 1831 214 1013

198 257 213 276 ι
230 248 286 275 Deo
302 247 430 273 virtutem
452 251 522 273 terra
532 244 675 275 eromcndi
686 251 732 271 eos
743 243 790 278 qui
805 243 832 270 in
848 251 879 270 ea
887 243 990 278 injuste
1006 245 1028 274 Α
1043 243 1094 272 bus
1109 247 1228 279 oportet,
1250 247 1276 270 et
1290 243 1447 271 nullatenus
1463 243 1522 271 htec
1553 242 1644 270 facere
1671 249 1732 276 qua:
1758 241 1831 268 cole-

200 298 292 330 ngunt,
310 297 424 327 accepit.
444 292 521 318 L'nde
539 297 566 318 et
586 291 733 318 crabrones
754 290 781 316 in
808 289 988 324 perditionem

201 339 382 368 habitantium
396 337 532 372 produxit,
543 345 611 372 quos
623 336 707 363 etiam
716 343 746 362 se
763 335 911 362 immittere
926 338 989 361 ante

200 386 299 414 faciem
326 384 443 411 filiorum
460 384 543 410 Israel
557 388 652 410 contra
666 381 842 409 Amorrhteos
863 385 890 407 et
924 379 989 406 reli-

199 440 266 467 quas
278 436 374 467 gentes
389 438 437 465 per
453 429 657 457 Deuteronomii
674 429 772 455 librum
787 435 838 454 nos
847 427 940 454 docuit
954 427 988 452 ι’.

200 479 233 505 Et
247 479 304 505 hate
316 476 427 511 quidem
443 483 493 503 nos
510 475 589 502 docet
600 482 648 509 per
667 474 786 501 litteram
803 473 854 499 lex.
875 472 922 499 llis
937 479 988 498 att-

198 527 253 550 tem
264 521 410 556 conjuncta
430 525 503 551 sunt,
517 523 545 546 et
565 527 618 546 nou
635 517 784 550 contraria,
805 518 826 544 si
843 524 892 551 per
906 516 989 550 spiri-

199 569 280 595 talem
302 567 471 594 intellectum
488 570 583 601 gentes
602 566 629 591 in
647 564 689 591 his
703 563 831 591 omnibus
858 563 987 597 pollutas,

198 612 584 643 daemonesintellexerimus;
613 613 707 646 gentes
725 609 861 644 siquidem
888 609 914 635 hi
930 617 992 643 pro—

200 665 260 695 pter
273 659 476 686 multitudinem
493 658 623 684 dicuntur
637 665 643 683 :
678 663 740 683 cutn
754 655 826 682 ettint
840 655 920 682 ttimis
936 655 991 682 sint

199 704 296 738 iniqui,
313 708 340 730 et
359 703 434 730 omtti
468 703 594 729 lit-tantur
613 701 724 732 malitia,
753 700 871 727 maxime
900 704 990 726 tamen

199 750 393 780 fornicatione,
409 753 436 775 et
449 747 552 775 nefaria
568 747 760 778 fornicatione,
779 754 810 773 ac
824 746 910 773 utttlto
929 753 987 772 ma—

199 797 239 832 gis
253 796 405 823 idololatria
419 794 540 830 gaudent
554 801 560 819 :
578 793 639 828 quia
656 793 684 819 in
699 793 741 820 his
752 800 851 827 corpus
862 797 889 818 et
900 791 990 818 anitna

200 842 355 869 maculatur
371 845 398 867 et
410 845 481 867 totus
499 840 591 871 homo,
609 838 655 873 qui
666 843 737 865 terra
749 837 913 872 appellatur,
941 844 991 870 per

200 889 252 915 hoc
275 887 418 922 polluitur.
434 886 488 913 Sed
511 886 604 912 visitat
620 885 691 912 Deus
726 889 836 915 terram,
864 883 991 910 \‘idclicrt

201 933 344 960 hominum
359 939 456 966 genus,
469 936 497 958 et
512 931 612 962 scelus,
631 931 681 962 vel,
696 937 726 957 ut
738 930 927 965 Septuaginta.
945 930 988 955 in-
1007 922 1027 952 Β

197 978 335 1012 justitiam
357 977 414 1011 ejus
436 977 463 1003 in
495 983 567 1006 eam,
589 976 614 1002 id
629 980 753 1010 cst,qu:e
780 976 814 1002 ab
831 975 899 1009 ipsa,
913 980 941 1002 et
964 975 990 1000 iu

200 1024 374 1058 semetipsum
385 1023 566 1050 committitur
584 1030 590 1048 :
612 1022 645 1049 ah
656 1030 687 1049 ea
707 1022 818 1056 quidem
833 1022 878 1056 qui
893 1021 927 1048 ab
942 1022 988 1048 ho-

201 1070 322 1096 ntinibus
332 1073 397 1096 sunt
415 1072 570 1103 pcceanles,
584 1072 612 1094 et
627 1068 648 1095 si
664 1076 679 1094 a
698 1067 879 1100 daautouibus,
895 1072 923 1094 et
940 1068 991 1094 ltoc

201 1116 398 1150 protrahuntur
413 1115 610 1149 insetuctipsa.
643 1114 706 1149 quia
733 1114 899 1149 accipientes
912 1121 992 1141 occa-

201 1160 308 1187 sionem
324 1159 362 1186 illi
375 1167 407 1186 cx
420 1163 514 1186 nostra
533 1159 708 1193 negligentia,
728 1159 920 1186 contumeliam
948 1159 990 1185 itt-

200 1210 302 1240 gerunt
318 1211 419 1233 nostra:
433 1211 549 1234 naturae.
567 1207 619 1233 Sed
648 1205 777 1232 visitante
793 1205 848 1232 Deo
865 1213 914 1240 per
932 1204 991 1232 Sal-

201 1252 302 1279 vatoris
315 1252 474 1284 adventum,
494 1253 528 1280 de
543 1260 596 1287 qtto
611 1251 758 1279 Zacharias
770 1251 887 1282 dicebat,
925 1259 991 1286 pro-

202 1301 318 1333 pltetans
333 1299 362 1326 in
375 1299 470 1334 januis
482 1307 543 1326 esse
560 1298 666 1326 Domini
681 1298 851 1325 nativitatem
867 1306 873 1323 :
895 1297 991 1324 Visito-

201 1346 237 1372 uit
251 1353 297 1371 nos
328 1345 414 1372 oriens
444 1353 476 1372 ex
494 1345 549 1372 alto
563 1345 594 1372 ⁵³.
622 1344 793 1371 llabitatores
807 1342 872 1370 suo's
898 1349 991 1370 nostra

200 1395 309 1422 natura,
327 1391 352 1418 id
368 1396 419 1420 est.
435 1399 483 1418 eos
500 1391 545 1426 qui
555 1399 616 1418 eam
634 1395 707 1418 sorte
734 1397 925 1425 perceperunt,
950 1390 990 1416 rei

200 1438 227 1464 in
242 1445 274 1464 ca
283 1445 399 1471 qttorttm
411 1438 563 1472 principem
577 1437 679 1464 malum
691 1436 774 1463 David
791 1435 992 1471 liguranspsal-

199 1484 298 1511 lebat:
322 1483 399 1510 Sedet
421 1484 449 1510 in
479 1483 583 1510 insidiis
610 1491 668 1509 cum
685 1482 809 1509 divitibus
837 1482 864 1508 in
883 1481 991 1508 ortullis

200 1535 228 1556 ut
252 1530 394 1564 interﬁciat
423 1529 587 1556 innocentem
602 1530 643 1566 5f,
676 1530 713 1556 ita
744 1533 772 1555 ιιι
799 1529 851 1563 ipsi
885 1528 990 1563 expulsi

198 1576 340 1603 dicerent:
358 1575 387 1602 Si
405 1575 479 1609 ejicis
492 1583 547 1608 nos,
564 1575 638 1602 mitte
649 1583 695 1601 nos
714 1575 741 1600 in
766 1582 871 1609 gregem
900 1581 991 1607 porco-
1005 1593 1025 1621 ς

199 1631 257 1648 rum
269 1622 301 1648 π.
319 1621 432 1656 Propter
447 1621 519 1656 quod
538 1621 676 1648 custodire
704 1621 790 1655 legem
809 1628 917 1646 onmem
944 1628 990 1654 per

198 1668 309 1703 Moysen
327 1668 496 1703 prepalatam
520 1672 548 1694 et
581 1671 717 1702 praecepta
744 1666 906 1700 evangelica:
931 1674 992 1692 cott-

199 1714 362 1741 rersationis
377 1714 520 1745 debemus,
543 1719 636 1749 utpote
653 1714 699 1748 qtti
720 1714 801 1740 talcm
817 1714 851 1740 ab
870 1722 903 1740 co
927 1721 992 1748 per-

199 1760 313 1795 cipimus
331 1761 526 1788 visitationem.

236 1806 316 1833 Veus.
332 1807 429 1833 εἰσὶ-29.
441 1816 449 1832 ι
467 1806 500 1833 Et
517 1814 570 1832 non
582 1806 663 1832 faetet
680 1814 714 1833 ex
741 1805 869 1832 omnibus
898 1805 992 1832 admo‘

197 1853 351 1879 nitiontbus
367 1853 436 1883 istis,
463 1857 516 1879 tant
541 1852 669 1887 indigena
696 1860 778 1886 quam
804 1852 919 1878 colonus
944 1851 990 1885 qtti

199 1897 391 1932 peregrinatur
405 1898 477 1932 apttd
491 1905 548 1924 eos.
562 1897 665 1924 Omnes
681 1899 754 1924 enim
784 1897 992 1924 exsecrationes

198 1943 265 1969 istas
281 1943 405 1969 fecerunt
417 1943 517 1970 accola:
531 1947 610 1969 terrte
625 1944 670 1977 qui
684 1943 796 1970 luerunt
810 1948 874 1969 ante
891 1951 949 1974 vos,
965 1947 992 1969 et

198 1988 356 2021 polluerunt
368 1996 438 2015 eam.
465 1989 567 2016 Cavete
590 1997 655 2024 ergo
679 1997 714 2016 ne
741 1993 768 2015 et
796 1997 843 2015 vos
869 1989 993 2016 similiter

198 2040 318 2066 evomat,
337 2043 400 2062 cum
418 2036 490 2070 paria
504 2036 627 2063 feceritis
645 2037 715 2064 sicut
742 2036 863 2063 evotnuit
884 2041 992 2071 gentem

197 2089 258 2116 quae
278 2082 329 2109 l'uit
361 2087 423 2110 ante
446 2091 504 2110 vos.
523 2083 620 2111 Omnis
646 2084 737 2111 anima
759 2092 820 2118 quae
842 2083 939 2110 fecerit
959 2083 993 2110 dc

197 2129 450 2156 abominationibus
473 2130 533 2157 istis
550 2131 700 2165 quidpiam,
725 2131 823 2165 peribit
845 2129 878 2157 de
903 2129 993 2156 medio

197 2174 290 2209 populi
309 2175 360 2202 sui.
378 2185 386 2201 ν

235 2220 357 2248 Reiterat
379 2226 406 2249 et
434 2223 538 2250 stabilit
567 2223 664 2258 legent,
697 2229 724 2250 et
751 2224 992 2252 contt‘niualionent

1041 290 1298 324 bantautiquiores,
1311 290 1356 324 qui
1385 295 1484 317 terram
1515 293 1636 316 nostrain
1664 287 1830 322 polluerunt.

1042 336 1074 363 Hi
1089 345 1154 372 ergo
1164 336 1331 371 antiquiores
1341 335 1420 362 nobis
1448 339 1512 362 sunt
1532 335 1559 361 in
1570 333 1740 364 conditione,
1766 332 1830 366 quia

1042 382 1191 409 invisibiles
1209 385 1426 409 suntcreaturre.
1455 380 1614 407 Pollueruut
1631 383 1722 406 autem
1740 378 1831 404 homi-

1042 437 1107 455 num
1127 436 1223 464 genus,
1241 427 1454 455 inobedientiam
1473 426 1497 454 ei
1528 425 1625 458 Adam,
1645 429 1672 451 et
1695 422 1748 451 alia
1769 427 1832 457 post

1042 475 1118 502 illum
1130 475 1199 501 mala
1221 479 1409 510 suggerentes,
1432 473 1516 500 veluti
1541 471 1725 501 mendacium,
1741 470 1830 497 homi-

1041 519 1142 548 cidium
1157 523 1184 546 et
1200 526 1369 554 quaecunque
1396 519 1439 545 ltis
1456 517 1555 545 similia
1573 520 1648 549 sunt,
1665 515 1702 542 ita
1720 518 1750 541 ut
1778 514 1831 540 Do-

1042 566 1133 593 minus
1144 566 1178 593 de
1192 566 1300 593 diabolo
1313 566 1417 592 diceret
1434 574 1440 591 :
1453 563 1502 591 Ille
1515 563 1547 590 ab
1562 563 1640 589 initio
1666 561 1779 588 mendax
1807 563 1832 586 et

1041 611 1172 638 homicida
1185 615 1222 637 est
1242 611 1275 637 ⁸⁷.
1292 610 1492 645 Suggesseruut
1520 613 1612 635 autem
1628 607 1667 634 eis
1685 607 1732 641 qui
1756 613 1834 633 ruen-

1045 662 1097 684 tem
1111 658 1243 684 lubricam
1262 662 1289 683 et
1310 661 1467 691 vergentem
1482 655 1515 682 ad
1544 654 1646 680 malum
1668 653 1807 680 habebant
1824 659 1830 676 :

1043 712 1105 731 nam
1125 711 1176 730 nec
1189 703 1268 735 Abel,
1284 711 1336 730 nec
1350 702 1427 734 Seth,
1441 709 1492 728 nec
1509 701 1614 731 Enoch,
1633 707 1684 726 nec
1695 698 1763 729 Noe,
1781 705 1834 724 nec

1043 751 1103 778 aliis
1118 751 1199 786 justis
1212 758 1356 786 suggerere
1371 753 1529 784 potuerunt,
1551 748 1594 775 vel
1609 747 1694 781 magis
1721 752 1833 780 sugges-

1043 802 1148 830 seruut,
1162 797 1272 824 sedtton
1289 796 1477 827 obtinuerunt,
1503 794 1549 821 sed
1569 793 1642 820 irrisi
1658 796 1722 819 sunt
1734 791 1767 818 ab
1781 791 1832 821 eis.

1043 848 1071 870 et
1093 847 1275 870 recesserunt.
1301 841 1393 875 Neque
1418 840 1490 866 enim
1519 838 1623 865 ittitttici
1653 836 1833 872 cogitationes

1045 887 1381 924 ignorantjttsti.sicutait
1399 886 1519 912 Paulus:
1544 885 1603 911 Non
1631 884 1699 910 enim
1728 883 1833 917 ignora-

1044 944 1099 962 mus
1111 935 1281 969 cogitationes
1293 934 1349 968 ejus
1365 934 1396 960 ⁸⁸.
1411 933 1537 960 Scientes
1555 936 1647 958 autem
1663 937 1721 961 eos,
1738 930 1772 955 ab
1793 928 1834 955 eis

1043 987 1072 1006 se
1091 980 1257 1006 custodiuttt.
1273 978 1324 1005 Sed
1338 978 1399 1004 illos
1413 977 1523 1012 quidem
1543 975 1721 1009 intelligibilis
1740 978 1833 999 ttostra

1044 1032 1114 1052 terra
1129 1025 1236 1052 visitata
1257 1033 1271 1051 a
1291 1025 1356 1057 Deo,
1381 1032 1429 1058 per
1442 1022 1591 1050 Salvatoris
1603 1022 1750 1048 adventant
1767 1027 1834 1046 evo—

1043 1073 1122 1100 muit.
1145 1073 1259 1107 Propter
1274 1072 1346 1105 quod
1365 1078 1416 1098 nec
1433 1070 1511 1096 venia
1525 1069 1572 1095 tali
1593 1075 1667 1094 ttuttc
1681 1067 1780 1102 dignus
1792 1070 1835 1092 est

1044 1118 1105 1145 talia
1116 1126 1244 1152 peccans,
1258 1117 1332 1152 quia,
1344 1120 1486 1151 postquam
1499 1113 1631 1142 destructi
1650 1117 1715 1140 suttt
1725 1112 1769 1146 qui
1784 1119 1835 1138 nos

1043 1165 1187 1196 seducunt,
1206 1169 1232 1191 et
1254 1168 1395 1198 postquam
1413 1161 1536 1189 evomuit
1551 1169 1599 1188 eos
1615 1164 1698 1191 terra,
1723 1166 1774 1185 nos
1803 1165 1834 1184 ca

1042 1219 1102 1246 qua:
1114 1211 1147 1238 ad
1163 1218 1210 1237 eos
1229 1210 1368 1244 pertinent
1388 1208 1537 1239 imitantur,
1568 1211 1595 1233 et
1620 1205 1738 1239 patimur
1760 1203 1834 1238 quod

1045 1257 1176 1284 Dominus
1192 1256 1321 1283 diccbat:
1351 1255 1430 1282 Fiunt
1461 1253 1602 1280 novissima
1626 1251 1737 1279 hominis
1762 1250 1834 1276 illius

1043 1303 1171 1330 deteriora
1183 1301 1313 1337 prioribus
1329 1302 1360 1327 ⁵³.
1372 1300 1404 1327 lli
1419 1300 1493 1326 enim
1519 1298 1565 1333 qui
1579 1296 1833 1333 posterangelicam

1045 1347 1265 1381 praedicationem
1280 1347 1307 1373 itt
1328 1354 1386 1377 eas,
1401 1353 1461 1380 quae
1481 1345 1553 1371 dicta
1578 1347 1654 1375 sunt,
1681 1342 1835 1377 intpietates

1043 1398 1222 1420 excesserunt
1239 1398 1266 1420 et
1283 1393 1398 1423 scelera,
1410 1392 1467 1419 sive
1480 1390 1711 1419 abotuiuationes.
1724 1391 1835 1423 propter

1043 1438 1156 1465 nimiam
1189 1438 1223 1465 ab
1248 1438 1289 1464 eis
1317 1437 1362 1464 Dei
1385 1436 1569 1467 aversionem,
1587 1439 1662 1462 recte
1689 1434 1753 1461 dicti
1770 1437 1836 1459 sunt

1043 1484 1105 1512 ntali
1117 1494 1123 1518 ;
1134 1489 1204 1512 terra
1221 1484 1351 1511 abhorret
1365 1487 1393 1510 ct
1407 1488 1516 1510 cvomet
1528 1483 1589 1509 illos
1605 1491 1612 1509 :
1629 1489 1684 1508 ttott
1696 1481 1768 1508 enim
1781 1481 1834 1514 iam

1044 1531 1070 1558 itt
1085 1531 1224 1558 hominum
1242 1530 1377 1565 portione,
1412 1529 1459 1556 sed
1495 1529 1522 1555 in
1549 1529 1703 1556 daemonum
1723 1527 1835 1553 ordina-

1043 1577 1146 1604 hutttur
1165 1586 1170 1602 :
1188 1575 1338 1610 perdentur
1348 1574 1423 1601 enim
1435 1582 1529 1601 eorum
1554 1573 1663 1600 animm.
1677 1572 1733 1599 lloc
1743 1576 1834 1598 autent

1044 1623 1069 1649 in
1090 1623 1215 1658 geheuua
1230 1622 1270 1653 lit,
1282 1621 1327 1646 tibi
1344 1621 1462 1647 maxime
1475 1620 1551 1646 locus
1567 1623 1594 1646 et
1606 1627 1666 1646 sors
1679 1618 1834 1646 daemonum

1043 1673 1095 1700 est,
1104 1669 1176 1704 quod
1185 1667 1480 1695 ntanil‘estatDominus
1490 1666 1584 1693 dicens
1596 1675 1601 1692 :
1615 1665 1747 1692 Discedite
1758 1673 1773 1690 α
1785 1672 1835 1694 me,

1044 1714 1187 1745 tttalctlicti,
1203 1714 1231 1740 in
1244 1714 1329 1748 ignem
1344 1717 1482 1743 attentum,
1501 1711 1545 1746 qui
1562 1715 1674 1745 paratus
1685 1713 1721 1736 est
1731 1708 1837 1735 diabolo

1044 1766 1066 1788 cI.
1077 1760 1177 1796 angelis
1193 1760 1250 1795 ejus
1265 1760 1298 1787 π’.

1082 1808 1160 1834 Vens.
1179 1808 1222 1834 50.
1244 1817 1252 1832 ι
1271 1807 1413 1834 Custodite
1442 1806 1570 1833 ntattdata
1594 1812 1663 1832 mea.
1683 1804 1767 1830 nolite
1797 1802 1837 1829 l'a-

1043 1863 1106 1882 cere
1131 1862 1191 1888 qua)
1211 1854 1336 1881 iecerunt
1363 1853 1389 1880 hi
1406 1853 1451 1886 qui
1481 1852 1592 1879 fuerunt
1607 1856 1671 1877 ante
1688 1858 1744 1879 vos,
1762 1853 1789 1876 et
1804 1857 1838 1875 tte

1044 1901 1202 1936 polluantini
1224 1901 1252 1926 itt
1281 1900 1330 1927 cis.
1353 1899 1495 1944 Egoisutn
1529 1897 1663 1923 Dominus
1692 1895 1763 1921 Deus
1790 1902 1838 1921 rc-

1044 1952 1111 1974 stcr.
1132 1957 1140 1972 ι

1082 1993 1150 2020 Vere
1165 1995 1191 2019 in
1208 1993 1307 2019 duobus
1324 1997 1347 2018 et
1364 1993 1445 2018 tribus
1458 1993 1566 2019 testibus
1580 1995 1631 2017 sint
1664 1997 1739 2016 omne
1780 1996 1838 2014 ver-

1044 2041 1104 2066 bum
1119 2040 1153 2066 ⁷³.
1168 2039 1224 2066 lloc
1241 2047 1305 2073 ergo
1318 2039 1456 2073 lt-gislator
1489 2038 1651 2064 conﬁrmare
1671 2035 1776 2065 volens,
1803 2034 1837 2060 de

1045 2086 1149 2113 eisdem
1165 2086 1245 2112 tertio
1256 2085 1397 2120 pt-mccpit.

1083 2131 1227 2164 Custoditt’,
1247 2131 1346 2165 ittquit,
1366 2131 1494 2157 mandatu
1509 2128 1666 2160 turu,nolito
1684 2128 1837 2163 faccrcqum

1047 2177 1200 2213 fecerunt/ti
1221 2177 1265 2211 qui
1280 2177 1384 2212 fuerunt
1409 2182 1471 2202 ante
1492 2184 1545 2202 vos.
1566 2175 1598 2202 Ul
1624 2174 1749 2201 ostendat
1773 2173 1836 2207 quia

1046 2231 1099 2249 non
1118 2223 1237 2248 hominis
1256 2222 1413 2256 cujuslibet,
1429 2223 1476 2249 sed
1504 2222 1590 2256 ipsius
1613 2221 1659 2248 Dei
1676 2224 1740 2247 sunt
1758 2226 1838 2245 man-

197 2267 351 2294 coulirtuat.
370 2268 456 2295 Etiam
475 2269 532 2296 inec
545 2277 639 2296 rursus
651 2270 765 2301 a'ithllS,
779 2278 893 2309 pontum
913 2279 985 2297 man-
1008 2269 1029 2296 D
1043 2269 1120 2296 data.
1141 2268 1191 2301 Qui
1219 2269 1356 2303 quomodo
1381 2269 1479 2296 debeat
1494 2269 1638 2300 custodiri,
1657 2276 1713 2295 ttott
1741 2267 1836 2296 verba.

197 2313 243 2340 dat
261 2318 374 2347 terrere,
399 2319 426 2341 et
443 2316 548 2350 erigere
575 2324 625 2343 nos
651 2317 744 2343 volens
767 2317 800 2343 ad
830 2317 938 2344 vitanda
959 2325 990 2344 ea

195 2366 256 2392 qua:
268 2360 363 2392 vetuit,
380 2365 408 2387 nt
423 2369 478 2388 tton
493 2362 528 2391 ci,
542 2370 622 2396 quant
638 2363 819 2389 comminatus
833 2367 885 2395 cst,
904 2371 991 2398 paena:

197 2405 384 2439 subjiciamur.
399 2406 465 2439 Quae
484 2412 525 2435 est
541 2409 613 2435 ettittt
629 2409 685 2436 haec
701 2410 799 2436 animae
812 2410 949 2444 perditio?
964 2410 990 2437 id

196 2455 248 2483 est,
261 2459 343 2485 quam
361 2453 405 2480 ltic
422 2455 526 2488 peccati
540 2455 674 2489 prmvcnit
687 2463 771 2487 mors,
789 2456 909 2490 complet
926 2464 990 2492 ergo

197 2496 223 2522 in
241 2497 363 2524 futurum
377 2499 512 2533 gehenua.
539 2501 584 2528 Ait
603 2501 675 2528 enim
709 2501 840 2528 Dotuinus
857 2511 863 2529 :
894 2502 990 2529 Timete

196 2551 256 2570 eum
278 2545 322 2579 qui
336 2550 418 2579 potest
430 2550 453 2572 et
467 2554 561 2582 corpus
584 2552 607 2573 et
623 2548 742 2574 animant
764 2550 874 2581 perdere
900 2549 927 2575 in
951 2557 992 2584 ge-

195 2590 283 2616 henna
297 2591 329 2618 °".
344 2590 460 2626 Propter
470 2593 542 2627 quod
560 2599 612 2621 tam
645 2594 772 2628 ittcolant,
790 2595 816 2622 id
847 2600 898 2626 est,
928 2603 990 2622 eum

195 2635 268 2670 quia
285 2636 408 2670 patribus
424 2638 519 2674 inlcgc
535 2640 654 2667 nutritus
675 2645 725 2673 est,
754 2645 782 2667 et
811 2640 844 2667 ab
877 2641 990 2667 infantia

196 2683 294 2709 doctus
308 2687 350 2709 est
365 2683 481 2715 litteras,
501 2693 581 2720 qttant
597 2686 772 2721 proselytum,
792 2687 873 2721 ctqtti
889 2687 990 2721 adjun-

194 2733 254 2754 ctus
266 2734 309 2755 cst
324 2730 414 2761 nobis,
427 2731 452 2757 id
462 2735 513 2763 est,
528 2733 646 2766 eumqui
659 2733 849 2760 deforisnobis
863 2733 988 2767 adjectus

195 2780 248 2806 est,
263 2775 309 2809 qui
326 2775 444 2804 interius
459 2785 567 2810 suntus,
583 2779 711 2805 recedere
723 2779 758 2806 ab
775 2779 988 2807 abominationi-

233 2863 255 2877 “
271 2863 350 2890 Deut.
371 2873 419 2894 vn.
440 2866 484 2897 20,

524 2867 545 2882 ⁸³
560 2866 625 2893 Luc.
642 2875 660 2898 ι,
677 2867 721 2894 28.

197 2898 220 2913 "'
236 2897 259 2924 ll
271 2898 335 2925 Cor.
350 2901 444 2930 S1,“.

484 2902 505 2917 ⁵⁴⁷
522 2901 616 2929 Matth.
632 2911 679 2936 xtt,
695 2904 740 2932 45.

763 2867 784 2883 ίδ
800 2869 871 2895 Psal.
886 2878 923 2900 Ix,

1015 2872 1036 2886 ⁸⁵
1052 2871 1145 2899 Matth.
1163 2881 1221 2904 \‘lll,
1232 2874 1276 2900 ει.

779 2904 801 2919 ⁷⁰
813 2904 910 2931 Matth.
927 2913 988 2939 xxv,
1000 2906 1044 2932 Μ.

1046 2317 1092 2343 sed
1111 2324 1204 2350 (lpCl’C,
1232 2316 1389 2342 incarnatus
1418 2324 1466 2350 per
1494 2323 1571 2342 Sllillll
1600 2314 1836 2341 ρυιιγειιδιιιίοιιυιιι

1046 2362 1177 2390 ostendit.
1194 2361 1228 2389 Ut
1246 2371 1300 2389 non
1319 2363 1450 2389 faciamus
1471 2367 1560 2389 autent
1577 2361 1667 2388 omnia
1683 2367 1744 2394 quae
1764 2359 1837 2386 fece-

1046 2413 1111 2436 runt
1127 2409 1153 2435 lti
1177 2411 1221 2444 qui
1241 2409 1351 2436 fuerunt
1367 2414 1430 2436 attte
1459 2417 1519 2441 nos,
1539 2407 1697 2434 necessario
1710 2405 1814 2432 addidit
1830 2425 1836 2437 ,

1046 2462 1076 2483 ut
1089 2457 1222 2483 scirentus
1236 2457 1298 2490 quia
1314 2457 1420 2484 veniant
1439 2455 1620 2490 peccantibus
1640 2462 1694 2480 non
1712 2457 1835 2488 pratstat.

1045 2502 1122 2536 Quod
1139 2503 1327 2538 pratccdcutes
1343 2503 1387 2529 alii
1403 2502 1512 2537 quidam
1526 2501 1622 2527 similia
1636 2500 1752 2535 posteris
1762 2507 1839 2526 eont-

1044 2550 1179 2577 miserunt
1193 2555 1303 2584 peCcata
1319 2559 1325 2576 :
1341 2550 1459 2584 primum
1490 2549 1611 2584 quidem,
1627 2547 1689 2582 quia
1707 2555 1758 2573 nec
1786 2546 1838 2571 illis

1044 2596 1123 2623 venia
1138 2597 1199 2623 data
1218 2601 1270 2627 est,
1285 2597 1332 2623 sed
1349 2596 1437 2630 poenis
1447 2594 1621 2622 condemnati
1632 2598 1713 2625 sunt;
1727 2592 1836 2624 deinde,

1045 2643 1108 2678 quia
1124 2643 1339 2677 praecedentium
1354 2650 1433 2677 pmna
1444 2642 1581 2669 sullicicus
1598 2645 1657 2668 erat
1675 2640 1707 2667 ad
1720 2649 1838 2674 sequen-

1046 2695 1087 2717 tes
1101 2690 1291 2725 corrigendos;
1310 2692 1423 2725 insuper
1450 2691 1513 2726 quia
1532 2691 1588 2717 Deo
1604 2689 1637 2716 dc
1654 2689 1756 2716 eisdem
1771 2696 1838 2714 (With

1045 2741 1162 2764 testante
1178 2746 1250 2772 saepe
1266 2746 1316 2771 per
1334 2737 1432 2773 legent,
1449 2742 1474 2764 ct
1492 2737 1657 2771 Prophetas,
1670 2741 1697 2762 ct
1716 2735 1838 2769 Evange-

1043 2782 1089 2815 lia,
1100 2783 1284 2817 oportebatad
1297 2784 1479 2811 obedientiam
1492 2782 1563 2810 ﬂecti
1579 2782 1729 2818 quamlibet
1739 2781 1837 2808 durum

1317 2874 1338 2887 “'"
1353 2873 1446 2901 Matth.
1459 2883 1485 2907 χ,
1503 2874 1544 2901 9.8.
1588 2873 1610 2888 "’
1624 2873 1703 2900 Joan.
1717 2880 1780 2904 \‘lll,'
1791 2871 1836 2898 «il.

1084 2908 1104 2922 ⁷¹
1121 2908 1215 2935 Matth.
1230 2917 1305 2942 XVIII,
1323 2910 1366 2936 ili.
