2056 3148
228 164 298 196 1019

825 169 1006 199 ΗΕΞΥΟΙΙΙΙ
1028 171 1262 200 PRESBYTERI

1794 173 1862 206 1020

225 232 281 250 cor.
300 224 351 251 Sed
371 224 432 252 vide
446 225 544 259 quibus
570 231 731 260 praesentem
748 227 920 255 sanctionem
947 236 1014 255 con-
1032 235 1052 260 Α
1069 230 1139 260 estis,
1157 235 1181 256 et
1200 231 1307 263 spiritus
1324 230 1371 256 Dei
1396 230 1498 257 habitat
1524 232 1551 257 in
1582 231 1673 259 vobis?
1707 231 1864 267 Quicunque

226 269 343 297 ﬁrmavit
355 270 454 296 verbis.

261 315 300 342 Nc
314 315 471 349 polluamini
485 317 511 342 in
524 317 570 348 eis,
592 317 654 351 quia
669 325 715 352 ego
728 325 786 344 sunt
809 318 937 346 Dominus
949 319 1017 346 Deus

225 366 324 393 mater,
349 369 443 389 omnes
459 370 506 389 vos
534 371 549 390 a
573 363 723 398 pollutione
750 365 884 391 mundare
911 365 1014 392 volens.

225 407 293 440 Quia
307 407 452 442 imaginem
471 409 530 443 ejus
546 409 706 436 circumdati
730 418 835 444 sumus,
860 416 887 438 et
912 412 1016 446 polluta

225 453 333 487 quidem
368 461 408 486 ea,
436 462 450 480 a
478 454 600 489 qualibet
620 462 725 488 earum,
753 464 814 491 quae
831 458 922 484 vetitae
939 463 1013 490 sunt,

225 500 358 526 malarum
375 504 403 527 et
420 500 588 527 nefariarum
602 501 720 534 actione,
748 503 901 530 necessarie
918 504 1013 531 irasci-

225 545 406 571 turzmunda
421 550 513 572 autem
541 551 712 579 conservata,
738 547 764 573 in
797 552 900 574 tantum
924 548 1014 583 placet

226 593 257 616 nt.
271 590 352 616 etiam
365 590 500 618 inhabitet
514 592 541 618 in
557 591 646 623 nobis,
658 592 730 626 quod
746 593 902 620 manifestat
915 593 1013 621 Paulus

225 639 371 670 utrumque
387 645 393 669 ;
416 636 453 663 ait
469 644 533 672 ergo
546 637 603 665 sic:
621 637 733 664 Nescitis
748 639 810 672 quia
821 638 947 673 trmplum
965 639 1013 666 Dei

237 726 1632 743 .______._._____.—____________—_

766 812 972 858 LIBER
1020 813 1047 858 S

1075 284 1135 309 ergo
1145 277 1269 310 templum
1294 276 1340 303 Dei
1352 277 1497 308 violaverit,
1528 278 1657 312 disperdat
1685 278 1758 305 illum
1781 279 1861 310 Dem,

1075 320 1200 354 templum
1226 321 1294 347 enim
1324 321 1372 348 Dei
1397 327 1517 348 sanctum
1529 327 1577 354 est,
1610 324 1679 358 quod
1693 325 1754 350 estis
1769 333 1813 351 nos
1827 326 1860 351 "'.

1073 365 1294 393 Consummatam
1315 374 1379 401 ergo
1403 367 1645 395 sanctiﬁcationem
1664 370 1862 403 custodientes,

1071 416 1155 439 totam
1168 413 1195 439 in
1223 413 1303 440 nobis
1329 414 1462 441 habemus
1493 414 1693 442 inbabitantcm
1720 415 1862 444 Trinitatis

1070 458 1282 492 plenitudinem,
1296 460 1318 486 si
1339 464 1428 486 tamen
1450 459 1581 493 templum
1599 459 1646 487 Dei
1664 468 1770 493 sumus,
1786 462 1863 488 vide-

1070 505 1134 531 licet
1154 504 1250 535 Patris.
1275 504 1375 532 Christi
1390 509 1482 532 autem
1512 513 1612 540 corpus
1630 509 1658 532 et
1671 497 1819 538 membra,‘
1834 511 1862 533 et

1069 550 1189 584 Spiritus
1204 556 1315 578 sanctus
1331 552 1356 578 in
1375 551 1454 578 nobis
1483 551 1599 585 habitat,
1622 552 1649 578 in
1665 552 1776 580 Christo
1794 553 1860 580 Jesu

1069 596 1182 623 Domino
1199 601 1304 628 nostro,
1326 596 1368 623 cui
1378 601 1421 624 est
1431 597 1527 631 gloria,
1540 597 1638 630 honor,
1657 602 1685 626 et
1696 605 1820 633 regnum,
1832 598 1858 625 in

1067 642 1167 668 sa'cula
1182 642 1357 669 sceculorum.
1371 643 1469 670 Amen.

1058 813 1297 859 EXTU&

1030 923 1067 930 .—.

514 997 722 1028 PILEFATIO.

254 1065 361 1098 Quanta
377 1067 447 1093 bona
464 1068 497 1095 ad
513 1069 718 1096 meditationem
732 1070 798 1105 legis
815 1075 842 1097 et
872 1071 1009 1105 interpre-

219 1112 348 1140 tationem
369 1118 490 1141 mentem
535 1115 744 1149 transferentes,
769 1116 916 1150 lucremur,
943 1117 1008 1152 quid

218 1166 286 1192 opus
296 1163 338 1186 est
352 1159 465 1187 dicere?
480 1160 573 1196 Neque
584 1162 657 1188 enim
673 1163 762 1190 solum
776 1164 892 1192 virtutes
904 1173 1006 1192 conse-

217 1204 336 1237 qtiimur,
358 1205 405 1232 sed
421 1210 448 1232 et
463 1207 532 1233 mala
548 1207 699 1238 renuimus.
734 1217 767 1235 ex
798 1209 880 1243 hujus
904 1211 1007 1244 studio,

217 1256 325 1275 necnon
357 1257 478 1276 amorem
506 1252 675 1285 acquirimus
697 1253 755 1284 Dei,
777 1254 1007 1287 pulchritudinem

217 1294 356 1328 sapientia:
371 1296 431 1329 ejus
447 1296 592 1329 discentes,
609 1298 743 1333 simulque
757 1307 771 1326 a
783 1300 908 1327 saeculari
932 1301 1008 1330 fumo

215 1340 324 1366 oculum
343 1341 442 1368 animat
458 1341 613 1375 liberamus,
632 1349 659 1371 ct
673 1346 856 1380 corruptionis
881 1347 1007 1376 humana:

217 1384 352 1411 sustinere
367 1392 508 1413 cessamus
519 1386 677 1421 imperium,
689 1394 716 1415 ct
734 1390 894 1417 exc-edimus
925 1392 1004 1419 dein-

218 1436 283 1463 ceps
299 1429 438 1463 homines,
456 1439 539 1458 carne
556 1433 617 1464 hac,
634 1441 695 1467 qua:
717 1439 802 1462 estex
821 1439 928 1464 terrena
947 1445 1007 1464 ma-

219 1475 297 1506 teria,
312 1476 438 1504 viventes
451 1478 606 1511 sublimius,
635 1480 678 1506 vel
695 1481 779 1516 magis
795 1482 927 1509 ellicimur
956 1484 1006 1510 ho-

217 1521 314 1549 mines.
331 1521 455 1550 Hominis
463 1524 537 1550 enim
552 1529 593 1551 est
607 1526 739 1552 rationale
752 1528 1008 1562 contemplativum-

216 1574 270 1601 que
289 1568 440 1602 proprium,
460 1570 532 1597 unde
547 1571 620 1598 etad
642 1571 788 1606 imaginem
819 1573 866 1600 Dei
897 1579 1006 1602 creatus

217 1612 328 1639 dicitur.
343 1612 405 1641 Haec
420 1619 513 1642 autem
528 1616 608 1649 nobis
628 1625 676 1651 per
695 1618 814 1645 studium
840 1624 869 1646 et
887 1627 1006 1655 occupa-

218 1657 319 1684 tionem
333 1658 404 1686 circa
418 1661 533 1687 verbum
548 1661 593 1688 Dei
614 1664 790 1697 proveniunt.
809 1664 922 1699 Propter
932 1668 1004 1701 quod
1021 1669 1043 1698 α

218 1700 328 1728 chitici
344 1701 405 1730 libri
421 1706 563 1738 sequentia
578 1713 782 1740 percurramus,
795 1709 912 1736 multum
922 1700 1004 1745 juva-

216 1754 279 1773 men
294 1747 446 1783 legentibus
452 1751 631 1779 conferentia.
647 1753 692 1780 Dei
704 1754 778 1781 enim
791 1759 856 1782 sunt
865 1757 1004 1790 mandata,

215 1793 373 1821 adumbrata
385 1797 496 1830 quidem
510 1798 538 1825 in
555 1798 678 1833 pluribus
690 1805 803 1836 propter
819 1802 1005 1832 inﬁrmitatem

216 1841 308 1874 populi
323 1840 478 1871 Judieorum
495 1845 523 1872 in
546 1845 635 1873 littera
652 1856 658 1874 :
685 1847 883 1882 perfectionem
914 1854 1005 1877 autem

216 1887 367 1914 secundum
382 1889 500 1918 litteram
525 1892 644 1933 intuenti
669 1899 810 1928 praestant,
838 1900 865 1922 et
885 1903 1005 1924 consona

215 1932 443 1968 inveniunturea,
461 1945 521 1971 qua:
533 1946 582 1973 per
600 1932 710 1976 Moysen
722 1941 794 1969 dicta
818 1947 893 1975 sunt,
920 1943 943 1971 si
964 1944 1006 1970 in-

216 1983 408 2016 terpretentur,
424 1983 580 2020 Evangelia.

1025 999 1045 1028 Β

500 2063 613 2093 CAPUT
632 2066 704 2094 XIX.

250 2141 329 2168 Vnus.
347 2142 402 2169 1-4.
415 2152 424 2168 ι
445 2143 565 2172 Locutus
582 2150 624 2173 est
638 2146 771 2175 Dominus
786 2149 819 2176 ad
838 2149 946 2185 Moysen
963 2151 1006 2178 di-

213 2194 295 2214 cens:
310 2187 431 2222 Loquere
444 2189 477 2216 ad
493 2199 601 2219 onmem
618 2198 718 2220 coetum
738 2194 855 2223 ﬁliorum
870 2197 961 2229 lsracl,
979 2202 1007 2225 et

213 2235 288 2261 dices
312 2235 345 2262 ad
372 2244 444 2264 eos:
468 2238 560 2266 Sancti
587 2244 685 2272 estote,
699 2242 761 2275 quia
785 2247 812 2269 et
823 2251 873 2278 ego
894 2249 1006 2272 sanctus

213 2289 272 2308 sum
286 2281 417 2310 Dominus
432 2283 502 2312 Deus
515 2291 615 2313 vester.
634 2287 828 2322 Unusquisque
842 2294 946 2324 patrem
977 2295 1006 2318 et

213 2332 325 2355 matrem
346 2336 423 2356 suam
440 2330 542 2358 timeat.
561 2331 678 2359 Sabbala
694 2340 752 2359 mea
769 2335 915 2362 custodite.
947 2335 1003 2371 Ego
1020 2344 1041 2371 ι)

215 2374 343 2402 Dominus
362 2376 432 2403 Deus
448 2381 547 2404 vester.
561 2378 651 2406 Nolite
665 2380 786 2407 converti
797 2380 830 2408 ad
851 2381 934 2414 idola,
951 2390 1002 2410 nec

212 2421 277 2448 deos
296 2422 448 2451 couﬁatiles
464 2423 570 2452 facietis
586 2425 673 2458 vobis,
688 2434 738 2461 ego
756 2426 898 2455 Dominus.
921 2439 930 2454 ι

247 2467 331 2494 Recte
357 2470 603 2498 sanctiﬁcationcm
636 2474 794 2508 praeposuit,
823 2476 887 2508 quia
913 2476 1004 2503 omnis

212 2513 322 2541 virtutis
333 2516 605 2545 estlundameutum.
620 2519 705 2552 Quam
732 2521 796 2555 quia
823 2522 924 2549 sectari
941 2531 998 2550 mo-

212 2561 254 2588 dis
269 2562 396 2589 omnibus
416 2568 523 2597 oportet
547 2564 685 2600 legislator
705 2567 866 2602 ostendens,
900 2577 1003 2596 conve-

212 2607 320 2634 nienter
332 2608 387 2635 ait:

247 2654 339 2681 Sancti
350 2659 439 2688 estote,
452 2657 514 2691 quia
526 2666 573 2692 ego
587 2664 693 2685 sanctus
717 2668 774 2686 sum
792 2660 922 2688 Dominus
935 2661 1003 2689 Deus

213 2705 307 2728 vester.
325 2701 352 2728 ld
366 2703 447 2733 ρει,δὶ
465 2703 541 2730 vobis
557 2705 644 2738 placet
657 2705 762 2739 placere
772 2707 836 2738 Deo,
852 2709 1002 2736 autadesse

214 2747 366 2779 vobiscum,
380 2748 423 2774 vel
440 2748 526 2783 magis
537 2757 598 2776 esse
611 2757 671 2776 cum
691 2758 724 2777 co
754 2751 835 2778 vultis
851 2752 909 2786 (Dei
926 2753 1000 2779 enim

212 2793 356 2828 praesentia
371 2799 397 2822 ct
410 2795 567 2830 conjunctio
580 2803 674 2823 onines
701 2805 716 2823 a
730 2797 806 2824 vobis
830 2797 940 2825 insidias
957 2798 1002 2825 11L“-

248 2876 554 2919 "tcor.m,ii;,i7.
595 2887 694 2915 "ibid.
735 2887 963 2916 "Exod.x\'i.3.

1061 998 1220 1033 sioucinque
1230 998 1372 1035 removet),
1380 999 1624 1028 sanctiﬁcationem
1634 1002 1848 1038 consequimini;

1061 1049 1173 1071 Sanctus
1191 1050 1283 1072 autem
1295 1047 1424 1082 conjungi
1449 1047 1573 1082 profanis
1585 1056 1641 1075 non
1653 1049 1763 1083 patitur.
1788 1049 1855 1078 Pro-

1061 1096 1154 1125 pterea
1169 1091 1268 1118 Paulus
1279 1093 1388 1120 diccbat
1405 1102 1412 1119 ε
1436 1093 1550 1121 Nescitis
1566 1095 1630 1130 quia
1655 1096 1780 1131 templum
1807 1097 1854 1124 Dei

1059 1137 1120 1162 estis
1131 1137 1173 1163 ?et
1189 1137 1298 1170 spiritus
1315 1137 1364 1164 Dei
1391 1139 1493 1166 habitat
1527 1140 1554 1166 in
1585 1140 1674 1168 vobis?
1700 1141 1854 1176 Quicunque

1059 1187 1147 1208 anteiit
1167 1183 1293 1217 templum
1316 1184 1424 1212 Domini
1446 1185 1593 1219 violaverit,
1621 1187 1751 1222 disperdet
1778 1188 1853 1215 illum

1059 1227 1139 1254 Dens.
1151 1228 1284 1263 Templum
1297 1231 1366 1256 enim
1378 1231 1425 1257 Dei
1434 1236 1555 1267 sanetugn
1564 1237 1610 1265 est,
1621 1234 1690 1268 quod
1697 1234 1758 1260 estis
1767 1242 1810 1261 vos
1819 1235 1852 1260 ⁷³.

1098 1273 1329 1308 Supermdiﬁcans
1341 1280 1432 1303 autem
1446 1278 1575 1305 mandata
1591 1285 1675 1313 super
1689 1279 1740 1306 hoc
1753 1280 1852 1307 funda-

1059 1324 1193 1352 mentum,
1219 1327 1295 1348 extra
1321 1323 1393 1357 quod
1417 1331 1498 1351 nemo
1522 1329 1613 1359 potest
1638 1333 1740 1360 ponere
1755 1327 1850 1355 aliud:

1062 1365 1251 1401 Unusquisque,
1273 1367 1321 1400 ait,
1344 1374 1459 1403 patrem,
1484 1375 1508 1397 et
1528 1377 1638 1398 matrem
1656 1381 1732 1399 suam
1749 1374 1851 1401 timeat.

1058 1410 1110 1438 Per
1125 1413 1369 1442 sanctiﬁcationem
1387 1416 1497 1450 quidem
1525 1425 1620 1451 puram
1640 1423 1760 1446 mentem
1789 1427 1852 1455 erga

1058 1457 1215 1485 Creatorem
1230 1459 1374 1493 mandans,
1394 1468 1442 1495 per
1457 1463 1590 1490 honorem
1613 1469 1704 1491 autem
1722 1465 1808 1499 patris
1824 1469 1852 1492 et

1058 1505 1152 1531 matris
1171 1505 1303 1540 impendi,
1318 1512 1422 1535 natur-.2
1444 1509 1653 1544 benignitatem,
1681 1519 1741 1545 qua:
1753 1519 1852 1546 paren-

1058 1549 1132 1577 tibus
1144 1550 1287 1585 honorem,
1305 1553 1353 1580 sed
1371 1559 1399 1580 et
1413 1554 1540 1582 timorem
1557 1556 1652 1583 deberi
1664 1565 1680 1583 a
1694 1557 1766 1589 ﬁliis,
1776 1558 1850 1585 sicut

1058 1595 1190 1624 Dominus
1208 1597 1294 1625 dedit.
1310 1600 1412 1627 Deinde
1438 1601 1505 1636 legis
1525 1602 1655 1629 mandata
1669 1603 1851 1638 recapitulare

1059 1642 1164 1675 volens,
1180 1643 1205 1670 id
1219 1648 1271 1675 est,
1296 1644 1357 1671 Non
1386 1647 1502 1679 occides;
1531 1647 1592 1674 Non
1607 1649 1740 1683 furaberis
1762 1658 1771 1676 :
1790 1650 1851 1677 Non

1060 1689 1227 1717 adulterabis
1243 1699 1251 1718 :
1266 1692 1326 1718 Non
1335 1692 1485 1726 perjurabis
1502 1701 1511 1720 :
1535 1693 1597 1720 Non
1627 1703 1743 1722 assumes
1757 1704 1852 1723 nomen

1057 1735 1164 1762 Domini
1183 1736 1232 1764 Dei
1243 1738 1282 1764 tui
1300 1738 1328 1764 in
1342 1746 1440 1765 vanum
1455 1747 1463 1765 :
1477 1738 1537 1766 Non
1561 1741 1726 1774 concupisces
1740 1750 1848 1769 uxorem

1056 1781 1221 1814 praximitui
1236 1790 1245 1808 :
1267 1787 1294 1809 et
1319 1787 1350 1809 ut
1378 1783 1497 1810 breviter
1522 1785 1720 1813 continentiam
1744 1794 1758 1814 a
1779 1788 1850 1814 malo

1056 1825 1219 1860 praeciperet
1234 1835 1241 1859 ;
1254 1826 1370 1854 Sabbata
1390 1837 1448 1855 mea
1477 1830 1616 1863 custodite,
1652 1832 1850 1860 rationabiliter

1057 1871 1178 1898 subdidit
1194 1892 1201 1905 ,
1218 1873 1280 1907 quia
1293 1881 1388 1900 verum
1403 1875 1552 1902 Sabbatum
1571 1881 1614 1903 est
1633 1877 1736 1904 nullum
1754 1886 1850 1905 corru-

1056 1917 1158 1951 ptionis
1169 1925 1238 1952 opus
1254 1920 1360 1953 operari
1377 1930 1382 1946 :
1404 1928 1468 1947 nam
1482 1925 1509 1947 et
1521 1929 1603 1948 omne
1617 1930 1686 1956 opus
1700 1924 1799 1951 servile
1819 1925 1848 1951 in

1056 1963 1174 1991 Sabbato
1184 1973 1239 1992 non
1252 1965 1321 1998 ﬁeri,
1339 1966 1445 2001 Moyses
1467 1968 1597 2002 praecepit
1614 1974 1725 2003 :aperte
1736 1970 1770 1997 ab
1781 1978 1849 2005 ope-

1056 2011 1132 2038 ribus
1143 2013 1244 2045 carnis,
1258 2021 1318 2047 qua:
1333 2018 1399 2041 sunt
1413 2014 1572 2047 fornicatio,
1609 2016 1797 2048 immunditia,
1821 2022 1848 2045 et

1056 2057 1154 2084 similia
1170 2058 1224 2091 his,
1239 2067 1335 2087 cavere
1347 2061 1510 2096 prmeipiens
1528 2069 1592 2089 eum
1616 2063 1663 2097 qui
1696 2063 1846 2091 Sabbatum

1056 2105 1194 2133 celebrare
1211 2107 1268 2134 vult
1294 2109 1446 2135 secundum
1471 2109 1558 2144 legem
1575 2110 1697 2144 spiritus.
1716 2111 1769 2138 Sed
1796 2120 1848 2139 nec

1055 2159 1163 2179 causam
1184 2152 1294 2180 Sabbati
1308 2153 1434 2189 ignorare
1457 2160 1575 2190 oportet,
1588 2156 1627 2184 sic
1639 2158 1740 2184 etenim
1759 2157 1847 2184 virtti-

1057 2203 1109 2226 tem
1134 2199 1210 2235 legis,
1235 2209 1295 2235 quan
1314 2201 1347 2228 de
1376 2209 1409 2228 eo
1432 2206 1484 2234 est,
1504 2203 1632 2230 sciemus.
1658 2203 1772 2236 Quando
1783 2211 1848 2239 ergo

1055 2245 1166 2273 Sabbati
1181 2247 1339 2274 mandatum
1354 2247 1424 2275 Deus
1440 2249 1535 2275 dedit?
1562 2254 1678 2283 putasne
1710 2251 1760 2277 sub
1777 2250 1846 2283 Noe,

1056 2291 1164 2325 quando
1181 2300 1235 2319 non
1254 2294 1359 2319 comedi
1378 2295 1540 2329 sanguinem
1564 2295 1711 2330 praccpit?
1741 2304 1844 2330 nequa-

1055 2345 1147 2372 quam,
1164 2338 1211 2365 sed
1222 2339 1273 2366 sub
1286 2339 1434 2371 Abraham,
1452 2348 1532 2374 quem
1544 2341 1638 2368 habuit
1650 2341 1769 2369 amicum
1780 2342 1847 2369 ﬁde-

1053 2383 1118 2416 lem,
1134 2393 1215 2419 qucm
1231 2385 1368 2420 probarit,
1387 2390 1415 2413 et
1429 2394 1572 2421 nunquam
1587 2387 1621 2414 ab
1638 2395 1672 2414 eo
1686 2388 1846 2414 mandatum

1055 2430 1156 2457 bonum
1168 2430 1321 2458 abscondit.
1335 2431 1388 2458 Sed
1399 2439 1451 2459 nec
1465 2437 1540 2464 tunc,
1565 2432 1676 2467 quando
1705 2433 1739 2460 de
1774 2438 1846 2459 terra

1054 2475 1162 2511 .Egypti
1187 2476 1317 2511 populum
1335 2477 1491 2504 Judmorum
1527 2478 1631 2510 eduxit,
1645 2482 1672 2505 et
1694 2478 1847 2505 esurientes

1056 2526 1306 2552 murmuraverunl,
1322 2521 1463 2548 dicentes:
1481 2522 1588 2549 Utinam
1602 2522 1846 2556 mortuifuissemus

1055 2575 1102 2601 per
1127 2575 1236 2594 maimm
1268 2567 1371 2594 Domini
1386 2567 1413 2593 in
1428 2572 1498 2594 terra
1521 2568 1640 2603 Egypti,
1653 2569 1759 2604 quando
1774 2569 1847 2595 sede-

1055 2612 1146 2639 bamus
1159 2621 1237 2646 super
1251 2612 1317 2639 ollas
1332 2614 1463 2647 carnium,
1476 2619 1499 2640 et
1515 2614 1715 2641 comedebamus
1729 2622 1811 2648 panes
1819 2615 1847 2640 in

1056 2659 1225 2685 saturitatem
1237 2659 1260 2674 τι
1274 2659 1280 2685 ε
1302 2659 1491 2694 Misitquidem
1505 2661 1544 2687 eis
1559 2660 1630 2688 Deus
1655 2670 1764 2693 manna,
1797 2662 1847 2689 do-

1058 2713 1123 2732 cens
1138 2710 1227 2732 autem
1243 2713 1292 2732 nos
1304 2710 1442 2740 oportere,
1457 2713 1517 2740 qua:
1536 2707 1653 2740 amplius
1667 2715 1747 2741 quam
1758 2709 1847 2741 quoti-

1058 2751 1167 2778 dianum
1177 2751 1279 2784 cibum,
1299 2759 1354 2778 non
1371 2750 1545 2786 prmcipiehat
1559 2751 1620 2786 plus
1634 2752 1668 2778 dc
1684 2751 1785 2778 Gomor
1798 2760 1848 2786 per

1060 2797 1164 2832 singula
1176 2797 1264 2832 capita
1282 2796 1369 2832 colligi
1394 2805 1400 2823 :
1420 2804 1547 2824 mensura
1570 2801 1659 2824 anteiit
1685 2797 1744 2825 haec
1772 2797 1846 2832 apud
