2056 3148
193 173 262 207 1021

768 177 810 207 IN
831 177 1050 208 LEVITICUM.
1069 191 1103 195 —
1123 179 1196 209 LIB.
1216 179 1265 210 VI.

1767 181 1834 213 1022

193 235 304 263 Judaos
333 239 401 268 erat,
430 242 491 269 qum.
505 239 612 269 poterat
638 243 863 271 unumquemque
882 237 988 264 nutrire
1004 240 1025 268 Α
1041 238 1069 265 in
1094 246 1148 273 quo
1164 247 1194 266 ea
1218 247 1279 275 quas
1307 240 1446 275 pertinent
1471 240 1504 267 ad
1529 239 1644 267 salutem
1675 248 1831 276 operemur.

195 282 344 310 hominem.
364 281 441 308 T'unc
456 289 521 316 ergo
535 281 634 309 docere
649 290 698 310 eos
712 282 747 309 de
762 283 926 318 intelligibili
942 291 986 310 re-

193 329 255 364 quie
272 333 300 355 et
327 327 381 354 ﬁne
400 327 493 354 mundi
509 327 612 357 volens.
632 327 694 362 quia
721 327 768 355 illo
793 332 917 362 tempore
936 328 987 355 im-

193 374 324 409 possibile
350 377 391 400 cst
419 373 511 401 cibum
538 373 710 408 conquirere,
737 375 780 401 vel
795 375 913 409 operari,
936 383 987 402 nec

193 421 264 447 circa
284 420 426 455 corporale
450 419 551 454 aliquid
568 420 709 455 occupari,
739 421 800 447 talia
829 421 868 448 eis
895 421 986 448 dicere

192 460 300 501 Moysen
311 465 441 500 przeccpit
455 475 461 492 :
481 465 600 492 Sabbata
616 466 694 492 hodie
705 465 829 498 Domino,
841 475 892 493 non
913 467 984 493 iuve-

191 511 269 537 m'etis
287 510 354 537 illud
376 511 402 537 in
419 518 503 546 agro:
519 519 567 537 sex
582 511 679 538 diebus
693 511 842 546 colligitur,
869 513 986 547 septima

191 562 284 584 autent
298 557 342 583 die
360 556 490 589 Sabbata,
506 565 561 583 non
574 557 664 584 eritin
675 564 719 584 ea.
731 556 791 584 Non
823 557 984 590 Sabbatum,

191 603 239 630 sed
259 603 389 636 Sabbata,
406 603 469 638 quia
496 603 675 638 intclligibilis
695 604 804 638 requies
817 612 872 631 non
887 605 921 631 ab
931 612 985 631 uno

190 648 321 683 quodam,
349 648 396 675 sed
420 649 456 676 ab
483 648 611 675 omnibus
633 649 790 676 carnalibus
814 649 985 677 vacationem

190 694 444 729 alienationemque
460 696 592 730 possidet.
608 696 686 724 Unde
699 704 831 731 nusquam
849 697 924 731 prius
941 696 983 723 in-

190 741 286 768 venies
306 741 378 776 apud
395 741 515 768 divinam
538 742 711 777 Scripturam
725 742 909 770 Sabbatorum
933 750 983 769 no-

190 795 263 818 men.
276 791 306 814 ιιι
316 787 494 815 manifestum
511 788 547 815 sit
572 789 635 824 quia
648 789 798 816 Sabbatum
810 797 920 816 omnem
936 797 983 816 va-

189 834 328 859 cationem
342 833 506 865 carnalium,
520 837 548 860 et
561 834 734 860 saecularium
760 841 852 860 rerum
882 841 984 868 prmee-

188 879 238 914 'pit.
257 879 336 907 Unde
352 887 433 906 omne
446 888 515 914 opus
531 881 573 906 lex
601 881 764 915 prohibens,
785 889 846 915 qua:
880 880 984 908 faciunt

187 925 319 952 adversus
334 933 444 954 omnem
458 926 590 959 animam,
617 927 738 954 subdidit
757 936 762 953 :
781 926 898 954 Sabbam
925 935 983 954 mea

187 972 326 998 custodite.
337 972 388 999 Per
404 972 456 1000 hoc
467 978 561 1008 aperte
572 973 722 1000 ostendens
746 973 809 1008 quia
838 982 853 1001 a
883 982 983 1008 corpo-

187 1017 290 1045 ralibus
308 1026 359 1045 nos
375 1026 472 1046 vacare
496 1019 645 1051 desiderat,
668 1024 695 1047 et
720 1027 780 1054 quas
792 1020 826 1048 ad
851 1020 981 1055 juvamen

187 1068 251 1091 sunt
263 1064 372 1096 animae,
387 1069 414 1091 et
431 1064 588 1100 profectum
608 1065 777 1100 pertinentia
795 1067 913 1101 operari.
928 1067 982 1094 Ve-

186 1118 246 1137 rqu
265 1110 340 1136 enim
356 1109 506 1137 Sabbatum
528 1115 580 1143 est,
595 1111 665 1137 nihil
681 1111 833 1144 materiale,
850 1111 919 1138 nihil
948 1113 981 1140 ad

188 1159 290 1181 terram
309 1154 447 1181 hominem
463 1155 632 1189 deprimens,
663 1160 690 1182 et
710 1155 743 1182 ad
774 1156 981 1191 corruptionem

183 1201 323 1227 carnalem
345 1201 458 1228 trahens
468 1209 558 1236 agere.
575 1200 643 1228 Cum
659 1201 710 1228 hoc
726 1205 818 1228 autem
832 1201 897 1236 quid
907 1202 980 1229 aliud

184 1254 261 1272 nunc
275 1245 347 1273 Deus
358 1237 507 1281 praecepit:

219 1290 341 1319 Vzas.4.
357 1301 366 1317 ι
384 1292 474 1319 Nolite
498 1293 622 1320 converti
652 1293 686 1320 ad
716 1293 800 1325 idola,
834 1301 885 1321 nec
911 1295 979 1322 deos

181 1338 333 1365 conﬂatiles
356 1339 462 1366 facietis
474 1339 561 1366 vobis.
578 1339 633 1374 Ego
648 1339 790 1367 Dominus.
805 1349 814 1366 ι

220 1384 279 1410 Non
295 1384 417 1411 converti
429 1389 521 1411 autem
539 1385 572 1411 ad
585 1385 666 1417 idola,
687 1389 730 1412 est
741 1393 796 1412 non
808 1386 978 1413 condescen-

183 1431 249 1458 dere
284 1431 326 1457 his
361 1438 421 1465 qum
456 1431 591 1458 idolorum
621 1432 663 1458 lex
696 1433 780 1459 multa
809 1433 978 1467 profanaque

182 1475 276 1511 exigit.
289 1475 342 1502 Sed
360 1484 412 1502 nec
422 1476 573 1503 conllatiles
590 1476 656 1504 deos
671 1477 804 1505 faciamus
823 1478 912 1509 nobis,
923 1486 977 1505 non

183 1522 272 1549 solum
289 1522 316 1549 in
330 1522 489 1549 animalium
512 1523 619 1555 formis,
634 1523 681 1550 sed
698 1532 749 1551 nec
762 1524 788 1551 in
806 1525 978 1559 peculiorum

183 1569 330 1601 thesauris,
357 1576 408 1596 nec
435 1569 463 1595 in
476 1569 534 1595 auri
563 1574 611 1596 aut
640 1569 745 1604 argenti
773 1570 893 1597 massis:
918 1571 976 1597 ltzec

183 1614 259 1640 enim
276 1613 342 1640 deos
357 1621 421 1640 suos
434 1613 538 1640 faciunt
552 1614 580 1640 bi
617 1614 662 1649 qui
680 1622 712 1641 ea
737 1619 916 1650 congregant,
949 1615 975 1642 in

183 1665 288 1687 tantum
304 1660 355 1686 sub
367 1667 459 1686 carum
476 1660 597 1687 dominio
609 1661 761 1694 constituti,
777 1667 805 1688 ut
822 1661 977 1688 timeautex

181 1705 221 1732 eis
237 1705 279 1732 vel
293 1707 566 1740 quantulumcunque
596 1707 766 1742 contingere.
793 1707 864 1740 Quid
884 1713 976 1735 autem

182 1753 240 1779 lucc
260 1761 372 1780 necesse
389 1753 542 1780 habemus?
564 1753 610 1787 qui
638 1762 688 1788 pro
701 1754 829 1781 omnibus
854 1755 977 1789 posside—

182 1806 243 1825 mus
256 1799 358 1826 divitiis
371 1807 433 1826 eum
446 1800 492 1834 qui
513 1799 599 1826 dicit:
619 1799 672 1834 Ego
696 1801 822 1828 Dominus
836 1801 848 1828 ?
872 1802 896 1828 id
922 1806 976 1833 est,

180 1845 226 1880 qui
241 1845 357 1872 volatilia
378 1846 481 1878 uutrio,
494 1846 539 1880 qui
553 1846 607 1872 lilia
636 1847 693 1881 agri
713 1847 809 1878 vestio,
826 1848 871 1882 qui
884 1856 917 1875 ex
933 1849 975 1874 ni-

181 1890 240 1917 hilo
257 1890 320 1921 feci,
337 1890 405 1917 facta
428 1891 542 1921 nutriri.
555 1896 636 1925 atque
652 1892 711 1919 lucc
723 1892 812 1919 omnia
829 1900 923 1920 rursus
941 1894 975 1920 ad

181 1937 360 1971 indigentiam
372 1937 498 1972 redigere
515 1937 601 1964 valeo.

217 1983 297 2009 Vsus.
312 1983 365 2010 5-8.
387 1992 395 2008 ι
410 1983 437 2010 Si
452 1983 657 2010 immolaveritis
670 1984 785 2011 hostiam
798 1985 974 2019 pacificorum

181 2028 307 2060 Domino,
323 2032 352 2055 ut
368 2029 403 2055 sit
419 2029 606 2064 acccptabilis,
618 2038 650 2056 eo
658 2030 700 2056 dic
712 2038 765 2064 quo
779 2030 859 2057 fuerit
876 2031 974 2057 inuno-

180 2075 244 2106 lata,
257 2074 409 2101 comedetis
423 2082 495 2107 eam,
513 2079 541 2102 et
554 2075 600 2102 die
615 2075 711 2102 altero.
729 2075 868 2110 Quidquid
880 2081 973 2103 autem

179 2121 320 2148 residuum
335 2120 418 2147 fuerit
432 2120 458 2147 in
471 2121 542 2148 diem
566 2121 690 2154 tertium,
708 2122 768 2157 igne
793 2123 972 2150 comburetis.

180 2166 208 2193 Si
223 2167 285 2202 quis
301 2171 361 2201 post
378 2167 490 2193 biduum
520 2167 670 2195 comederit
693 2176 725 2195 ex
756 2177 786 2196 ea
800 2190 806 2199 ,
834 2168 967 2203 profanus

178 2213 242 2244 erit,
268 2217 296 2239 et
323 2212 472 2247 impietatis
501 2221 575 2246 reus,
600 2215 774 2249 portabitque
796 2215 972 2250 iuiquitatom

1000 917 1020 944 Β

1039 285 1108 312 llinc
1122 290 1224 318 autem,
1234 291 1262 312 ut
1276 286 1311 313 sit
1325 286 1473 326 placabilis,
1491 290 1601 321 oportet
1616 287 1763 317 immolari,
1775 287 1834 314 haec

1039 332 1132 366 utique
1159 332 1319 360 omnimodo
1344 337 1533 367 assequentes,
1560 341 1620 367 qum
1652 333 1833 368 acceptabilia

1039 378 1093 405 Deo
1109 384 1181 409 sunt,
1193 379 1227 405 de
1243 387 1298 413 quo
1308 379 1378 406 dixit
1389 379 1498 411 Paulus,
1515 386 1576 405 cum
1591 386 1645 413 quo
1657 379 1737 405 modo
1751 386 1833 413 opor-

1039 428 1109 451 teret
1129 426 1237 460 assequi
1252 431 1384 452 remotam
1411 429 1440 452 et
1460 425 1579 460 quietam
1597 425 1691 457 vitam,
1710 425 1737 452 in
1756 425 1832 452 omni

1037 470 1138 506 pietate
1155 475 1182 498 et
1195 471 1336 506 pudicitia,
1363 471 1508 498 Timotheo
1533 471 1656 498 scribens
1682 471 1804 498 ostendit
1824 479 1830 497 :

1037 517 1093 543 Hoc
1106 517 1201 543 bonum
1223 521 1248 543 et
1263 521 1398 551 acceptum
1418 525 1509 543 coram
1519 516 1657 543 Saluatore
1669 521 1754 542 nostra
1767 515 1828 546 Deo,

1037 563 1178 593 quiomnes
1193 562 1308 589 homines
1324 561 1378 588 vult
1393 561 1477 588 salvos
1493 561 1560 595 ﬁeri,
1581 565 1604 587 et
1620 561 1654 587 ad
1670 561 1829 595 agnitionem

1037 608 1155 634 veritatis
1168 609 1255 634 venire
1270 608 1301 634 7‘.
1319 607 1372 634 Sed
1384 607 1406 634 si
1422 607 1492 634 dicis
1508 616 1514 633 :
1535 607 1619 642 Cujus
1633 607 1670 633 rei
1684 607 1767 641 gratia
1787 614 1830 633 ac-

1037 656 1115 686 cepta
1132 656 1232 683 vestra,
1244 652 1394 679 secundum
1411 652 1588 687 Septuaginta
1599 651 1831 686 legislaturdixit?

1035 697 1117 730 Scito,
1128 698 1190 732 quia
1199 698 1395 726 conscientiam
1408 699 1545 734 designat,
1557 706 1604 732 per
1614 706 1694 732 quam
1705 705 1765 732 quae
1777 697 1831 724 sint

1036 743 1092 770 Deo
1104 749 1224 779 accepta,
1240 745 1428 780 unusquisque
1437 749 1527 780 potest
1540 745 1622 775 scire,
1636 748 1749 779 propter
1758 743 1831 778 quod

1034 790 1153 818 Joannes
1166 790 1274 818 dicebat
1290 790 1428 823 :Fratres,
1444 792 1467 817 si
1482 799 1526 817 cor
1551 795 1668 817 nostri"):
1681 798 1731 823 non
1741 798 1830 823 repre-

1034 837 1122 863 [tendit
1134 845 1191 869 nos,
1211 837 1336 871 ﬁduciam
1350 837 1475 864 [iubemus
1502 836 1536 863 ad
1564 836 1649 862 Deum
1665 837 1698 862 '".
1729 835 1829 862 Come-

1035 885 1100 911 dere
1114 889 1205 911 autem
1222 884 1255 911 de
1271 883 1415 914 sacrificio.
1427 891 1461 910 eo
1477 883 1520 909 die
1536 882 1826 917 quoimmolatumest,

1034 936 1062 958 et
1079 931 1142 964 alio,
1161 936 1213 962 est,
1233 931 1302 958 utin
1317 930 1444 965 praesenti
1472 930 1537 963 vita,
1550 937 1720 964 quaecunque
1732 929 1765 955 ad
1784 937 1828 955 sa-

1035 979 1118 1006 lutem
1136 979 1276 1014 pertinent
1290 985 1447 1013 operemur.
1465 976 1550 1004 Hodie
1570 981 1662 1003 autem
1689 979 1716 1002 et
1731 975 1827 1002 crasti<

1033 1032 1109 1056 num,
1125 1024 1152 1051 in
1167 1024 1295 1059 praesenti
1314 1023 1415 1050 saeculo
1431 1022 1521 1049 divina
1541 1021 1681 1056 Scriptura
1699 1021 1768 1047 solet
1783 1028 1827 1047 ac-

1033 1070 1134 1105 cipere,
1148 1070 1182 1097 de
1196 1077 1249 1104 qua
1276 1073 1374 1096 testem
1398 1068 1530 1096 Jacobum
1554 1067 1736 1102 producamus
1759 1067 1828 1093 scri-

1033 1116 1141 1143 bentem
1154 1116 1225 1151 :Age
1234 1115 1366 1150 nunc,qui
1378 1115 1482 1142 dicitis:
1492 1113 1588 1145 Hodie,
1603 1113 1769 1140 autcrastino
1778 1113 1828 1139 ibi-

1034 1170 1091 1188 mus
1103 1162 1131 1188 in
1146 1161 1223 1188 illaut
1239 1161 1370 1187 civitatem
1386 1160 1418 1186 ⁷⁸.
1437 1159 1500 1186 Dies
1523 1163 1615 1186 autem
1644 1158 1734 1190 tertia,
1764 1157 1828 1192 quia

1032 1207 1059 1234 in
1075 1208 1133 1242 ipsa
1146 1215 1161 1234 a
1177 1207 1294 1234 mortuis
1309 1206 1440 1233 Dominus
1460 1210 1553 1232 noster
1581 1205 1741 1236 resurrexit,
1757 1204 1826 1239 ligu-

1033 1262 1090 1280 ram
1104 1253 1187 1280 futuri
1204 1253 1307 1285 saaculi,
1325 1254 1352 1280 et
1370 1257 1540 1280 mortuorum
1556 1250 1768 1279 resurrectionis
1777 1258 1825 1285 ge-

1032 1300 1076 1330 rit.
1091 1300 1118 1326 in
1131 1307 1186 1334 quo
1199 1300 1255 1334 jam
1267 1307 1323 1326 non
1338 1298 1400 1325 licet
1413 1297 1531 1333 operari,
1545 1297 1593 1325 sed
1606 1297 1652 1332 qui
1666 1305 1740 1323 nunc
1755 1304 1822 1331 ope-

1031 1346 1081 1373 rati
1096 1350 1170 1378 sunt,
1182 1345 1237 1372 illic
1251 1345 1283 1372 ad
1299 1344 1508 1372 retributionem
1539 1343 1663 1370 veniunt.
1696 1341 1746 1374 Qui
1763 1349 1828 1376 ergo

1030 1393 1068 1420 sic
1086 1393 1132 1420 hic
1156 1392 1230 1424 vivit,
1255 1397 1382 1426 tauquam
1409 1390 1464 1417 illic
1484 1389 1608 1424 quaedam
1648 1388 1826 1424 pransnntium

1029 1443 1191 1473 operaturus
1206 1438 1249 1469 sit,
1266 1442 1292 1464 et
1307 1441 1452 1472 propterea
1471 1435 1614 1463 comedere
1632 1434 1711 1461 tertia
1724 1433 1767 1461 die
1782 1441 1826 1459 sa-

1028 1485 1163 1513 criﬁcium
1180 1483 1367 1519 pacit‘ieorum,
1384 1483 1442 1510 sive
1475 1481 1594 1508 salutare
1608 1480 1716 1512 dicitur,
1744 1487 1823 1514 opus,

1029 1537 1155 1560 attrectat
1171 1541 1186 1559 a
1201 1532 1355 1567 legislatore
1378 1529 1559 1565 prohibitum,
1578 1530 1706 1554 virtutem
1725 1527 1825 1560 imper-

1030 1580 1127 1606 fectam
1142 1578 1313 1612 relinquens,
1333 1577 1408 1604 velut
1424 1576 1478 1603 illic
1494 1579 1658 1610 operaturus
1669 1573 1714 1604 sit,
1733 1577 1761 1598 t-t
1773 1572 1826 1598 hu-

1026 1624 1072 1659 jus
1085 1622 1247 1651 sacriticinm
1261 1621 1414 1648 rectissime
1442 1624 1586 1654 acceptum
1613 1625 1668 1645 non
1689 1621 1739 1648 est,
1774 1624 1826 1643 nec

1028 1671 1081 1697 vita
1093 1673 1218 1704 correpta
1232 1673 1283 1695 est.
1298 1667 1351 1694 Sed
1367 1667 1412 1702 qui
1427 1666 1508 1693 talem
1522 1663 1684 1698 sibimetipsi
1697 1666 1826 1697 operatur

1028 1716 1167 1747 virtutem,
1184 1714 1355 1749 iniquitatem
1372 1721 1448 1740 suam
1475 1711 1602 1747 portabit,
1620 1710 1695 1745 prius
1715 1709 1824 1744 quidem

1027 1761 1186 1796 imperfecte
1199 1768 1328 1796 operans,
1344 1759 1443 1787 deinde
1461 1763 1490 1786 ut
1506 1759 1633 1794 ingerens
1653 1755 1821 1784 calumniam

1027 1808 1126 1836 divina:
1140 1807 1201 1842 legi,
1219 1812 1247 1834 ct
1265 1807 1362 1842 dogma
1384 1804 1567 1833 disseminans
1598 1803 1710 1838 impium
1744 1806 1825 1836 atque

1026 1854 1156 1883 alienum.
1172 1853 1254 1888 hujus
1262 1852 1351 1879 anima
1362 1852 1431 1887 perit
1445 1852 1479 1878 de
1492 1850 1593 1886 populo
1609 1857 1669 1877 suo.
1686 1848 1715 1875 lu
1725 1847 1824 1882 populo

1026 1905 1117 1926 autem
1137 1899 1182 1933 qui
1195 1899 1324 1929 salvetur,
1337 1905 1393 1924 non
1412 1896 1596 1927 ordinabitur,
1628 1894 1691 1929 quia
1709 1892 1821 1926 reliquit

1027 1945 1214 1980 imperfectam
1231 1945 1323 1976 vitam,
1346 1951 1406 1978 qua:
1431 1951 1494 1970 cum
1525 1942 1630 1969 salvare
1655 1943 1772 1974 poterat,
1800 1938 1822 1964 si

1025 1999 1085 2018 cum
1097 1993 1327 2017 COﬂSllllllllaSSCl.

1061 2036 1143 2064 Vsus.
1159 2037 1185 2068 9,
1207 2036 1246 2062 10.
1263 2045 1271 2060 ε
1291 2035 1359 2062 Cum
1375 2032 1523 2060 mcssueris
1537 2035 1644 2066 segetes
1661 2034 1742 2057 terrzc
1758 2033 1821 2060 tum,

1026 2092 1079 2110 non
1096 2082 1221 2109 tondebis
1239 2088 1325 2116 usque
1355 2080 1388 2107 ad
1420 2079 1507 2107 solam
1531 2077 1705 2113 superﬁciem
1732 2080 1820 2107 terrae,

1025 2137 1076 2156 nec
1092 2132 1265 2155 remanentcs
1278 2126 1367 2161 spicas
1383 2126 1504 2160 colliges,
1519 2131 1609 2158 neque
1629 2123 1655 2149 in
1668 2123 1745 2150 vinea
1776 2126 1821 2148 tua

1026 2182 1156 2205 racemos,
1173 2177 1201 2200 et
1213 2181 1296 2208 grana
1314 2171 1468 2199 deeidcutia
1490 2169 1677 2205 congregahis,
1695 2168 1741 2196 sed
1753 2175 1822 2203 pau-

1027 2219 1138 2254 peribus
1153 2222 1181 2245 et
1203 2217 1355 2252 peregrinis
1388 2215 1525 2250 carpemla
1538 2215 1668 2242 dimittes.
1688 2215 1743 2250 Ego
1767 2213 1822 2240 Do-

179 2267 268 2290 suam,
279 2259 342 2294 quia
355 2259 713 2294 sanctumpominipolluit,
730 2265 757 2287 et
769 2261 869 2295 peribit
882 2262 972 2289 anima
991 2263 1012 2292 D
1027 2265 1117 2291 minus
1135 2263 1205 2291 Deus
1217 2267 1317 2290 vester.
1337 2272 1346 2288 ›

179 2305 224 2332 illa
239 2305 273 2332 de
286 2305 386 2339 populo
396 2312 457 2331 suo.
481 2313 491 2329 ι

216 2349 316 2377 Omnia
332 2350 453 2385 quidem,
471 2355 502 2377 ut
524 2350 560 2377 ita
576 2350 711 2383 dicamus,
728 2351 831 2387 Moyses
845 2351 910 2387 legis
925 2360 972 2379 ca-

178 2397 264 2432 pitula
291 2397 333 2424 bis
350 2402 444 2432 terque
459 2398 559 2432 populo
575 2398 714 2433 praecepit,
732 2398 868 2433 frequenti
886 2400 971 2427 tradi-

178 2444 253 2470 tione
276 2435 435 2470 tnemoriam
457 2451 554 2471 eorum
576 2443 748 2472 auditoribus
783 2446 968 2481 promulgatis.

178 2488 262 2516 Multo
270 2488 355 2524 magis
369 2493 459 2515 tamen
474 2489 601 2516 mandata
622 2497 684 2523 quae
696 2490 882 2518 necessariora
895 2495 970 2523 sunt,

178 2535 288 2562 sicutet
313 2543 432 2569 praesens
458 2535 635 2569 mandatum;
655 2539 766 2570 propter
776 2536 848 2570 quod
861 2541 888 2563 et
906 2537 971 2564 illud

178 2589 334 2615 proponens
349 2581 464 2615 pridem,
494 2588 556 2608 cum
582 2581 616 2608 de
640 2581 779 2609 sacriﬁciis
801 2583 971 2617 praeciperet,

178 2634 240 2653 cum
257 2631 285 2653 et
296 2634 346 2653 nos
363 2627 444 2661 plene
460 2627 493 2654 de
504 2626 591 2653 hocin
615 2627 705 2662 primo
720 2627 790 2655 libro
806 2628 888 2663 hujus
920 2629 972 2656 Le—

177 2673 267 2699 viticac
282 2672 709 2707 interpretationisdiscussimus
722 2683 728 2700 :
744 2682 808 2701 ecce
822 2683 896 2703 nunc
912 2684 972 2703 rur-

178 2727 226 2747 sus
238 2719 441 2754 recapitulabit,
471 2725 501 2746 ut
524 2727 574 2746 nos
593 2720 712 2747 breviter
745 2721 969 2756 recapitulemus,

177 2774 239 2801 quae
255 2773 393 2800 nuncper
422 2766 508 2793 multa
532 2765 661 2793 diximus.
694 2765 863 2794 Sacriﬁcium
894 2768 967 2795 enim

177 2811 297 2839 salutare
311 2811 446 2839 immolari
457 2811 630 2847 praecipiens,
662 2813 749 2847 ipsum
780 2819 853 2840 recte
867 2814 967 2847 innuit,

1062 2310 1126 2337 Vult
1139 2310 1278 2346 legislator
1293 2313 1322 2336 ut
1336 2316 1386 2335 nos
1402 2308 1522 2336 invicem
1537 2308 1691 2343 diligamus,
1720 2311 1822 2334 amato-

1027 2364 1124 2391 resque
1152 2363 1302 2391 pauperum
1326 2363 1376 2382 nos
1403 2362 1464 2382 esse
1491 2354 1639 2386 desiderat,
1659 2360 1822 2388 semperque

1025 2397 1205 2437 elecmosynis
1218 2402 1338 2434 studere,
1358 2409 1432 2428 nunc
1455 2401 1565 2436 quidem
1595 2401 1691 2427 dantes
1721 2400 1822 2434 egenti-

1024 2450 1086 2480 bus,
1105 2457 1180 2476 nunc
1194 2453 1285 2475 autem
1296 2456 1351 2475 non
1366 2448 1504 2483 exigentes
1524 2455 1584 2482 qua)
1614 2446 1693 2473 nobis
1708 2446 1820 2478 debent,

1026 2495 1073 2523 sed
1084 2499 1111 2522 et
1127 2495 1312 2522 concedentes
1327 2494 1366 2521 eis
1393 2493 1521 2528 colligere
1545 2499 1722 2527 quascunque
1754 2491 1820 2518 reli-

1025 2542 1103 2577 quias
1118 2541 1241 2568 omnium
1257 2541 1401 2572 bonorum,
1416 2548 1477 2574 qua:
1493 2548 1507 2566 a
1537 2539 1592 2566 Deo
1613 2539 1711 2566 donata
1739 2538 1819 2564 nobis

1026 2592 1099 2620 sunt,
1116 2586 1279 2622 repcrerint,
1293 2591 1320 2613 et
1341 2587 1440 2613 imitari
1456 2595 1519 2613 eum
1543 2586 1589 2620 qui
1613 2585 1734 2614 domuit,
1763 2592 1817 2610 non

1026 2638 1130 2661 tantum
1143 2633 1355 2666 misericordem,
1374 2633 1421 2660 sed
1438 2638 1465 2660 et
1480 2633 1526 2668 qui
1555 2633 1647 2660 multa:
1664 2631 1817 2659 miseratio-

1023 2680 1065 2706 nis
1081 2683 1123 2706 est
1152 2684 1234 2714 atque
1248 2679 1357 2706 dicitur.
1378 2679 1411 2706 Et
1436 2685 1581 2714 propterea
1606 2684 1750 2711 metentes,
1771 2683 1818 2706 aut

1023 2723 1134 2750 omnino
1148 2723 1359 2755 vindemiantcs,
1374 2724 1474 2750 iterare
1485 2725 1580 2751 eodem
1594 2729 1717 2759 tempore
1732 2724 1816 2759 ipsam

1023 2777 1173 2796 messuram
1204 2769 1422 2805 viudemiamque
1451 2778 1506 2797 non
1525 2771 1734 2806 praecepitzsed
1765 2777 1817 2797 nec

1024 2824 1055 2843 ex
1071 2820 1126 2843 toto
1138 2821 1240 2844 metere
1271 2821 1317 2844 aut.
1334 2817 1500 2845 vindemiarc
1528 2819 1653 2851 saucivit,
1672 2819 1720 2846 sed
1733 2819 1816 2847 relin~

213 2916 236 2932 "
251 2914 339 2944 Exod.
357 2923 412 2948 xvr,
432 2915 478 2942 26.
517 2916 539 2932 ⁷⁶
555 2916 564 2943 1
583 2916 654 2943 Tim.
673 2925 701 2951 tt,
720 2917 745 2944 ι.
786 2918 807 2932 ⁷7
827 2917 925 2945 Hoan.
945 2927 983 2952 HI,
1005 2918 1049 2946 ‘2l.
1089 2919 1110 2935 ⁷³
1142 2919 1199 2947 Jac.
1218 2928 1253 2952 iv,
1271 2919 1312 2947 15.
