2056 3148
238 168 305 199 ιῦῗῖὶ

829 167 1009 196 HESYClill
1028 164 1263 196 PRESBYTERI

1799 154 1865 188 υἷΞὶ

235 234 320 260 quere
333 226 463 259 quasdam
484 225 641 251 omnimodo
656 224 768 259 pauperi
786 229 813 251 et
829 225 964 259 proselyto
990 224 1024 251 de
1039 227 1060 255 Α
1076 224 1137 259 quia
1151 222 1297 257 exspectavi
1308 226 1334 248 ut
1348 222 1444 256 faceret
1458 227 1547 250 uuam,
1557 223 1581 245 et
1593 214 1790 252 fecttspinas“.
1801 213 1868 245 Quae

239 272 376 298 messione
398 275 426 298 et
442 270 576 297 vindemia
592 270 729 305 reliquias,
746 275 775 298 ct
801 272 866 302 Deo,
891 271 937 305 qui
972 271 1026 298 fru-

236 322 299 345 ctus
314 318 386 351 ipsos
399 315 463 342 oriri
479 315 552 348 facit,
567 316 727 350 operatoriis
740 317 886 351 gratiarum
911 316 1025 344 actioni-

238 364 289 390 bus
301 369 490 396 compensare,
507 369 558 388 nec
574 361 628 388 ullo
640 361 720 388 modo
745 362 805 396 ejus
829 361 1025 396 dispensationi

240 408 375 443 ingratum
391 408 540 434 exsistere:
557 407 600 434 cui
614 407 773 441 quibusdam
788 408 896 442 quidem
918 407 1026 434 divitias

235 455 300 480 dare
315 453 424 488 placuit,
437 453 497 480 aliis
508 458 599 480 autem
621 454 679 481 sine
711 455 802 481 labore
820 454 918 480 nutriri
931 454 964 480 de
984 461 1027 480 re-

238 500 328 534 liquiis
341 500 516 527 abundantius
533 500 658 531 aliorum,
681 505 710 528 ut
726 506 753 528 et
784 508 876 527 eorum
891 500 935 534 qui
954 499 1026 527 divi~

237 553 277 574 tes
300 554 372 580 sunt,
399 548 576 582 dispensatio,
590 552 617 575 et
633 556 781 583 pauperum
805 551 907 582 quanta
919 546 954 574 sit
977 553 1026 580 pa-

238 593 331 619 tientia
342 593 479 627 probetur.
495 593 568 625 Quos
584 593 645 627 quia
665 601 716 620 nec
736 593 798 620 odio
827 593 918 623 habet,
946 599 997 618 nec
1011 599 1026 618 a

237 647 285 665 sua
311 638 481 674 providentia
506 639 613 673 repulit,
638 639 710 673 quod
737 639 845 673 quidam
868 638 1027 671 insipienter

237 687 344 717 putant,
371 683 498 717 pauperis
526 689 552 710 et
575 683 701 718 prosclyti
729 683 886 710 memoriam
914 682 1024 714 faciens,

237 728 309 755 illico
319 729 440 755 subdidit
458 737 464 754 :

273 773 333 807 Ego
354 781 411 798 sum
436 772 561 799 Dominus
597 772 664 799 Deus
698 778 790 800 vester.
818 772 937 798 Primum
970 772 1028 806 qui-

238 819 299 845 dem
323 818 397 844 illum
426 819 611 851 manifestans,
635 819 684 853 qui
713 819 810 845 divites
830 818 1027 846 facitzdcindc

238 871 301 890 eum
328 864 372 898 qui
403 871 452 898 pro
471 865 548 891 nobis
572 873 674 899 pauper
699 862 817 891 edoctus
839 870 890 895 est,
928 870 955 892 et
980 866 1026 900 qui

239 906 388 940 proselytus
419 907 444 933 in
468 912 538 934 terra
563 916 611 935 sua
629 909 714 935 fartus
740 914 781 936 est
804 909 852 936 .in
875 910 1025 943 sitisenim,

238 951 312 978 velut
326 951 353 977 in
365 951 471 983 alienis,
489 953 678 988 peregrinatus
692 959 742 985 est,
758 962 809 981 nec
825 955 914 982 locum
925 955 1027 983 habens

241 997 266 1023 in
282 1001 352 1023 terra
364 997 515 1024 diversorii.
537 998 593 1025 Non
609 1000 681 1027 cnim
710 1001 837 1035 pauperis
859 1007 886 1028 et
902 1001 1027 1036 prosclyti

239 1042 389 1076 sust'ipcret
408 1051 561 1077 personant,
582 1045 602 1072 si
614 1053 661 1072 cos
681 1051 861 1074 aversaretur.
882 1047 958 1074 Unde
980 1056 1028 1082 per

241 1088 323 1115 David
335 1089 404 1116 dixit
423 1097 428 1114 :
447 1089 560 1124 Prop/er
576 1092 709 1119 miseriam
721 1093 838 1127 inopum,
852 1099 874 1119 ct
904 1095 1028 1129 genitum

239 1141 397 1168 pauperum,
413 1142 481 1161 nunc
509 1144 658 1171 exsurgant,
681 1138 743 1164 dicit
776 1138 903 1165 Dominus
916 1139 947 1165 79.
977 1139 1029 1166 Sed

240 1183 383 1212 postquam
401 1180 471 1208 hanc
487 1182 640 1214 reperimus
653 1182 796 1210 utilitatem
817 1183 925 1212 litterae.
957 1183 1030 1211 inte—

241 1224 262 1250 ri
275 1233 340 1251 )rem
358 1226 382 1252 in
401 1234 431 1252 ea
444 1226 610 1253 intellectum
627 1227 844 1256 consideremus.
859 1230 927 1256 Cum
956 1230 1029 1258 enim

239 1278 304 1306 ager
317 1271 351 1298 sit
369 1272 496 1304 mundus,
516 1273 746 1306 quemadmodum
768 1275 846 1302 nobis
860 1275 985 1302 Christus
993 1277 1031 1302 zi-

241 1317 542 1352 zaniornmparabolam
557 1317 739 1353 interpretans
752 1320 896 1354 tradidit”,
908 1330 1030 1349 messura

241 1370 306 1389 vero
319 1363 473 1399 evangelica
488 1363 621 1396 doctrina,
638 1365 708 1391 s'cut
718 1373 811 1392 rursus
829 1366 895 1393 dixit
909 1367 1031 1401 discipli-

211 1435 213 1439 λ
240 1408 273 1437 iis
285 1410 415 1437 Dominus
434 1419 439 1436 :
464 1410 553 1437 Mt‘ssis
572 1411 676 1444 quidem
693 1411 786 1442 multa,
802 1413 916 1446 operarii
945 1418 1032 1440 autem

241 1457 327 1490 pauci.
341 1456 439 1491 Rogato
449 1465 509 1492 ergo
533 1456 672 1483 Dominum
703 1458 802 1488 messis,
823 1463 848 1484 ut
870 1459 956 1485 titillat
970 1467 1032 1494 opt:-

242 1504 326 1530 rarios
340 1503 365 1529 in
383 1511 488 1529 messem
498 1511 574 1529 suam
589 1503 623 1528 3‘.
661 1502 738 1536 Quod
769 1512 852 1538 opere
875 1504 1031 1539 cxplanans,

240 1549 386 1576 duodecim
399 1548 546 1582 discipulos
559 1557 591 1575 ex
608 1549 647 1575 eis
667 1549 838 1581 convocavit,
866 1550 941 1577 cteis
962 1551 1033 1577 illico

242 1593 353 1620 \crbmu
373 1593 522 1620 doetrinale
547 1593 693 1620 commisit.
718 1595 816 1628 Aperte
845 1604 893 1630 per
914 1604 946 1623 ea
974 1605 1034 1631 qua:

241 1647 314 1666 nunc
345 1639 414 1666 dicta
438 1643 512 1670 sunt,
538 1640 673 1674 lcgislalor
699 1641 856 1669 doctoribus
875 1642 1031 1669 Jud:eorum

242 1685 379 1719 prmccpit,
408 1694 578 1721 nequaquam
601 1687 684 1714 totius
698 1687 762 1722 legis
783 1687 1033 1722 interpretationem

242 1739 289 1758 eos
302 1735 458 1764 attrectare,
476 1733 524 1759 scd
544 1733 642 1759 cedere
663 1733 784 1767 qua-dam
799 1734 910 1768 pauperi
927 1740 954 1761 et
971 1742 1035 1769 pro-

242 1777 343 1812 sclyto,
359 1777 517 1805 doctoribus
538 1779 662 1806 videlicet
686 1780 807 1814 gentium
825 1789 830 1806 :
850 1789 982 1815 pauperes
995 1786 1035 1808 et-

242 1824 352 1850 euitnhi
371 1830 444 1857 Slllli,
465 1826 526 1859 quia
544 1826 640 1859 spiritu
667 1835 800 1860 pauperes
825 1835 885 1854 esse
909 1828 1034 1862 prazcepti

243 1875 317 1901 sunt,
330 1876 357 1897 ct
367 1871 399 1898 ad
424 1879 472 1899 cos
499 1872 638 1899 dicebatur
657 1882 662 1898 :
682 1873 757 1900 Beati
775 1882 902 1908 pauperes
929 1875 1035 1909 spiritu,

241 1918 302 1952 quia
318 1919 433 1952 ipsorum
452 1923 487 1945 cst
516 1927 625 1953 regnum
642 1920 764 1946 ru'lurunt
781 1921 802 1935 ⁸¹
821 1929 826 1945 :
846 1921 973 1956 proseiyti
990 1930 1037 1948 au-

242 1968 307 1993 tem,
323 1968 350 1989 ut
371 1971 442 1990 nunc
458 1964 621 1998 semetipsos
639 1964 797 1999 cogitationi
809 1964 923 1992 Abrahm
939 1966 1036 1993 subin-

242 2010 372 2040 l'crentes,
394 2013 420 2036 et
435 2010 468 2036 ad
484 2009 566 2036 Deum
581 2012 743 2037 accedentes
771 2011 852 2038 modo
868 2020 915 2045 per
944 2012 1033 2038 fiderit.

243 2055 314 2090 Ergo
332 2056 383 2084 hoc
396 2057 468 2091 quod
485 2057 582 2092 legitur
601 2065 606 2082 :
623 2057 683 2083 Non
706 2057 814 2084 occides
831 2066 836 2083 :
851 2057 909 2084 Non
926 2058 1035 2084 adulte-

242 2102 325 2133 rabis,
345 2102 667 2130 doceantctJudaeorum
696 2103 830 2130 doctores.
861 2104 1037 2138 Quaecunque

242 2150 333 2172 autem
347 2147 529 2174 necessariam
552 2147 652 2173 habent
665 2147 923 2179 contemplatiom-m
937 2153 965 2174 et
993 2148 1036 2174 in-

245 2191 467 2224 terr-relationem
482 2212 489 2222 ,
502 2193 584 2219 veluti
602 2201 632 2218 ea
649 2201 708 2226 qnze
724 2198 788 2219 sunt
804 2193 837 2220 de
853 2194 1037 2220 inundationi—

1077 269 1319 304 quondamq‘amen
1335 265 1512 301 paucissimos
1543 270 1664 290 racemos
1679 260 1804 292 habebat,
1825 259 1867 286 di-

1078 322 1222 340 versorum
1259 318 1414 347 temporum
1439 311 1537 345 iustos,
1564 312 1675 346 propter
1694 313 1762 341 quos
1784 304 1866 332 etiam

1079 360 1160 387 totius
1176 360 1261 386 viuere
1273 366 1366 386 curam
1391 364 1477 391 usque
1491 355 1625 390 quoddam
1640 358 1756 387 tempus,
1774 355 1866 386 pater-

1079 405 1192 432 familias
1206 405 1290 440 gessit
1318 404 1589 431 Dcmonstratautcm
1606 404 1633 427 et
1655 400 1706 426 hoc
1732 398 1813 425 Isaias
1830 398 1868 424 di-

1078 460 1143 478 cens
1161 460 1166 476 :
1188 451 1322 484 Quomodo
1335 451 1361 480 ,si
1376 449 1525 477 inveniatur
1545 454 1655 482 granum
1679 445 1706 471 in
1733 445 1815 474 botro,
1843 447 1867 469 et

1078 499 1182 525 dicatur
1196 506 1204 524 :
1216 497 1255 525 Ne
1271 498 1380 532 dissipes
1399 496 1474 527 illud,
1493 495 1616 524 quoniam
1633 492 1795 519 benedictum
1809 496 1867 522 est;

1077 545 1115 571 sic
1130 544 1228 578 faciam
1243 547 1348 578 propter
1365 550 1450 570 servos
1470 549 1550 572 meos,
1580 544 1607 567 ut
1638 547 1693 568 non
1717 537 1867 572 dispertiunt

1079 596 1161 617 totum
1173 591 1205 616 ³⁵.
1220 590 1275 617 llos
1286 597 1351 625 ergo
1365 595 1486 616 racemos
1512 586 1620 614 sibimet
1635 585 1759 619 colligere
1769 583 1866 615 Judaei,

1078 637 1143 664 etin
1159 636 1216 663 suis
1233 636 1334 663 divitiis
1354 634 1539 662 thesaurizare
1564 640 1618 659 non
1649 635 1772 666 possunt,
1804 629 1867 663 quia

1078 691 1172 711 eorum
1184 683 1266 710 vitam
1281 682 1394 709 minime
1410 685 1475 708 sunt
1495 678 1585 710 zelati,
1608 677 1721 712 pauperi
1738 680 1828 703 autem
1841 679 1869 702 et

1079 736 1125 756 eos
1140 728 1274 763 proselyto
1293 727 1460 761 relinquunt.
1478 725 1626 752 Nobiscum
1637 722 1710 749 enim
1727 725 1867 760 suntpro-

1079 775 1178 809 phctm,
1197 779 1224 802 et
1239 779 1369 808 quotquot
1382 773 1447 807 justi
1471 771 1543 806 apud
1570 769 1699 804 populum
1725 767 1867 794 Judaicum

1079 822 1198 852 fuerunt,
1214 820 1240 847 in
1257 824 1361 847 tantum
1383 823 1412 846 ut
1437 816 1577 845 memoriae
1592 823 1685 843 eorum
1698 823 1712 841 a
1729 813 1807 841 nobis
1818 820 1868 839 an-

1079 866 1121 893 nis
1136 866 1248 903 singulis
1263 866 1432 892 honorentur
1448 870 1455 889 :
1470 861 1542 896 quod
1556 861 1628 896 apud
1640 861 1700 887 illos
1716 867 1772 886 non
1787 859 1825 890 lit,
1839 863 1869 884 ut

1078 913 1265 947 experimento
1278 916 1458 946 cognoscatur
1482 909 1632 938 veridicum
1660 906 1781 934 divinqu
1809 904 1867 932 elo-

1078 958 1182 992 quium.
1360 977 1362 979 τ

1115 1004 1197 1031 Vsus.
1219 1003 1262 1030 Η.
1284 1013 1294 1029 ί
1310 1003 1370 1030 Non
1392 1002 1498 1030 facietis
1518 1001 1619 1029 furtum
1638 1010 1644 1027 :
1669 999 1727 1027 Non
1750 997 1866 1025 mentie-

1079 1050 1165 1077 mini:
1183 1049 1239 1077 Nec
1257 1049 1374 1083 decipiet
1387 1049 1574 1083 unusquisque
1590 1046 1744 1082 proximum
1759 1052 1840 1071 suum
1859 1053 1865 1070 :

1080 1097 1139 1124 Non
1158 1096 1314 1131 periurabis
1330 1096 1356 1122 in
1371 1095 1481 1122 nomine
1496 1102 1557 1122 meo
1577 1102 1584 1120 :
1608 1092 1667 1120 Non
1688 1090 1792 1126 pollues
1825 1096 1871 1116 no-

1082 1150 1143 1169 men
1159 1141 1206 1168 Dci
1225 1141 1274 1168 tui.
1289 1140 1344 1176 Ego
1358 1140 1498 1167 Dominus.
1517 1148 1526 1165 ι

1117 1188 1197 1214 Fines
1219 1187 1298 1214 nobis
1326 1187 1405 1214 bona:
1431 1184 1648 1213 conversationis
1672 1182 1808 1217 legislator
1827 1189 1871 1208 os-

1085 1233 1183 1266 tendit,
1203 1232 1338 1267 simulque
1361 1237 1389 1258 et
1410 1235 1533 1266 peccata,
1547 1238 1630 1265 quam
1644 1230 1678 1256 ad
1704 1236 1734 1256 se
1752 1227 1870 1255 invicem

1082 1282 1199 1308 habeant
1213 1279 1414 1315 cognationem,
1428 1277 1520 1304 tradit.
1538 1277 1605 1309 Qua:
1626 1275 1700 1303 enim
1717 1282 1768 1302 nos
1788 1280 1871 1309 parva

1082 1331 1219 1360 putamus,
1234 1324 1351 1351 maxima
1365 1326 1442 1350 sunt:
1457 1321 1590 1356 siquidem
1603 1321 1630 1347 in
1651 1318 1803 1349 mendacio,
1814 1317 1872 1344 sin-

1083 1371 1163 1405 gulis,
1179 1374 1208 1396 nt
1219 1370 1254 1396 ita
1266 1369 1364 1401 dicam,
1381 1368 1477 1395 diebus
1493 1366 1613 1394 solemus
1638 1364 1808 1398 delinquere,
1830 1362 1871 1389 vel

1084 1416 1152 1447 loco,
1173 1415 1214 1442 vel
1226 1414 1326 1447 studio,
1343 1413 1522 1447 similiterque
1547 1409 1727 1446 iurisiurandi
1744 1405 1872 1443 praevari-

1084 1462 1201 1488 catione.
1219 1460 1282 1487 [hcc
1305 1465 1395 1486 autem
1414 1459 1440 1485 in
1465 1463 1569 1484 tantum
1595 1460 1660 1484 sunt
1677 1462 1771 1489 parva,
1797 1457 1872 1480 utea

1084 1506 1158 1532 furto
1172 1505 1367 1539 coniungeret:
1389 1508 1417 1530 ct
1432 1507 1514 1532 recte.
1532 1502 1595 1536 quia
1621 1501 1723 1528 furtum
1744 1501 1874 1532 operatur

1047 1568 1068 1596 ε
1086 1551 1246 1586 plerumque
1277 1549 1461 1577 mendacium.
1486 1549 1600 1582 Propter
1632 1545 1705 1581 quod
1726 1543 1876 1571 Zacharial

1086 1597 1229 1632 propheta,
1247 1596 1343 1623 falcem
1359 1603 1441 1630 quam
1453 1593 1654 1628 contemplatus
1671 1596 1713 1619 est
1727 1588 1876 1626 longitudi-

1086 1643 1129 1670 nis
1156 1643 1309 1671 cubitorum
1337 1641 1444 1676 viginti,
1477 1644 1504 1667 et
1538 1638 1690 1666 latitudinis
1720 1637 1876 1665 cubitorum

1086 1690 1192 1721 decem,
1209 1694 1301 1716 contra
1312 1689 1384 1715 iures
1403 1695 1474 1719 eam,
1485 1690 1512 1712 et
1528 1691 1622 1713 contra
1635 1684 1759 1719 periuros
1775 1690 1876 1710 exacu-

1088 1741 1140 1762 tam
1159 1735 1366 1766 demonstravit,
1378 1734 1418 1761 ait
1430 1734 1501 1761 enim
1514 1742 1520 1760 :
1535 1732 1700 1768 Iugredietur
1713 1730 1740 1756 in
1768 1730 1876 1756 domum

1087 1783 1163 1817 furis,
1175 1786 1199 1808 et
1218 1781 1357 1816 perjuri“.
1373 1780 1426 1807 Sed
1439 1784 1466 1807 et
1476 1779 1604 1807 omnibus
1614 1777 1731 1813 peccatis
1744 1783 1876 1811 coopera-

1088 1832 1132 1853 tur
1157 1826 1346 1856 mendacium,
1376 1832 1548 1860 nequaquam
1578 1823 1651 1850 enim
1687 1824 1878 1855 corrumperet

1088 1872 1205 1899 Thamar
1245 1872 1407 1902 Ammon“,
1442 1871 1463 1898 si
1498 1869 1703 1904 corruptionem
1734 1867 1877 1894 mendacio

1090 1919 1171 1945 David
1201 1918 1340 1952 decipiens
1372 1917 1566 1951 praevenisset:
1604 1915 1651 1942 sed
1688 1922 1740 1942 nec
1770 1913 1876 1940 Naboth

1089 1966 1230 1992 Istacliten
1252 1964 1361 1991 Jelabel
1390 1963 1566 1995 occideret“,
1591 1962 1643 1989 nisi
1663 1961 1756 1988 falsam
1781 1964 1877 1987 contra

1088 2020 1151 2038 cum
1167 2018 1215 2045 per
1232 2010 1354 2036 seniores
1371 2005 1807 2044 accusationem,composuisset:
1825 2004 1878 2031 Be-

1089 2058 1188 2084 ncdixit
1215 2056 1268 2083 Deo
1289 2061 1313 2082 et
1339 2056 1402 2090 regi.
1438 2055 1472 2081 Et
1490 2054 1548 2080 hac
1575 2053 1685 2087 quidem
1715 2060 1776 2079 cum
1803 2051 1878 2078 omni

1088 2103 1249 2135 subtilitate,
1279 2106 1384 2136 utpote,
1413 2100 1470 2127 Deo
1495 2099 1646 2131 Sanciente,
1664 2097 1876 2125 custodiamus:

1088 2158 1149 2177 cum
1165 2149 1207 2175 his
1221 2153 1312 2175 autem
1325 2151 1351 2173 cl.
1367 2147 1449 2178 furto,
1465 2154 1520 2173 non
1549 2147 1607 2173 solo
1631 2153 1684 2180 quo
1702 2145 1728 2171 in
1755 2143 1879 2178 pecuniis

1088 2195 1208 2230 delinqui
1223 2198 1321 2229 potest,
1346 2193 1392 2220 sed
1417 2198 1445 2220 et
1468 2192 1502 2219 ab
1517 2192 1592 2219 omni
1613 2191 1665 2218 alio
1693 2189 1879 2223 nosmetipsos

246 2237 306 2265 lius,
320 2237 353 2263 dc
377 2238 526 2270 sacrificiis,
544 2244 571 2266 et
585 2239 636 2265 alia
648 2239 757 2272 similia,
770 2239 926 2267 doctoribus
942 2245 969 2268 et
982 2240 1033 2268 Ec-
1050 2244 1071 2271 D
1086 2241 1271 2268 abstineamus
1282 2259 1289 2272 ,
1313 2238 1386 2273 quod
1412 2245 1454 2265 εει
1480 2238 1614 2264 malitiose
1641 2237 1713 2264 circa
1740 2235 1879 2270 proximos

244 2283 332 2310 clrs‘a:
343 2284 450 2310 tri-dant.

275 2329 309 2354 Et
322 2337 379 2364 qui}:
398 2329 561 2356 (lorirluutdc
577 2339 693 2357 massam
725 2339 824 2357 eorum.
844 2331 871 2358 ld
890 2335 941 2362 est,
957 2338 1032 2365 quae-

244 2383 353 2409 cunque
369 2380 485 2402 cernunt
498 2384 545 2402 eos
571 2377 807 2412 transgredientia,
830 2385 890 2411 qua:
907 2377 1033 2404 videlicet

244 2421 378 2456 ignorant.
397 2422 474 2448 Unde
487 2422 560 2448 enim
574 2427 688 2457 possunt
712 2423 803 2450 dicere
827 2423 893 2458 legis
920 2423 1034 2458 figurata

245 2467 382 2501 mysteria,
410 2475 471 2493 cum
495 2467 555 2501 ejus
580 2468 723 2495 veritatem
749 2468 872 2495 Christus
892 2473 1033 2503 postquam

244 2512 363 2543 advenit,
391 2513 551 2540 tradiderit?
565 2513 649 2541 Vinea
666 2519 756 2541 autem
781 2514 838 2548 ipse
854 2514 970 2548 populus
986 2514 1035 2541 Ju-

244 2557 363 2584 d.corum
376 2558 525 2591 dicebatur,
538 2560 609 2593 quod
619 2559 788 2586 demonstrat
802 2559 874 2586 Deus
882 2567 930 2594 per
939 2559 1034 2586 lsaiam

245 2600 463 2630 (Ιίριιιιεῃῑνίηδα
477 2605 546 2630 enim
561 2605 665 2631 Domini
681 2605 806 2636 Salutat/1,
831 2606 923 2632 dmnus
950 2605 1035 2632 Israel

245 2653 292 2675 (πει.
313 2648 364 2675 Ista
381 2649 501 2676 fructum
514 2650 656 2677 mulierem
671 2659 725 2677 non
737 2651 853 2684 ferebat,
869 2651 895 2678 in
912 2660 966 2686 quo
975 2660 1034 2678 eam

247 2695 453 2729 reprehendens
470 2704 518 2730 per
530 2696 602 2723 Isaiae
616 2698 787 2732 prophetiam
804 2699 933 2726 Dominus
949 2699 1033 2725 dixit:

247 2741 315 2771 Quid
333 2741 430 2775 faciant
447 2741 527 2767 vineta
544 2750 606 2768 mea:
621 2743 706 2769 adhuc
728 2744 796 2778 quod
812 2745 835 2769 ei
851 2752 901 2770 non
913 2744 1037 2778 fecerint?

283 2839 305 2854 τ’
322 2839 419 2867 l’sulrn.
438 2849 474 2873 Xt,
491 2841 517 2867 (ἶ.

554 2841 576 2856 ⁸η
593 2841 817 2873 Μ.11111.Χ111,50.

248 2873 363 2903 “lacti.
381 2885 404 2909 v,
422 2877 447 2903 5.

487 2878 508 2891 ⁸⁷
525 2877 544 2903 ll
561 2877 626 2912 Ἆρες.
642 2885 699 2904 λιιι.
738 2878 760 2892 ⁸”¹
774 2878 808 2904 ιιι
826 2878 890 2914 “eg.
911 2887 965 2905 ut.

855 2844 875 2858 "
892 2844 955 2870 Luc.
974 2851 998 2875 .v,
1014 2845 1040 2870 ἓ.
1067 2843 1192 2869 “Matth.
1208 2851 1233 2874 ν,
1252 2843 1278 2870 '5.

1004 2879 1025 2895 ⁸⁹
1039 2878 1107 2906 Gen.
1123 2887 1164 2910 XL,
1190 2877 1230 2905 i5.

1088 2291 1178 2318 agere,
1194 2283 1349 2317 malumque
1376 2281 1549 2316 eisoperari,
1580 2287 1608 2308 ct
1634 2281 1721 2308 moliri
1747 2280 1880 2306 adversus

1088 2337 1136 2356 eos
1152 2333 1280 2360 mortem,
1298 2327 1341 2355 vel
1362 2327 1464 2362 fugam,
1491 2330 1538 2353 aut
1562 2327 1732 2356 servitutem,
1761 2325 1802 2351 vel
1827 2324 1879 2351 alia

1087 2375 1185 2402 similia
1199 2374 1291 2401 dolosa
1300 2378 1381 2407 atque
1396 2372 1510 2400 nefaria.
1532 2372 1610 2399 Unde
1636 2371 1785 2405 ctJoseph,
1804 2370 1830 2396 in
1849 2378 1879 2396 se

1087 2421 1249 2456 iniustitiam
1268 2429 1282 2447 a
1304 2419 1434 2447 fratribus
1459 2419 1569 2449 factam.
1589 2418 1691 2445 furtum
1720 2415 1882 2452 appellavit,

1086 2469 1120 2496 ad
1136 2467 1286 2503 principem
1303 2467 1507 2501 pincernarum,
1523 2465 1617 2492 dicens
1631 2474 1637 2491 :
1658 2464 1789 2490 Memento
1817 2463 1879 2492 mei,

1086 2522 1144 2540 cum
1159 2513 1222 2540 bene
1238 2513 1284 2539 tibi
1300 2512 1388 2547 fuerit,
1407 2516 1435 2538 ut
1453 2519 1580 2546 suggeras
1603 2511 1634 2536 de
1659 2518 1699 2536 me
1725 2508 1877 2539 Pharaoni,

1086 2565 1109 2587 et
1125 2560 1218 2586 educat
1232 2567 1270 2585 nte
1284 2559 1315 2584 de
1331 2559 1379 2584 ista
1389 2565 1502 2588 currere,
1522 2557 1583 2592 quia
1605 2557 1674 2591 furtu
1690 2554 1809 2582 sublatus
1820 2562 1879 2579 sum

1086 2607 1117 2633 de
1133 2612 1203 2633 terra
1216 2604 1427 2632 Ilebm’orum”.
1442 2603 1597 2629 Ilevitentus
1615 2606 1706 2628 autem
1719 2604 1747 2627 ct
1768 2599 1880 2626 menda~

1086 2652 1170 2684 cium,
1181 2651 1207 2678 in
1222 2658 1276 2685 quo
1287 2650 1396 2684 quidam
1407 2649 1458 2677 sub
1470 2647 1693 2688 specievcritatis
1704 2646 1880 2680 delinquunt,

1087 2697 1250 2724 calumniam
1268 2696 1401 2723 facientes
1416 2695 1541 2730 proximo
1563 2694 1650 2729 magis
1677 2697 1769 2720 mente
1797 2698 1880 2725 quam

1091 2744 1192 2778 lingua,
1205 2742 1434 2777 quemadmodum
1451 2741 1479 2768 hi
1495 2741 1540 2776 qui
1557 2740 1686 2767 dixerunt
1699 2739 1732 2765 de
1751 2737 1881 2764 Domino.

1317 2843 1341 2858 "
1355 2842 1407 2869 lsa.
1422 2850 1448 2875 γ,
1459 2843 1485 2868 'l.
1525 2842 1547 2858 "
1563 2841 1627 2868 ibid.
1667 2841 1689 2856 ⁸³
1706 2840 1756 2866 Ιεει.
1778 2847 1839 2871 uv,
1851 2839 1877 2866 8.
