2056 3148
207 234 277 265 1025

781 237 821 266 ΙΝ
843 237 1062 268 LEVITICUM.
1075 250 1111 255 -
1126 238 1198 268 LIB.
1215 239 1264 270 Vl.

1763 243 1831 278 1026

205 292 277 318 Dia-it
306 290 415 319 Passum
432 293 530 320 soluere
548 294 672 327 teniplum
685 294 740 327 ltoc,
757 299 780 320 et
795 296 822 321 in
839 295 921 322 tribus
937 296 993 322 Δειν-
1007 300 1030 327 Α
1047 296 1072 323 in
1091 296 1162 329 cibo,
1178 297 1224 324 sed
1244 301 1270 324 et
1285 304 1332 331 per
1349 298 1421 326 hunc
1430 299 1511 326 etiam
1527 300 1552 326 in
1567 301 1641 329 vita?
1656 302 1740 331 vitam
1759 303 1831 331 enim

204 341 249 365 t-us
262 337 395 372 ardiﬁcarc
421 339 528 365 illud”.
554 339 674 367 Lectttus
700 340 789 367 fuerat
805 341 913 375 quidem
936 341 994 368 ha‘c

205 383 348 414 Dominus,
376 385 485 418 quando
503 385 588 412 Judaei
608 386 640 412 ad
656 394 718 412 cum
744 386 888 413 dixerunt:
918 385 992 418 Quod

203 431 305 465 signum
323 431 437 457 ostendis
451 432 522 458 trabis
533 432 596 465 quia
613 433 668 459 lucc
685 433 769 467 facis?
784 433 842 466 Ipse
855 437 944 459 autem
959 433 992 460 ad

203 483 250 502 cos
269 485 275 502 :
293 475 391 502 Soluite
402 477 527 510 templum
545 478 601 508 hoc,
618 482 642 503 et
658 478 684 503 in
704 478 786 503 tribus
808 478 896 504 diebus
908 478 993 511 wdiﬁ-

203 522 265 549 rubo
279 522 388 549 illud".
415 522 467 550 Sed
484 530 538 549 non
566 523 716 550 secundum
731 523 803 550 illam
827 523 922 550 dicens
941 523 993 550 hoc

203 569 395 600 intentionem,
412 568 563 595 secundum
586 577 667 603 qualn
689 569 717 596 hi
731 569 777 603 qui
807 569 991 596 testimonium

203 618 298 642 contra
327 622 390 641 eum
417 614 528 645 dabant,
557 615 718 641 dixerunt:
735 615 842 642 Dicebat
866 616 936 642 enim
961 615 992 642 de

205 660 302 694 templo
320 660 436 694 corporis
451 661 502 687 sui.
517 660 557 686 llli
576 664 666 686 autem
683 660 740 687 brcc
756 660 827 687 sicut
843 661 876 688 de
891 661 992 695 templo

204 706 277 732 dicta
296 706 452 733 Jtidmoruin
479 706 684 738 asseverabant,
704 706 776 733 unde
794 714 842 734 eos
862 711 890 734 et
910 707 991 734 falsos

203 758 289 780 testes
313 754 335 768 θ’
369 753 483 788 spiritus
502 753 658 787 appellavit.
681 753 733 781 Pro
758 754 880 788 perjurio
901 759 992 781 autem

204 799 380 834 Septuaginta
395 800 494 826 edunt:
518 799 578 826 Non
606 800 723 826 levabitis
745 808 836 826 nomen
860 807 944 826 meum
964 800 992 826 in

203 846 342 879 injustam.
371 845 568 879 Jusjurandum
598 853 663 872 vero
679 846 706 872 in
728 845 829 879 injuste
861 849 913 876 est.
937 852 991 872 non

202 892 288 918 solum
307 891 379 925 quod
404 891 607 925 praevaricator,
628 891 674 918 sed
701 891 781 918 etiam
802 891 873 926 quod
891 891 991 926 injuste

202 937 364 968 custoditur,
395 937 477 964 veluti
503 937 583 972 quale
607 937 673 963 illud
692 937 752 969 fuit,
771 937 843 971 quod
869 936 990 963 llerodes

203 983 264 1010 lile
289 982 449 1010 llerodiudis
475 983 588 1017 jurans,
609 983 725 1010 Joannis
754 983 882 1017 Baptistae
905 986 987 1016 caput

201 1029 342 1056 abscidit:
373 1029 518 1064 oportebat
542 1029 613 1056 enim
640 1029 691 1056 hoc
709 1037 772 1056 eum
798 1029 988 1063 jusjurandum

162 1096 171 1101 .
202 1085 256 1103 non
271 1076 402 1111 praebere,
422 1081 566 1110 postquam
584 1079 674 1102 tamen
687 1075 798 1109 juravit,
821 1083 875 1101 non
896 1079 990 1102 custo-

203 1123 272 1155 dire,
290 1123 353 1157 quia
379 1123 442 1150 talia
468 1127 647 1154 sacramenta,
673 1129 724 1148 nec
746 1121 853 1148 initium
881 1128 989 1147 sumere

202 1169 274 1196 Deus
289 1169 355 1200 vult,
372 1168 420 1195 sed
434 1175 486 1194 nec
512 1167 649 1194 sumentia
666 1167 699 1193 ad
721 1166 801 1193 finem
830 1166 987 1200 pervenire;

203 1214 275 1241 unde
287 1214 394 1241 dicens:
407 1213 465 1239 Non
479 1213 597 1239 levabitis
621 1220 714 1239 nomen
735 1220 821 1238 meum
837 1212 863 1238 in
878 1212 986 1246 injuste.

203 1259 377 1286 addiditzEt
406 1267 457 1284 non
482 1258 658 1292 profanabitis
687 1265 780 1284 nomen
809 1257 914 1283 Domini
942 1256 989 1282 Dei

202 1305 299 1337 vestri,-
319 1305 390 1339 quod
406 1304 561 1339 Hieronymi
577 1302 719 1330 translatio
736 1303 832 1330 edidit.

237 1351 298 1378 Non
314 1351 414 1385 pollues
429 1357 523 1376 nomen
534 1349 582 1376 Dei
594 1349 642 1375 tui.
658 1347 799 1381 Quomodo
819 1353 910 1376 autem
927 1348 990 1382 quis

204 1397 270 1424 illud
288 1396 426 1430 profanat,
451 1395 513 1422 dico
537 1403 544 1421 :
562 1394 589 1421 id
607 1399 660 1426 est,
678 1394 749 1421 male
762 1394 899 1427 faciendo,
927 1393 988 1428 quia

201 1442 395 1477 jusjurandum
406 1441 555 1476 transgredi
572 1448 627 1467 non
642 1444 742 1474 potest.
757 1439 929 1474 AtquiDeus,
941 1447 989 1474 per

203 1498 283 1525 quem
295 1489 416 1521 intravit,
430 1489 457 1515 in
474 1492 579 1514 tantum
595 1487 666 1514 bona
681 1488 749 1520 vult,
763 1487 838 1521 quia,
851 1487 902 1514 etsi
927 1494 988 1521 per-

204 1535 310 1562 miserit
335 1535 369 1562 de
386 1533 548 1568 quibusdam
572 1533 713 1564 terribilia,
737 1532 773 1559 illi
791 1538 881 1560 autem
902 1532 988 1566 pteni-

205 1586 325 1614 luerunt,
345 1589 399 1608 non
420 1581 509 1608 tardat
521 1580 621 1606 mutari
652 1579 828 1610 sententiam,
854 1585 988 1612 suumque

202 1634 359 1655 sermonem
375 1634 429 1653 non
443 1626 592 1661 refragare,
602 1630 632 1653 ut
643 1625 771 1660 quiddam
786 1624 865 1652 nobis
880 1624 988 1658 pietatis

203 1673 353 1708 impendat,
362 1676 472 1707 propter
481 1671 554 1706 quod
569 1671 690 1698 addidit:
705 1671 761 1705 Ego
771 1670 906 1697 Dominus.
921 1669 989 1702 Qua-

202 1717 256 1745 lis?
269 1719 303 1746 de
318 1726 372 1753 quo
393 1718 431 1744 ait
451 1716 527 1744 Jonte
552 1716 706 1752 prophetia,
733 1716 842 1751 quando
863 1716 990 1743 Ninivitae

202 1766 405 1802 jejunaverunt,
433 1769 461 1792 et
481 1768 637 1796 oraverunt,
654 1769 682 1791 et
706 1763 833 1798 pmnituit
854 1764 938 1790 Deum
956 1763 989 1790 de

204 1812 306 1840 malitia
315 1819 395 1846 quam
405 1811 512 1837 locutus
525 1814 576 1843 est,
587 1814 616 1836 ut
629 1809 731 1837 faceret
741 1809 792 1841 eis,
805 1813 832 1836 et
847 1816 902 1835 non
914 1808 988 1836 fecit.

202 1858 286 1886 Multa
301 1863 392 1885 autem
409 1863 438 1884 et
449 1857 501 1884 alia
518 1855 676 1890 hujusmodi
688 1856 828 1890 prophette
851 1855 987 1882 dixerunt.

240 1905 320 1932 Vens.
336 1905 378 1936 l5,
396 1904 438 1930 id.
458 1912 468 1929 ι
490 1903 549 1930 Non
571 1902 655 1930 facies
680 1901 843 1928 calumniam
867 1898 990 1933 preximo

205 1958 260 1984 tuo,
275 1959 325 1978 nec
347 1951 373 1977 vi
402 1949 541 1984 opprimes
570 1955 644 1975 eum.
670 1946 728 1973 Non
755 1945 902 1972 morabitur
921 1950 990 1977 opus

203 1997 367 2026 mercenarii
394 1997 464 2030 apud
487 2000 511 2024 te
532 2002 620 2030 usque
643 2000 734 2021 mane.
760 1991 819 2018 Non
844 1989 989 2017 maledicos

203 2045 295 2075 surdo,
315 2051 366 2070 nec
382 2050 475 2070 coram
499 2049 572 2069 casco
601 2046 687 2075 pones
709 2036 914 2067 oﬂ‘endieulmn,
941 2034 990 2061 sed

204 2091 314 2119 timebis
329 2091 414 2117 Deum
433 2093 521 2120 tuum,
536 2087 598 2122 quia
611 2093 661 2120 ego
676 2093 736 2111 sum
750 2083 892 2110 Dominus.
907 2091 915 2106 ι

239 2137 320 2164 Vides
330 2134 558 2170 quemadmodum
568 2131 697 2167 paulatim
709 2130 751 2157 lex
774 2129 833 2163 ejus
846 2128 890 2162 qui
903 2128 989 2162 legem

201 2183 318 2218 accepit,
333 2181 404 2209 colat
422 2185 551 2212 mentem,
575 2183 602 2205 ct
627 2186 657 2206 ea
684 2185 745 2211 qua:
761 2176 887 2203 videntur
908 2181 989 2208 parva

201 2228 344 2264 conjunuit
358 2227 472 2262 magnis,
487 2230 517 2253 ut
532 2226 627 2252 timore
650 2223 769 2251 definitae
793 2222 821 2248 in
843 2219 988 2264 majoribus

203 2273 323 2309 peccatis
337 2279 436 2307 pmnte.
454 2274 481 2296 et
496 2277 510 2296 a
526 2268 679 2295 minoribus
694 2266 889 2293 abstineamus.
912 2263 989 2290 Sicut

1005 976 1025 1005 Β

1002 1648 1023 1677 C

1046 343 1074 368 in
1089 342 1322 377 cihoquotidiano
1334 345 1417 372 ducit.
1445 345 1516 380 Ergo
1530 350 1557 372 et
1575 346 1597 373 si
1618 351 1739 376 crastmo
1764 348 1833 375 rcci-

1044 389 1112 423 piat,
1128 389 1192 423 quia
1208 390 1346 423 praeterito
1363 391 1417 423 die,
1443 392 1469 418 in
1485 401 1539 426 quo
1552 393 1668 421 laborem
1688 395 1831 428 sustinuit,

1043 435 1327 470 permansitjcjunus.
1341 438 1395 464 vim
1412 439 1522 472 pertulit
1538 444 1565 466 et
1581 441 1745 468 calumniam
1770 450 1833 476 pas-

1045 489 1092 510 sus
1108 487 1159 508 est.
1174 483 1208 509 Et
1219 483 1292 517 quod
1304 483 1366 510 aliis
1379 485 1530 512 substantia
1544 490 1595 517 est,
1613 487 1665 513 hoc
1685 492 1749 514 sunt
1761 495 1832 514 mer-

1045 527 1126 554 cedes
1149 526 1351 554 laborantibus:
1382 536 1446 563 ergo
1473 535 1546 556 recte
1567 531 1606 557 vis
1629 531 1708 557 etiam
1734 532 1831 559 horum

1043 575 1161 609 privatio
1171 575 1281 601 dicitur.
1298 575 1351 602 Sed
1361 580 1389 602 et
1401 577 1447 610 qui
1461 577 1598 604 maledicit
1613 579 1705 610 surdo,
1717 579 1830 606 multant

1044 625 1134 653 nocet,
1151 625 1179 647 ct
1198 621 1242 654 qui
1260 622 1337 655 ponit
1352 629 1443 649 coram
1461 624 1540 649 caecis
1562 624 1769 656 ol'l‘endieulum,
1800 626 1827 652 in

1043 674 1097 701 quo
1112 667 1228 701 pedibus
1243 667 1392 695 offendant.
1410 669 1436 695 ls
1460 669 1568 703 quidem
1595 669 1642 704 qui
1657 671 1756 697 surdus
1778 676 1829 702 est.

1043 713 1107 740 dum
1124 713 1304 745 maledicitur,
1325 718 1449 746 nocetur,
1480 722 1535 741 non
1555 715 1641 741 solum
1659 717 1721 750 quia
1737 717 1771 743 de
1798 725 1830 744 eo

1043 758 1206 791 detrahitur,
1220 760 1266 786 sed
1285 759 1348 793 quia
1364 764 1390 786 et
1405 760 1561 792 emendare,
1580 765 1627 787 aut
1645 760 1704 788 haec
1722 769 1827 793 cavere,

1044 805 1071 831 in
1087 805 1186 839 quibus
1213 805 1246 832 de
1269 813 1302 832 eo
1324 805 1487 838 detrahitur,
1511 814 1565 833 non
1586 811 1685 841 potest.
1705 807 1757 834 Sed
1779 815 1830 834 nec

1043 858 1131 876 cmcus
1144 850 1179 876 ab
1191 847 1368 881 oﬂ‘endiculo,
1385 851 1456 884 quod
1471 851 1495 877 ci
1514 851 1636 884 ponitur,
1651 852 1788 879 custodire
1801 860 1831 880 se

1042 900 1139 930 potest.
1157 896 1254 922 Evenit
1264 900 1354 922 autem
1369 902 1392 922 et
1407 897 1471 923 huic
1484 901 1509 923 et
1525 897 1563 923 illi
1575 905 1606 923 ex
1621 901 1736 931 utroque
1746 905 1829 929 mors,

1043 949 1114 968 caro
1134 941 1255 975 quidem,
1279 942 1343 968 dum
1370 942 1520 968 conteritur
1548 949 1596 976 per
1613 941 1824 970 offcndiculum:

1041 987 1124 1013 surdo
1137 991 1227 1013 autem
1243 987 1408 1019 maledictio,
1420 987 1495 1022 quasi
1515 987 1548 1014 de
1563 987 1686 1021 l‘rincipe
1696 988 1830 1015 detraxis-

1042 1036 1093 1062 sot,
1107 1036 1154 1058 aut
1168 1031 1241 1058 aliud
1250 1031 1388 1066 quidpiam
1403 1032 1520 1064 fecisset,
1540 1033 1613 1067 quod
1627 1033 1652 1060 ei
1679 1034 1828 1066 periculum

1042 1077 1190 1111 ingereret,
1223 1078 1397 1110 semetipsum
1416 1077 1528 1105 minime
1554 1079 1710 1113 currigenti,
1735 1079 1829 1106 ethoc

1041 1122 1114 1156 quod
1139 1123 1248 1150 videtur
1273 1130 1334 1150 esse
1359 1131 1484 1158 parvum,
1503 1124 1575 1158 quod
1601 1132 1617 1151 a
1643 1124 1735 1161 multis
1756 1132 1828 1159 saepe

1041 1169 1199 1196 ludentibus
1213 1169 1390 1204 delinquitur,
1419 1170 1516 1196 transit
1536 1171 1569 1197 ad
1595 1176 1725 1197 mortem:
1756 1173 1828 1198 unde

1040 1214 1122 1240 nimis
1140 1220 1294 1248 opportune
1318 1214 1402 1241 David
1418 1215 1573 1247 dixitcum,
1588 1217 1632 1250 qui
1655 1216 1681 1242 in
1704 1217 1828 1243 cathedra

1040 1260 1205 1295 pestilentiw,
1233 1261 1260 1287 id
1286 1265 1338 1293 est,
1360 1261 1542 1287 deridentium
1560 1269 1611 1287 non
1635 1262 1742 1289 sedit“.
1772 1262 1827 1289 Nos

1040 1310 1130 1333 autem
1147 1306 1182 1332 ad
1195 1306 1290 1333 eadem
1302 1314 1396 1333 rursus
1413 1307 1585 1340 exsequenda
1598 1315 1751 1342 pergamus.
1767 1308 1828 1334 Non

1041 1353 1113 1379 enim
1146 1352 1234 1379 solum
1262 1353 1440 1386 pecuniarum
1459 1353 1623 1379 calumniam
1656 1358 1682 1380 et
1709 1354 1763 1380 vim
1786 1354 1827 1380 lex

1041 1397 1196 1432 prohibuit,
1208 1398 1255 1424 sed
1270 1403 1298 1425 et
1308 1406 1415 1425 onmem
1428 1398 1518 1430 aliam,
1534 1403 1561 1425 ct
1575 1399 1658 1426 multo
1670 1399 1753 1434 magis
1767 1407 1826 1426 eam

1040 1450 1101 1477 qua:
1117 1443 1199 1469 estin
1213 1442 1392 1476 spiritalibus,
1411 1449 1440 1469 ut
1464 1451 1519 1470 non
1539 1444 1650 1478 gloriam
1667 1444 1827 1479 arripiamus

1040 1489 1164 1521 alterius,
1179 1496 1230 1516 nec
1245 1489 1318 1523 quod
1333 1489 1445 1516 alterius
1465 1489 1556 1516 labore
1570 1494 1721 1517 correctum
1737 1495 1787 1520 est,
1799 1491 1825 1516 in

1040 1533 1244 1567 nobismetipsis
1261 1533 1442 1566 attrahamus,
1466 1538 1579 1568 propter
1594 1535 1664 1568 quod
1686 1539 1712 1561 ct
1727 1534 1827 1561 I’aulus

1039 1578 1163 1605 diccbat:
1180 1579 1239 1605 Non
1254 1579 1322 1606 enim
1342 1579 1430 1606 aliena
1444 1579 1547 1613 regula,
1565 1580 1591 1606 in
1607 1580 1646 1605 Itis
1661 1585 1824 1614 qua'parata

1039 1629 1110 1655 sunt,
1129 1624 1239 1659 gloriari
1249 1625 1282 1650 ".
1299 1624 1332 1651 Et
1344 1632 1448 1657 rursus,
1460 1624 1589 1652 donatum
1605 1624 1656 1650 sibi
1667 1625 1729 1652 dicit
1747 1632 1828 1651 evan-

1040 1669 1168 1704 gelizare,
1184 1677 1240 1696 non
1258 1669 1303 1696 ubi
1319 1670 1476 1697 nominatus
1486 1675 1528 1697 est
1541 1669 1678 1702 Christus,
1696 1674 1731 1696 ne
1747 1677 1828 1704 super

1040 1714 1151 1741 alterius
1171 1715 1376 1741 fundamentum
1391 1715 1579 1742 aedificaret".
1596 1715 1717 1742 Alterum
1736 1720 1826 1742 autem

1040 1760 1152 1787 alterius
1168 1760 1354 1795 interpretatio
1365 1765 1417 1788 est.
1429 1761 1543 1788 Nolebat
1553 1761 1626 1787 enim
1638 1760 1826 1795 praajudicare.

1041 1806 1087 1833 ubi
1114 1806 1184 1833 alter
1207 1806 1374 1841 praedicavit,
1400 1811 1428 1834 ut
1448 1814 1503 1833 non
1528 1806 1668 1833 mercedes
1695 1806 1829 1840 arriperet

1040 1852 1152 1880 alienas.
1166 1853 1204 1879 De
1223 1852 1265 1879 his
1281 1852 1354 1879 enim
1369 1852 1538 1879 mercedibus
1550 1851 1750 1886 aitlegislator:
1768 1850 1828 1877 Non

1041 1899 1187 1925 morabitur
1204 1906 1267 1932 opus
1287 1899 1442 1924 mercenarii
1455 1899 1526 1932 apud
1541 1903 1566 1924 te
1584 1906 1666 1932 usque
1686 1905 1772 1924 unane.

1077 1943 1136 1971 Non
1157 1946 1212 1978 jam
1238 1943 1457 1978 prtedieantibus,
1475 1944 1522 1970 sed
1546 1944 1634 1970 adhuc
1659 1943 1828 1970 discentibus

1041 1990 1174 2017 mandans
1183 1997 1236 2016 non
1253 1989 1400 2024 negligere,
1415 1996 1465 2015 nec
1480 1989 1598 2016 otiosum
1612 1989 1682 2024 apud
1699 1997 1727 2016 se
1738 1989 1827 2016 sinere

1040 2034 1180 2062 doctorale
1196 2034 1325 2066 verbum;
1345 2034 1532 2061 mercenarius
1556 2035 1628 2061 enim
1646 2035 1694 2062 Dei
1712 2039 1764 2066 est,
1782 2033 1826 2068 qui

1041 2081 1170 2115 praedicat
1197 2080 1311 2107 verbum
1342 2080 1412 2114 ejus.
1439 2079 1543 2106 Merccs
1570 2084 1663 2106 autem
1700 2080 1759 2114 ejus
1787 2083 1827 2106 est

1041 2125 1185 2152 retributio
1201 2124 1415 2159 prtedicationis,
1432 2124 1522 2150 veraci
1537 2124 1674 2151 existente
1692 2123 1773 2158 hujus
1788 2123 1826 2150 rei

1041 2175 1109 2198 teste
1123 2169 1218 2202 Paulo,
1237 2169 1283 2203 qui
1299 2169 1365 2196 dicit
1384 2178 1390 2195 :
1410 2168 1474 2200 Quae
1490 2173 1526 2195 est
1547 2177 1608 2203 ergo
1631 2176 1729 2194 merces
1749 2167 1828 2194 mea?

1043 2215 1073 2242 Ut
1097 2213 1269 2248 Evangeiium
1304 2212 1468 2246 praedicans,
1500 2212 1557 2250 sine
1589 2217 1694 2246 sumptu
1729 2219 1826 2246 ponam

1041 2259 1213 2294 Euangeliunt
1225 2258 1363 2285 Christi".
1375 2257 1550 2291 Septuaginta
1561 2262 1651 2284 autem
1661 2257 1745 2284 edunt
1754 2266 1759 2283 :
1767 2257 1826 2283 Non

202 2302 276 2347 enim
296 2302 345 2345 eis.
358 2316 497 2344 sociantur
523 2314 555 2347 in
579 2312 718 2345 mandato,
745 2311 780 2337 ita
806 2314 833 2336 ct
857 2310 885 2335 in
910 2316 987 2343 ptena
1004 2316 1026 2343 ι)
1040 2306 1152 2333 dormiet
1168 2312 1264 2331 merces
1281 2303 1436 2330 mercenarii
1453 2303 1491 2328 tui
1506 2304 1577 2336 apud
1591 2302 1630 2334 te,
1646 2311 1726 2337 usque
1740 2310 1824 2328 mane.

203 2366 362 2396 sociantur;
378 2363 441 2397 quia
458 2361 502 2396 qui
514 2360 595 2395 legem
607 2364 689 2385 totam
709 2356 857 2388 servaverit,
876 2355 988 2389 olfendat

202 2417 291 2438 autem
317 2410 344 2436 in
367 2417 429 2439 uno,
444 2409 529 2443 factus
546 2410 583 2432 est
606 2405 722 2431 omnium
740 2403 839 2430 rcus“.
866 2401 918 2428 Sed
936 2408 988 2428 nec

202 2459 301 2486 frustra
318 2455 463 2484 calumnia:
479 2444 696 2486 vim'conjunxit
713 2459 719 2477 :
733 2458 793 2484 qua:
808 2449 879 2475 enim
908 2447 987 2474 did‘e-

203 2503 290 2531 rentia
303 2506 344 2529 est
357 2501 429 2535 apud
446 2508 507 2527 cum
524 2498 568 2533 qui
586 2498 667 2524 rebus
691 2497 747 2523 suis
767 2498 850 2525 caret,
875 2493 932 2520 sive
949 2493 985 2524 vi,

203 2551 260 2577 sive
272 2547 356 2576 artnis
373 2547 499 2577 forsitan,
527 2548 574 2571 aut
590 2543 712 2578 potentia
730 2541 859 2576 qualibet,
874 2539 922 2567 vel
939 2546 988 2573 per

202 2594 466 2623 circumventionem
483 2591 657 2626 iudiciorum,
673 2592 720 2615 aut
742 2587 845 2618 fraude,
860 2585 903 2613 vel
919 2592 987 2619 quo-

202 2642 268 2669 libet
284 2641 336 2667 alio
352 2639 434 2666 simili
462 2637 543 2665 modo
559 2637 601 2663 his
624 2634 734 2662 careat?
754 2633 806 2660 Sed
831 2636 857 2658 et
873 2631 917 2666 qui
943 2630 988 2657 die

204 2690 258 2712 tota
274 2687 402 2719 operatus
415 2687 466 2712 est,
482 2685 510 2708 ut
521 2680 657 2714 acciperet
674 2677 823 2708 mercedes,
841 2684 873 2702 ex
889 2674 988 2710 quibus

202 2739 264 2759 cum
277 2730 349 2761 filiis,
369 2733 396 2756 et
419 2735 515 2759 uxore,
542 2731 569 2754 et
593 2724 751 2760 parentibus
769 2721 989 2757 exspectantibus

203 2778 311 2804 easdem
323 2775 464 2802 mercedes
481 2774 594 2804 viveret,
617 2775 645 2798 et
660 2778 714 2797 non
728 2769 842 2803 accepit,
861 2767 908 2795 sed
922 2767 989 2794 dila-

203 2829 247 2851 tus
257 2826 309 2855 est,
318 2828 410 2849 nonne
422 2819 585 2848 calumniam
597 2822 624 2845 et
636 2817 689 2844 vim
704 2815 823 2851 patitur?
832 2822 886 2841 non
899 2814 987 2841 solum

239 2921 261 2937 '°
277 2920 428 2947 Marcuxtv.
445 2918 489 2945 58.
543 2917 564 2933 °'
586 2916 663 2943 Joan.
679 2923 709 2946 ιι,
727 2915 767 2940 lii.

823 2911 953 2938 “Matth.
977 2919 1031 2937 xlv.

1041 2352 1110 2384 Quia
1126 2351 1200 2378 enim
1230 2349 1350 2377 dormire
1365 2348 1531 2383 negligentes
1559 2348 1699 2378 dicuntur,
1713 2347 1826 2373 demon«

1041 2402 1109 2425 strat
1124 2396 1265 2427 Dominus.
1283 2394 1423 2428 discipulis
1438 2394 1594 2420 mandatum
1610 2393 1689 2419 dans.
1706 2391 1826 2426 Vigilate,

1040 2444 1103 2480 quia
1133 2443 1239 2470 nescitis
1265 2450 1318 2475 qua
1343 2441 1407 2466 liora
1435 2439 1564 2466 Dominus
1595 2443 1678 2465 vester
1704 2442 1827 2464 venturus

1041 2495 1079 2517 est
1088 2489 1122 2516 9⁸.
1138 2489 1192 2516 Sed
1205 2494 1232 2516 ct
1245 2488 1353 2523 quando
1364 2485 1565 2515 dormientibus
1577 2483 1742 2515 hominibus,
1754 2483 1829 2510 vidc-

1040 2537 1105 2563 licct
1133 2535 1353 2570 negligentibus.
1383 2532 1521 2560 seminare
1552 2530 1660 2558 dicebat
1687 2529 1827 2555 inimicum

1041 2582 1189 2613 zizaniam;
1208 2588 1287 2608 mane
1302 2579 1374 2606 enim
1397 2579 1518 2606 futurttm
1537 2576 1666 2603 smculum
1690 2579 1742 2607 est,
1765 2574 1827 2608 quia

1040 2628 1116 2655 nocti
1130 2627 1271 2662 praesentis
1282 2626 1344 2653 vita:
1361 2625 1492 2655 succedit,
1506 2628 1532 2650 et
1542 2624 1587 2650 lux
1600 2620 1829 2656 inexslinguibilis

1041 2673 1068 2700 in
1086 2681 1119 2700 eo
1133 2672 1246 2699 habitat.
1268 2671 1327 2698 Non
1349 2678 1413 2705 ergo
1433 2673 1541 2704 oportet
1553 2668 1670 2695 otiosum
1684 2673 1743 2693 esse
1758 2665 1827 2699 apud

1041 2728 1091 2747 nos
1107 2720 1249 2746 doctorum
1273 2718 1386 2745 verbum
1413 2724 1461 2752 per
1474 2723 1554 2742 omne
1572 2716 1624 2742 hoc
1650 2719 1767 2747 tempus,
1785 2711 1828 2738 cui

1042 2765 1125 2792 futuri
1140 2764 1270 2798 temporis
1287 2771 1367 2790 mane
1379 2761 1511 2793 succedit,
1522 2761 1585 2795 quia
1599 2764 1626 2787 et
1646 2759 1672 2785 in
1698 2758 1748 2784 hoc
1761 2764 1829 2784 ava-

1043 2811 1103 2837 ritia
1115 2815 1144 2838 et
1160 2809 1294 2844 injustitia
1307 2809 1334 2835 in
1353 2807 1511 2835 doctoribus
1526 2808 1698 2836 exercentur,
1722 2809 1828 2830 merce-

1086 2910 1108 2926 “
1126 2909 1184 2936 Jac.
1199 2918 1227 2941 ιι,
1243 2909 1285 2936 10.
1339 2908 1361 2924 ³³
1376 2907 1446 2934 Psal.
1461 2915 1478 2938 ι,
1496 2906 1518 2932 1.
1573 2905 1595 2919 ’⁵
1609 2904 1631 2931 ll
1643 2903 1709 2930 Cor.
1731 2910 1760 2935 ι,
1786 2899 1828 2929 16.

200 2955 222 2971 ’⁸
239 2945 380 2988 acilii,
393 2954 439 2981 20.
478 2954 497 2969 "'
513 2954 522 2981 Ι
538 2951 600 2980 Cor.
614 2959 650 2985 ix,
668 2950 710 2978 18.
748 2948 770 2965 ⁵⁸
786 2948 882 2976 Matth.
895 2955 964 2979 xxtv,
979 2947 1050 2974 Met
1067 2945 1183 2978 xxv,15.
