2056 3148
237 248 303 280 ῙΟΞἹ

832 235 1016 267 HESYCIIII
1036 233 1276 264 PRESBYTERI

1804 232 1871 264 1028

233 309 295 336 dem
313 303 499 341 perdenlibus,
511 308 572 335 qua:
588 299 627 326 eis
642 306 675 326 ex
688 297 813 333 proiectu
829 295 1025 341 discipulorqu
1043 297 1063 325 Λ
1080 294 1130 341 nis,
1151 294 1213 328 quia
1235 293 1367 341 judicium
1385 292 1432 319 Dei
1455 292 1532 341 est]:
1544 291 1614 341 lirgo
1640 291 1672 341 εἰ.
1686 292 1726 318 vis
1747 300 1872 326 persona:

233 338 391 381 deberetur.
417 349 467 375 l’er
490 346 603 374 surdum
619 349 710 371 autem
735 347 762 370 et
784 348 897 373 caecum,
916 347 965 367 eos
979 338 1025 373 qui

232 394 427 425 inobedieutiae
442 399 470 420 et
489 390 651 428 ignorantia:
673 388 769 416 morbo
792 387 961 417 detinentur,
984 384 1027 410 les.

233 443 334 474 innuit,
355 441 389 468 ad
408 439 481 474 quod
500 438 583 465 Isaias
598 435 683 463 dixit:
700 433 791 465 Surdi,
805 432 906 464 audite,
919 435 943 458 et
954 430 1027 462 tta-ci,

233 489 374 517 intuemini
384 487 418 513 ad
428 485 570 513 uidendum
582 483 616 510 ".
638 481 669 508 lli
683 488 738 508 non
756 477 936 506 maledicendi
953 481 1028 508 sunt,

235 536 284 563 sed
299 532 478 564 admonendi,
504 531 527 558 si
554 535 645 556 tamen
669 535 717 554 eos
741 525 865 553 converti
894 524 1028 551 volumus.

237 581 316 608 Unde
331 583 360 606 et
381 577 492 608 Paulus,
514 574 640 608 eumqui
667 573 748 599 docet
771 571 798 598 in
820 568 1031 597 mansuetudine

236 627 337 654 docere
351 632 410 656 eos,
431 623 477 657 qui
495 620 698 652 contradicunt,
716 616 876 645 doctoribus
892 614 1029 645 Ecclesize,

236 671 368 708 praecepit
378 670 397 697 ³.
415 669 469 696 Sed
483 675 535 695 nec
549 665 650 694 oﬂ‘endi
670 672 732 692 cum
748 664 789 690 eis
803 662 870 689 falsa
883 661 1031 708 Adicentes,

237 706 288 745 aut
298 720 411 752 agentes
425 714 558 741 debemus
572 710 639 738 eliici
654 718 661 743 ;
674 710 726 736 hoc
737 708 810 735 enim
825 706 925 734 Paulus
939 706 1032 740 prohi-

239 765 320 795 bens,
340 767 422 796 atque
434 759 587 794 corrigens,
605 755 730 790 scripsit:
749 753 778 781 Si
789 753 848 788 quis
858 753 948 779 tiderit
962 760 1032 784 eum,

241 810 287 845 qui
299 808 377 834 habet
394 805 542 835 scientiam,
554 803 581 829 in
598 801 678 828 idolio
698 799 975 845 recuntbent-cinsnon
1003 798 1034 845 de

242 841 400 880 conscientia
419 849 487 883 ejus,
510 855 569 873 cum
590 846 622 872 sit
651 845 772 878 inﬁrma,
801 841 979 876 tedificabitur
1000 841 1035 867 ad

242 897 458 925 manducandum
476 892 651 926 idolathytum
667 891 688 915 ¹.
713 888 741 915 Si
769 887 836 923 legis
861 892 917 915 tam
943 886 1034 913 littera

243 952 326 980 quam
341 942 438 977 spiritu
449 939 538 975 iuvari
554 944 714 973 possumus.

279 990 360 1017 Vens.
376 989 419 1015 15.
443 996 452 1012 ‹
470 987 525 1014 Nec
549 985 634 1012 facies
661 983 733 1018 quod
759 982 883 1017 iniquum
906 985 959 1013 est,
986 987 1037 1007 nec

244 1030 501 1069 injustejudicabis.
516 1029 571 1056 Nec
586 1027 747 1055 consideres
762 1033 907 1061 personam
935 1032 1038 1060 paupe-

245 1080 293 1111 ris,
319 1086 370 1105 nec
403 1078 522 1104 honores
545 1075 649 1102 vultum
679 1073 809 1108 potentis.
837 1072 913 1100 iuste
945 1071 1038 1105 judica

246 1125 375 1160 proximo
397 1128 453 1150 tuo.
481 1121 542 1149 Non
564 1121 619 1147 eris
640 1119 799 1146 criminator
818 1123 847 1145 et
868 1124 983 1144 susurro
1010 1116 1037 1142 in

209 1179 219 1188 ’
248 1169 365 1204 populis.
382 1168 440 1195 Non
455 1166 540 1194 stabis
552 1169 648 1193 contra
664 1164 824 1199 sanguinem
845 1161 962 1198 proximi
988 1161 1038 1188 tui.

248 1217 303 1251 Ego
315 1215 454 1242 Dominus.
478 1223 487 1238 ι

285 1259 345 1287 Νοη
366 1258 517 1294 quamlibet
531 1256 675 1292 justitiam,
690 1255 738 1283 sed
760 1261 907 1285 summam,
928 1257 955 1280 et
976 1260 1042 1288 pcr-

250 1305 348 1332 l'ectam
361 1303 474 1334 studeri,
500 1303 542 1328 lex
558 1301 676 1328 maxime
693 1301 719 1327 in
743 1299 924 1335 praesentibus
938 1298 1041 1326 consti-

250 1352 313 1381 tuit,
335 1355 409 1377 recto
427 1349 526 1375 itinere
547 1348 698 1382 ordiueque
722 1346 888 1382 procedens,
913 1351 943 1372 ut
967 1345 1042 1380 prius

250 1397 375 1423 videatur
408 1394 574 1430 pauperibus
607 1394 695 1428 legem
721 1393 890 1420 constituere
907 1413 914 1425 ,
942 1391 1043 1419 deinde

251 1442 422 1477 potentibus,
459 1448 491 1467 ac
518 1440 617 1467 deinde
643 1439 813 1474 principatus
838 1444 863 1467 et
895 1443 1044 1474 potestates

254 1488 430 1519 habentibus,
462 1491 492 1514 ut
509 1494 558 1521 per
586 1486 638 1513 hoc
654 1486 793 1517 ostendat,
821 1492 965 1520 personam
987 1492 1043 1511 non

252 1533 347 1560 deberi
369 1532 467 1567 accipi.
485 1531 544 1559 Non
570 1531 672 1558 furtum
696 1531 780 1562 enim,
806 1538 858 1557 nec
879 1530 1043 1557 calumniam

255 1579 356 1610 facere,
379 1585 430 1604 nec
454 1578 547 1611 jurarc
574 1577 601 1603 in
631 1577 752 1611 iniusto,
778 1575 829 1602 etsi
851 1575 980 1603 divitibus
1002 1575 1045 1602 vel

1080 340 1181 366 donare
1195 339 1326 374 potentis,
1341 346 1466 373 personae
1485 337 1532 364 Dei
1546 338 1616 365 dona
1630 347 1636 364 :
1657 337 1743 364 tlonus
1767 343 1871 370 autent,

1074 383 1101 410 'si
1116 383 1149 410 ad
1162 391 1266 418 partem
1281 387 1307 409 te
1319 382 1432 417 justitire
1444 381 1604 412 contuleris,
1620 381 1674 408 illic
1684 381 1756 408 enim
1772 381 1871 409 habet:

1080 429 1143 464 quia
1175 429 1268 464 justus
1290 428 1418 454 Dominus
1430 428 1567 462 justitiam
1591 427 1692 459 dilexit,
1721 428 1873 462 a'qut'latem

1081 475 1148 501 uidet
1165 474 1251 500 vultus
1279 474 1372 508 ejus“:
1402 473 1578 508 quamobrem
1602 473 1685 500 etiam
1703 481 1778 500 nunc
1800 475 1874 508 juste

1079 521 1196 555 iudicari
1214 520 1340 554 proximo
1350 519 1490 553 praecepit.
1502 518 1616 553 Oportet
1628 519 1702 546 enim
1720 527 1770 546 nos
1791 528 1875 546 nosse

1082 567 1146 601 quia
1161 567 1188 592 in
1206 573 1256 600 quo
1274 565 1491 600 judicaverimus,
1507 565 1534 591 in
1550 564 1638 591 eodem
1650 565 1875 600 judicabimur“.

1084 611 1132 638 llis
1149 610 1263 639 addidit.

1120 657 1201 684 Vens.
1222 657 1263 683 l6.
1285 667 1294 682 ε
1312 656 1371 683 Non
1401 656 1456 683 eris
1481 656 1640 685 criminator
1666 662 1693 684 et
1712 665 1825 685 susurro
1848 658 1874 684 in

1085 704 1204 739 populis.
1229 713 1239 729 ι

1123 749 1179 780 Vel,
1197 749 1265 776 sicut
1284 748 1462 784 Septuaginta
1478 748 1578 775 edunt:
1600 747 1659 774 Non
1680 748 1827 774 ambulabis
1849 750 1877 775 in

1085 794 1145 821 dolo
1169 795 1196 821 in
1218 799 1293 830 gente
1321 800 1378 821 tua.
1407 795 1466 821 Non
1494 794 1576 820 stabis
1607 799 1697 820 contra
1721 795 1877 830 sanguinem

1086 840 1202 874 proximi
1223 840 1272 866 tui.
1291 839 1358 866 Dolo
1385 839 1546 874 sanguinem
1568 839 1722 873 conjunxit,
1751 840 1880 868 videlicet

1088 886 1278 919 homicidium,
1305 886 1378 912 sicut
1392 891 1419 913 et
1440 886 1524 913 David
1549 886 1634 913 solet:
1653 886 1742 913 Virum
1769 888 1879 921 sangui-

1088 941 1150 959 num
1164 937 1188 959 et
1203 933 1321 960 dolosam
1332 933 1529 961 abominabitur
1550 932 1706 959 Dominus".
1721 933 1878 960 Etiterum:

1092 979 1145 1006 Viri
1173 981 1332 1015 sanguinaria
1368 984 1392 1006 et
1435 979 1518 1006 dolosi
1549 987 1601 1005 non
1629 979 1806 1006 dimidiabunt
1826 979 1882 1006 dies

1090 1033 1150 1052 suos
1159 1025 1181 1052 ⁸.
1196 1024 1308 1052 Gladius
1327 1025 1399 1052 enim
1411 1025 1535 1052 occultus
1552 1028 1594 1051 est
1609 1025 1696 1058 dolus,
1726 1025 1801 1052 ensis
1817 1033 1882 1051 exa-

1090 1075 1181 1103 cutus,
1197 1075 1224 1097 et
1237 1071 1324 1097 latens
1343 1071 1380 1097 ita
1397 1075 1426 1097 ut
1441 1070 1527 1098 David
1543 1078 1637 1097 rursus
1661 1070 1782 1097 diceret:
1808 1069 1882 1097 Sicut

1092 1116 1220 1142 novacula
1235 1121 1314 1142 acula
1328 1116 1412 1150 fecisti
1423 1115 1540 1142 dolum’.
1559 1116 1612 1143 Sed
1628 1123 1680 1143 nos
1694 1116 1772 1143 abeo
1781 1116 1883 1143 veloci-

1091 1165 1134 1187 ter
1158 1161 1332 1193 recedamus,
1361 1166 1577 1196 cxpavescenles
1604 1161 1680 1188 illum
1704 1169 1753 1195 pro
1780 1161 1884 1195 peccati

1092 1207 1255 1238 vicinia,cui
1270 1206 1368 1233 meruit
1383 1214 1444 1233 esse
1453 1207 1627 1242 coniunctus.
1642 1207 1697 1233 Ncc
1706 1210 1801 1233 contra
1818 1214 1883 1234 san-

1092 1253 1205 1288 guinem
1225 1252 1342 1288 proximi
1365 1257 1480 1285 stemus,
1508 1253 1556 1279 sed
1585 1259 1681 1279 omnes
1708 1253 1831 1285 insidias,
1859 1258 1887 1280 ct

1093 1300 1249 1335 collegium,
1275 1299 1346 1334 quod
1366 1307 1416 1334 pro
1430 1299 1553 1333 qualibet
1576 1299 1719 1333 iniquitate
1733 1299 1772 1331 tit,
1797 1299 1887 1334 logia-

1094 1355 1166 1375 mus.
1179 1347 1248 1380 Quia
1260 1346 1370 1381 quidam
1379 1346 1555 1381 singulariter
1567 1346 1677 1378 inﬁrmi,
1686 1349 1712 1373 et
1721 1353 1770 1380 per
1784 1350 1887 1373 semet-

1095 1395 1169 1429 ipsos
1188 1401 1287 1421 nocere
1308 1401 1363 1420 non
1392 1393 1526 1426 valentes,
1554 1392 1661 1419 misceri
1681 1392 1771 1419 solent
1795 1392 1888 1419 multi-

1095 1440 1197 1473 tudini,
1209 1447 1326 1468 necesse
1341 1444 1384 1467 est
1399 1446 1442 1472 ut,
1457 1439 1567 1474 quando
1580 1439 1672 1473 plures
1687 1439 1767 1465 simul
1787 1447 1888 1466 convc-

1097 1487 1190 1518 niunt,
1218 1485 1321 1512 malitia
1367 1485 1503 1512 valentior
1531 1484 1697 1511 inveniatur.
1734 1483 1783 1510 Hic
1814 1482 1888 1509 enim

1096 1531 1252 1558 commodat
1278 1537 1400 1561 manum,
1430 1529 1500 1556 alter
1523 1529 1654 1564 linguam,
1680 1529 1749 1555 alius
1768 1528 1811 1555 bis
1828 1536 1890 1563 qua:

1097 1582 1215 1612 aguntur
1230 1584 1395 1604 consensum
1410 1576 1523 1611 praebet,
1545 1577 1613 1602 alter
1633 1576 1732 1607 innuit,
1746 1579 1774 1602 et
1788 1575 1815 1602 in
1832 1583 1889 1601 nia-

254 1623 413 1659 potentibus
425 1622 572 1656 aliquando
583 1622 726 1656 contingit,
736 1625 923 1648 verumtamen
935 1621 1041 1656 propria

1097 1625 1161 1652 litim
1175 1629 1382 1651 consumtnatur
1393 1624 1509 1650 insania,
1523 1623 1576 1651 Sed
1589 1631 1650 1650 cum
1664 1623 1708 1650 bis
1725 1623 1808 1650 etiam
1823 1621 1890 1648 illud

258 1676 408 1703 pauperum
422 1667 623 1702 quodammodo
639 1671 703 1694 sunt
714 1671 837 1701 peccata.
858 1665 910 1692 Per
926 1673 1045 1701 pauper-

258 1720 341 1743 tatem
355 1715 429 1741 enim
445 1713 542 1745 furari,
558 1718 585 1740 et
601 1713 772 1745 calumniari,
788 1717 815 1740 ct
828 1713 980 1748 transgredi
996 1720 1039 1740 sa-

259 1764 402 1787 cramenta
416 1759 542 1793 compelli
568 1759 706 1790 videntur,
723 1764 759 1785 ita
779 1764 810 1785 ut
823 1762 932 1793 sapiens
954 1758 998 1785 ille
1018 1759 1045 1784 in

257 1807 414 1834 Proverbiis
431 1806 548 1833 diceret:
560 1805 674 1832 Divitias
694 1810 718 1832 et
731 1810 914 1840 paupertatem
929 1813 959 1832 ne
970 1805 1047 1832 dede-

257 1854 294 1879 ris
308 1853 382 1883 milii,
399 1861 431 1879 ne
445 1853 512 1887 forte
527 1853 641 1879 satiatus
652 1852 750 1879 illiciar
763 1852 798 1878 ad
826 1852 983 1886 negandum,
1001 1856 1047 1878 aut

257 1903 370 1934 egestate
389 1898 549 1932 compulsus,
568 1898 651 1934 furor,
679 1903 702 1924 et
727 1897 861 1933 perjurem
884 1906 976 1925 nomen
999 1898 1048 1925 Dei

257 1945 338 1973 mei’.
357 1945 388 1972 V'i
402 1949 494 1971 autem
511 1944 674 1978 opprimere,
692 1948 719 1971 et
733 1944 905 1971 mercedibus
927 1944 1046 1979 privare,

257 1995 285 2016 et
300 1988 417 2016 irridere
433 1988 544 2015 surdum
558 1988 796 2022 autcaecum,quia
812 1988 935 2022 quaedam
951 1996 1047 2016 eorum

258 2037 323 2060 sunt
335 2032 477 2067 potentire,
494 2032 617 2066 quaedam
634 2039 698 2058 vero
712 2032 830 2067 prodiga:
848 2033 1048 2066 quodammodo

258 2078 333 2110 vitae,
348 2081 376 2104 et
387 2077 560 2108 deliciarum,
574 2076 766 2103 contumeliam
782 2077 974 2110 generantium
986 2084 1050 2111 pec-

258 2127 330 2156 cata,
351 2123 490 2157 praecipue
503 2121 629 2156 personis
641 2121 757 2148 divitum
783 2126 812 2148 ct
841 2125 982 2156 potentum
1007 2122 1049 2149 lex

259 2168 361 2195 sanciri
377 2168 487 2195 dicitur.
505 2167 653 2194 Personam
671 2170 763 2194 autem
781 2167 907 2202 accipere
933 2167 960 2194 in
975 2168 1050 2202 judi-

259 2215 313 2246 cio,
327 2213 355 2241 bi
381 2214 427 2248 qui
453 2213 662 2248 magistratuum
685 2213 833 2248 praesident
855 2213 898 2241 vel
924 2214 1048 2248 judicum

261 2260 453 2292 tribunalibus,
464 2260 696 2295 quosjudicantes
711 2267 762 2287 nec
771 2260 882 2294 quidem
898 2268 1049 2295 pauperum

1098 1671 1248 1703 intuemur,
1265 1676 1359 1698 utnon
1371 1671 1458 1697 solum
1475 1677 1537 1699 cum
1554 1670 1587 1696 de
1603 1669 1737 1704 pecuniis,
1754 1673 1801 1695 aut
1828 1668 1887 1694 aliis

1097 1717 1402 1752 similibusjudicamus,
1416 1715 1723 1750 custodiatnuspauperi
1739 1720 1766 1741 et
1784 1713 1889 1748 potenti

1098 1764 1265 1799 aequitatem.
1281 1763 1335 1790 Sed
1351 1763 1453 1797 ubique
1470 1763 1496 1789 in
1515 1762 1589 1789 omni
1615 1761 1730 1797 judicio,
1743 1761 1816 1795 quod
1835 1768 1890 1788 non

1099 1809 1186 1836 solum
1200 1809 1271 1843 apud
1288 1808 1419 1839 tribunal,
1439 1807 1485 1834 sed
1506 1808 1532 1833 in
1560 1807 1632 1834 omni
1657 1807 1848 1840 collocutione,
1865 1811 1892 1832 et

1099 1853 1234 1880 arnicabili
1250 1853 1379 1885 concilio,
1396 1857 1477 1887 atque
1492 1853 1518 1878 in
1540 1852 1663 1879 doctrina
1688 1852 1804 1886 Spiritali
1831 1859 1891 1878 rua-

1100 1897 1174 1923 xime
1195 1897 1370 1932 intelligitur.
1389 1897 1576 1924 Recordemur
1587 1897 1680 1924 Jacobi
1697 1897 1814 1924 dicentis
1836 1906 1842 1923 ί
1862 1896 1892 1923 Si

1099 1944 1231 1970 introierit
1251 1944 1279 1970 in
1307 1948 1432 1970 conventu
1450 1949 1534 1970 vestro
1566 1944 1607 1970 vir
1631 1953 1742 1971 aureum
1762 1944 1892 1970 armulum

1099 1988 1204 2021 habens,
1220 1989 1247 2015 in
1259 1993 1326 2016 veste
1339 1988 1480 2023 pra'clura,
1494 1989 1660 2024 ingrediatur
1675 1994 1763 2016 autem
1787 1994 1811 2015 et
1824 1997 1893 2023 pau-

1099 2041 1145 2067 per
1165 2035 1193 2060 in
1208 2040 1277 2061 veste
1291 2034 1411 2064 sordida,
1428 2034 1574 2060 intendatis
1596 2039 1685 2061 autem
1711 2035 1746 2061 ad
1768 2043 1826 2061 eum
1848 2035 1893 2066 qui

1100 2081 1221 2108 induitur
1233 2082 1375 2116 praeclara.
1397 2087 1422 2110 et
1446 2083 1588 2110 dixeritis:
1614 2082 1653 2109 Tu
1667 2084 1727 2110 sedc
1747 2083 1788 2109 hic
1809 2086 1892 2114 bene;

1100 2126 1210 2159 pauperi
1237 2130 1327 2152 autent
1347 2126 1467 2153 dixeritis
1480 2134 1490 2153 .'
1517 2126 1553 2153 Tit
1567 2132 1608 2153 sta
1621 2127 1685 2160 illis,
1702 2132 1748 2153 aut
1771 2127 1830 2153 sede
1844 2128 1892 2153 sub

1100 2170 1213 2198 scabello
1223 2171 1319 2205 pedum
1335 2180 1463 2205 meorum,
1493 2181 1577 2199 nonne
1586 2173 1717 2207 judicatis
1739 2173 1811 2207 apud
1833 2181 1892 2199 vos~

1101 2218 1233 2252 metipsos,
1249 2223 1273 2244 et
1290 2219 1354 2252 facti
1369 2219 1430 2245 estis
1443 2219 1546 2254 judice;
1569 2220 1758 2254 cogitationum
1784 2220 1893 2254 iniqua-

1101 2273 1160 2290 rum
1172 2264 1214 2290 ”?
1230 2263 1263 2290 Et
1279 2272 1341 2292 cum
1357 2265 1390 2292 de
1417 2265 1469 2292 hoc
1503 2265 1627 2300 quardam
1644 2265 1696 2292 alia
1719 2266 1841 2298 dixisset,
1866 2271 1894 2293 et

260 2313 392 2340 personas
410 2310 519 2340 oportet
530 2305 664 2340 accipere.
680 2305 766 2332 Nemo
792 2306 865 2332 enim
894 2306 950 2333 Deo
964 2307 1049 2334 mise-
1064 2307 1087 2335 D
1102 2314 1256 2344 opportuno
1271 2315 1394 2345 tempore
1413 2319 1542 2339 revocare
1553 2311 1586 2338 ad
1595 2312 1755 2339 memoriam
1768 2316 1890 2342 tiostrani

260 2351 395 2379 ricordior
421 2355 471 2383 est,
493 2351 539 2386 qui
567 2351 723 2378 misericors
746 2355 774 2378 et
794 2351 939 2379 miserator
964 2359 1048 2386 super

259 2407 355 2427 omnes
370 2399 542 2434 appellatur:
570 2403 761 2426 verumtamen
786 2398 882 2433 judicii
914 2403 1048 2433 tempore,

258 2454 430 2483 nequaquam
448 2447 502 2481 jam
521 2445 704 2482 ita_appcllari
719 2445 786 2477 vult,
801 2445 847 2472 sed
862 2445 963 2479 justus,
981 2449 1048 2473 teste

258 2493 343 2520 David
355 2493 402 2527 qui
417 2492 495 2525 dicit,
514 2492 584 2519 Deus
603 2492 687 2527 judcx
703 2491 802 2526 justus,
816 2492 890 2526 fartis
915 2496 938 2518 et
953 2492 1047 2527 longa-

259 2539 338 2565 nimis
349 2538 370 2565 ‘.
385 2538 440 2565 Nec
455 2539 565 2573 quidem
580 2538 702 2573 potentis
721 2541 828 2573 oportet
846 2538 972 2565 admirari
990 2546 1049 2573 per-

259 2591 354 2611 sonam
369 2584 395 2610 in
412 2584 525 2618 judicio,
555 2585 620 2619 quia
642 2584 697 2611 Deo
716 2584 806 2611 nullus
823 2588 865 2611 est
894 2585 1047 2618 potentior:

260 2630 346 2665 ipsius
361 2634 453 2657 autem
468 2636 510 2658 est
521 2631 665 2666 judicium,
678 2631 737 2665 ipse
753 2631 826 2658 enim
837 2631 1050 2666 nobisjudican-

261 2676 345 2706 tibus.
360 2677 499 2704 causantis
514 2685 659 2712 personant
671 2677 795 2711 suscipit.
812 2677 897 2712 Cujus
917 2678 955 2705 rei
971 2679 1050 2706 testis

261 2729 303 2750 cst
317 2723 387 2750 idem
401 2723 504 2758 Moyses
521 2723 549 2750 iu
569 2723 781 2750 Dcuteronomio
801 2723 837 2750 ita
853 2724 963 2752 dicens:
990 2725 1050 2752 Non

261 2767 381 2801 respicies
401 2775 539 2801 personam
562 2767 590 2792 in
601 2767 724 2801 judicio;
739 2768 880 2795 secundum
901 2777 1011 2804 parvum
1026 2775 1050 2796 ct

261 2814 540 2850 minurcmjudicabis.
557 2813 619 2840 Non
633 2813 781 2850 distinguas
802 2823 941 2850 personati:
965 2817 1050 2844 Itami-

294 2914 318 2930 “
332 2914 385 2942 lsa.
397 2921 462 2948 xui,
478 2917 519 2944 l8.

579 2918 586 2933 ι
602 2917 656 2946 Tit.
670 2912 712 2950 tu,
724 2919 752 2946 ἢ.
810 2919 819 2934 ¹
833 2919 840 2946 1
854 2917 919 2945 Cor.
932 2926 992 2947 γιιι.
1009 2919 1052 2946 10.

259 2950 270 2965 ⁵
284 2948 385 2977 Psalm.
399 2960 427 2985 x,
442 2953 468 2980 8.

507 2953 527 2969 “
540 2951 619 2980 Rom.
638 2955 707 2987 ",1.
747 2953 838 2980 ’Psal.
854 2963 881 2987 v,
897 2955 925 2980 7.

1093 2920 1102 2935 ³
1116 2919 1196 2947 Prov.
1215 2929 1278 2953 xxx,
1297 2921 1324 2947 8.

964 2955 974 2970 '
992 2955 1092 2982 l‘salm.
1106 2963 1163 2990 xtv,
1175 2955 1221 2983 2M.

1102 2356 1168 2390 legis
1188 2356 1346 2382 mandatum
1362 2357 1465 2389 volens,
1483 2357 1603 2384 addidit:
1621 2357 1649 2384 Si
1663 2363 1751 2384 autem
1767 2367 1893 2393 persona.

1102 2401 1229 2434 accipitis,
1241 2406 1375 2435 peccatum
1396 2402 1551 2435 operamini,
1563 2403 1608 2429 sed
1622 2403 1711 2437 arguti
1725 2412 1741 2429 α
1756 2404 1819 2438 lege,
1834 2409 1894 2431 tan-

1103 2455 1182 2481 quam
1199 2448 1442 2482 trunsgressorcs".
1459 2448 1530 2484 Ergo
1543 2449 1617 2483 juste
1629 2450 1754 2484 judicare
1768 2451 1894 2485 proximo

1103 2491 1246 2523 debemus,
1261 2497 1288 2518 ct
1309 2499 1364 2518 non
1380 2499 1461 2518 unatn
1485 2493 1666 2528 eamdemque
1689 2494 1838 2527 actionem,
1865 2495 1894 2521 in

1102 2537 1187 2565 divite
1197 2538 1306 2572 quidem
1318 2539 1409 2566 dicere
1419 2540 1535 2568 bonam:
1549 2540 1577 2566 in
1589 2548 1709 2574 paupere
1722 2545 1816 2567 autem
1835 2549 1894 2567 ma-

1104 2584 1167 2616 lam,
1185 2589 1212 2611 et
1228 2584 1302 2611 hunc
1315 2593 1441 2619 arguere,
1457 2585 1534 2612 illum
1547 2591 1639 2613 autem
1662 2587 1754 2614 sinere
1775 2594 1894 2622 peccan-

1104 2634 1169 2658 tem.
1188 2630 1241 2658 Sed
1258 2639 1308 2658 nec
1337 2632 1431 2659 dolose
1449 2633 1474 2659 iu
1487 2633 1597 2668 propria
1617 2639 1706 2669 gente,
1735 2634 1761 2661 id
1790 2639 1842 2667 est,
1867 2635 1894 2661 in

1104 2678 1206 2712 populo
1223 2677 1363 2705 ambulare
1380 2678 1522 2710 debemus.
1548 2687 1599 2706 nec
1623 2688 1722 2707 vexare
1749 2681 1895 2715 populares

1103 2724 1177 2751 viros
1189 2724 1240 2751 sub
1255 2726 1348 2759 specie
1364 2725 1483 2760 pietatis,
1509 2733 1598 2760 neque
1612 2732 1707 2754 contra
1733 2727 1894 2762 sanguinem

1104 2770 1221 2804 proximi
1235 2769 1398 2803 consistere,
1422 2771 1447 2797 id
1469 2776 1521 2803 est,
1544 2779 1598 2798 non
1626 2772 1724 2799 sociari
1740 2773 1780 2799 cis
1794 2773 1840 2808 qui
1867 2775 1893 2799 in

1102 2817 1208 2845 animas
1222 2816 1338 2843 fratrum
1355 2821 1481 2851 peccant,
1498 2822 1525 2844 et
1542 2818 1676 2845 malorum
1690 2819 1844 2846 scntcntir.
1861 2819 1895 2846 Et

1363 2921 1373 2936 ⁸
1388 2921 1460 2948 Psal.
1491 2928 1536 2950 cu,
1552 2919 1578 2946 8.

1633 2920 1737 2947 “Deut.
1764 2929 1820 2951 xvt,
1850 2921 1893 2948 19.

1260 2958 1270 2972 ν
1288 2956 1360 2983 Psal.
1377 2964 1412 2988 LI,
1434 2957 1460 2983 4.

1503 2957 1524 2972 ¹⁰
1534 2955 1592 2985 Jac.
1607 2964 1635 2991 tt,
1651 2955 1706 2983 2-4.
1747 2956 1766 2971 ¹¹
1784 2956 1854 2983 ibid.
1866 2957 1893 2984 9.
