2056 3148
186 217 249 249 i029

180 282 240 300 cum
254 276 345 303 omnis
359 277 470 311 quidem
493 280 685 308 mandatorum
711 286 816 318 justitia
844 289 969 316 conside—

182 320 263 347 randa
279 321 325 355 sit,
344 323 418 350 illam
440 329 531 354 tamen
562 327 741 356 subtilitatem
757 339 814 366 pne
841 335 968 363 omnibus

180 367 299 400 intende,
312 368 406 396 dicens
420 371 492 398 enim
505 381 511 398 :

213 411 292 439 Vens.
314 414 356 440 Π.
376 424 384 440 ι
403 415 441 443 Ne
459 418 549 446 oderis
564 419 674 450 fratrem
697 427 791 457 tuum,
810 425 924 459 addidit,
940 427 967 453 in

177 459 259 484 corde
279 463 336 486 tuo.
363 471 371 485 ι

210 504 279 538 Quia
296 505 457 542 frequenter
472 510 499 537 in
519 514 646 546 personis
664 517 850 550 peccantium,
869 526 965 553 perso—

174 559 237 578 nam
249 552 312 580 odio
329 561 377 581 eos
393 555 552 585 habentium
568 560 644 588 indui
662 552 965 597 compellimursUnde

175 597 274 626 Paulus
284 599 576 634 Thessalonicensibus
592 609 786 644 prmeipiebat:
803 611 833 638 Si
846 613 903 647 quis
914 622 964 640 non

173 644 259 671 obedit
274 645 350 672 uerbo
365 652 461 681 nostro,
475 658 521 684 per
534 652 672 685 epistolam
685 654 754 681 hunc
767 644 866 689 notate,
883 663 964 685 etnon

172 692 397 720 commisceamini
426 703 485 722 cum
515 697 571 730 illo,
604 704 631 725 ut
661 702 880 736 confundatur“.
908 704 965 732 Hoc

169 740 262 764 autem
275 738 341 764 dum
358 740 396 770 llt.
412 741 467 768 odii
483 743 586 776 praebet
611 747 863 782 praesumptionem.
891 750 964 783 Quo-

170 789 231 809 rum
242 783 316 811 enim
333 785 461 820 aliorum,
485 788 538 815 nisi
553 790 704 818 odientium
717 797 744 819 et
758 794 960 824 adversantium

168 833 228 854 est:
245 828 306 856 Non
320 832 494 860 commisceris
502 835 520 860 7v
536 836 589 862 Sed
608 836 679 864 hanc
692 839 890 868 aversationem
908 851 962 870 non

167 868 299 909 praecepit
311 876 337 902 in
351 878 432 904 corde
456 878 524 912 ﬁeri,
543 881 582 908 ait
598 882 684 909 enim:
706 882 767 911 Non
789 888 960 914 commiscea-

167 920 235 946 mini
255 921 289 954 ei,
311 927 340 948 ut
366 925 556 958 confundatur,
588 932 612 955 et
637 929 787 958 erubescens
812 933 960 962 omnimodo

164 967 330 994 mentietur.
359 969 410 1001 Qui
444 975 535 998 autem
562 975 727 1003 emendabat
746 985 809 1004 eum
837 979 880 1006 cui
903 989 959 1008 non

163 1013 408 1048 commiscebatnr,
425 1017 584 1046 nullatenus
595 1027 657 1048 eum
671 1022 749 1050 odire
768 1023 797 1050 in
814 1026 897 1053 corde
909 1034 959 1054 suo

164 1062 284 1092 poterat,
303 1061 376 1094 quod
396 1063 561 1091 conﬁrmans
585 1066 668 1093 etiam
696 1068 747 1096 hoc
771 1070 898 1098 addidit:
923 1074 957 1099 Et

163 1103 246 1130 nolite
259 1106 337 1139 quasi
352 1106 489 1134 inimicum
504 1110 656 1138 existimare
670 1112 756 1146 illum,
774 1117 819 1142 sed
835 1118 957 1152 corripite

162 1155 194 1176 ut
206 1151 315 1184 fratrem
328 1153 359 1179 ¹³.
375 1152 491 1181 Omnem
517 1161 608 1184 autem
622 1158 756 1193 justitiam
780 1163 903 1197 explens,
929 1169 957 1192 et

161 1203 214 1229 per
244 1196 364 1231 singulas
393 1200 500 1234 species
535 1202 596 1230 vitae
629 1196 831 1238 quodammodo
868 1209 954 1245 legem

160 1249 280 1275 ponens,
296 1244 534 1274 conﬁrmationem
558 1250 705 1283 mandatis,
730 1260 811 1286 qualn
835 1244 953 1290 oportet,

158 1288 288 1322 apponit,
320 1297 402 1323 quam
433 1291 455 1318 si
490 1294 716 1328 custodierimus,
744 1305 824 1326 nemo
853 1302 954 1329 nostris

158 1338 264 1360 nocere
292 1333 405 1367 divitiis,
433 1343 515 1365 nemo
539 1344 664 1368 nostrum
690 1342 848 1373 thesaurum
869 1347 953 1377 furari

156 1382 262 1412 potest.
278 1379 327 1407 Est
337 1386 429 1409 autem
443 1385 614 1414 conﬁrmatio
628 1387 703 1417 hate:

197 1424 231 1451 Et
245 1425 338 1461 diliges
361 1429 486 1463 anticum,
511 1432 579 1465 sive,
597 1438 627 1460 ut
649 1435 836 1473 Septuaginta,
861 1443 951 1475 proxi-

156 1479 233 1497 mum
248 1476 321 1499 tuum
345 1475 412 1501 sicut
431 1477 554 1510 teipsum.
572 1479 680 1508 llabens
696 1482 723 1509 in
739 1484 847 1513 modico
868 1491 951 1515 totam

154 1516 260 1551 legem,
278 1522 306 1545 et
327 1526 376 1553 per
400 1529 485 1548 unum
503 1523 552 1550 tibi
579 1524 632 1553 hoc
660 1528 830 1562 mandatum,
859 1533 950 1560 omnia

154 1564 299 1591 custodire
321 1564 403 1593 facile
425 1573 476 1595 est.
503 1568 629 1599 Charitas
657 1573 742 1607 enim,
772 1575 811 1602 ait
838 1576 949 1611 Paulus,

153 1609 279 1641 proximo
305 1611 404 1638 malum
429 1621 480 1640 non
507 1621 643 1650 operatur.
674 1618 817 1647 Plenitudo
832 1630 893 1658 ergo
909 1609 948 1651 le;
962 1637 984 1665 ς

151 1654 197 1689 gis
212 1655 329 1682 charitas
343 1661 379 1683 est
390 1657 421 1685 “.
434 1657 486 1686 Sed
499 1664 644 1689 etomnem
658 1664 741 1691 vitam
753 1671 872 1695 nostram
886 1676 946 1696 esse

152 1701 183 1727 in
201 1701 281 1729 bonis
293 1702 368 1730 facit.
381 1703 408 1731 Si
426 1705 499 1733 enim
513 1708 598 1744 diligo
612 1711 766 1744 proximum
781 1714 851 1741 sicut
862 1717 947 1751 meip—

151 1753 229 1779 sum,
246 1752 274 1774 et
289 1748 401 1777 forsitan
426 1751 496 1779 ﬁlios
511 1761 566 1780 non
596 1755 728 1790 habuero,
750 1764 798 1785 aut
826 1748 945 1795 divitias,

151 1797 202 1819 aut
222 1793 360 1828 decorem,
382 1801 429 1824 aut
450 1799 545 1825 mundi
573 1800 698 1836 gloriam,
713 1808 761 1831 aut
784 1807 943 1840 potentiam,

150 1838 237 1866 video
245 1845 337 1868 autem
348 1843 505 1876 proximum
516 1838 796 1884 habentem,gaudeo,
806 1855 834 1878 et
843 1838 944 1880 nihilo;

150 1885 245 1913 minus
271 1891 399 1922 tanquam
428 1897 479 1924 ego
505 1890 563 1917 hate
581 1891 706 1925 habeam,
729 1895 808 1922 laetor
822 1904 888 1931 ego:
916 1899 943 1924 in

149 1934 199 1961 illo
213 1935 324 1962 enimet
338 1943 389 1971 ego
409 1937 507 1964 habeo.
524 1937 645 1972 ldipsum
667 1944 758 1967 autem
774 1946 801 1968 et
817 1941 844 1968 in
862 1943 943 1976 spiri-

149 1980 264 2012 talibus,
286 1981 314 2008 in
334 1982 435 2016 quibus
460 1983 577 2010 maxime
594 1991 654 2011 eam
670 1993 730 2019 quae
753 1987 786 2013 ad
806 1988 943 2021 proximos

148 2026 273 2060 pertinet
304 2027 479 2055 dilectionem
506 2029 644 2056 custodire
669 2030 812 2064 debemus,
838 2035 865 2059 et
887 2040 941 2059 non

145 2073 275 2100 invidere
288 2075 466 2108 operantibus
475 2075 620 2110 justitiam,
631 2084 682 2103 nec
703 2077 823 2104 morderi
833 2079 941 2112 quando

145 2118 194 2145 alii
212 2121 363 2147 secundum
385 2120 526 2148 Christum
556 2121 751 2156 gloriﬁcantur.
779 2123 889 2157 quando
913 2124 938 2150 in

146 2166 235 2194 verbo
264 2166 397 2194 doctrinae
427 2167 639 2202 locupletantur,
664 2168 773 2202 quando
800 2169 940 2197 abundant

144 2213 250 2240 divinis
267 2213 357 2240 donis.
378 2213 432 2240 Sed
447 2213 594 2240 imitandus
616 2218 658 2240 est
679 2213 816 2247 Christus,
831 2215 877 2250 qui
910 2217 938 2243 in

145 2263 255 2286 tantum
272 2267 323 2287 nos
348 2259 452 2292 dilexit,
471 2264 501 2287 ut
517 2260 648 2294 apostolis
673 2260 776 2294 majora
805 2261 881 2296 signa
895 2262 938 2289 fa-

747 229 788 260 lN
809 231 1027 263 LEVITK‘UM.
1047 245 1080 250 —
1100 237 1172 266 LIB.
1193 239 1240 269 VI.

1745 247 1755 279 1
1763 249 1812 282 030

985 295 1006 321 Α
1022 297 1067 317 ne.
1085 291 1193 320 Vestem
1214 303 1273 329 qua:
1289 303 1321 323 ex
1341 297 1446 327 duobus
1465 306 1535 329 texta
1563 308 1605 331 est
1636 313 1688 333 non
1712 307 1810 336 indue-

1021 344 1067 363 I'IS.
1092 347 1100 363 Ι

1054 381 1117 410 Hzec
1144 385 1343 418 quodammodo
1373 390 1406 416 ad
1438 392 1556 420 litteram
1593 396 1719 426 videntur
1748 409 1809 429 csso

1019 427 1144 461 ridicula,
1167 431 1239 458 unde
1255 440 1305 460 nec
1321 434 1357 461 ita
1372 442 1403 463 ea
1418 439 1547 466 custodiri
1570 449 1585 468 a
1613 445 1755 479 prophetis
1781 453 1809 476 et

1017 474 1187 508 spiritalibus
1208 477 1374 514 invenimus,
1401 486 1628 517 quemadmodum
1652 491 1808 523 Judatorum

1017 519 1065 546 ﬁlii
1079 521 1186 550 inﬁrme
1207 524 1423 562 imperfecteque
1436 529 1571 566 viventes,
1588 537 1632 570 qui
1647 537 1687 565 lac
1703 546 1806 574 amant,

1019 567 1042 574 Δ,
1210 567 1225 574 ..
1435 573 1439 574 ν

1017 567 1044 589 et
1061 564 1178 592 solidum
1191 567 1283 595 cibum
1303 577 1359 597 non
1381 573 1502 607 capiunl.
1525 564 1716 609 Namlintende
1741 564 1806 619 quid

1018 616 1027 619 Α
1043 609 1049 619 ,
1075 610 1091 619 ο
1121 611 1127 619 ,
1269 615 1275 619 .

1016 609 1050 637 ad
1075 610 1162 639 Sadoc
1181 615 1361 649 sacerdotem,
1386 623 1414 645 et
1430 619 1535 648 Nathan
1549 626 1719 661 prophetam,
1734 609 1760 657 e‘t
1771 632 1806 658 ad

1016 653 1143 683 Banaiam
1161 657 1282 686 dicebat:
1307 660 1400 689 Ponite
1413 664 1499 697 ﬁlium
1524 675 1611 696 meum
1639 670 1806 702 Salomonem

1015 699 1042 726 in
1057 701 1158 728 mulam
1171 711 1257 730 meam
1267 705 1300 732 ¹⁷.
1327 705 1427 735 Diccns
1442 710 1526 741 enim,
1560 721 1656 748 meam,
1687 720 1806 747 ostendit

1015 746 1077 781 quia
1097 751 1124 774 et
1138 747 1197 783 ipse
1211 749 1238 776 in
1255 751 1358 779 mulum
1376 755 1498 783 sedebat.
1515 756 1543 784 Si
1567 746 1658 788 autem
1680 764 1804 797 jumenta

1014 795 1185 822 commisceri
1205 797 1318 825 alterius
1344 802 1452 834 generis
1478 804 1673 843 animantibus,
1700 812 1728 838 id
1751 818 1802 846 est,

1013 838 1119 865 asinum
1137 847 1208 875 equo
1231 845 1405 872 commisceri
1424 847 1466 874 lex
1493 851 1591 884 vetuit,
1607 857 1635 880 et
1661 855 1804 885 abomina~

1012 882 1066 910 bile
1082 883 1135 912 hoc
1150 890 1219 919 erat,
1243 889 1388 922 oportebat
1411 896 1438 918 et
1459 900 1490 919 ea
1508 902 1568 929 qua:
1584 882 1707 932 ﬁebant,
1728 906 1756 929 et
1770 911 1802 930 ea

1012 933 1072 960 quas
1097 931 1282 959 nascebantur
1296 941 1329 960 ex
1345 936 1394 968 eis,
1414 939 1508 971 procul
1534 940 1617 968 dubio
1637 944 1800 976 abominari.

975 969 997 997 Β
1012 972 1066 999 Sed
1082 975 1143 1001 etsi
1160 976 1354 1006 vestimentum
1372 969 1423 1007 eit—
1437 982 1546 1011 duobus
1571 985 1630 1013 ﬁeri
1655 996 1709 1016 non
1732 993 1800 1024 vult,

1010 1019 1147 1051 quomodo
1162 1021 1271 1055 sapiens
1287 1022 1333 1050 ille
1350 1024 1384 1051 de
1396 1024 1457 1052 forti
1470 1028 1583 1056 muliere
1600 1031 1658 1058 lnec
1687 1033 1715 1060 in
1733 1035 1800 1063 l’ro-

1010 1063 1100 1091 verbis
1111 1065 1191 1093 dicit:
1206 1066 1309 1094 Invenit
1326 1069 1417 1097 lanam
1441 1077 1464 1098 et
1476 1073 1570 1107 linum,
1594 1083 1619 1102 et
1641 1085 1749 1111 operata
1762 1087 1799 1108 est

1009 1109 1073 1135 utile
1086 1111 1208 1139 manibus
1233 1115 1298 1146 suis,
1318 1120 1345 1142 et
1361 1124 1474 1145 rursus:
1490 1120 1534 1146 Ex
1553 1122 1628 1156 bysso
1643 1130 1667 1150 ct
1679 1133 1798 1161 purpura

1007 1153 1058 1179 sibi
1067 1155 1220 1184 vestimenta
1232 1158 1272 1185 ‘3?
1287 1159 1343 1187 Nec
1360 1161 1433 1189 enim
1453 1164 1527 1191 utilia
1546 1172 1610 1194 sunt
1625 1171 1795 1206 vestimenta,

1007 1198 1110 1227 bonum
1127 1207 1218 1230 autem
1245 1205 1436 1234 indumentum
1468 1210 1539 1244 ejus,
1562 1212 1619 1239 sive
1642 1215 1707 1242 utile
1730 1217 1797 1246 dixit

1007 1252 1067 1272 esse
1081 1248 1285 1282 vestimentum,
1304 1259 1388 1279 unum
1405 1253 1515 1287 quidem
1543 1256 1576 1283 de
1590 1258 1652 1285 lana
1676 1265 1702 1287 et
1730 1262 1794 1295 lino,

1007 1291 1081 1318 aliud
1112 1298 1202 1320 autem
1230 1303 1325 1323 rursus
1339 1305 1372 1324 ex
1400 1298 1482 1333 bysso
1507 1305 1535 1327 et
1553 1310 1673 1338 purpura
1698 1309 1795 1336 conﬁci

1006 1337 1202 1373 intelligamus.
1235 1341 1288 1369 Sed
1317 1344 1383 1378 quid
1411 1345 1464 1372 hoc
1493 1347 1545 1380 sit,
1577 1337 1677 1378 Paulus
1702 1359 1795 1387 aperte

1004 1381 1157 1411 Corinthiis
1177 1386 1291 1414 scribit:
1307 1387 1366 1414 Non
1380 1391 1488 1422 potestis
1503 1392 1612 1420 culicem
1628 1395 1733 1424 Domini
1754 1397 1794 1424 bi-

1004 1427 1071 1460 bere,
1096 1434 1121 1455 el
1139 1430 1248 1457 calicem
1268 1433 1470 1462 daemoniorum.
1490 1437 1550 1464 Non
1570 1442 1677 1473 potestis
1699 1451 1794 1472 mensa

1004 1473 1052 1500 Dei
1064 1476 1231 1510 participari,
1245 1482 1268 1504 et
1284 1487 1380 1506 mensa:
1395 1481 1586 1511 dcemoniorum
1597 1486 1629 1519 '9;
1641 1492 1667 1514 et
1681 1496 1791 1517 rursus:

1004 1517 1055 1550 Qui
1068 1520 1096 1546 in
1111 1520 1164 1555 lege
1172 1522 1372 1556 justiﬁcamini,
1389 1534 1405 1551 a
1417 1528 1505 1561 gratia
1516 1517 1688 1560 cecidistis".
1699 1534 1792 1569 Neque

1003 1564 1208 1594 enimJudaicis
1224 1568 1441 1605 seductionibus,
1469 1581 1521 1601 nec
1541 1578 1628 1604 errori
1650 1581 1791 1614 gentilium

1003 1617 1111 1645 oportet
1123 1612 1216 1641 ﬁdeles
1231 1616 1411 1644 commisceri.
1440 1618 1568 1649 Jumenta
1588 1612 1664 1658 ergo,
1692 1626 1721 1653 id
1739 1632 1790 1660 est,

1002 1657 1147 1691 populares
1165 1659 1301 1693 homines,
1313 1669 1367 1689 non
1379 1665 1570 1696 permittamus
1583 1669 1694 1697 alterius
1709 1679 1792 1706 gene-

1001 1704 1039 1731 ris
1052 1705 1248 1740 animantibus,
1276 1710 1457 1743 commisceri,
1483 1713 1511 1739 id
1539 1718 1590 1746 est,
1607 1723 1661 1742 non
1693 1719 1790 1745 sectari

1001 1751 1250 1788 circumcisionem,
1273 1759 1300 1782 et
1323 1756 1468 1791 baptisma.
1495 1759 1616 1788 Alterius
1639 1762 1711 1790 enim
1732 1764 1790 1798 jugi

1000 1798 1184 1833 circumcisio,
1203 1801 1293 1836 gravis
1309 1807 1337 1829 et
1362 1803 1553 1838 importahilis,
1587 1807 1621 1834 de
1645 1816 1700 1842 quo
1722 1810 1789 1837 dixit

1000 1844 1114 1873 Petrus:
1136 1845 1204 1878 Quid
1223 1849 1331 1874 tentatis
1348 1848 1442 1883 Deum,
1461 1852 1675 1886 superimponere
1694 1855 1787 1890 jugum

998 1891 1025 1917 in
1042 1893 1183 1919 cervicibus
1195 1894 1394 1927 discipulorum,
1404 1897 1473 1930 quod
1485 1904 1531 1922 nec
1542 1903 1630 1931 patres
1641 1901 1724 1926 nostri
1740 1908 1787 1928 nec

999 1944 1045 1962 nos
1060 1942 1167 1970 portare
1177 1939 1310 1971 potuimus
1320 1939 1341 1954 ²¹
1353 1939 1489 1967 ?Alterius
1498 1945 1539 1968 est
1550 1946 1640 1969 autem
1652 1943 1786 1986 baptisma

998 1981 1110 2014 Christi,
1125 1987 1153 2009 et
1164 1982 1231 2009 levis
1241 1983 1313 2018 jugi:
1330 1985 1402 2017 quod
1414 1985 1494 2012 nobis
1506 1986 1632 2014 Christus
1645 1981 1784 2022 imposuit,

996 2028 1037 2055 sic
1049 2028 1156 2055 dicens:
1174 2028 1267 2064 Tollite
1277 2030 1374 2064 jugum
1388 2039 1484 2057 meum.
1511 2031 1544 2059 Et
1563 2040 1670 2060 rursus:
1687 2034 1784 2070 Iugum

995 2074 1064 2100 enim
1077 2082 1163 2100 meum
1179 2083 1260 2101 suave
1271 2080 1319 2108 est,
1331 2081 1356 2102 et
1382 2085 1448 2103 onus
1464 2086 1549 2104 meum
1567 2078 1621 2105 leve
1632 2084 1668 2106 est
1678 2081 1710 2107 “.
1730 2080 1784 2108 Sed

995 2126 1046 2146 nec
1063 2119 1251 2151 vineam,sive
1265 2128 1360 2155 agrum
1378 2122 1510 2149 creditum
1532 2123 1621 2156 nobis,
1640 2125 1715 2152 vario
1740 2133 1784 2153 se-

995 2172 1054 2192 rere
1069 2165 1201 2192 debemus
1213 2166 1329 2199 semine,
1344 2171 1440 2194 utnon
1456 2169 1592 2196 contraria
1620 2170 1720 2198 divinis
1733 2171 1782 2199 do-

995 2211 1093 2238 ctrinis
1111 2211 1257 2239 Ecclesiam
1269 2212 1427 2246 doceamus,
1455 2216 1684 2249 quemadmodum
1701 2225 1782 2252 prava

992 2258 1129 2293 sapientes
1143 2258 1276 2292 hmretici,
1294 2258 1404 2287 Christo
1431 2261 1541 2295 nuptias
1553 2270 1602 2296 per
1618 2270 1694 2290 suam
1711 2272 1779 2298 pra:-

144 2306 249 2338 cere",
266 2313 347 2340 quam
365 2305 423 2340 ipse
440 2305 514 2336 fecit,
532 2305 706 2332 concederet.
725 2305 801 2334 Unde
825 2311 851 2334 et
865 2315 937 2335 nunc
955 2311 976 2338 ο
991 2304 1106 2331 SCﬂliam
1130 2304 1320 2337 benedicenle.
1337 2309 1418 2340 atque
1444 2307 1571 2335 dicente:
1595 2308 1655 2335 Non
1678 2317 1708 2336 ea
1723 2317 1781 2344 quia

145 2352 260 2379 dicens:
278 2351 377 2387 Diliges
388 2352 503 2378 amicum
517 2356 601 2384 tuum,
620 2352 674 2378 sive
689 2353 838 2386 proximum
863 2359 936 2381 tuum

144 2399 212 2424 sicut
222 2399 344 2432 teipsum,
355 2398 458 2425 addidit
470 2406 476 2423 :
489 2397 546 2433 Ego
563 2398 689 2425 Dominus
702 2407 710 2425 :
722 2399 789 2434 leges
807 2409 878 2428 meas
891 2409 936 2428 cu-

144 2444 251 2471 stodite.
269 2443 384 2476 Quando
398 2451 464 2470 vero
482 2451 533 2471 nos
558 2443 630 2470 Deus
659 2444 795 2478 dilexerit,
817 2445 875 2479 ipso
893 2446 935 2473 di-

143 2495 224 2517 cente
236 2497 382 2524 cognosce,
400 2489 438 2516 ait
457 2490 529 2516 enim
544 2499 550 2516 :
567 2489 700 2523 Major-em
715 2490 765 2517 Ιιιιε
778 2491 936 2519 charitatc's

143 2545 219 2563 nemo
234 2536 322 2567 habet,
340 2544 420 2571 quam
433 2537 590 2562 utanimam
606 2545 684 2563 suam
704 2538 762 2572 quis
785 2544 864 2572 ponat
889 2547 937 2572 pro

142 2582 236 2608 amicis
247 2582 343 2608 suis“.
360 2581 438 2609 Unde
449 2585 476 2608 et
489 2582 575 2616 legem
592 2590 668 2609 suam
685 2583 849 2617 pratcipnam
876 2592 936 2611 esse

142 2627 300 2654 dilectionis
316 2627 476 2654 mandatum
499 2626 583 2655 dixit:
605 2628 658 2654 hoc
672 2627 717 2654 hic
736 2627 839 2656 addens
862 2629 934 2663 quod

142 2672 169 2699 in
185 2673 248 2700 aliis
263 2672 401 2700 mandatis
415 2679 470 2699 non
488 2672 611 2706 reperies
625 2672 772 2706 adjectum.

176 2719 260 2747 γης.
281 2719 323 2747 19.
344 2728 354 2745 ‹
375 2718 503 2746 Iumenta
517 2726 573 2745 non
592 2723 637 2745 tua
659 2718 743 2746 facies
762 2720 932 2746 commisceri

142 2773 203 2793 cum
216 2766 330 2793 alterius
341 2765 448 2801 generis
468 2764 664 2792 animantibus.
687 2765 801 2799 Agrum,
815 2765 882 2796 sive,
903 2768 932 2791 ut

142 2812 330 2848 Septuaginta,
347 2813 455 2839 vineam
471 2815 544 2838 tuam
557 2819 613 2838 non
627 2818 702 2838 seres
715 2811 823 2838 diverso
847 2812 931 2838 semi-

175 2880 196 2895 "
211 2880 232 2907 ll
244 2880 342 2907 Thess.
358 2889 397 2912 ιιι,
414 2880 459 2907 Η.
499 2880 594 2908 “ibid.
607 2880 649 2908 15.

141 2915 252 2943 "Prov.
270 2924 344 2947 λιιι,
361 2917 401 2942 l3.
456 2917 476 2932 ¹⁹
492 2916 501 2943 Ι
517 2916 580 2943 Cor.
596 2924 622 2951 ιι,
638 2916 684 2943 ‘20.

141 2952 173 2978 i5
185 2958 212 2980 et
223 2959 302 2988 seqq.
339 2953 360 2967 “
376 2951 455 2979 Joan.
471 2952 571 2985 vn,'zi.

691 2881 927 2912 "Rom.xtn,10.

740 2916 762 2932 ὀ
779 2916 838 2943 Cal.
855 2924 879 2950 ν,
897 2918 922 2943 ιι.

992 2349 1176 2384 ingrediuntur
1191 2356 1281 2377 nocent
1297 2351 1426 2378 hominem
1443 2353 1605 2386 prohibentes
1630 2355 1736 2386 nubere,
1756 2360 1780 2381 et

991 2395 1171 2428 praecipientes
1185 2395 1310 2422 abstineri
1328 2404 1343 2422 a
1359 2397 1421 2422 cibis
1446 2405 1504 2431 qua:
1525 2397 1595 2424 Deus
1608 2399 1704 2424 creavit
1731 2399 1777 2429 eis,

991 2441 1092 2467 sibimet
1106 2441 1253 2475 impietates
1264 2448 1416 2477 praeparant
1426 2444 1575 2470 mortem".
1585 2444 1613 2470 ln
1623 2444 1720 2478 quibus
1730 2452 1778 2471 nc-

990 2486 1108 2513 cessarie
1123 2487 1273 2514 secundum
1289 2487 1466 2522 Septuaginta
1482 2489 1603 2516 subdidit
1619 2498 1626 2516 :
1648 2489 1703 2523 Ego
1719 2498 1777 2516 sum

985 2526 1118 2559 Dominus
1135 2532 1203 2559 Deus
1217 2539 1310 2565 vester,
1329 2534 1362 2561 ab
1378 2534 1454 2561 omni
1465 2541 1514 2562 vos
1537 2535 1693 2569 hujusmodi
1712 2543 1776 2562 con-

989 2577 1107 2605 tinentes
1122 2585 1182 2605 esse
1197 2579 1300 2605 malitia
1326 2579 1451 2614 cupiens,
1475 2584 1502 2606 et
1521 2579 1567 2614 qui
1588 2586 1635 2614 per
1654 2579 1775 2614 Evange-

986 2624 1051 2651 linm
1067 2625 1123 2651 dixi
1148 2625 1181 2652 ad
1208 2633 1255 2652 eos
1283 2625 1330 2659 qui
1357 2625 1427 2652 male
1453 2626 1550 2661 legem.
1582 2630 1608 2652 et
1637 2625 1669 2652 ad
1696 2632 1773 2650 suam

985 2670 1153 2696 voluntatem
1178 2670 1333 2705 accipiunt:
1361 2670 1451 2698 Nolite
1479 2672 1604 2705 judicare
1631 2670 1772 2697 secundum

985 2717 1089 2752 faciem,
1102 2717 1256 2751 sedjustum
1265 2717 1398 2752 judicium
1409 2717 1569 2752 judicate“.

1020 2761 1072 2788 Nec
1086 2762 1170 2788 oderis
1185 2763 1293 2796 fratrem
1306 2767 1379 2789 tuum
1393 2763 1420 2789 in
1436 2763 1510 2789 corde
1535 2768 1589 2794 tuo,
1603 2762 1648 2788 sed
1669 2762 1771 2796 publice

983 2817 1064 2844 argue
1076 2817 1146 2841 eum,
1167 2818 1198 2836 ne
1212 2810 1308 2837 habeas
1322 2819 1399 2844 super
1415 2819 1444 2837 eo
1461 2814 1606 2844 peccatum.
1622 2807 1682 2834 Non
1698 2816 1770 2843 quan

1513 2880 1532 2894 ¹⁷
1545 2878 1588 2905 Ill.
1607 2877 1673 2911 Reg.
1688 2885 1706 2910 ξ,
1721 2875 1767 2904 55.

966 2880 990 2896 ¹⁵
1003 2879 1081 2906 Joan.
1094 2889 1147 2913 xtv,
1168 2881 1208 2907 l2.
1235 2881 1257 2896 ”
1269 2880 1348 2908 Joan.
1370 2889 1413 2911 xv.
1432 2880 1473 2907 i3.
1513 2880 1532 2894 ¹⁷
1545 2879 1588 2905 Ill.
1608 2879 1673 2911 Reg.
1688 2885 1706 2910 ξ,
1721 2879 1756 2925 o3

979 2916 999 2930 ²¹
1022 2916 1079 2939 Art.
1095 2924 1137 2939 xv,
1160 2917 1200 2939 to.
1243 2917 1265 2932 ι’
1280 2916 1371 2939 ΜιιιιΙι.
1386 2923 1421 2939 xi.
1438 2915 1481 2939 ~29.
1494 2915 1536 2939 51).
1586 2913 1607 2928 ’³
1624 2911 1705 2939 Marc.
1719 2920 1756 2939 ιιι

1650 2930 1705 2939 ιηι-
1722 2930 1768 2945 ru,

979 2916 999 2930 ²¹
1020 2916 1079 2943 Act.
1095 2924 1138 2949 xv,
1160 2917 1200 2943 l0.
1243 2917 1265 2932 “
1279 2916 1371 2943 Matth.
1385 2923 1421 2949 XI,
1438 2915 1481 2948 ~29,
1494 2915 1536 2941 51).
