2056 3148
261 219 326 252 1031

856 220 1034 250 HESYCHlI
1060 219 1294 250 PRESBYTER!

1821 211 1887 244 1032

261 284 301 302 res
316 274 449 304 ultionem,
466 282 512 300 nec
524 280 622 300 memor
634 273 684 300 erit
707 273 813 307 injuriis
827 273 921 300 civium
934 279 1047 300 tuorum.
1064 279 1086 306 Α
1136 273 1274 306 Quantum
1287 273 1357 299 inter
1371 271 1524 298 libertatem
1537 274 1564 297 et
1591 268 1750 296 servitutem
1776 267 1887 295 intersit

263 320 360 355 Diliges
378 321 491 346 amicum
509 324 582 346 tuum
606 320 672 346 sicut
688 320 807 354 teipsum.
835 320 889 355 Ego
909 320 1045 346 Dominus.

261 365 342 402 Leges
357 374 428 393 meas
445 366 582 393 custodite.
599 365 681 393 Recte
700 366 825 392 Christus
852 366 952 393 ludatis
975 366 1048 393 dicc—

260 410 307 438 bat
323 419 328 437 :
345 411 405 437 Non
422 411 545 442 credatis,
561 411 623 446 quia
637 411 694 437 veni
709 410 806 438 solvere
821 411 914 446 legem.
927 415 974 437 aut
989 419 1049 445 pro-

260 459 351 492 phetas
365 465 373 483 :
388 465 440 483 non
472 457 529 483 veni
555 457 663 488 solvere,
678 457 723 483 sed
748 455 855 490 implere
869 457 902 483 ’⁵.
922 455 950 482 Si
976 458 1047 483 enim

260 503 440 536 perserutcris
454 502 511 529 haec
528 502 621 533 verba,
648 501 773 528 invenies
792 506 925 536 quantum
949 508 1048 528 conso-

261 548 353 575 nantia
366 548 421 574 sint
436 548 478 575 his
493 548 628 575 mandatis
650 548 716 583 legis
734 555 761 574 ω
769 547 888 583 angelica
912 548 1047 582 dogmata,

261 598 355 628 utpote
380 593 475 620 eodem
496 592 551 619 Deo
570 597 682 626 utraque
700 593 828 627 loquente
847 601 854 618 ε
872 593 979 619 Etenim
1003 593 1049 628 qui

262 648 334 668 nunc
357 639 478 669 fratrem,
495 639 516 666 si
533 640 696 673 peccaverit,
717 638 918 672 corripiendmn
946 647 1049 673 praeco-

262 686 312 720 pit,
327 685 371 712 hic
389 692 438 719 per
452 684 597 719 Evangelia
612 683 743 718 prmeepit
757 693 764 710 :
782 683 812 711 Si
822 688 911 710 autem
926 692 1049 718 peccave-

262 731 296 757 rit
311 731 339 756 in
356 734 380 756 te
391 731 473 765 frater
488 734 556 761 tuus,
570 729 635 756 uade
646 733 670 755 et
683 730 783 763 corripe
798 737 857 756 eum
876 729 945 756 inter
961 735 1051 756 tentet-

262 777 348 810 ipsum
366 775 450 802 solum
467 783 476 802 :
493 783 544 802 non
562 780 705 802 correctum
722 780 820 807 autem,
833 783 922 802 coram
938 783 989 802 uno
1006 784 1050 802 ar-

261 831 322 857 gue,
338 827 362 849 et
379 830 467 848 coram
482 821 546 852 alio,
562 821 655 848 deinde
680 830 770 848 rursus
784 822 812 847 in
839 820 968 853 Ecclesia,
992 830 1050 848 cum

263 875 345 901 neque
367 875 455 893 coram
479 866 532 893 illis
553 867 702 901 inm-epotus
720 870 851 893 correctus
864 866 943 900 fuerit
962 866 994 892 ³⁵.
1018 866 1051 893 Et

265 913 309 940 hic
321 913 431 948 quidem
448 920 510 940 cum
529 913 628 940 dixerit
647 919 653 938 :
672 913 712 939 Ne
727 912 814 939 oderis
831 912 943 946 fratrem
961 916 1048 944 tuum,

263 958 366 984 addidit
380 966 387 984 :

298 1003 337 1029 Ne
346 1003 442 1029 habeas
453 1010 531 1036 super
543 1002 588 1028 illo
602 1007 746 1036 peccatum.
768 1002 806 1029 lbi
824 1007 914 1030 autem
929 1007 956 1029 et
977 1002 1050 1037 quod

262 1054 405 1084 peccatum
435 1049 573 1082 ostendit,
595 1049 632 1075 ait
655 1049 729 1075 enim
744 1058 750 1075 :
764 1048 793 1076 Si
821 1057 872 1075 non
899 1049 1050 1075 dinu‘seritis

263 1095 420 1126 hominibus,
437 1102 483 1120 nec
511 1094 594 1121 Pater
609 1099 692 1121 uester
718 1095 830 1121 dimittet
845 1095 916 1122 vobis
944 1099 1050 1128 peccata

263 1146 346 1167 uestra
363 1141 395 1167 ’⁷.
409 1141 466 1172 llic,
495 1148 550 1168 non
575 1140 680 1175 quaeres
702 1141 843 1173 ultionem,
869 1149 917 1176 per
939 1140 1051 1167 Paulum

263 1192 354 1213 autem
368 1195 374 1212 :
392 1185 449 1212 Non
461 1186 628 1219 vosmetipsos
643 1187 814 1219 vindicantes,
831 1187 991 1218 clmrissimi,
1007 1187 1052 1213 sed

263 1232 417 1258 dutclocam
432 1232 479 1258 ira:
491 1232 524 1257 ³⁵.
543 1230 621 1257 Nunc
637 1232 704 1258 dixit
716 1240 763 1266 per
777 1232 844 1267 legis
857 1232 957 1259 librum
975 1242 981 1259 :
997 1231 1052 1259 Nec

265 1284 368 1302 Inenwr
381 1277 435 1303 eris
450 1276 557 1310 injuria:
567 1276 677 1303 civium.
688 1276 740 1302 Per
752 1277 930 1312 Evangelium
943 1281 1033 1304 autem
1045 1287 1050 1304 :

264 1321 354 1349 Omnis
369 1323 413 1356 qui
429 1322 553 1349 nascitur
579 1323 657 1357 fratri
669 1331 725 1356 suo,
742 1323 802 1349 sine
824 1331 916 1356 causa,
935 1332 993 1350 reus
1016 1328 1052 1350 cst

261 1368 364 1402 judicio
377 1367 423 1394 ’3‘.
440 1368 554 1402 l’roptcr
576 1368 648 1403 quod
668 1376 715 1396 eos
731 1369 906 1396 canteriatam
931 1371 1053 1398 habentes

265 1423 342 1441 suam
350 1415 535 1441 conscientiam
550 1415 573 1430 ¹⁹
596 1415 696 1442 Paulus
724 1415 886 1442 nominavit.
902 1415 1054 1444 Vestimen-

265 1465 323 1488 tum
334 1465 426 1488 autem
438 1461 630 1494 abominabilc,
645 1469 677 1488 ex
694 1461 801 1488 duobus
830 1466 986 1489 contextum
1013 1463 1054 1489 in-

265 1507 335 1540 duit,
349 1507 395 1542 qui
408 1507 474 1534 dicit
487 1514 516 1535 se
535 1507 675 1535 Christum
690 1508 813 1541 adorare,
826 1513 854 1535 et
882 1509 977 1536 adorat
1000 1509 1055 1536 dae-

267 1561 372 1589 mones,
384 1554 429 1587 qui
445 1553 517 1580 Solis
527 1553 640 1588 iustitia:
655 1560 684 1580 se
694 1561 822 1581 asserens
836 1554 962 1587 militem,
973 1555 1054 1582 etiam

267 1598 400 1625 visibilem
413 1599 495 1632 hunc,
509 1602 538 1625 et
549 1599 597 1633 qui
616 1599 649 1626 ad
665 1599 848 1626 ministerium
861 1605 994 1628 creatura:
1008 1601 1054 1628 da-

268 1647 313 1669 tus
326 1647 368 1669 est
383 1643 466 1669 solem
484 1644 582 1677 placat,
599 1643 642 1670 vel
668 1644 773 1678 reliqua
800 1644 898 1678 sidera,
927 1652 974 1673 aut
1003 1648 1054 1674 ali-

268 1689 333 1722 quid
349 1688 513 1722 hujusmodi,
529 1689 600 1715 sicut
614 1688 752 1716 Manichaei
776 1694 803 1717 et
816 1690 861 1716 alii
883 1691 959 1717 multi
972 1692 1055 1718 haere-

270 1733 514 1762 ticifaciuntllnde
523 1741 572 1768 pro
583 1735 698 1768 reprobo
709 1736 1056 1769 etabominabili,Theodo-

269 1780 325 1807 tion
335 1779 444 1806 Saturne
453 1780 549 1811 edidit,
557 1780 595 1806 sic
605 1780 699 1814 utique
707 1780 850 1808 inveniens
859 1781 886 1808 in
896 1781 1019 1814 Hebraeo,
1028 1788 1056 1810 et

269 1833 436 1853 conservans
445 1826 517 1852 sicut
530 1826 644 1858 invenit,
661 1830 690 1852 ut
699 1827 809 1853 nomine
826 1827 934 1854 Salaria:
950 1829 1055 1863 planior

269 1871 429 1906 legislatoris
439 1870 553 1898 elﬁcitur
562 1871 686 1898 intentio.
694 1871 753 1898 Non
770 1873 825 1899 vult
841 1873 912 1900 enim
924 1881 984 1906 nos,
994 1883 1054 1902 cum

268 1918 353 1944 simus
363 1917 420 1949 Dei,
429 1917 571 1944 diabolicis
581 1917 726 1944 immisceri
735 1919 859 1953 negotiis,
867 1927 954 1954 neque
975 1921 1055 1947 simul

268 1963 440 1991 orationibus
455 1968 483 1990 et
507 1963 739 1991 incantationibus
760 1972 867 1997 vacare,
884 1974 934 1993 nec
963 1967 1055 2002 phyla-

268 2010 361 2037 cteriis
397 2009 528 2037 Ecclesiae
565 2009 634 2042 Dei,
665 2015 876 2045 sanctorumque
911 2012 1054 2044 virorum,

269 2057 466 2083 velediverso
476 2063 620 2090 pravorum
650 2055 834 2082 venelicorum
861 2057 941 2083 simul
970 2057 1055 2088 indui,

269 2107 298 2129 et
309 2110 341 2129 ea
352 2110 412 2136 qua:
431 2106 496 2128 sunt
518 2101 714 2128 dannnniorum
734 2102 938 2129 circumducere
964 2108 1057 2130 sancto

269 2147 392 2182 Spiritui,
408 2148 435 2174 in
451 2155 514 2182 quo,
527 2149 564 2174 ait
582 2147 692 2180 Paulus,
708 2148 804 2182 signati
819 2155 912 2175 sumus
924 2148 957 2175 ³ο.
973 2149 1057 2176 [tece-

270 2193 312 2219 dit
330 2193 414 2224 enim,
431 2197 524 2224 utpote
553 2201 701 2228 perpessus
719 2194 924 2227 contumeliam,
939 2199 966 2221 et
985 2196 1056 2222 obti-

270 2239 347 2266 nebit
376 2240 533 2266 immundus
547 2241 661 2274 spiritus
677 2258 685 2273 ,
710 2244 737 2267 et
762 2241 878 2275 patietur
902 2241 1056 2276 lmjusmodi

269 2286 341 2320 quod
358 2286 422 2313 Sani
438 2287 550 2320 pertulit
559 2285 725 2321 1“‘zSpiritus
733 2292 822 2313 autent
838 2287 943 2313 Domini
972 2296 1056 2314 reces-

270 2332 304 2357 sit
330 2340 345 2358 a
372 2332 463 2364 Sanle,
479 2337 504 2358 et
520 2332 673 2367 exagitabat
689 2340 747 2358 eum
767 2333 877 2367 spiritus
895 2333 944 2359 Dei
959 2334 1053 2360 malus.

269 2377 328 2404 Non
341 2377 402 2411 quia
421 2377 491 2405 Deus
503 2377 655 2404 transmisit
676 2377 788 2409 malum,
800 2378 846 2404 sed
865 2378 928 2412 quia
954 2379 1055 2412 permi-

269 2425 304 2451 sit
316 2424 441 2451 obtinere
452 2431 516 2450 eum
529 2424 575 2458 qui
587 2424 662 2450 illmn
674 2424 764 2458 elegit.

307 2469 387 2496 Vens.
406 2470 501 2497 20-92.
517 2479 525 2495 |
547 2471 635 2498 Homo
655 2470 678 2497 si
695 2469 838 2496 dormierit
851 2477 912 2496 eum
942 2469 1056 2496 muliere

269 2514 342 2541 coitu
356 2516 477 2547 seminis,
492 2524 552 2550 qum
567 2516 600 2543 sit
619 2515 715 2542 ancilla
728 2515 809 2542 etiam
837 2515 946 2545 nubilis.
963 2519 990 2542 et
1015 2519 1056 2541 ta-

271 2566 333 2586 men
362 2561 449 2594 pretio
472 2570 525 2588 non
551 2563 702 2596 redempta,
717 2569 768 2588 nec
792 2561 916 2588 libertate
943 2561 1055 2593 donata,

271 2605 437 2639 vapulabunt
451 2609 541 2639 ambo,
557 2613 584 2634 et
599 2616 653 2635 non
665 2609 826 2640 morientur,
844 2608 906 2642 quia
928 2615 983 2633 non
1005 2606 1056 2633 fuit

271 2648 367 2675 libera.
382 2650 432 2676 ξ’το
454 2650 553 2678 delicto
579 2657 669 2679 autem
694 2661 745 2679 suo
763 2653 861 2680 olicret
885 2652 1000 2679 Domino
1020 2652 1054 2679 ad

271 2693 370 2720 ostium
386 2695 551 2723 tabernaculi
584 2698 731 2725 testimonii
757 2699 880 2731 arietem,
911 2698 1055 2732 orabitque

273 2747 322 2773 pro
334 2747 366 2766 eo
377 2742 514 2774 sacerdos,
528 2748 554 2769 et
564 2751 611 2778 pro
627 2744 725 2771 delicto
739 2745 798 2779 ejus
815 2753 906 2772 coram
929 2745 1054 2776 Domino,

271 2788 300 2812 et
311 2786 532 2820 repropitiabitnr
543 2788 576 2821 ei,
588 2789 791 2824 dimitteturqne
806 2795 955 2825 peccatum.
973 2800 981 2816 ι

325 2914 346 2929 ’³
358 2912 487 2945 Matth.v,
505 2915 544 2941 l7.
583 2915 846 2948 "MaltinxvthS.

885 2918 906 2932 ’⁷
927 2917 1018 2943 Matth.
1032 2926 1066 2947 vr.
1084 2917 1126 2943 15.

270 2947 344 2981 tv,'2.
382 2950 514 2985 “Ephes.
530 2959 566 2984 ιγ,
579 2950 622 2978 50.
657 2953 709 2979 ³⁹Ἰ
723 2954 789 2989 llcg.
805 2961 858 2986 nx,
875 2953 901 2980 9.
941 2953 960 2968 ³¹
972 2953 1051 2979 ιὶοιη.

1105 2954 1145 2985 ,4.
1186 2953 1207 2968 δ’
1220 2953 1276 2980 Gal.
1291 2961 1326 2987 tv,
1337 2947 1381 2980 '22.

1099 319 1244 346 ostendere
1273 326 1322 353 per
1347 325 1379 344 ca
1392 324 1451 352 quae
1468 324 1541 342 nunc
1556 315 1626 342 dicta
1648 318 1730 343 sunt.
1751 313 1887 348 legislator

1099 366 1231 398 intendit;
1247 373 1310 392 nam
1325 364 1352 390 in
1366 371 1397 390 ea
1417 370 1477 397 qua:
1498 361 1582 388 libera
1596 365 1637 388 cst
1651 361 1824 394 desponsata,
1840 359 1888 385 ad-

1099 411 1228 438 ulterium
1237 417 1297 437 esse
1308 409 1439 436 delictum
1445 409 1504 442 ejus
1515 407 1560 441 qui
1569 415 1630 434 cum
1644 413 1674 432 ea
1685 405 1834 432 fornicatus
1847 409 1885 431 cst

1099 456 1206 487 asserit,
1222 455 1370 489 mortisque
1388 462 1475 488 pinnae
1483 452 1692 487 eumsubjacere
1711 451 1837 477 sancirit.
1856 449 1887 476 In

1099 500 1197 527 ancilla
1207 505 1295 526 autem
1304 499 1396 531 nubili,
1405 498 1476 533 quod
1487 497 1662 532 Septuaginta
1670 495 1824 525 ediderunt,
1833 493 1887 521 Cn-

1099 546 1185 574 stodia
1199 546 1309 576 hontini,
1326 545 1351 572 id
1367 548 1419 576 est,
1435 544 1608 578 desponsata,
1618 541 1784 569 absolvensa
1797 547 1887 575 pinna,

1100 591 1347 626 saeriiiciumjubet
1356 590 1455 617 otIerrc
1464 596 1537 620 eum,
1550 588 1594 622 qui
1605 588 1631 614 in
1643 595 1701 614 ram
1715 586 1889 621 peccavit,ex

1100 638 1152 665 hac
1165 637 1288 665 sensibili
1300 636 1430 663 servitute
1452 633 1648 668 intelligibilem
1671 633 1764 660 volens
1795 636 1888 658 osten-

1100 683 1175 710 dere.
1192 682 1285 717 Neque
1312 681 1385 710 enim
1412 679 1542 715 praecepit
1565 679 1592 705 in
1613 678 1724 705 ancillas
1743 677 1888 712 quaslibet.

1100 733 1202 763 quanto
1231 728 1317 763 magis
1347 727 1526 762 desponsatas
1546 724 1675 752 delictum
1703 722 1890 750 fornicationis

1100 775 1217 807 admitti,
1238 774 1285 801 sed
1302 773 1427 800 ancillam
1445 773 1648 807 desponsatam,
1665 770 1722 797 sive
1739 769 1891 796 custodiam

1102 820 1205 848 homini
1221 819 1377 847 Iudaeorum
1390 819 1456 846 dicit
1470 818 1648 853 Synagogam,
1663 824 1722 850 qua:
1734 815 1784 850 legi
1800 818 1891 842 custo~

1101 866 1155 893 dita
1170 870 1221 898 est,
1237 873 1288 892 nec
1305 864 1436 900 despondi
1455 863 1575 896 Christo,
1588 863 1745 897 priusquam
1770 868 1891 888 morere-

1103 917 1147 938 tur
1174 911 1240 946 legis
1261 911 1364 942 littera,
1380 914 1496 944 poterat.
1511 909 1588 936 Unde
1608 913 1634 936 et
1648 908 1748 935 Paulus
1763 907 1870 934 dicebat
1884 915 1890 932 :

1067 949 1087 976 Β
1102 955 1182 991 Ergo,
1195 956 1299 990 fratres,
1316 960 1339 982 et
1363 963 1406 981 vos
1430 955 1526 981 mortui
1553 954 1614 981 estis
1640 953 1702 987 legi,
1725 961 1772 987 per
1799 959 1892 986 corpus

1102 1001 1208 1034 Christi,
1237 1005 1265 1027 ut
1289 1001 1346 1027 sitis
1375 1000 1495 1032 alterius,
1516 1000 1559 1034 qui
1589 1007 1621 1025 ea:
1642 999 1752 1025 mortuis
1777 1005 1893 1024 resurre-

1100 1047 1138 1073 xit
1151 1047 1185 1074 ".
1201 1047 1262 1082 ipse
1273 1051 1375 1078 autem,
1389 1045 1514 1073 ancillam
1528 1053 1588 1072 esse
1597 1045 1753 1071 JUtiiCOl‘lllll
1771 1042 1893 1078 Synago-

1101 1101 1172 1128 gam,
1187 1094 1245 1120 haec
1264 1093 1358 1120 dicens
1369 1093 1479 1120 docuit:
1496 1092 1567 1125 Quia
1592 1092 1725 1119 Abraham
1745 1091 1810 1118 duos
1825 1090 1893 1124 ﬁlios

1102 1141 1203 1172 habuit,
1216 1148 1296 1166 unum
1311 1147 1344 1167 ea:
1355 1139 1465 1172 ancilla,
1479 1144 1503 1165 et
1516 1147 1597 1165 unum
1607 1146 1638 1165 cx
1649 1138 1729 1164 libera
1746 1138 1778 1164 η.
1793 1138 1894 1164 Deinde

1102 1193 1183 1220 quam
1197 1186 1282 1213 voluit
1295 1186 1422 1213 ancillam
1448 1185 1570 1219 intelligi,
1591 1192 1732 1219 exponens
1753 1183 1873 1211 subdidit
1887 1194 1892 1210 :

1103 1229 1166 1262 Qua:
1180 1235 1240 1256 sunt
1255 1238 1301 1264 per
1315 1230 1471 1265 allegoriam
1486 1230 1555 1256 dicta
1570 1237 1579 1261 ;
1593 1229 1648 1256 lucc
1663 1230 1733 1255 enim
1756 1233 1815 1254 sunt
1843 1230 1894 1255 duo

1103 1281 1270 1308 testamenta,
1283 1285 1364 1303 unum
1375 1277 1479 1312 quidem
1496 1285 1527 1303 ea:
1552 1283 1638 1303 monte
1651 1275 1716 1303 Sina
1730 1276 1757 1302 in
1783 1277 1895 1302 seruitu—

1104 1327 1154 1349 tem
1180 1330 1317 1357 gcucrans,
1330 1323 1398 1356 quod
1412 1327 1461 1349 ~est
1480 1322 1560 1357 Agar.
1576 1321 1640 1349 Sina
1660 1327 1748 1348 autem
1765 1330 1838 1348 mons
1859 1327 1895 1348 est

1104 1369 1132 1394 in
1156 1368 1264 1400 Arabia,
1281 1369 1433 1402 conjunctus
1456 1368 1489 1400 ei,
1506 1376 1563 1403 quae
1589 1376 1656 1394 nunc
1683 1373 1719 1395 est
1736 1367 1894 1398 Jerusalem,

1105 1423 1162 1450 qua:
1175 1415 1251 1441 seruit
1264 1414 1296 1441 ³³.
1314 1414 1381 1442 Cum
1398 1415 1448 1442 hac
1466 1422 1530 1449 ergo
1545 1414 1566 1441 si
1578 1414 1639 1449 quis
1653 1414 1798 1441 dormierit
1822 1415 1895 1441 coitu

1105 1461 1228 1494 seminis,
1247 1461 1275 1488 id
1289 1465 1340 1493 est,
1354 1461 1401 1495 qui
1423 1461 1505 1496 hujus
1519 1461 1653 1496 particeps
1673 1461 1789 1488 elfectus
1813 1462 1896 1488 fuerit

1105 1507 1246 1539 doctrinm,
1267 1507 1294 1534 in
1326 1512 1431 1535 tantum
1456 1511 1484 1534 ut
1507 1508 1687 1543 conjungatur
1710 1508 1746 1540 ei,
1770 1513 1798 1534 rt
1820 1513 1898 1535 coeat

1106 1561 1168 1580 cum
1186 1561 1227 1586 ea,
1244 1561 1292 1588 per
1322 1553 1388 1588 legis
1408 1553 1534 1580 videlicet
1564 1555 1812 1586 conversationem,
1835 1556 1897 1589 quia

1108 1607 1192 1626 unum
1210 1600 1383 1634 reperiuntur
1410 1599 1437 1626 hi
1448 1599 1494 1634 qui
1518 1599 1570 1626 sibi
1592 1601 1727 1635 conjugali
1758 1602 1898 1628 consortio

1108 1645 1246 1672 sociantur
1259 1648 1362 1678 (semen
1378 1651 1469 1673 autem
1486 1653 1535 1680 pro
1555 1645 1699 1672 doctrinali
1715 1647 1797 1673 verbo
1811 1647 1898 1681 accipi

1108 1691 1217 1722 debere,
1236 1691 1422 1725 nntltiplieiter
1434 1691 1462 1717 in
1480 1691 1532 1718 hoc
1549 1690 1670 1718 Levitico
1698 1690 1769 1717 libro
1794 1691 1900 1725 pridem

1108 1736 1381 1772 demonstravimus);
1405 1737 1561 1771 quicunque
1584 1745 1648 1773 ergo
1668 1742 1815 1772 antequam
1842 1738 1900 1764 haec

1109 1790 1157 1817 per
1168 1783 1314 1809 adventum
1330 1782 1431 1810 Christi
1442 1783 1616 1815 liberaretur,
1632 1784 1684 1812 hoc
1697 1784 1810 1816 fecerat,
1827 1789 1901 1810 recte

1110 1836 1163 1854 non
1176 1828 1359 1855 moriebatur:
1375 1836 1438 1855 nam
1462 1833 1488 1856 et
1505 1829 1527 1856 si
1543 1830 1695 1856 secundum
1722 1830 1853 1861 litteram,
1873 1835 1901 1857 et

1109 1881 1162 1901 non
1190 1874 1340 1902 secundum
1357 1875 1483 1909 spiritum
1502 1875 1588 1910 legem
1614 1875 1775 1910 accipiebat,
1803 1884 1902 1910 quem-

1109 1921 1254 1948 admodum
1267 1921 1424 1949 Judreorum
1438 1921 1518 1948 docet
1538 1920 1689 1957 Synagoga,
1706 1922 1803 1949 ancilla
1827 1925 1902 1957 juste

1109 1967 1274 1999 nominatur,
1287 1968 1349 2002 quia
1371 1967 1532 2003 legislatoris
1544 1968 1723 1995 intentionem
1746 1968 1899 2003 ignorabat.

1109 2011 1203 2038 Servus
1214 2018 1314 2044 autem,
1325 2012 1395 2038 sicut
1407 2012 1475 2039 dixit
1488 2012 1623 2043 Christus,
1636 2013 1716 2039 nescit
1738 2012 1901 2038 voluntatem

1111 2058 1211 2084 domini
1230 2058 1271 2084 sui
1286 2057 1323 2090 δι,
1348 2062 1375 2085 et
1398 2063 1542 2092 propterea
1560 2058 1718 2092 delinquere
1747 2058 1898 2087 dicebatur.

1110 2103 1353 2137 remissionemque
1368 2104 1550 2131 necessariam
1565 2103 1693 2135 habebat,
1709 2104 1770 2138 quia
1783 2104 1902 2131 domini-

1110 2156 1171 2175 cnm
1185 2153 1350 2183 praeceptum
1371 2157 1424 2176 non
1443 2150 1594 2177 secundum
1614 2150 1779 2177 dominicam
1806 2150 1902 2177 stude-

1111 2195 1344 2222 batvolnntatcm.
1364 2195 1556 2223 Verumtamen
1573 2197 1636 2231 quia
1650 2205 1704 2224 non
1727 2197 1817 2224 adhuc
1841 2202 1903 2223 erat

1111 2240 1235 2269 liberata.
1251 2244 1396 2275 propterea
1411 2242 1516 2269 occulta
1532 2247 1591 2269 erat
1611 2243 1678 2277 legis
1692 2243 1901 2278 contemplatio.

1112 2285 1188 2313 Unde
1199 2289 1226 2313 et
1239 2291 1346 2320 tempus
1361 2286 1502 2313 videbatur
1518 2287 1618 2314 habere
1635 2289 1808 2315 conversatio
1827 2288 1903 2316 litte-

1109 2340 1156 2361 rae.
1167 2339 1218 2359 nec
1241 2336 1327 2358 morte
1343 2332 1439 2367 subjici
1461 2333 1599 2364 dicuntur,
1616 2338 1643 2360 et
1661 2334 1845 2361 visitationrm
1861 2334 1903 2360 eis

1108 2377 1243 2412 promisit.
1258 2377 1326 2404 Nam
1340 2377 1412 2412 quod
1428 2383 1520 2406 nostra
1534 2379 1676 2406 translatio
1695 2380 1777 2406 habet
1790 2389 1796 2406 :
1815 2380 1904 2414 Γαρα-

1108 2422 1198 2449 labant
1223 2422 1308 2455 ambo,
1323 2423 1501 2458 Septuaginta
1527 2425 1632 2454 dicunt.
1654 2425 1774 2452 Visitatio
1790 2426 1839 2453 crit
1854 2426 1902 2456 eis,

1107 2473 1196 2495 etnon
1211 2469 1366 2495 morientur.
1385 2468 1575 2496 Visitationem
1595 2475 1687 2498 autem
1707 2471 1746 2498 cis
1765 2471 1903 2506 promisit,

1110 2515 1136 2543 id
1154 2520 1195 2543 est
1209 2523 1224 2542 a
1239 2515 1306 2551 legis
1314 2516 1445 2544 servitute
1458 2517 1622 2545 libertatem.
1641 2519 1700 2545 Mos
1716 2519 1788 2545 enim
1806 2524 1849 2546 est
1862 2519 1904 2546 di-

1111 2563 1180 2590 vinas
1195 2563 1352 2598 Scriptum,
1368 2563 1531 2595 libertatem,
1546 2565 1728 2592 visitationem
1752 2566 1883 2600 appellari
1896 2575 1901 2591 :

1110 2617 1172 2636 nam
1186 2614 1212 2637 et
1232 2610 1422 2637 liberationem
1439 2611 1580 2638 servitutis
1610 2611 1742 2646 (Egyptia:
1768 2612 1903 2639 visitatio-

1109 2663 1172 2682 nem
1188 2656 1343 2683 invenimus
1353 2656 1436 2683 Deum
1448 2657 1645 2690 nominantem,
1657 2658 1768 2692 quando
1783 2659 1815 2684 ad
1830 2658 1903 2693 Μογ-

1108 2707 1157 2726 sen
1176 2700 1285 2727 dicebat
1303 2710 1308 2726 :
1327 2699 1446 2728 Conuoca
1471 2702 1584 2729 seniores
1613 2703 1729 2730 ﬁliorum
1760 2703 1847 2730 Israel
1880 2709 1903 2730 rt

1107 2746 1176 2772 dices
1190 2746 1225 2772 ad
1238 2754 1279 2772 eos
1295 2754 1305 2773 :
1325 2745 1451 2774 Dominus
1467 2747 1537 2775 Deus
1551 2753 1659 2783 patrum
1683 2754 1828 2776 vestrorum
1852 2758 1903 2783 ap-

1109 2793 1197 2825 paruit
1214 2792 1288 2824 milii,
1305 2793 1374 2820 Deus
1386 2793 1530 2827 Abraham,
1557 2800 1580 2821 ct
1599 2795 1668 2822 Dens
1686 2795 1774 2828 Isaac,
1787 2801 1812 2822 et
1833 2796 1903 2822 Deut

1167 2918 1188 2933 ’³
1204 2917 1281 2944 llotn.
1298 2926 1345 2949 xu,
1364 2919 1406 2946 l9.
1460 2919 1491 2934 “'
1509 2919 1602 2946 Matth.
1621 2929 1645 2948 v.
1663 2921 1707 2947 ’22.

1424 2954 1446 2969 ”
1458 2954 1524 2983 ibid.
1539 2954 1634 2982 25-25.

1763 2921 1785 2935 "
1802 2920 1811 2947 Ξ
1833 2920 1891 2947 Tim

1675 2954 1775 2983 "Luc.
1791 2964 1845 2983 xu.
1859 2956 1870 2971 ’ί
