2056 3148
182 193 251 228 1033

744 192 785 222 IN
810 191 1030 223 LEVlTICUM.
1047 204 1084 210 —
1102 192 1176 223 LIB.
1195 193 1245 224 VI.

1737 197 1806 231 10114

179 251 270 283 Iacob,
282 252 368 279 dicens
382 260 390 279 :
411 252 523 279 Visitans
539 252 641 279 visitavi
656 259 699 279 vos
728 257 751 278 et
764 251 816 278 vidi
840 258 965 286 quwcun-
983 257 1002 283 Α
1018 255 1090 277 ctum
1111 251 1212 278 bonum
1227 250 1382 281 Iudaeorum
1397 252 1526 288 populum
1537 258 1601 282 ante
1615 253 1723 283 Domini
1735 263 1808 291 pra:-

179 306 227 333 que
241 302 380 324 evenerunt
390 298 458 324 vobis
471 299 498 324 in
513 297 637 333 Egypto,
654 302 677 324 et
695 297 750 324 dixi
763 304 771 322 :
788 296 915 323 Libcrabo
923 304 966 322 vos

179 351 211 370 ea;
224 343 393 377 oppressione
404 343 588 378 {Egyptian-um
604 343 635 369 ³⁵.
651 343 751 378 Aperte
762 350 826 378 ergo
841 351 890 377 per
900 351 966 377 prat«

178 393 283 416 sentem
300 389 386 424 legem
400 388 512 415 visitare
527 396 574 416 eos
602 388 726 423 permisit
743 396 790 423 per
803 387 905 415 Christi
931 387 966 414 li-

177 434 393 465 berationem,de
405 441 455 469 qua
464 434 605 461 manifeste
616 435 758 461 Zacharias
765 441 814 469 per
823 433 966 461 Canticum

177 487 257 507 suum
271 480 339 507 dixit
355 489 361 506 :
377 479 533 507 Benedictus
558 480 682 506 Dominus
702 480 771 507 Deus
793 479 887 512 Israel,
904 481 966 514 quia

175 525 302 557 uisitauit,
315 530 339 551 et
365 526 424 552 fecit
456 526 659 559 redemptionem
673 525 754 560 plebis
766 533 821 552 sum
838 526 871 552 ".
898 526 966 553 Dicit

175 571 248 597 enim
263 571 450 598 liberationem
469 579 549 605 quam
571 571 699 598 Christus
723 571 751 598 in
770 571 914 601 sacriﬁcio,
939 575 966 597 et

174 616 330 650 evangelica
361 617 581 648 conversatione,
596 617 690 644 .Iudteo
706 617 834 651 primum,
849 621 876 643 et
905 621 966 651 post

176 660 226 687 hoc
238 660 341 691 Grzeco.
351 662 500 688 secundum
510 661 582 695 quod
592 661 661 688 dixit
669 660 964 695 Apostolus,prmstitit.

174 706 220 732 Ait
231 706 303 733 enim
316 706 350 733 de
365 705 511 741 Evangelio
522 706 594 741 quod
607 715 621 733 a
635 706 749 733 Domino
761 707 893 733 donatum
905 710 963 732 est:

176 751 261 778 Virtus
278 751 325 777 Dei
338 756 375 778 est
391 751 418 777 in
432 751 544 778 salutem
555 752 626 778 omni
638 752 763 783 credenti,
777 751 869 778 Judtvo
880 751 965 785 primo

172 802 196 822 et
229 796 319 823 Gra'co
333 797 365 823 ³⁷.
382 797 440 824 Non
467 798 618 824 secundum
640 797 756 832 aliquam
785 804 964 831 personarum

171 844 370 878 acceptionem,
383 843 430 870 sed
446 843 508 878 quia
523 843 602 878 primi
617 842 704 870 Judaai
717 843 787 869 hanc
797 842 912 870 salutent
936 846 964 869 et

172 889 369 920 liberationem,
387 894 482 924 utpote
507 889 589 916 etiam
608 889 675 916 alios
692 889 863 921 seducentcs,
881 889 963 916 habe-

1020 296 1135 323 sentiam
1161 296 1292 330 potuisse.
1315 296 1369 324 Cur
1393 298 1465 325 enim
1491 299 1610 327 triennio
1624 300 1743 328 fructum
1767 303 1808 330 eis

1020 341 1108 368 omnis
1121 341 1186 376 ligni
1202 349 1256 369 non
1267 349 1327 370 esse
1340 343 1462 371 esibilem
1483 344 1608 373 dicebat?
1618 345 1672 374 Sed
1685 354 1736 374 nec
1752 348 1808 375 ullo

1020 387 1100 415 modo
1111 388 1253 419 mundum,
1266 388 1310 416 sed
1329 394 1357 416 et
1381 389 1585 418 mundationem
1613 396 1710 426 quarto
1734 401 1808 421 anno

1021 435 1201 462 necessariam
1218 435 1375 464 habentem.
1392 437 1425 463 Et
1439 445 1497 471 qua:
1511 438 1568 465 haec
1581 443 1641 466 erat
1654 440 1808 468 mundatio?

1020 479 1078 506 Non
1093 480 1225 514 aspersio,
1242 488 1296 507 non
1314 481 1488 514 sacriﬁcium,
1507 489 1561 509 non
1577 483 1649 511 aliud
1667 484 1807 519 quidpiam

1021 524 1187 560 hujusmodi,
1199 526 1279 560 quale
1298 526 1351 552 alio
1371 526 1430 553 loco
1443 528 1592 555 secundum
1610 529 1730 556 litteram
1761 530 1806 556 lex

1020 571 1157 605 praecepit.
1171 571 1241 607 Ergo
1256 577 1334 598 vocat
1351 572 1507 600 necessarie
1534 574 1569 601 ad
1600 574 1807 609 contemplatio-

1019 622 1082 642 nem
1099 616 1223 650 spiritus,
1238 624 1301 644 cum
1316 617 1363 651 qui
1374 625 1429 644 non
1443 618 1530 646 solum
1552 619 1677 646 meditari
1705 620 1805 655 legem,

1019 659 1066 686 sed
1092 664 1119 686 et
1133 660 1241 695 aliquod
1272 668 1305 688 ex
1327 669 1358 689 ea
1370 663 1510 697 percipere
1521 664 1693 691 commodum
1718 666 1804 700 cupit.

1019 704 1131 732 Terram
1143 713 1208 741 ergo
1227 707 1299 734 Deus
1326 707 1382 740 dat,
1400 716 1482 743 qualn
1510 709 1599 744 ipsum
1627 710 1692 738 dare
1716 711 1804 743 decet,

1019 751 1046 778 id
1060 756 1112 783 est,
1129 751 1247 779 divinam
1263 753 1443 788 Scripturam,
1460 763 1521 789 qtnc
1543 757 1674 783 virtutum
1698 756 1805 784 fructus

1019 796 1080 828 fert,
1094 805 1155 831 qua:
1171 797 1253 825 habet
1268 798 1339 826 illam
1355 799 1450 832 vitam,
1460 805 1487 827 et
1498 801 1574 833 colit,
1590 801 1649 829 sive
1663 806 1804 837 operatur,

1017 848 1098 876 quam
1125 842 1208 870 David
1222 843 1312 871 colere
1329 849 1356 872 et
1377 846 1483 879 operari
1498 847 1644 881 promittit,
1660 848 1707 875 ubi
1730 848 1805 875 enim

1019 886 1073 915 Deo
1101 889 1207 922 placere
1232 891 1317 925 magis
1348 890 1439 923 homo,
1460 898 1541 926 quam
1553 891 1581 918 in
1606 892 1752 924 mandatis,
1778 897 1806 920 et

171 934 237 961 bant
252 934 444 961 necessariam.
456 934 524 961 Cum
553 935 594 961 his
605 935 652 969 qui
681 934 791 966 dormit,
803 933 830 960 id
843 938 894 966 est,
917 934 964 969 qui
979 930 1001 958 Β
1015 934 1144 967 operibus
1164 935 1243 962 bonis
1258 940 1366 971 potest:
1388 937 1437 971 Ait,
1448 937 1522 964 enim
1540 945 1546 962 :
1566 936 1678 964 Placebo
1692 937 1805 964 Domino

171 980 278 1012 miscet,
306 984 336 1007 ut
361 980 476 1007 seminis
501 987 595 1007 eorum
620 983 647 1006 et
676 979 806 1007 doctrina
830 979 964 1015 particeps

169 1026 312 1058 elliciatur,
330 1026 393 1053 huic
406 1033 455 1061 per
469 1026 632 1053 sacriﬁcium
651 1029 796 1060 praestatur
818 1025 962 1053 remissio:

170 1072 217 1098 sed
230 1079 280 1106 per
292 1071 408 1103 Christi,
428 1072 480 1098 hoc
504 1072 578 1098 enim
609 1071 771 1098 sacriﬁcium
796 1070 962 1106 signiﬁcans.

169 1117 285 1143 arietem
301 1124 351 1151 pro
365 1121 478 1151 peccato
503 1116 632 1151 praecepit
654 1116 757 1147 oiIerri,
772 1120 800 1143 et
829 1124 878 1150 per
904 1117 964 1151 ejus

168 1162 335 1189 oblationem
350 1162 522 1189 sacerdotem
547 1163 698 1196 deprecari.
716 1161 784 1194 Quis
808 1162 844 1188 sit
871 1166 962 1188 autem

169 1207 225 1240 hic,
241 1207 287 1242 qui
305 1215 355 1242 pro
370 1208 443 1234 omni
469 1207 570 1234 mundo
584 1207 755 1242 jdeprecatus
771 1212 824 1239 cst,
852 1212 880 1234 et
902 1207 963 1242 quis

167 1255 250 1287 aries,
262 1254 310 1287 qui
331 1261 380 1288 pro
395 1258 508 1288 peccato
531 1252 655 1285 offertur,
675 1257 702 1280 et
725 1260 773 1280 cur
786 1256 848 1280 ante
863 1253 962 1280 ostium

168 1299 337 1326 tabernaculi
377 1298 524 1326 testimonii
579 1298 613 1325 ad
650 1299 811 1326 sacrificium
847 1299 962 1327 deduca-

166 1350 224 1375 tur.
252 1345 300 1372 sed
316 1351 343 1372 et
371 1345 436 1379 quid
460 1345 570 1379 proprie
584 1344 682 1372 debeat
693 1345 805 1379 intelligi
819 1349 961 1379 peccatum

166 1391 271 1422 delicti,
286 1398 318 1418 ea
335 1399 396 1425 quae
410 1390 444 1417 de
457 1390 598 1418 sacriﬁciis
623 1391 688 1418 olim
708 1391 815 1417 sancita
844 1395 918 1422 sunt,
934 1396 963 1417 et

165 1438 292 1471 exposita
304 1441 488 1471 perscrutans,
507 1437 631 1464 invenies
648 1436 786 1463 Christum
802 1435 830 1462 in
847 1435 897 1468 eis,
912 1443 960 1462 ve—

166 1482 209 1509 lut
226 1483 251 1508 in
271 1483 388 1517 imagine
404 1482 548 1517 ﬁguratum
564 1491 571 1509 :
591 1481 637 1516 qui
649 1489 698 1516 per
714 1488 822 1508 erucem
836 1481 959 1509 immola-

166 1534 222 1558 tus.
240 1536 302 1555 cum
313 1528 372 1555 aliis
386 1528 513 1555 omnibus
531 1528 650 1562 peccatis
664 1527 747 1554 etiam
773 1526 824 1554 hoc
846 1527 959 1562 ignovit,

165 1575 241 1609 quod
258 1573 415 1601 Iuda-orum
429 1573 566 1601 commisit
582 1573 709 1608 populus,
727 1577 755 1599 et
768 1573 791 1599 is
806 1572 851 1606 qui
863 1577 922 1600 erat
935 1573 960 1600 ei

164 1621 265 1648 mistus
277 1629 309 1647 ex
325 1620 460 1655 gentibus,
478 1619 616 1653 quietiam
635 1618 755 1646 dormire
776 1626 838 1646 cum
861 1618 900 1646 eis
920 1618 961 1645 di-

164 1668 248 1698 citur,
267 1668 351 1702 legem
364 1674 418 1693 non
433 1666 583 1694 secundum
599 1665 781 1692 intentionem
797 1665 960 1700 Iegislatoris

163 1712 338 1747 arcipiendo.
350 1711 412 1739 Haec
423 1715 513 1738 autem
526 1719 580 1738 non
591 1711 747 1745 importune
768 1711 794 1738 in
809 1711 861 1738 hoc
886 1711 958 1742 loco,

164 1758 215 1785 sed
233 1758 287 1784 imo
303 1757 384 1785 nimis
397 1761 552 1792 opportuno
563 1761 695 1791 tempore,
709 1764 763 1791 quo
776 1757 896 1791 iumenta
905 1765 959 1784 non

163 1807 310 1838 oporteret
333 1802 444 1830 alterius
473 1801 582 1837 generis
602 1801 735 1836 jumentis
760 1803 905 1837 conjungi,
932 1802 959 1829 id

164 1855 219 1879 est.
235 1857 291 1876 non
306 1849 402 1876 liceret
415 1856 463 1875 eos
473 1848 518 1882 qui
528 1848 579 1874 sub
589 1848 682 1883 jugum
694 1847 757 1875 facti
771 1853 834 1875 sunt
847 1848 958 1880 Christi,

162 1896 314 1924 Iudaicum
326 1895 421 1930 jugum
435 1894 584 1929 suscipere,
602 1893 773 1929 signiﬁcavit.
787 1894 960 1922 Conﬁrmans

164 1941 241 1969 enim
267 1941 328 1973 hoc,
345 1940 487 1975 praesentia
516 1939 647 1971 subdidit,
664 1946 713 1973 per
739 1947 799 1973 quae
827 1940 956 1972 ostendit,

163 1989 230 2023 quia
241 1991 269 2014 et
291 1991 356 2014 ante
371 1987 517 2013 adventum
537 1985 650 2017 Christi,
663 1985 819 2020 quicunque
849 1990 958 2013 extero-

164 2042 228 2061 rum
245 2033 298 2060 illis
315 2031 552 2063 commiseebatur,
564 2038 634 2066 opus
649 2030 767 2058 habebat
781 2030 958 2066 intelligibilis

162 2079 262 2107 arietis
277 2078 412 2106 sacriﬁcio
428 2078 461 2105 ad
477 2077 699 2113 propitiationem
711 2084 798 2109 suam,
813 2077 958 2104 conferens

163 2125 232 2153 illud
248 2129 350 2157 tuente,
367 2130 394 2151 et
403 2124 562 2152 describens
572 2123 644 2156 apud
657 2123 837 2158 semetipsum
851 2131 899 2158 per
925 2123 957 2151 ﬁ-

162 2177 249 2206 guras
266 2170 419 2197 veritatem.
433 2169 478 2196 Sic
491 2169 564 2196 enim
586 2176 640 2195 non
655 2168 742 2195 solum
756 2175 810 2195 non
829 2168 958 2196 condem-

163 2216 227 2243 nari
240 2223 272 2242 ex
290 2214 454 2242 obveniente
468 2214 518 2241 sibi
543 2214 676 2241 servitute
693 2213 812 2241 Iudaica!
847 2214 955 2247 litterzn,

1015 979 1043 1005 in
1055 979 1159 1014 regione
1189 981 1304 1008 vivorum
1317 981 1350 1008 ⁸⁸.
1369 981 1407 1009 De
1433 982 1532 1017 quibus
1554 983 1613 1017 ipse
1637 982 1707 1011 dicit
1727 992 1733 1010 τ
1753 983 1805 1016 Qui

1015 1032 1074 1051 vero
1082 1030 1230 1058 exspectant
1239 1026 1392 1059 Dominum,
1404 1029 1556 1055 nwreditatc
1571 1029 1737 1062 possidebunt
1752 1035 1806 1057 ter-

1014 1079 1072 1097 ram
1084 1071 1116 1097 “.
1133 1071 1314 1100 Possidebunt
1326 1074 1399 1101 enim
1415 1074 1522 1109 plenam
1540 1074 1585 1101 Dei
1611 1075 1708 1109 spiritu
1729 1075 1803 1103 Scri—

1015 1121 1133 1151 pturam,
1149 1123 1177 1144 et
1187 1126 1247 1152 quas
1261 1126 1293 1145 es
1314 1127 1346 1146 ea
1364 1125 1428 1147 sunt
1442 1120 1523 1152 bona,
1543 1120 1589 1154 qui
1604 1120 1689 1148 Deum
1703 1129 1803 1157 exspe-

1014 1167 1100 1194 ctant,
1127 1163 1174 1198 qui
1201 1164 1402 1197 mandatorum,
1418 1173 1478 1200 qua:
1499 1165 1527 1192 in
1553 1173 1586 1193 ea
1613 1166 1802 1199 continentur,

1014 1207 1224 1235 retributionem
1241 1209 1385 1243 promittit.
1405 1209 1481 1237 IIanc
1498 1215 1597 1237 terram
1614 1211 1718 1247 ingredi
1740 1212 1802 1246 qui-

1013 1252 1075 1279 dem
1091 1252 1312 1282 ﬁliiJudzeorum
1343 1255 1471 1290 praecepti
1491 1260 1565 1287 sunt,
1585 1260 1614 1283 et
1637 1261 1804 1291 acceperunt

1015 1299 1126 1332 priores.
1144 1299 1225 1327 Primi
1247 1301 1319 1328 enim
1358 1308 1450 1329 sacras
1480 1308 1660 1337 susceperunt
1687 1304 1801 1335 litteras,

1014 1347 1124 1378 propter
1138 1345 1210 1379 quod
1227 1349 1256 1372 et
1281 1344 1385 1380 lignum
1414 1346 1487 1380 quod
1515 1345 1557 1373 edi
1572 1350 1672 1381 potest,
1689 1346 1716 1373 id
1748 1353 1801 1377 est.

1013 1389 1149 1420 mandata.
1165 1397 1225 1424 qua:
1236 1389 1365 1422 diximus,
1379 1390 1502 1424 plantare
1516 1391 1642 1425 praecepti
1674 1395 1747 1424 sunt,
1774 1391 1803 1418 hi
1825 1395 1828 1396 '

1012 1434 1120 1469 quidem
1134 1442 1181 1462 eas
1209 1435 1383 1467 meditantes.
1397 1435 1423 1462 hi
1443 1440 1533 1463 autem
1551 1439 1579 1463 et
1608 1436 1800 1471 prmdicantes.

1012 1480 1080 1513 Quia
1095 1481 1168 1507 enim
1185 1480 1347 1516 plantationi
1371 1480 1506 1516 lignorum
1523 1481 1663 1509 meditatio
1675 1482 1752 1517 legis,
1774 1488 1802 1510 et

1012 1525 1167 1560 praedicatio
1178 1530 1290 1561 propter
1306 1533 1368 1554 eum
1384 1528 1546 1562 protectum,
1561 1527 1607 1562 qui
1628 1535 1677 1562 per
1708 1533 1801 1562 patres

1012 1571 1147 1606 provenit,
1161 1571 1336 1603 assimilatur,
1362 1572 1424 1599 audi
1441 1573 1526 1600 David
1541 1573 1678 1601 dicentem
1697 1584 1703 1602 :
1723 1574 1756 1601 Et
1772 1575 1801 1601 in

1012 1617 1066 1652 lege
1078 1617 1134 1652 ejus
1156 1617 1326 1644 meditabitur
1343 1618 1424 1645 dieue
1437 1623 1522 1646 nocte.
1540 1618 1574 1646 Et
1592 1620 1640 1646 erit
1671 1624 1801 1655 tanquam

1012 1662 1121 1698 lignum,
1150 1664 1218 1698 quod
1239 1663 1390 1696 plantatum
1405 1668 1441 1691 est
1457 1672 1530 1691 secus
1557 1665 1681 1692 decursus
1712 1674 1800 1700 aqua-

1011 1717 1070 1735 rum
1083 1709 1117 1737 ".
1138 1709 1237 1736 Paulus
1250 1709 1322 1736 enim
1338 1709 1372 1736 de
1387 1709 1578 1744 praedicatione
1593 1718 1673 1745 quant
1702 1711 1800 1746 ιιι-πιεᾱί-

1010 1755 1080 1782 cavit
1091 1754 1239 1782 Corinthiis
1250 1755 1360 1790 scripsit
1373 1763 1380 1782 :
1397 1754 1453 1791 Ego
1468 1755 1598 1790 plantavi,
1610 1756 1704 1790 Apollo
1725 1757 1799 1792 riga—

1010 1801 1057 1832 vit,
1075 1802 1119 1827 sed
1148 1800 1216 1828 Deus
1234 1801 1424 1828 incrementum
1454 1802 1526 1828 dedit
1536 1802 1570 1829 δ’.
1588 1801 1643 1829 Sed
1670 1803 1799 1830 mandata

1010 1847 1118 1881 quidem
1138 1847 1208 1873 bona
1223 1846 1306 1873 nimis
1320 1851 1409 1879 erant,
1426 1851 1537 1881 propter
1551 1847 1623 1881 quod
1643 1851 1671 1874 et
1695 1847 1798 1881 lignum

1010 1892 1104 1919 esibile
1117 1891 1269 1927 appellavit.
1286 1891 1326 1918 Illi
1356 1896 1447 1919 autem
1475 1892 1556 1919 modo
1579 1899 1633 1926 quo
1647 1892 1796 1923 debebant,

1010 1944 1064 1963 non
1080 1937 1263 1970 operabantur
1279 1936 1430 1963 secundum
1454 1935 1572 1963 litteram
1601 1936 1658 1970 lege
1677 1941 1796 1964 utentes.

1010 1982 1074 2008 Erat
1086 1989 1151 2016 ergo
1177 1989 1272 2009 eorum
1299 1981 1413 2014 fructus,
1429 1981 1552 2016 operatio
1574 1982 1700 2009 videlicet
1729 1982 1798 2017 legis

1010 2026 1128 2053 triennio
1138 2026 1288 2053 immunda.
1301 2026 1371 2053 Dicit
1385 2031 1477 2055 autem
1507 2026 1668 2059 triennium,
1685 2034 1700 2053 a
1726 2031 1797 2054 tem-

1009 2079 1074 2106 pore
1089 2066 1155 2106 legis
1169 2079 1254 2106 usque
1265 2071 1299 2098 ad
1310 2071 1392 2099 David
1409 2077 1526 2107 tempus,
1537 2076 1564 2099 et
1577 2079 1592 2098 a
1609 2070 1693 2099 David
1711 2080 1798 2107 usque

1009 2116 1041 2143 ad
1066 2115 1333 2149 transmigrationem
1363 2115 1526 2150 Babyloniae,
1542 2121 1570 2143 et
1589 2124 1604 2143 a
1620 2116 1798 2153 transmigra-

1009 2161 1082 2188 tione
1118 2160 1271 2196 Babylonia),
1309 2169 1394 2195 usque
1417 2161 1451 2188 ad
1478 2161 1626 2189 adventum
1655 2161 1761 2189 Domini
1789 2171 1796 2189 :

1008 2208 1048 2235 sic
1077 2207 1151 2235 enim
1174 2211 1203 2234 et
1236 2206 1381 2234 Matthaaus
1409 2207 1533 2234 distinxit
1561 2208 1594 2236 “.
1636 2207 1706 2241 Quia
1733 2216 1798 2244 ergo

162 2262 215 2289 sed
229 2261 313 2288 etiam
340 2260 448 2287 liberari
472 2260 506 2287 ab
521 2267 563 2290 ea,
580 2263 636 2287 eta
668 2263 756 2286 morte
786 2258 956 2286 inﬁdelitatis
972 2257 1102 2294 υίίυπιο
1133 2253 1185 2279 hoc
1214 2259 1296 2284 anno,
1323 2259 1433 2279 omnem
1461 2251 1579 2279 "unum
1606 2253 1693 2288 limus
1718 2254 1796 2288 1⁸813-

162 2308 425 2343 spiritaliterlegcm
458 2306 608 2341 accipiens,
620 2310 648 2333 ct
669 2305 800 2334 sacriﬁcia
830 2306 890 2341 ejus
922 2306 956 2333 ad

164 2355 308 2382 Christum
324 2354 457 2384 referens,
473 2356 592 2387 poterat.

202 2400 285 2427 Vens.
301 2399 395 2426 25-25.
417 2408 425 2424 ι
440 2398 555 2432 Quando
573 2398 685 2432 ingressi
712 2396 818 2423 fueritis
845 2401 955 2427 terram,

163 2451 193 2473 et
217 2445 407 2481 plantaveritis
437 2444 464 2471 in
491 2451 522 2470 ea
555 2444 626 2478 ligna
652 2442 801 2477 pomifera,
826 2441 957 2469 auferetis

165 2491 301 2526 praeputia
317 2498 422 2518 eorum.
434 2489 515 2516 Poma
539 2496 601 2523 quae
634 2488 798 2523 germinant,
817 2487 956 2514 immunda

164 2541 248 2563 erunt
266 2535 352 2568 vobis.
373 2542 423 2562 nec
437 2534 523 2561 edetis
539 2541 573 2560 ex
593 2533 641 2559 eis.
659 2532 761 2565 Quarto
781 2539 853 2558 anno
868 2532 957 2558 omnis

165 2581 274 2608 fructus
285 2588 378 2607 eorum
387 2578 601 2607 sanctilicabitur
609 2577 735 2605 laudabili
745 2577 958 2609 Domino.Quin~

166 2631 196 2654 to
207 2632 300 2654 autem
315 2633 387 2653 anno
400 2633 455 2653 non
474 2625 623 2653 comedetis
642 2624 756 2655 fructus,
791 2630 957 2658 congregan-

166 2676 209 2700 tes
217 2679 298 2707 poma
313 2677 373 2706 qum
380 2671 531 2706 proferunt.
543 2670 598 2705 Ego
607 2669 744 2696 'Dominus
756 2668 826 2696 Deus
838 2671 937 2695 vester.
945 2677 954 2693 ι

204 2717 351 2744 Per'manet.
379 2717 407 2744 in
432 2716 585 2745 intentione
608 2715 689 2742 etiam
706 2722 780 2742 nunc
810 2713 957 2748 legislator,

165 2771 249 2799 quam
263 2763 360 2791 habuit
379 2763 466 2798 prius,
481 2762 543 2790 aliis
569 2762 660 2790 verbis
687 2761 904 2796 praecedentibus
923 2760 959 2786 si-

167 2809 243 2838 milia
263 2809 401 2842 sanciens,
419 2809 565 2837 ostendens
580 2808 690 2844 quidem
713 2814 763 2834 nec
780 2807 879 2833 habere
901 2806 958 2833 fru-

204 2876 227 2894 ³³
240 2876 328 2905 Exod.
343 2884 385 2909 ιιι,
398 2876 442 2903 16.
493 2876 516 2892 ³⁵
534 2875 601 2903 Luc.
613 2883 633 2906 ι,
649 2875 694 2902 68.
748 2875 770 2890 ³⁷
783 2873 860 2900 Rom.
878 2882 897 2905 ι,
917 2873 959 2900 16.

166 2911 198 2944 2,
212 2912 238 2939 '5.
276 2913 299 2928 ’ί
318 2912 327 2938 1
345 2911 408 2939 Cor.
425 2919 467 2943 ιιι,
488 2910 515 2938 6.
556 2910 578 2926 ⁸¹
595 2911 689 2938 Matth.
703 2918 722 2942 I,
737 2910 747 2936 1
765 2917 841 2943 seqq.

315 2959 453 2989 Parnm"
473 2958 531 2989 Gn.
548 2958 654 2990 XCIII.

1009 2302 1133 2325 sanctum
1142 2301 1170 2324 ct
1179 2297 1314 2324 laudabile
1330 2297 1445 2325 Domino
1459 2297 1671 2330 commendavit,
1686 2305 1741 2325 non
1756 2303 1798 2325 ta-

1010 2351 1073 2371 men
1089 2343 1132 2371 vel
1149 2348 1213 2370 tunc
1228 2343 1324 2371 esibile
1338 2343 1404 2370 illud
1420 2350 1480 2370 esse
1507 2342 1610 2371 Iudaeis
1629 2343 1744 2376 dixerat,
1763 2344 1798 2370 il-

1010 2388 1054 2416 Iud
1071 2389 1131 2416 sine
1145 2389 1234 2423 aliqua
1248 2388 1417 2416 dubitatione
1439 2389 1574 2423 probavit,
1591 2396 1644 2424 qua
1663 2389 1746 2416 totius
1758 2389 1798 2416 le-

1011 2435 1051 2470 gis
1066 2434 1182 2467 fructus,
1198 2435 1226 2461 in
1254 2435 1374 2462 adventu
1401 2436 1507 2462 Domini
1531 2440 1592 2462 est:
1610 2435 1695 2470 Hujus
1723 2436 1799 2462 enim

1012 2486 1128 2516 tempus,
1161 2481 1312 2508 secundum
1335 2481 1460 2508 ordinem
1485 2485 1639 2516 temporum
1670 2481 1798 2516 superius

1011 2525 1212 2552 nominalorum
1241 2533 1330 2552 annus
1362 2526 1436 2552 recte
1465 2526 1650 2553 nominabitur
1672 2531 1796 2560 quartus,

1011 2575 1120 2597 sanctus
1135 2569 1262 2597 laudabili
1281 2571 1345 2597 Deo.
1361 2570 1429 2603 Quia
1440 2570 1566 2598 Christus
1585 2579 1647 2598 cum
1674 2571 1798 2599 fructife-

1012 2623 1072 2642 rum
1099 2615 1225 2648 faciebat,
1251 2616 1480 2651 quemadmodum
1508 2622 1614 2652 oportet
1645 2618 1726 2644 etiam
1747 2625 1798 2645 nos

1011 2664 1173 2691 fructiﬁcare
1197 2664 1308 2692 docens.
1328 2665 1412 2692 Recte
1438 2672 1503 2700 ergo
1534 2671 1645 2693 sanctus
1668 2670 1736 2696 erat.
1753 2670 1798 2692 ut-

1013 2714 1075 2744 pote
1086 2718 1102 2737 a
1121 2710 1221 2737 Sancto
1231 2714 1387 2737 sanctomm
1402 2710 1553 2744 perfectus.
1573 2711 1627 2739 Sed
1644 2716 1671 2739 et
1703 2711 1798 2738 Iamia-

1013 2758 1095 2785 bilis:
1121 2758 1211 2785 omnia
1226 2758 1299 2785 enim
1326 2766 1387 2792 quae
1413 2758 1540 2786 Christus
1560 2764 1698 2793 operatur,
1728 2759 1799 2785 bona

1013 2804 1083 2830 fama
1101 2808 1165 2831 sunt
1179 2808 1260 2838 atque
1275 2804 1405 2839 gloriosa,
1424 2805 1460 2832 ita
1480 2809 1508 2831 ut
1523 2804 1605 2831 etiam
1630 2804 1663 2831 ab
1685 2804 1799 2838 ingratis

1303 2872 1324 2887 ³⁹
1343 2871 1442 2898 Psalm.
1459 2879 1553 2903 χχχιιι,
1570 2870 1596 2897 9.
1644 2869 1666 2885 ⁴⁶
1685 2868 1756 2897 Psal.
1777 2877 1798 2903 ι,

1604 2951 1641 2983 33

1008 2873 1028 2889 ³³
1046 2871 1115 2899 Psal.
1129 2879 1199 2904 cxw,
1215 2871 1241 2898 9.
