2056 3148
247 251 346 280 ludreis
361 247 554 285 glorificentur.
571 243 638 270 Cum
671 242 742 268 enim
769 239 946 276 paralyticum
970 244 1034 271 por-

248 303 350 326 tantem
363 283 446 330 super
457 294 586 320 humeros
605 289 744 325 grabatum
773 287 917 317 vidissent,
934 283 1035 318 glori/i—

248 345 341 371 eabant
363 341 457 371 Deum,
470 337 608 373 quitatem
626 339 781 370 potestatem
793 333 903 360 dedisset
923 331 1036 358 homini-

247 391 293 416 bus
310 388 343 413 “.
361 385 437 413 Unde
449 392 503 411 non
519 382 690 417 simpliciter,
708 382 756 408 sed
769 379 906 406 laudabile
920 378 1036 404 Domino

247 434 364 460 fructum
381 431 455 457 hunc.
473 429 517 456 lex
546 426 701 462 appellavit.
716 424 836 452 Necdum
863 427 954 450 atttcm
980 427 1037 450 erat

248 477 349 513 populo
362 474 473 506 esibilis,
491 472 607 500 necdum
621 471 693 498 enim
717 470 762 497 hic
779 468 928 496 secundum
955 467 1037 502 spiri-

249 529 306 551 tum
320 520 422 549 Christi
442 517 676 547 conversationem
689 516 805 551 adeptus
816 514 904 542 fuerat
922 514 988 540 :sed
1010 514 1038 539 in

247 576 320 596 anno
330 568 436 602 quinto,
451 566 477 593 in
491 564 638 600 apostolica
652 562 778 590 videlicet
802 561 987 596 generatione,
1007 559 1039 586 il-

248 615 303 642 linc
316 614 388 641 enim
401 613 459 648 ipse
472 611 629 638 Iudaeorum
648 609 777 644 populus,
793 607 820 634 id
835 612 887 638 est,
904 607 930 633 hi
943 606 989 640 qui
1006 613 1038 632 ex

248 661 290 689 eis
317 659 503 690 crediderunt,
518 660 555 689 _et
574 661 669 691 gentes
689 661 795 685 omnes,
823 652 946 680 csibilem
974 652 1040 686 legis

249 706 380 736 fructum.
396 703 582 738 operationem
601 701 727 728 videlicrt
753 700 918 727 habuerunt.
939 698 971 725 Et
997 705 1041 725 se-

245 751 369 779 cundum
384 749 562 784 Septuaginta
587 748 703 782 adiectio
733 746 871 773 fructuum
891 745 958 780 legis
982 749 1040 771 erat

250 797 361 832 populo,
378 797 404 823 id
426 799 467 822 est
486 795 592 821 luenun
626 798 652 820 ct
672 793 856 820 commodum.
880 791 945 824 Qua:
968 790 1039 817 enim

250 846 401 877 operantur
425 840 500 874 prius
529 839 590 865 sine
613 838 699 870 lucro,
726 837 861 865 inutiliter
879 840 1039 871 operantur.

250 887 324 914 Bene
337 891 428 913 autem
442 884 604 919 adiectionis
626 884 670 911 lex
686 883 846 911 memoriam
870 882 935 909 facit
959 881 1042 908 verbo

251 933 409 964 convenire,
425 931 498 966 quod
513 930 581 958 dixit
606 930 737 957 Dominus
757 929 785 956 in
802 928 947 963 Evangelii)
961 935 967 953 :
986 927 1042 961 ipse

251 977 324 1005 enim
340 981 417 1007 erat,
435 976 482 1010 qui
512 975 569 1003 hazc
583 979 611 1001 et
626 975 671 1001 illa
699 974 817 1001 dicebat.
834 973 911 1000 Omni
937 972 1042 998 [tabenti

251 1023 358 1050 dabitur
366 1027 389 1049 et
404 1022 545 1056 adjicietur
556 1021 588 1047 ⁸⁸.
598 1021 761 1060 Quicunque
773 1024 875 1052 autem,
888 1023 1041 1053 utoportel,

252 1074 330 1098 vetus
347 1073 422 1096 tenet
434 1071 636 1098 testamentum,
650 1067 674 1094 ei
698 1071 725 1093 et.
741 1074 841 1093 novum
857 1065 995 1100 adjicitur,
1017 1070 1044 1091 ct

252 1124 301 1150 per
317 1115 368 1142 hoc
381 1114 408 1141 ei
420 1113 524 1140 esibilis
543 1113 624 1140 etiam
638 1112 742 1139 fructus
764 1111 920 1138 testamenti
945 1110 1044 1137 veteris

255 1161 404 1188 invenitur.

289 1207 371 1234 Vens.
384 1205 478 1233 26-28.
498 1215 507 1230 ‹
525 1203 586 1232 Non
604 1203 754 1232 comedetis
768 1210 879 1230 carnem
902 1210 964 1230 cum
982 1210 1045 1229 san-

255 1251 347 1287 guine,
362 1258 417 1277 non
433 1249 646 1285 augurabimini,
661 1255 713 1275 nec
722 1246 914 1275 observabitis’
929 1247 1044 1279 somnia,

255 1305 307 1324 nec
323 1297 349 1324 in
361 1296 508 1324 rotundum
520 1294 638 1325 tondetis
656 1301 774 1324 comam,
795 1300 846 1320 nec
869 1292 969 1319 radetis
986 1293 1047 1319 bur-

256 1343 330 1374 bam,
343 1345 370 1368 et
383 1348 466 1375 super
476 1343 584 1366 mortuo
599 1345 653 1365 non
666 1336 792 1363 incidetis
803 1343 913 1363 carnem
929 1340 1047 1362 vestram

255 1395 346 1422 neque
356 1386 466 1422 figuras,
479 1388 507 1413 et
517 1385 642 1420 stigmata
658 1382 764 1410 facietis
781 1382 868 1410 vobis.
886 1381 941 1416 Ego
957 1381 1048 1408 Domi-

257 1441 321 1461 nus.
343 1442 353 1458 ι

293 1479 334 1505 Ab
349 1476 423 1504 omni
442 1476 576 1503 fermento
587 1473 697 1501 malitiae
715 1471 846 1499 mundum
861 1477 923 1498 esse
943 1469 1049 1496 lidelem

256 1526 326 1557 vult,
342 1528 370 1551 et
382 1526 527 1558 propterea
543 1527 616 1546 nunc
629 1517 738 1553 quidem
754 1515 882 1551 prohibet
892 1524 907 1542 a
918 1515 1050 1542 servitute

260 1570 325 1606 legis
352 1569 458 1599 litterae,
475 1571 502 1593 et
530 1565 671 1592 Judaieam
697 1562 850 1590 doctrinam
880 1561 1051 1588 demonstrat

261 1596 395 1644 inittilem.
408 1613 485 1640 Nunc
499 1615 590 1638 autem
608 1616 703 1636 rursus
717 1609 749 1635 ad
763 1615 884 1634 errorem
909 1607 1050 1641 gentilium
1065 1596 1085 1624 ο

261 1667 415 1690 sermonem
438 1657 530 1690 vertit,
553 1663 644 1690 neque
670 1655 743 1682 enim
769 1654 872 1685 omnia,
894 1661 955 1687 quat:
979 1660 1053 1679 nunc

260 1708 345 1736 vetita
362 1711 436 1736 sunt,
452 1703 598 1731 studeatur
611 1710 618 1729 :
633 1701 733 1736 quippe
744 1708 805 1728 cum
829 1707 883 1727 non
895 1700 983 1727 solum
999 1701 1054 1727 sint

261 1752 385 1785 ridicula,
403 1751 451 1779 sed
479 1749 560 1776 etiam
581 1752 609 1775 et
635 1748 717 1774 noxia
740 1747 915 1774 studentibus
933 1754 974 1779 ea,
993 1754 1053 1781 quae

264 1799 379 1827 maxime
400 1795 519 1824 ostendit
533 1793 726 1825 Ecclesiastes;
744 1793 782 1820 ait
797 1793 869 1819 enim
882 1802 889 1820 ι
900 1792 951 1824 Qui
967 1793 1054 1819 obser-

265 1851 308 1874 vat
321 1849 435 1876 ventum,
450 1850 501 1869 non
521 1841 633 1868 seminat
651 1847 657 1865 :
676 1844 700 1866 et
721 1840 765 1874 qui
787 1839 933 1865 considerat
946 1839 1052 1871 nubem,

265 1898 398 1926 nunquam
415 1893 489 1916 metet
504 1888 538 1915 ".
552 1886 702 1921 Augurium
720 1893 783 1920 ergo
807 1891 861 1912 nou
889 1885 976 1912 solum
1004 1892 1054 1911 vox

264 1939 322 1967 avis
341 1937 488 1973 cujuslibet
504 1939 551 1962 aut
569 1934 675 1961 volatus
690 1931 820 1966 appellat,
838 1931 883 1965 qui
900 1931 943 1957 vel
960 1930 1054 1964 prohi-

264 1987 311 2013 bet
330 1992 344 2011 a
361 1983 477 2018 quadam
492 1981 600 2008 actione
614 1979 658 2006 vel
678 1985 738 2004 eam
753 1976 901 2004 studiosius
926 1976 1056 2003 admouet

265 2030 479 2062 accelerandam,
494 2028 541 2055 sed
554 2031 581 2053 et
594 2025 679 2061 signis
691 2024 730 2051 uti
746 2023 929 2058 loquentium,
942 2026 1056 2057 practer-

265 2077 409 2109 euntium,
433 2073 621 2103 obviantium,
644 2076 672 2098 et
697 2069 876 2104 quorumdam
902 2068 930 2095 in
959 2063 1056 2094 itinere

266 2121 469 2151 ohvenientium
495 2117 734 2149 oliendieulorum,
764 2115 912 2149 taliumque
940 2114 1055 2140 aliorum

266 2174 318 2196 est.
346 2168 386 2195 Ab
410 2166 506 2193 avibus
535 2165 608 2191 enim
639 2169 783 2198 augurum,
810 2161 858 2188 sed
884 2165 910 2188 et
939 2160 1055 2187 aliorum

267 2216 406 2250 signorum
419 2209 573 2239 observatio
588 2208 698 2236 dicitur.
726 2206 885 2241 Auspicium
907 2209 998 2232 autem
1015 2210 1055 2232 est

267 2263 441 2288 transeuntes
453 2255 627 2284 considerare
640 2261 714 2286 aves,
731 2257 759 2280 et
776 2256 888 2287 propter
899 2251 947 2278 has
964 2251 991 2277 in
1007 2251 1055 2278 de-

267 2311 365 2334 sertam
376 2305 415 2332 ab
431 2302 588 2331 hominibus
603 2301 676 2328 viam
695 2298 786 2334 egredi
808 2302 855 2324 aut
869 2298 959 2324 avium
981 2297 1058 2324 vola-

267 2358 334 2383 tum,
350 2355 397 2377 aut
415 2356 496 2377 voces
510 2346 604 2382 quales
618 2345 673 2372 sint
693 2347 910 2379 perscrutentur,
928 2345 956 2368 ut
971 2349 1002 2369 ex
1019 2342 1058 2369 eis

266 2401 516 2434 cognoscant,qu:e
545 2393 635 2420 futura
666 2395 740 2418 sunt.
756 2389 833 2423 Quod
863 2396 991 2416 accusare
1017 2393 1058 2416 est

269 2445 362 2475 Deum,
380 2442 443 2477 quia
457 2448 488 2468 ea
505 2446 566 2475 qua:
581 2436 696 2469 homini,
712 2443 791 2471 quem
816 2434 965 2463 secundum
981 2441 1058 2461 suam

267 2491 412 2525 imaginem
429 2488 550 2516 omnium
562 2485 720 2514 animalium
736 2483 885 2520 principem
905 2482 1057 2514 constituit,

268 2535 417 2567 al..~coodit,
434 2540 461 2562 et
487 2534 522 2561 ab
538 2533 577 2560 eis
597 2531 732 2566 quispiam
762 2530 851 2560 discit,
867 2537 927 2563 quae
955 2535 1007 2556 nec
1026 2529 1060 2554 ab

269 2581 436 2615 spiritalibus
452 2579 527 2609 viris,
545 2578 591 2605 sed
609 2585 662 2604 nec
675 2585 689 2603 a
704 2577 769 2607 Deo,
799 2575 846 2610 qui
869 2575 922 2602 illis
946 2575 1059 2605 revelat,

269 2631 359 2661 potest
370 2626 486 2655 discere,
505 2625 576 2652 sicut
603 2624 641 2655 hi,
657 2624 704 2658 qui
721 2623 748 2649 in
761 2622 892 2658 prtedicto
909 2629 1003 2648 errore
1018 2629 1062 2648 se-

270 2673 342 2700 ducti
358 2676 431 2701 sunt,
447 2671 623 2698 arbitrantur.
641 2669 754 2704 insuper
766 2676 819 2696 nec
834 2676 939 2695 comam
969 2667 996 2694 in
1017 2675 1063 2694 ro-

272 2718 384 2745 tundum
402 2716 524 2748 tondere,
540 2716 566 2742 id
591 2719 643 2746 cst,
662 2723 717 2742 non
740 2715 834 2742 radere
855 2714 883 2740 in
913 2714 1060 2741 rotundum

272 2768 408 2799 aspectum
425 2762 531 2797 capitis,
542 2762 611 2788 sicut
628 2764 656 2787 et
667 2760 846 2796 Symmachus
861 2760 1059 2794 edidit,quem-

1050 239 1073 268 Α

1060 918 1080 945 Β

1072 2277 1094 2304 D

306 2862 329 2878 “
343 2862 437 2890 Matth.
457 2869 494 2893 Ix,
513 2861 539 2887 8.
591 2860 613 2876 “
631 2859 728 2886 Matth.
748 2868 812 2890 xxv,
833 2859 867 2885 29
916 2859 938 2874 ⁸³
954 2858 1092 2888 lictlo.xt,

269 2906 316 2926 ιι..
334 2898 359 2925 4.
398 2899 419 2914 ⁸³
436 2896 531 2924 Matth.
549 2904 607 2929 χιιι,
622 2896 672 2926 19;
697 2895 761 2922 Luc.
781 2902 824 2926 ιι,
840 2894 884 2921 Ξιί.
918 2895 940 2911 ⁵³
963 2894 1057 2920 Matth.
1075 2901 1100 2923 x,

840 185 1021 216 IlESYClllI
1041 179 1280 212 PRESBYTERI

1809 168 1877 200 1036

1087 234 1234 262 admodum
1267 232 1349 259 etiam
1371 231 1398 258 lii
1415 230 1503 257 facere
1523 229 1737 257 consueverunt,
1753 223 1799 258 qui
1815 223 1876 250 ιμπ-

1086 280 1193 308 baricas
1213 278 1324 305 student
1348 284 1449 306 coruus,
1465 278 1577 310 propter
1587 272 1658 308 quod
1675 272 1727 298 hoc
1760 269 1878 304 Septua-

1087 327 1160 362 ginta
1174 325 1278 360 σισόην,
1292 323 1403 350 forsitan
1432 326 1541 357 propter
1565 318 1781 354 magnitudinem
1811 327 1880 345 con—

1087 379 1230 400 cursorum
1258 370 1418 405 capillorum
1443 367 1658 402 appellaverunt.
1681 364 1740 390 Non
1771 369 1882 399 oportet

1088 424 1179 445 autem
1196 417 1247 443 hoc
1264 414 1332 443 licri.
1346 413 1393 440 sed
1405 415 1549 439 contentos
1566 417 1627 436 esse
1641 408 1812 435 naturalibus
1836 415 1876 432 or-

1088 464 1236 493 namentis,
1255 460 1322 487 nihil
1349 458 1503 492 exquirere,
1532 455 1584 482 nisi
1602 455 1693 481 forsan
1725 454 1883 480 Creatorem

1089 509 1191 544 aliquid
1206 507 1357 541 indiguisse
1367 505 1399 532 ad
1413 503 1609 539 perliciendum
1638 499 1739 527 animal
1765 506 1882 526 accusa-

1090 563 1160 582 mus.
1176 555 1229 581 Sed
1246 560 1296 580 nec
1307 551 1449 579 cincinnos
1465 548 1569 576 nutrire
1582 548 1609 575 in
1624 547 1757 573 horrerent
1780 545 1884 571 dmino-

1091 610 1166 634 num,
1183 600 1289 635 capillis
1303 598 1362 625 aliis
1376 596 1513 627 fortiores,
1527 598 1556 621 et
1576 593 1628 620 hoc
1640 599 1739 619 vovere
1753 599 1760 617 :
1775 590 1885 617 student

1090 648 1162 675 enim
1182 647 1232 674 hoc
1244 644 1353 680 pagani,
1372 646 1453 678 caput
1469 647 1618 676 puerorum
1635 638 1734 664 offerre
1752 636 1886 664 dicmoui~

1091 695 1151 722 bus.
1169 692 1246 720 Unde
1256 692 1291 719 de
1302 691 1354 718 hoc
1369 689 1488 716 maxime
1501 690 1610 722 oportet
1632 684 1720 720 putari
1744 683 1885 719 legislatu-

1091 748 1148 767 rem
1162 738 1320 774 prtecipere.
1336 735 1390 763 Sed
1406 742 1458 761 nec
1473 733 1584 760 barbam
1608 731 1704 757 radere
1717 730 1760 756 vel
1784 736 1885 756 secun-

1092 787 1156 814 dum
1181 783 1359 820 Septuaginta
1382 786 1559 814 corrumpere
1583 777 1679 804 faciem
1702 776 1815 803 barbzc:
1837 783 1887 801 nec

1093 833 1227 860 iucisuras
1241 831 1268 857 in
1284 835 1400 864 corpore
1416 827 1468 854 sibi
1486 826 1576 853 facere
1591 832 1638 851 eos
1649 824 1695 858 qui
1718 823 1783 851 fient
1805 830 1886 856 supra

1093 883 1217 906 mortuos
1232 877 1323 908 etiam,
1338 875 1390 902 hoc
1406 874 1479 901 enim
1496 872 1592 907 pagani
1608 874 1822 897 consueverunt.
1843 869 1889 895 Sic

1094 925 1167 952 enim
1180 923 1262 958 aflligi
1282 929 1364 956 supra
1382 924 1505 947 mortuos
1521 922 1640 952 oportet,
1658 921 1687 942 ut
1709 923 1761 942 nec
1789 915 1888 942 facirm

1095 970 1185 1002 laedat,
1206 976 1257 996 nec
1273 974 1372 1002 corpus
1391 969 1558 998 corrumpat,
1575 971 1589 989 a
1601 963 1700 997 quibus
1719 969 1768 988 nos
1788 960 1889 987 Paulus

1095 1017 1244 1052 prohibens
1272 1014 1310 1041 ait
1325 1022 1332 1039 ε
1351 1011 1418 1039 Nolo
1435 1019 1476 1037 ros
1490 1011 1623 1045 ignorare,
1655 1009 1762 1043 fratres,
1778 1012 1804 1033 ut
1838 1015 1890 1032 nou

1097 1059 1297 1091 contristcmini,
1312 1058 1379 1085 sicut
1394 1062 1416 1083 ct
1435 1056 1522 1082 trctari
1536 1055 1579 1089 qui
1590 1062 1662 1088 spem
1683 1061 1733 1080 non
1750 1053 1843 1079 habent
1856 1053 1889 1078 “.

1098 1108 1163 1134 Nam
1179 1105 1318 1141 quodlibet
1334 1112 1439 1134 eorum,
1449 1110 1510 1137 qua:
1524 1101 1652 1136 pratdicta
1665 1104 1729 1126 sunt
1742 1107 1822 1134 agere
1835 1106 1891 1125 non

1097 1159 1139 1181 est
1156 1160 1232 1187 spem
1250 1151 1352 1178 habere
1382 1147 1592 1176 resurrectionis
1619 1151 1801 1176 mortuorum,
1827 1145 1891 1180 quia

1098 1205 1226 1233 tanquam
1244 1197 1297 1223 illis
1312 1195 1459 1229 corruptis,
1477 1192 1638 1226 semetipsos
1652 1191 1788 1225 dissipant
1810 1196 1894 1224 atque

1097 1247 1288 1278 corrumpunt.
1309 1241 1440 1268 Prohibet
1465 1239 1590 1274 stigmata
1617 1237 1674 1264 fieri
1708 1237 1736 1263 in
1764 1244 1892 1271 corpore,

1100 1291 1220 1325 undique
1248 1288 1354 1316 decoris
1373 1286 1512 1322 legislator
1533 1291 1626 1311 curam
1659 1291 1766 1318 gerens,
1783 1287 1812 1309 et
1835 1290 1891 1308 non

1097 1336 1255 1364 concedens
1279 1334 1353 1361 abuti
1378 1339 1460 1360 carne
1489 1331 1516 1357 in
1547 1329 1668 1364 quolibet
1696 1328 1812 1359 horum;
1833 1335 1895 1362 qua:

1099 1381 1209 1417 quidem
1232 1380 1282 1415 ipsi
1303 1382 1416 1409 nocent,
1441 1382 1526 1404 totum
1546 1381 1638 1402 autem
1662 1373 1762 1400 animal
1788 1373 1892 1400 foedum

1101 1427 1227 1454 reddunt.
1244 1424 1394 1452 Comederc
1410 1424 1483 1450 enim
1500 1429 1582 1455 super
1598 1425 1716 1452 tuentes,
1742 1420 1814 1454 quod
1847 1420 1896 1446 Se-

1102 1473 1242 1508 ptuaginta
1262 1471 1289 1497 in
1306 1470 1386 1497 initio
1412 1468 1554 1503 praisetitis
1578 1467 1642 1502 legis
1666 1470 1829 1501 posuerunt,
1846 1473 1896 1500 pro

1103 1527 1135 1546 eo
1151 1517 1223 1553 quod
1234 1520 1326 1544 nostra
1342 1515 1426 1542 editio
1438 1514 1531 1546 habet,
1546 1514 1605 1540 Non
1617 1512 1757 1539 comedetis
1769 1520 1899 1538 cumsan-

1104 1566 1190 1601 guina,
1210 1567 1321 1599 propter
1337 1569 1385 1589 eos
1404 1561 1449 1595 qui
1471 1560 1604 1586 idolorum
1623 1558 1818 1586 festivitatibus
1834 1566 1900 1585 con-

1103 1611 1173 1639 sueti
1198 1615 1261 1637 sunt
1276 1607 1497 1644 prohibuit.lloc
1522 1605 1593 1633 enim
1619 1610 1646 1632 et
1674 1604 1744 1632 Osce
1766 1612 1900 1631 accusans

1103 1657 1233 1693 populum
1255 1655 1423 1685 Juda‘orum,
1452 1652 1541 1679 dixit:
1559 1650 1674 1685 Spiritus
1695 1651 1900 1686 {ornicationum

1105 1703 1204 1737 decepit
1217 1709 1270 1732 eos,
1286 1706 1309 1727 et
1323 1698 1445 1735 fornicati
1458 1702 1518 1724 sunt
1533 1706 1548 1723 a
1567 1696 1620 1724 Deo
1638 1705 1695 1724 suo.
1712 1696 1796 1731 Super
1819 1697 1901 1722 uerti-

1107 1757 1160 1776 cem
1174 1747 1301 1774 montium
1320 1746 1453 1772 incensum
1471 1742 1622 1773 adolebant,
1635 1747 1659 1769 et
1674 1750 1752 1776 super
1764 1742 1841 1767 tolles
1855 1750 1903 1767 sa-

1105 1794 1259 1828 criﬁcabant
1287 1792 1319 1817 ⁸⁷.
1332 1791 1386 1818 Sed
1409 1789 1550 1816 videamus
1565 1793 1663 1823 praeter
1692 1787 1760 1819 lucc,
1775 1795 1836 1821 qua:
1852 1795 1904 1813 nos

1103 1842 1197 1876 jubcat
1209 1847 1305 1867 cavere
1321 1847 1328 1865 :
1342 1837 1492 1865 secundum
1516 1835 1667 1871 spiritalem
1687 1834 1903 1868 contemplatio-

1105 1896 1168 1915 nem
1186 1895 1239 1914 non
1265 1885 1409 1914 comedere
1424 1892 1506 1920 super
1528 1887 1647 1914 montes,
1663 1883 1690 1909 id
1717 1887 1769 1913 est,
1799 1882 1904 1916 cogita-

1108 1933 1226 1961 tionibus
1242 1931 1367 1966 superbis
1380 1939 1434 1957 non
1459 1930 1546 1965 pasci,
1564 1929 1599 1956 de
1616 1929 1716 1963 quibus
1729 1928 1813 1955 Isaias
1839 1928 1878 1954 ait
1896 1937 1902 1954 :

1106 1979 1196 2006 Omnis
1213 1986 1286 2004 mons
1301 1982 1323 2004 et
1338 1976 1410 2004 collis
1425 1975 1610 2002 liumiliabitur
1628 1975 1659 2001 ιθ.
1683 1974 1742 2002 Non
1762 1974 1902 2009 augurari,

1107 2033 1162 2053 non
1179 2024 1324 2059 auspicari,
1341 2027 1435 2050 utnon
1448 2022 1621 2049 intendentes
1643 2020 1782 2048 datmones
1803 2027 1904 2046 secun-

1106 2072 1171 2099 dum
1186 2078 1280 2098 eorum
1294 2069 1461 2097 voluntatem
1479 2068 1612 2099 vivamus,
1622 2074 1712 2101 neque
1721 2074 1768 2093 cor
1778 2071 1903 2092 nostrum

1108 2116 1265 2144 volucribus
1280 2115 1429 2146 tradamus,
1445 2122 1506 2148 qua;
1519 2113 1628 2148 rapiunt
1643 2120 1737 2139 semen
1759 2111 1868 2146 pictatis
1886 2119 1903 2137 τι

1108 2162 1197 2194 nobis,
1219 2161 1290 2188 sicut
1306 2160 1438 2187 Dominus
1463 2160 1489 2186 in
1512 2158 1649 2194 parabolis
1666 2157 1831 2192 evangelicis
1857 2157 1903 2183 di-

1110 2208 1148 2235 xit
1161 2208 1194 2233 ⁵⁵.
1211 2207 1322 2234 Comatn
1336 2214 1391 2233 non
1409 2205 1555 2232 tendamus
1573 2212 1580 2231 :
1599 2204 1642 2231 vel
1660 2203 1904 2238 sicutSeptuagin-

1111 2259 1137 2281 ta
1152 2255 1246 2288 σισόην
1263 2253 1297 2280 de
1310 2253 1415 2287 capillis
1444 2252 1552 2287 capitis,
1570 2259 1623 2278 non
1646 2251 1788 2277 faciamus.
1806 2249 1904 2284 Capilli

1110 2300 1183 2328 enim
1205 2299 1291 2326 nostri
1319 2306 1368 2333 pro
1388 2297 1612 2333 cogitationibus,
1637 2296 1821 2331 accipiuntur,
1837 2303 1904 2329 pro-

1110 2351 1171 2381 pter
1191 2345 1264 2380 quod
1284 2344 1352 2371 dixit
1364 2344 1516 2371 Dominus:
1535 2343 1618 2371 Vestri
1638 2347 1728 2369 autent
1742 2346 1766 2368 et
1799 2341 1891 2375 capilli

1110 2392 1204 2426 capitis
1218 2399 1306 2417 omnes
1319 2391 1452 2417 numerati
1467 2395 1527 2417 sunt
1541 2391 1575 2417 '°.
1597 2389 1648 2424 Ipsi
1660 2388 1733 2415 enim
1755 2392 1849 2422 utpote
1859 2387 1906 2421 ju-

1110 2438 1173 2468 diei,
1192 2442 1218 2465 et
1234 2437 1315 2464 corda
1326 2437 1469 2469 scrutanti,
1482 2440 1630 2463 numerata:
1654 2439 1719 2463 sunt
1733 2441 1828 2461 omnes
1855 2440 1908 2459 no-

1111 2488 1173 2511 str:e
1199 2483 1388 2518 cogitationes.
1415 2482 1474 2509 Non
1503 2486 1611 2516 oportet
1640 2488 1705 2515 ergo
1734 2486 1781 2507 eas
1801 2479 1908 2514 agitare

1110 2529 1276 2565 quempiam,
1293 2528 1336 2555 vel
1348 2532 1504 2560 concutere,
1522 2527 1569 2554 sed
1586 2534 1636 2553 nec
1663 2526 1763 2553 oll‘errc
1787 2524 1909 2555 diabolo,

1113 2576 1185 2611 quod
1212 2575 1316 2602 faciunt
1340 2574 1462 2609 quidam,
1481 2577 1508 2600 et
1537 2573 1570 2600 dc
1599 2571 1776 2599 sensibilibus
1801 2570 1911 2605 capillis

1115 2622 1217 2649 crinem
1235 2621 1393 2652 offerentes,
1408 2620 1477 2647 sicut
1490 2620 1618 2654 superius
1644 2618 1773 2645 diximus.
1791 2617 1910 2651 Insuper

1115 2676 1170 2695 non
1181 2671 1298 2702 oportet,
1315 2667 1386 2694 sicut
1405 2666 1588 2701 praediximus,
1606 2665 1718 2692 haibam
1738 2664 1845 2695 radere,
1866 2663 1911 2689 vel

1116 2714 1266 2742 secundum
1293 2713 1470 2748 Septuaginta
1488 2719 1664 2747 corrumpere
1686 2710 1786 2737 faciem
1806 2709 1911 2739 barbae.

1115 2760 1177 2794 quia
1190 2758 1365 2794 perfectionis
1377 2762 1473 2785 nostra:
1491 2757 1598 2793 signum
1621 2757 1704 2784 barba
1724 2761 1776 2782 est.
1791 2755 1911 2782 Virtutes

1110 2858 1135 2884 4.

1119 2858 1154 2919 ἕο
1185 2858 1206 2873 ⁸⁵
1223 2856 1340 2884 lThess.
1354 2865 1390 2892 tv,
1408 2858 1450 2884 l'2.
1499 2857 1520 2873 ετ
1534 2855 1603 2884 Osee
1619 2863 1656 2887 l\‘,
1682 2854 1724 2885 19..
1740 2854 1782 2881 15.
1822 2853 1899 2881 “15a

1499 2857 1520 2873 "
1534 2855 1603 2884 Osee
1619 2863 1656 2887 l\‘,
1682 2854 1724 2885 19..
1740 2854 1782 2881 15.
