2056 3148
158 212 226 245 1037

729 216 768 246 ΙΝ
789 217 1007 247 LEVITICUM.
1023 230 1057 234 —
1075 218 1149 248 LIB.
1171 218 1225 248 VI;

1723 219 1791 252 1038

154 275 247 298 autern
263 270 407 306 designant
421 279 514 299 veram
534 278 656 301 nostram
670 274 867 308 perfectionem
881 282 948 309 quas
963 280 985 306 Α
1001 275 1101 310 loquor,
1117 278 1142 301 et
1155 275 1335 309 urne/icisuon
1356 275 1554 310 adjungamini,
1582 281 1611 303 ut
1632 277 1792 311 polluamini

155 318 335 353 incongruum
352 323 394 345 est
421 326 598 353 corrumpere
615 324 761 354 operantes
786 328 840 346 non
871 328 945 351 VLI‘O,

156 363 204 390 =ed
217 363 269 390 sub
282 363 348 391 falso
361 369 389 391 et
405 363 467 391 [icto
479 365 583 392 habitu.
600 364 655 392 Nec
682 365 830 393 incisiones
858 366 948 393 facere

155 415 239 442 super
261 408 380 435 animam
409 409 510 436 bonum
525 409 606 437 estin
631 417 765 444 corpore:
784 415 848 438 sunt
873 411 948 438 enim

154 454 362 486 delectationes,
374 462 436 489 qua:
449 455 482 481 ad
510 454 660 483 nocendam
676 457 794 484 animam
825 457 949 485 incidunt

154 507 267 534 corpus,
283 504 311 526 et
326 505 514 534 corrumpunt.
532 500 586 527 Sed
599 505 626 528 et
638 501 774 536 stigmata,
790 502 816 528 id
830 506 882 533 est,
895 511 949 529 ma-

155 545 186 572 l.c
199 545 331 572 doctrime
346 545 483 580 dogmata,
507 546 570 580 quia
591 546 737 579 inhaerent,
749 552 777 574 et
798 548 948 583 infiguntur

153 591 253 617 anima:
267 598 316 625 per
339 590 461 625 quaedam
489 591 684 624 blandimenta,
700 592 743 619 vel
766 593 946 628 syllogismos,

153 637 196 664 vel
211 637 456 671 quemlibctalium
489 638 598 664 modum
623 638 781 665 docentium
813 639 947 673 intelliga-

153 690 225 710 mus.
247 682 379 718 Praecepit
391 691 456 718 ergo
470 683 548 710 nobis
561 683 604 710 lex
626 688 654 710 et
681 684 716 710 ab
738 684 781 711 his
798 684 946 716 abstinere,

152 729 216 763 quia
233 728 367 762 impressa
382 729 424 755 vel
455 729 594 760 immersa,
609 729 679 756 sicut
696 729 786 756 solent
810 729 945 765 stigmata,

152 775 298 802 dillirulter
317 775 469 802 abolentur.

191 821 273 847 Vsus.
287 820 332 848 99.
350 829 359 846 ε
379 820 418 847 Ne
434 821 581 855 prostituas
596 821 677 849 filiam
705 826 788 854 tuam,
812 827 840 848 ut
855 827 946 850 conta-

153 869 276 895 minetur
292 874 373 900 terra,
386 872 414 895 et
431 868 575 903 impleatur
587 869 707 904 piaculo.
727 879 736 895 ι

189 914 218 940 Si
232 913 305 940 enim
320 918 413 948 patres
421 922 491 948 quos
516 919 625 948 oportet
643 915 712 942 lilios
725 916 884 948 emendare,
911 917 945 943 ad

1001 321 1028 347 iu
1039 321 1085 347 eis.
1101 319 1157 355 Ego
1171 328 1228 348 sum
1247 320 1374 347 Dominus
1390 321 1459 348 Deus
1475 326 1569 349 vester.
1589 322 1705 350 Maxima
1732 324 1792 350 dia-

1001 366 1081 393 bolici
1099 366 1210 398 erroris,
1235 371 1263 393 et
1279 366 1384 394 fraudis
1411 367 1528 401 species,
1555 369 1792 403 ventriloquorum

1000 416 1044 438 est
1057 411 1213 446 exquisitio.
1235 411 1315 439 Unde
1331 416 1359 438 et
1374 411 1474 440 Paulus
1498 413 1617 448 puellam
1634 414 1792 447 inveniens,

999 457 1126 492 spiritum
1145 457 1292 485 habentem
1307 457 1450 493 Pythonis,
1474 459 1599 493 quamvis
1626 460 1793 488 daemonium

1000 509 1098 537 magna
1113 502 1148 530 de
1164 502 1223 537 ipso
1237 507 1265 529 et
1276 502 1331 529 Sila
1345 503 1515 537 praedicaret,
1540 508 1568 532 et
1597 505 1702 533 diceret
1720 515 1725 531 :
1758 507 1794 533 Ili

999 547 1116 574 [remittes
1126 548 1194 574 serui
1205 547 1253 574 Dei
1269 548 1364 575 excelsi
1378 553 1448 580 sunt,
1475 550 1520 584 qui
1546 551 1705 578 annuntiant
1722 553 1794 579 vobis

999 593 1070 619 uiam
1086 593 1206 620 veritatis
1219 593 1256 626 ";
1274 594 1376 621 malum
1386 598 1475 622 tamen
1491 595 1617 629 spiritum
1634 596 1792 632 increpans,

997 639 1138 674 etlugavit.
1148 639 1299 666 Pessimum
1326 645 1368 667 est
1394 640 1477 667 etiam
1493 645 1521 668 et
1544 642 1673 669 veneﬁcis
1703 642 1795 670 adhae-

999 693 1070 717 rere,
1086 685 1150 720 quia
1164 685 1320 713 dasmonum
1347 686 1522 713 inimicorum
1549 687 1638 720 nobis,
1657 693 1685 715 et
1708 690 1796 723 pesti-

1000 731 1117 758 lentium
1135 730 1247 758 nomina
1257 731 1362 758 dictmt.
1377 731 1429 764 Qui
1441 732 1492 759 etsi
1519 732 1552 760 ad
1565 733 1648 760 breve
1669 738 1789 769 tempus.

999 781 1030 804 ut
1039 777 1067 803 in
1079 783 1199 804 errorem
1209 776 1329 809 mittant,
1343 777 1470 804 videntur
1477 779 1584 812 operari
1596 779 1708 814 aliquid,
1719 783 1794 814 quod

999 823 1033 849 ad
1045 822 1215 857 corporalem
1229 822 1374 850 sanitatem
1385 823 1439 850 vile
1449 828 1477 850 et
1488 826 1700 860 parvum,quale
1710 827 1794 854 etiam

1001 869 1121 903 imperiti
1132 868 1231 896 medici
1246 869 1355 903 operari
1373 874 1498 904 possunt,
1529 876 1718 899 verumtamen
1742 880 1794 900 nec

1000 915 1052 941 hoc
1071 919 1101 941 ut
1118 914 1192 946 boni,
1225 921 1315 948 neque
1346 919 1374 941 ut
1391 915 1460 948 bene
1486 915 1610 943 volentes
1635 918 1794 946 hominibus

155 959 365 986 fornicationem
380 967 432 987 nos
448 960 604 991 hortantur.
627 966 807 995 provocantes
835 967 882 988 aut
905 962 946 988 vi-
963 959 983 986 lt
997 963 1156 994 operantur,
1171 959 1218 986 sed
1231 959 1259 986 in
1278 959 1436 987 servitutem
1452 960 1512 988 illos
1538 961 1660 997 redigere
1670 967 1698 990 et
1714 964 1796 991 aDco

153 1010 249 1032 ventes
263 1006 388 1039 turpiter,
404 1010 434 1032 ut
444 1005 494 1040 ipsi
506 1006 539 1033 ad
555 1006 735 1035 imitationem
750 1008 947 1042 parentutn,ad

153 1052 256 1078 malum
269 1052 427 1084 illiciantur,
445 1053 564 1086 piaculo,
589 1053 631 1080 vel
661 1055 812 1081 secundum
831 1054 947 1089 Septua-

153 1099 241 1133 ginta,
254 1097 436 1125 fornicatione
452 1102 524 1126 terra
541 1099 704 1134 completur,
730 1104 758 1126 et
780 1100 814 1127 ad
834 1107 945 1127 omnem

153 1142 274 1177 speciem
293 1142 441 1177 impietatis
455 1143 574 1178 prolicit,
591 1144 654 1178 quia
678 1151 726 1172 eos
735 1145 781 1180 qui
794 1145 948 1172 eruditOres

153 1195 216 1216 esse
237 1189 403 1222 debuerunt,
431 1189 465 1216 ad
495 1189 597 1216 malum
623 1190 700 1224 pueri
714 1191 874 1226 paedagogos
899 1191 947 1218 lia-

153 1235 230 1262 bent.
261 1234 315 1262 Sed
337 1240 389 1262 nec
414 1235 535 1262 animam
560 1240 694 1269 nostram,
714 1237 866 1271 quaenobis
893 1237 947 1264 lilia

154 1280 294 1315 unigenita
308 1285 360 1312 est,
382 1281 419 1307 ita
430 1285 458 1308 ut
470 1279 554 1308 David
573 1281 680 1309 diceret
694 1291 700 1309 :
717 1281 811 1310 Libera
827 1292 843 1310 a
863 1282 947 1310 leoni-

153 1328 200 1354 bus
213 1328 322 1353 unicam
337 1335 423 1354 meum
438 1327 460 1343 “
477 1336 484 1353 :
500 1332 528 1354 et
550 1335 556 1353 :
585 1327 625 1355 De
638 1337 720 1355 manu
741 1330 814 1356 canis
838 1330 944 1356 unicam

154 1381 242 1400 meam
259 1374 293 1405 ",
315 1373 525 1408 prostituamus,
545 1381 561 1401 a
588 1374 644 1401 Deo
657 1375 729 1401 illam
751 1375 946 1402 discessionem

155 1419 297 1451 docentes,
309 1427 344 1446 ne
360 1419 512 1446 fornicante
536 1419 628 1446 anima
656 1419 807 1447 fornicetur
834 1424 863 1447 et
886 1428 948 1447 cor-

155 1473 218 1500 pus.
235 1465 293 1492 Hoc
305 1465 377 1493 enim
395 1470 478 1498 terra,
493 1470 587 1501 utpote
603 1466 676 1501 quod
703 1466 737 1493 de
760 1471 832 1494 terra
857 1471 947 1494 ortum

154 1516 207 1542 est,
219 1515 247 1539 ct
267 1511 294 1538 in
310 1516 410 1538 terram
425 1516 590 1544 revertetur,
607 1512 769 1547 appellatur.

193 1557 226 1584 Et
241 1557 384 1592 impleatur
397 1557 514 1592 piaculo,
529 1558 573 1585 vel
587 1558 659 1585 sicut
671 1557 947 1594 Septuaginta,qu-

156 1603 232 1630 terio.
247 1602 328 1629 Ebrio
341 1602 441 1637 quippe
455 1610 573 1634 sessore,
590 1610 678 1637 equus
690 1602 813 1629 defertur
826 1603 853 1630 in
880 1611 948 1638 pras-

155 1656 230 1683 ceps.
250 1648 272 1675 A
291 1647 344 1675 Deo
359 1648 504 1676 recedente
527 1649 628 1679 anima,
642 1649 732 1675 omnis
751 1648 882 1684 iniquitas
900 1649 948 1676 do-

157 1694 277 1720 minatur
289 1693 316 1720 in
333 1701 457 1728 corpore.

191 1739 274 1767 Vsus.
289 1740 333 1767 50.
354 1749 363 1765 ι
383 1740 502 1768 Sabbata
525 1748 585 1768 mea
600 1742 747 1774 custodite,
775 1746 803 1769 et
822 1747 949 1770 sanctua-

157 1787 226 1814 rium
244 1795 334 1814 meutn
350 1787 474 1814 metuite.
488 1787 543 1823 Ego
554 1787 697 1814 Dominus.
718 1797 728 1813 ›

192 1833 269 1860 Sicut
302 1840 355 1860 uno
382 1833 534 1860 exsistentc
558 1834 669 1868 speciali
682 1833 813 1867 Sabbato,
833 1835 949 1870 septima

158 1877 284 1904 videlicet
293 1877 347 1909 die,
364 1885 446 1905 omne
459 1877 533 1905 aliud
548 1878 700 1913 legitimum
713 1879 814 1906 ostium
845 1879 949 1907 Sabha-

159 1929 212 1950 tum
228 1923 392 1958 appellatur,
406 1924 428 1950 si
444 1931 506 1951 cum
520 1924 657 1960 generalis
679 1925 714 1952 sit
739 1925 905 1953 abstinentia
933 1934 948 1952 a

158 1969 238 2000 malo.
253 1969 305 1996 hoc
320 1970 395 1997 enim
411 1977 506 1998 revera
515 1970 608 1998 studet
631 1970 772 2006 legislator
786 1970 948 2002 Sabbatum,

156 2020 184 2041 et
195 2022 244 2049 per
259 2015 366 2050 singula
381 2023 496 2050 quaeque
523 2015 652 2042 recedere
667 2014 746 2041 nobis
759 2021 774 2040 a
788 2013 859 2040 malo
878 2022 949 2048 prae-

156 2063 238 2097 cepit.
255 2062 312 2088 lloc
327 2062 401 2089 enim
417 2061 542 2094 fulciens,
559 2061 682 2089 addidit:

190 2109 383 2135 Sanctuarium
408 2116 495 2134 meum
513 2108 631 2135 metuite.
660 2106 708 2134 Vel
735 2107 806 2134 sicut
834 2106 949 2141 Septua-

155 2154 240 2189 ginta,
251 2153 350 2180 Sancta
362 2161 420 2180 mea
434 2153 574 2179 timebitis:
585 2152 648 2188 quia
661 2151 892 2187 quemadmodum
903 2158 947 2183 eo,

155 2200 201 2234 qui
217 2207 274 2234 quo
286 2199 388 2226 debent
399 2199 480 2226 modo
489 2199 625 2226 accedunt
638 2198 671 2225 ad
696 2205 737 2228 ea,
766 2198 947 2230 sanctiﬁceut,

156 2246 195 2273 sic
213 2246 240 2272 lii
266 2246 312 2280 qui
331 2245 422 2280 inique
451 2249 621 2280 praesumunt
640 2245 667 2271 in
687 2245 738 2276 eis,
756 2249 784 2271 et
798 2252 852 2271 non
870 2244 949 2278 prius

156 2291 321 2326 semctipsos
344 2292 424 2318 sorde
448 2291 558 2318 malitiae
583 2295 709 2325 purgant,
743 2295 825 2324 atque
855 2290 895 2317 sic
915 2290 949 2317 ad

157 2338 259 2364 minuta
278 2337 424 2369 accedunt,
439 2341 629 2371 corrumpunt,
643 2336 701 2363 sive
728 2336 902 2371 dispertiunt,
918 2337 951 2363 si-

157 2389 201 2410 cut
223 2383 327 2414 Nadab,
349 2388 376 2409 et
387 2383 468 2414 Abin,
485 2387 513 2409 et
530 2382 577 2409 lilii
594 2382 663 2409 lleli.
691 2382 768 2409 Unde
792 2387 819 2408 et
850 2382 954 2408 Paulus

158 2430 190 2455 de
204 2430 246 2456 his
262 2429 308 2463 qui
327 2429 555 2463 incircumspecte
573 2429 686 2464 mystica
703 2428 870 2462 percipiunt,
885 2429 952 2454 sub-

157 2476 222 2502 didit
240 2485 246 2501 :
263 2475 405 2508 Propterea
422 2475 497 2501 multi
514 2475 540 2501 iu
557 2475 627 2501 vobis
642 2474 750 2508 inﬁrmi,
764 2480 786 2500 et
799 2474 949 2506 imbecilles,

156 2527 180 2548 rt
198 2521 334 2547 dormiunt
348 2520 467 2547 multi“.
487 2519 565 2547 Unde
578 2525 604 2547 et
624 2528 696 2546 nunc
720 2520 856 2555 legislator
875 2520 952 2547 addi-

156 2567 216 2593 dit:
249 2565 305 2601 Ego
326 2565 464 2597 Dominus,
483 2565 509 2592 id
537 2570 587 2597 est,
613 2570 734 2596 sanctus,
765 2565 830 2592 etin
849 2565 951 2592 sanctis

158 2612 300 2644 habitans,
329 2617 357 2639 et
388 2611 543 2639 necessario
573 2611 684 2646 exigens
717 2615 873 2638 sanctorum
890 2611 951 2638 viu-

159 2658 273 2684 dictam.

196 2703 278 2730 Vsus.
289 2703 334 2730 51.
355 2713 364 2728 ι
380 2702 435 2730 Nec
445 2703 590 2730 declinetis
609 2702 644 2730 ad
659 2710 760 2738 magos,
771 2710 824 2729 nec
835 2702 868 2729 ab
880 2702 953 2728 ario—

159 2747 193 2775 lis
210 2748 315 2783 aliquid
335 2748 523 2778 sciscitemiui,
539 2753 567 2775 ut
584 2748 741 2782 polluamini
756 2755 804 2782 per
815 2755 873 2774 eos.
893 2757 902 2772 ι

193 2795 373 2829 Septuaginta
391 2799 483 2821 autem
496 2794 580 2821 edunt
597 2803 603 2820 :
630 2793 690 2820 Non
702 2793 841 2827 sequimini
853 2793 953 2820 ven/ri-

193 2897 215 2914 "
229 2896 302 2924 Psal.
324 2903 415 2928 xxxrv,
435 2894 479 2922 l7.
517 2896 538 2911 ⁵²
556 2894 626 2922 Psal.
646 2895 759 2926 xxt,2|.

157 2939 202 2966 ΠΙ,
219 2933 246 2959 ti.
288 2931 313 2947 "
325 2931 420 2958 Matth.
434 2939 481 2963 vn,
507 2930 540 2957 15
589 2931 612 2946 ⁸⁵
629 2931 705 2957 Deut.
721 2939 804 2961 χχχιι,
822 2931 847 2956 7.

798 2895 824 2910 ”
841 2894 850 2921 l
866 2894 929 2920 Cor.
949 2901 988 2925 xl,
1001 2894 1045 2920 50.
1084 2893 1106 2909 ⁵³
1118 2894 1177 2920 Act.
1196 2901 1251 2924 xvt,
1271 2893 1314 2920 17.

886 2931 906 2945 ⁵³
927 2929 935 2955 l
954 2929 1023 2956 TiuI.
1045 2937 1071 2961 v,
1086 2929 1129 2955 l7.

999 1011 1126 1039 separare
1152 1004 1303 1039 cupientes.
1331 1004 1384 1032 Sed
1414 1013 1466 1032 nec
1485 1007 1679 1042 ventriloqnos,
1697 1009 1724 1036 id
1741 1014 1793 1042 est,

1000 1050 1081 1078 falsos
1095 1051 1242 1085 prophetas
1257 1058 1412 1086 sequamur,
1435 1052 1481 1087 qui
1502 1053 1612 1080 nomine
1636 1054 1684 1081 Dei
1702 1055 1792 1083 aliena

998 1103 1013 1122 ιι
1030 1095 1085 1123 Deo
1098 1096 1208 1128 docent,
1224 1101 1252 1124 et
1267 1097 1433 1132 prophetam
1450 1107 1456 1124 :
1472 1098 1519 1133 qui
1541 1095 1704 1135 ventriloqui
1721 1101 1796 1136 juste

998 1140 1136 1173 dicuntur,
1149 1142 1226 1176 quasi
1244 1142 1406 1178 intelligibili
1428 1149 1524 1172 ventre
1535 1145 1577 1172 sui
1597 1146 1696 1178 cordis,
1715 1146 1794 1174 fabu-

999 1187 1039 1213 las
1053 1187 1194 1221 quasdam,
1213 1187 1239 1215 id
1251 1192 1302 1220 est,
1318 1187 1399 1215 falsas
1419 1189 1567 1222 doctrinas,
1585 1195 1614 1218 et
1637 1191 1794 1226 prophetias

999 1233 1179 1267 proferentes,
1208 1234 1243 1262 de
1267 1234 1366 1269 quibus
1392 1243 1442 1270 per
1464 1235 1634 1264 Ezechielem
1664 1237 1796 1266 Dominus

999 1279 1084 1306 dixit:
1104 1279 1146 1307 γω
1159 1280 1291 1314 prophetis
1317 1280 1503 1315 insipientibus
1527 1282 1572 1315 qui
1586 1288 1731 1317 sequuntur
1741 1285 1795 1318 spi-

999 1327 1081 1353 ritum
1100 1334 1178 1353 suum
1193 1327 1226 1353 ⁸⁵.
1240 1326 1308 1354 llict
1324 1326 1449 1358 venefici.
1469 1332 1499 1354 ut
1527 1328 1573 1362 qui
1599 1336 1662 1356 cum
1692 1329 1796 1358 blandi-

998 1377 1092 1399 mento
1107 1371 1235 1407 quodam,
1254 1377 1281 1399 et
1306 1372 1401 1400 fraude
1426 1372 1522 1401 domos
1545 1374 1739 1409 ingredientes,
1767 1381 1796 1403 et

998 1417 1118 1451 captivas
1133 1417 1265 1444 ducentes
1279 1417 1453 1445 mulierculas
1470 1423 1597 1446 oneratas
1611 1420 1739 1454 peccatis,
1756 1422 1796 1448 si-

998 1467 1044 1489 cut
1057 1462 1094 1490 ait
1109 1462 1208 1489 Paulus
1219 1463 1251 1495 ⁵⁸,
1264 1467 1337 1490 recte
1352 1463 1540 1497 appellantur:
1555 1464 1583 1491 in
1596 1465 1638 1492 his
1651 1473 1715 1501 ergo
1722 1473 1795 1501 pra:—

998 1508 1070 1543 cepit
1089 1516 1144 1535 non
1158 1507 1252 1543 pollui.
1268 1508 1396 1535 Polluunt
1421 1509 1494 1536 enim
1524 1517 1668 1538 sermones
1698 1519 1794 1539 eormn

998 1561 1046 1581 eos
1064 1553 1111 1588 qui
1125 1554 1164 1581 eis
1180 1553 1321 1581 obediunt.
1346 1554 1423 1582 Unde
1447 1560 1476 1582 et
1506 1555 1610 1583 addidit
1629 1565 1635 1582 :
1657 1557 1711 1592 Ego
1734 1566 1794 1584 sum

1000 1599 1130 1627 Dominus
1148 1600 1216 1627 Deus
1229 1605 1322 1627 vester.
1353 1600 1403 1627 Per
1427 1601 1612 1635 evangelicam
1640 1601 1794 1630 doctrinam

1001 1646 1096 1673 dicens
1113 1654 1119 1671 :
1137 1646 1270 1672 Attendite
1287 1646 1326 1672 his
1351 1647 1397 1681 qui
1411 1647 1518 1673 veniunt
1549 1647 1584 1673 ad
1597 1655 1640 1674 vos
1662 1648 1689 1674 in
1714 1650 1795 1675 vcsti-

1001 1693 1094 1719 mentis
1109 1692 1206 1724 ovium,
1237 1692 1396 1718 intrinsecus
1425 1697 1514 1719 autem
1539 1697 1598 1719 sum
1626 1693 1679 1727 lupi
1711 1702 1795 1727 rapu-

1001 1747 1042 1766 ces
1050 1739 1082 1766 ⁸⁷.

1037 1785 1119 1814 Vens.
1135 1786 1178 1813 52.
1197 1796 1206 1812 ι
1220 1786 1319 1814 Coram
1344 1791 1412 1814 cano
1428 1786 1516 1822 capite
1533 1794 1676 1822 consurge,
1692 1792 1720 1814 et
1744 1788 1796 1815 ho-

1001 1839 1068 1859 nora
1084 1839 1228 1867 personam
1241 1833 1316 1860 senis
1327 1837 1354 1860 et
1365 1833 1432 1860 time
1448 1832 1592 1860 Dominum
1607 1833 1691 1859 Deum
1706 1838 1793 1861 tuum.

1002 1878 1057 1913 Ego
1069 1886 1129 1906 sum
1149 1879 1290 1906 Dominus.
1311 1888 1320 1903 ι

999 1946 1005 1950 .
1038 1923 1143 1951 Bonum
1159 1929 1202 1951 est
1211 1924 1333 1958 quidem,
1352 1929 1380 1951 et
1391 1931 1454 1950 eum
1469 1924 1582 1959 quijam
1610 1924 1645 1951 ad
1666 1924 1795 1951 canitiem

1000 1970 1125 2004 pervenit
1137 1970 1282 2002 honorare,
1299 1970 1382 1997 habet
1410 1970 1484 1996 enim
1501 1975 1609 2004 tempus
1622 1970 1725 2004 aliquid
1735 1978 1796 1996 am-

1001 2016 1072 2050 plius
1081 2016 1178 2050 procul
1191 2015 1274 2043 dubio
1292 2016 1325 2043 ad
1340 2016 1522 2051 prudentiam,
1547 2016 1594 2043 sed
1610 2021 1638 2043 et
1663 2016 1795 2043 honorem

1000 2068 1082 2096 quem
1115 2060 1334 2096 provectioribus
1363 2061 1563 2096 impendimus,
1599 2069 1653 2088 non
1686 2069 1796 2096 quoque

1000 2115 1015 2135 a
1031 2107 1181 2134 minoribus
1192 2107 1368 2140 merebimur,
1392 2111 1473 2142 atque
1492 2115 1525 2134 ex
1545 2108 1596 2135 hoc
1612 2107 1680 2134 ordo
1708 2108 1796 2135 bonus

1000 2153 1084 2180 vitam
1100 2157 1223 2180 nostram
1238 2152 1266 2179 in
1280 2152 1424 2180 honestate
1443 2152 1611 2184 custodiens,
1636 2153 1715 2180 nobis
1731 2161 1795 2188 pro-

1001 2198 1117 2234 (ligatur.
1131 2198 1236 2226 Canum
1253 2202 1355 2231 autem,
1367 2205 1433 2226 vere
1461 2205 1566 2230 senem,
1594 2199 1620 2226 id
1652 2204 1703 2231 est,
1733 2207 1796 2226 eum

1001 2246 1131 2281 intellige,
1147 2245 1180 2272 de
1196 2252 1250 2280 quo
1260 2244 1298 2272 ait
1310 2244 1430 2280 Moyses:
1444 2244 1580 2280 Interroga
1596 2249 1698 2279 patrem
1710 2250 1795 2274 tuum.

967 2307 987 2334 ο
1003 2297 1026 2320 et
1041 2291 1211 2319 aununtiabit
1223 2291 1408 2323 tibi;sem'ores
1429 2295 1496 2322 tuos,
1509 2295 1533 2317 et
1545 2291 1629 2317 dicent
1639 2292 1685 2317 tibi
1699 2292 1731 2317 ⁵⁸.
1743 2291 1797 2318 Sed

1005 2344 1033 2366 et
1047 2338 1146 2365 Paulus
1164 2345 1169 2363 :
1190 2337 1338 2371 Presbyteri
1349 2336 1449 2370 (ιιιρὶἱεὶ
1477 2337 1574 2362 honore
1589 2337 1663 2370 digni
1677 2337 1796 2362 habean-

1006 2390 1059 2416 tur,
1078 2383 1194 2410 maxime
1203 2383 1248 2418 qui
1263 2382 1387 2408 laborant
1400 2382 1427 2408 in
1438 2383 1514 2408 verbo
1525 2386 1549 2408 et
1561 2382 1681 2408 doctrina
1697 2381 1731 2407 ".
1743 2382 1797 2408 Sed

1005 2435 1033 2457 et
1049 2429 1142 2456 Daniel
1157 2437 1219 2456 cum
1233 2433 1306 2456 esset
1317 2435 1394 2462 puer,
1417 2432 1445 2454 et
1460 2427 1566 2462 judices
1587 2431 1669 2461 atque
1683 2427 1796 2463 presby-

1006 2481 1079 2503 teros
1094 2475 1185 2510 populi
1197 2474 1384 2501 criminantes.
1401 2473 1554 2500 Susannam
1568 2477 1704 2507 argueret,
1720 2473 1798 2500 dice-

1006 2523 1071 2549 bant
1082 2521 1126 2548 alii
1139 2519 1288 2555 presbyteri
1304 2528 1310 2546 :
1332 2519 1402 2549 Veni,
1419 2519 1480 2546 sede
1490 2520 1517 2545 in
1531 2519 1616 2546 medio
1629 2523 1757 2550 nostrum,
1772 2523 1797 2545 et

1006 2570 1030 2592 et
1043 2565 1173 2592 annuntio
1191 2564 1274 2595 nobis,
1287 2564 1350 2598 quia
1369 2563 1415 2590 tibi
1428 2563 1499 2590 Deus
1509 2564 1578 2590 dedit
1589 2564 1712 2589 [tortorem
1722 2571 1797 2590 sene-

1006 2612 1083 2638 ctutis
1100 2611 1122 2626 ⁶⁰
1145 2614 1199 2637 :ut
1223 2609 1423 2641 ostenderetur,
1449 2609 1511 2643 quia
1543 2609 1683 2644 sapientia:
1713 2609 1798 2643 magis

1006 2664 1087 2691 quam
1112 2655 1198 2683 artatis
1215 2659 1256 2682 est
1271 2654 1429 2690 presbyterii
1441 2654 1566 2688 dignitas.

1046 2700 1184 2732 Vsas.55,
1199 2700 1243 2726 54.
1260 2709 1268 2725 ι
1289 2700 1317 2726 Si
1344 2699 1505 2726 habitaverit
1536 2700 1641 2726 advena
1672 2699 1699 2726 in
1727 2703 1798 2726 terra

1008 2751 1106 2777 vestra,
1122 2751 1148 2772 et
1162 2750 1283 2772 tnoratus
1300 2744 1381 2771 fuerit
1394 2744 1465 2772 inter
1480 2752 1539 2777 vos,
1571 2754 1605 2772 uc
1628 2745 1798 2780 exprobretis

1008 2793 1042 2825 ei,
1060 2792 1155 2818 sedsit
1170 2791 1240 2818 inter
1256 2799 1304 2818 vos
1318 2791 1395 2825 quasi
1415 2791 1553 2826 indigena,
1565 2796 1593 2818 ct
1604 2791 1721 2826 diligatis
1734 2798 1795 2818 euut

1359 2894 1382 2909 "
1399 2893 1498 2922 Ezech.
1515 2902 1574 2927 xui,
1590 2893 1617 2921 5.
1655 2894 1677 2910 ⁸⁸
1688 2893 1711 2921 11
1726 2893 1798 2923 Tim.

1168 2929 1189 2944 ⁸ο
1208 2929 1274 2957 Dan.
1291 2937 1348 2961 xui,
1362 2929 1405 2956 50.
