2056 3148
269 211 337 245 1039

824 222 827 226 -
869 203 1050 242 HESYCIIlI
1071 202 1307 233 PRESBYTER!

1841 199 1908 231 tom

268 271 343 302 quasi
358 267 538 302 vosmetipsos
557 275 564 294 :
582 265 685 293 Fuistis
698 264 771 292 cuitu
786 269 813 291 et
830 271 880 291 vos
893 263 1006 290 advenae
1034 263 1060 289 in
1079 268 1097 295 Α
1113 269 1161 291 aut
1185 264 1240 290 alio
1266 263 1389 298 quolibet
1410 262 1490 290 modo
1521 260 1746 287 cmutrahcntibus
1772 268 1909 288 mensuum

268 321 338 343 terra
350 313 469 349 (Egypti.
489 312 545 348 Ego
563 310 695 339 Dominus
714 309 786 336 Deus
803 313 902 336 vester.
925 318 934 333 ι

303 357 415 386 Terram
445 357 525 384 nobis
561 364 576 383 a
603 355 659 382 Deo
687 355 802 386 datam,
832 360 893 380 esse
924 352 1059 379 culturam

268 406 397 432 virtutum
413 424 421 436 ,
449 403 604 436 bonamque
638 401 698 434 ejus
728 399 881 427 doctrinam
900 419 907 431 ,
934 397 1061 432 superius

266 451 394 478 diximus.
411 449 439 476 Si
452 448 613 484 quisautcm
635 447 669 474 ad
686 447 756 473 hanc
769 444 916 472 accesserit
944 444 1058 475 advena,

266 495 392 523 videlicet
409 493 504 522 volens
518 492 640 520 converti
651 491 684 518 ad
699 495 820 518 nostram
835 489 925 519 ﬁdem,
942 493 969 516 et
981 493 1060 515 teme

266 539 339 566 illius
351 538 419 566 civis
433 537 580 568 conscribi,
593 537 627 564 de
642 544 695 571 qua
709 535 811 563 Paulus
833 535 871 562 ait
887 544 893 561 ε
907 533 1059 560 Accessistis

266 585 302 612 uti
319 584 384 611 Sion
399 588 523 613 montem,
534 588 557 609 et
569 583 604 609 ad
618 582 750 608 civitatem
766 581 813 608 Dei
829 581 935 607 viventis
950 580 1061 606 Jerusa-

267 632 317 659 Ιι-ηι
333 631 472 662 mlestum,
489 634 513 656 et
527 629 669 656 multorum
680 628 796 654 millium
826 625 980 662 angelorum
1007 626 1060 660 fre-

260 679 412 714 r‘queutia'm,
429 682 453 704 et
471 676 615 703 Ecclesium
644 674 848 709 primitirorum,
862 673 906 708 qui
920 673 1061 707 conscripti

267 729 326 752 sum
339 725 366 750 in
380 723 450 750 aclis
466 722 499 750 δ’.
511 737 544 741 —
556 721 615 748 Non
635 720 783 755 aﬂligamus
799 727 870 750 cum,
886 719 912 746 id
926 723 977 751 est,
1004 726 1059 745 non

268 777 411 807 gravcmus
432 773 526 796 contra
542 775 606 795 eum
634 767 739 802 jugum,
759 769 790 792 ut
810 765 890 792 modo
916 765 1008 800 genito
1034 769 1062 792 et

267 817 375 845 novitcr
387 814 509 843 credenti
525 813 647 849 graviora
668 809 796 839 mandata
819 811 1002 845 imponamus,
1033 814 1062 837 ut

267 871 322 891 non
337 862 407 890 sicut
423 860 550 889 Pharisri
562 865 590 887 et
603 859 705 886 Scribat
726 865 883 893 peccemus,
899 864 969 891 quos
979 864 1062 883 accu—

266 917 330 937 sans
345 909 475 937 Dominus
487 907 593 935 dicebat
611 915 617 932 :
630 905 750 941 Alligant
764 912 844 931 onera
859 905 951 939 gravia
976 908 999 930 et
1012 903 1062 930 im-

267 955 421 990 portnbilia,
439 959 464 981 et
479 958 578 988 ponunt
601 959 678 986 super
691 951 812 977 humeros
839 949 986 982 hominum,
1010 949 1061 983 ipsi

268 1006 358 1028 autent
374 1000 457 1035 digito
468 1007 515 1026 suo
529 1007 580 1025 non
596 998 688 1026 volunt
711 1005 742 1024 ea
757 1004 860 1023 movere
872 996 906 1033 '_'.
920 995 981 1023 Non
995 1003 1061 1031 ergo

267 1046 293 1074 ei
308 1045 355 1080 qui
371 1044 478 1073 accedit
492 1044 526 1071 ad
541 1044 633 1076 ﬁdem,
647 1043 700 1070 hoc
723 1043 865 1075 facientes,
884 1045 912 1069 et
937 1041 1061 1076 quaedam

267 1091 363 1127 legalia
379 1091 414 1118 ab
429 1097 462 1118 eo
474 1089 624 1125 exigentes,
641 1088 793 1124 alnigamus
807 1095 882 1115 eum.
900 1087 942 1115 Sit
969 1091 1062 1114 autem

268 1137 347 1164 nobis
373 1135 445 1164 sicut
477 1135 603 1170 indigena
627 1135 674 1169 qui
703 1134 824 1161 nutritus
839 1138 882 1161 est
900 1134 931 1161 in
942 1133 1005 1166 ﬁde,
1034 1137 1063 1160 et

268 1183 355 1210 crevit
369 1183 396 1209 in
408 1182 518 1217 pietate.
532 1181 609 1208 Unde
623 1185 651 1207 et
661 1181 759 1208 Petrus
787 1181 837 1207 hoc
852 1180 995 1207 evidenter
1003 1186 1064 1206 san-

268 1230 353 1260 ciens.
370 1229 404 1256 ad
419 1236 467 1256 eos
480 1228 527 1262 qui
537 1227 665 1254 volebant
678 1226 875 1254 circumcidere
890 1226 924 1253 de
935 1225 1063 1261 gentibus

269 1275 445 1302 credentibus
467 1273 576 1302 dicebat
591 1281 598 1299 :
615 1272 684 1306 Quid
697 1273 804 1299 tentati;
820 1271 962 1299 Dominum
978 1272 1063 1306 impo-

270 1321 433 1356 nerejugum
460 1328 538 1355 super
559 1319 669 1346 cervices
695 1317 896 1352 discipulorum,
921 1318 990 1353 quod
1018 1325 1064 1344 nec

269 1371 357 1401 patres
374 1366 461 1399 vestri,
480 1373 526 1392 nec
539 1374 585 1392 nos
602 1365 735 1400 potuimus
766 1369 874 1399 portare
887 1363 929 1390 “?
941 1363 990 1391 sed
1015 1370 1064 1398 per

270 1413 383 1449 gratiam
398 1412 463 1440 Jesu
476 1411 579 1439 Christi
590 1411 728 1439 credimus
753 1410 862 1443 salvari,
878 1411 949 1438 sicut
962 1410 1011 1437 illi.
1034 1409 1063 1436 ln

271 1460 323 1487 hoc
335 1466 401 1495 ergo
414 1464 638 1493 unumquemque
656 1458 800 1489 advenam,
817 1456 875 1484 sive
891 1461 922 1483 ut
933 1455 1005 1483 LXX
1020 1455 1064 1482 di-

269 1510 345 1539 cunt,
370 1505 542 1540 proselytum,
558 1504 629 1531 sicut
643 1503 826 1538 nosmetipsos
851 1502 1005 1537 diligamus,
1034 1507 1065 1529 ut

271 1552 315 1579 illa
330 1551 520 1586 prmeipiamus
529 1550 569 1577 eis
585 1554 701 1580 tantum,
716 1556 766 1583 per
780 1555 850 1583 quos
864 1548 1062 1584 nosmetipsos,

270 1598 293 1625 si
307 1605 339 1625 ea
355 1596 487 1633 gerimus,
503 1595 601 1623 salvari
624 1595 774 1622 credimus.
790 1594 861 1621 Num
875 1594 926 1621 etsi
946 1594 1064 1630 amplius

272 1643 403 1679 temporis
414 1643 449 1670 ab
465 1642 507 1669 his
521 1641 567 1676 qui
579 1649 653 1668 nunc
666 1641 699 1668 ad
709 1640 789 1668 ﬁdem
805 1640 951 1673 accedunt,
969 1647 1020 1668 nos
1035 1640 1064 1668 in

271 1687 324 1716 ﬁde
337 1687 380 1722 pia
395 1687 539 1719 habemus,
551 1689 778 1714 verumtamenet
792 1693 845 1713 nos
863 1693 896 1713 ex
909 1685 1066 1714 inﬁdelibus

271 1741 377 1766 sumus,
398 1739 446 1761 aut
459 1740 510 1760 nos
525 1733 577 1769 ipsi
606 1733 683 1768 prius
708 1732 865 1760 inﬁdelibus
889 1732 1063 1767 exsistentes,

271 1784 319 1808 aut
333 1780 367 1808 de
382 1779 483 1807 talibus
493 1779 577 1815 geniti
587 1779 722 1814 patribus,
736 1782 764 1806 et
776 1786 874 1806 omnes
885 1778 997 1807 advenae
1012 1778 1066 1807 fui-

271 1834 334 1854 mus
348 1826 376 1854 in
403 1830 477 1854 terra
497 1825 617 1861 Egypti,
635 1825 662 1853 id
683 1829 735 1858 est,
764 1824 792 1852 in
814 1825 949 1853 diabolico
972 1833 1066 1853 errore

271 1876 299 1900 et
313 1871 438 1900 doctrina
451 1870 638 1898 tenebrarum.
650 1870 785 1906 Egyptus
800 1870 873 1897 enim
886 1871 1008 1904 tenebrw,
1023 1871 1066 1899 vel

271 1917 420 1945 obscuritas
437 1916 643 1951 interpretatur.
658 1916 730 1951 Ergo
742 1916 824 1944 nimis
835 1916 985 1944 secundum
994 1921 1065 1944 tem-

271 1971 324 1999 pus
339 1963 444 1991 addidit
461 1972 467 1990 :

306 2009 362 2045 Ego
390 2008 518 2036 Dominus
535 2008 604 2035 Deus
620 2013 714 2036 vester.
740 2007 771 2036 ιιι
788 2012 839 2041 est,
855 2008 901 2043 qui
917 2013 943 2036 et
956 2016 1007 2036 vos
1031 2009 1065 2038 ab

271 2063 365 2083 errore
373 2055 492 2090 suscepi,
510 2054 543 2082 de
559 2061 614 2089 quo
630 2053 729 2081 Paulus
744 2053 813 2081 dixit
826 2062 832 2080 :
847 2053 981 2082 Conclusit
994 2054 1064 2082 Deus

271 2101 360 2127 omnia
381 2100 428 2127 sub
447 2099 645 2132 incredulitate,
659 2103 689 2126 ut
715 2099 837 2126 omnibus
857 2101 1014 2127 misereatur
1030 2100 1062 2127 “.

307 2145 389 2173 Vens.
404 2146 499 2173 35—57.
523 2155 532 2170 ι
546 2145 635 2172 Nolite
659 2144 751 2172 facere
766 2145 889 2180 iniquum
906 2145 1017 2180 aliquid,
1036 2145 1064 2172 in

268 2191 382 2226 judicio,
397 2191 424 2218 in
440 2191 542 2226 regula,
559 2190 586 2217 in
598 2190 729 2225 pondere,
745 2190 774 2217 in
790 2197 930 2218 mensura.
956 2191 1064 2218 Statera

268 2237 387 2271 justa,et
399 2243 475 2272 aequa
492 2236 548 2263 sint
562 2236 695 2271 pondera.
709 2235 806 2263 Justus
822 2235 940 2268 modius,
953 2243 1064 2271 aequus-

1111 309 1212 336 dantur
1228 314 1252 335 et
1270 309 1400 343 pondera.
1418 307 1647 342 quemadmodum
1674 306 1747 341 leges
1764 306 1913 341 judicauu-

1111 354 1162 381 bus
1182 364 1188 382 ε
1201 355 1273 381 unde
1288 355 1322 381 de
1338 362 1393 381 non
1405 354 1529 381 faciendo
1545 353 1571 379 in
1583 353 1688 387 justum
1701 353 1815 387 judicio,
1826 352 1908 380 etiam

1111 401 1146 427 de
1168 408 1222 426 non
1239 400 1416 427 immutandis
1431 399 1540 426 statcris
1555 403 1582 425 et
1609 398 1787 433 ponderibus,
1807 405 1855 425 sex
1879 404 1910 425 et

1112 445 1146 472 de
1176 444 1305 476 sextario,
1334 444 1459 471 modiovc
1486 443 1613 471 habendo
1642 443 1727 477 justo,
1745 444 1771 470 id
1796 449 1848 475 est,
1877 446 1911 471 de

1112 493 1185 521 omni
1202 499 1330 519 mensura
1346 491 1400 519 vini
1422 496 1468 517 aut
1481 491 1533 517 olei
1560 490 1673 517 addidit.
1693 490 1734 518 Ab
1764 491 1837 518 omni
1860 492 1914 518 uli-

1112 546 1166 573 quc
1181 537 1324 572 injustitia,
1340 545 1400 572 quae
1415 544 1479 572 ergo
1501 535 1655 571 proximum
1671 536 1784 571 geritur.
1806 541 1858 563 tam
1883 538 1909 563 in

1113 584 1274 618 majoribus,
1286 591 1367 618 quam
1382 583 1411 610 in
1436 582 1590 610 minoribus
1612 582 1745 617 praecepit
1769 583 1910 609 abstineri.

1113 630 1188 661 dum,
1201 630 1263 664 quia
1282 629 1354 663 quod
1372 629 1505 664 injustum
1531 633 1582 659 est,
1600 627 1702 662 ubique
1725 628 1909 655 abominabile

1113 681 1173 703 est:
1191 676 1279 710 placet
1294 679 1387 702 autem
1412 675 1468 701 Deo
1492 682 1601 709 semper
1616 674 1690 708 quod
1722 674 1826 709 justum
1856 680 1908 702 est.

1114 721 1335 756 l’rmtereajquod
1347 721 1425 748 diviti
1437 720 1576 755 possessio
1594 720 1661 755 agri,
1683 725 1711 747 et
1736 721 1834 748 domus
1857 726 1908 751 est,

1114 768 1166 794 hoc
1178 767 1288 802 pauperi
1302 774 1431 793 mensura
1446 766 1512 795 viui.
1529 770 1557 792 et
1573 765 1665 798 tritici,
1687 770 1715 792 et
1737 767 1817 801 panis
1842 775 1907 800 pon-

1113 814 1164 841 dus
1180 817 1230 846 est,
1244 817 1272 840 et
1284 813 1336 839 alia
1353 820 1386 839 ex
1399 811 1500 846 quibus
1523 811 1605 838 vitam
1620 812 1806 845 quotidianam
1823 813 1908 840 ducit.

1115 858 1169 886 Sed
1195 866 1247 885 nec
1258 858 1392 893 iujustum
1415 857 1443 883 in
1456 857 1675 891 judicio'meutis
1691 857 1832 888 iaciauuis,
1860 866 1911 884 nec

1114 912 1258 932 mensuras
1270 909 1298 931 et
1313 909 1431 931 stateras
1457 904 1529 938 ejus,
1559 911 1620 938 qute
1640 904 1804 931 naturaliter
1830 905 1910 931 nobis

1114 952 1195 979 insita
1207 955 1251 979 est
1271 951 1394 986 justitiaa,
1427 958 1637 985 eorrumpamus
1659 951 1738 978 aliter
1761 955 1866 982 nostra,
1883 957 1911 978 ct

1114 998 1233 1034 proximi
1254 1002 1368 1033 peccata
1385 997 1551 1032 judicantcs,
1568 997 1608 1023 ait
1625 997 1698 1023 enim
1709 997 1840 1024 Dominus
1855 1006 1861 1023 τ
1879 997 1912 1024 In

1113 1045 1276 1080 quojudicio
1299 1043 1481 1078 judicaveritis
1509 1042 1698 1076 judicabimini
1720 1051 1728 1069 :
1756 1047 1780 1069 et
1803 1043 1830 1069 in
1858 1052 1911 1078 qtm

1113 1099 1237 1118 mensura
1252 1090 1335 1116 mensi
1351 1089 1466 1125 fueritis,
1493 1089 1616 1114 metiatur
1627 1087 1697 1114 vobis
1710 1089 1744 1114 ⁵³⁵.
1761 1087 1838 1121 Quod
1853 1089 1912 1123 ipse

1115 1136 1310 1172 interpretans,
1326 1134 1561 1170 quemadmodum
1574 1134 1686 1161 deberet
1702 1133 1827 1170 intelligi,
1844 1135 1911 1161 sul»-

1115 1182 1183 1210 didit
1203 1191 1210 1209 τ
1233 1182 1302 1215 Quid
1315 1186 1404 1209 autem
1417 1182 1487 1208 vides
1498 1181 1628 1216 {estttcam
1656 1181 1683 1206 in
1715 1181 1790 1207 oculo
1817 1182 1913 1215 fratris

1115 1229 1165 1260 tui,
1181 1228 1282 1255 trabem
1295 1231 1394 1260 autem,
1410 1235 1469 1262 qua:
1482 1227 1509 1253 in
1525 1227 1600 1253 oculo
1613 1231 1657 1253 tuo
1669 1233 1720 1259 est,
1733 1235 1784 1253 non
1797 1228 1868 1254 uides
1876 1228 1914 1254 “'2

1117 1274 1173 1301 Sed
1189 1281 1240 1301 nec
1255 1274 1283 1300 in
1295 1273 1475 1309 ponderibus,
1494 1276 1522 1300 et
1545 1272 1656 1300 stateris
1675 1278 1703 1300 et
1718 1274 1856 1301 mensuris
1870 1274 1913 1301 di-

1115 1320 1185 1348 vinis
1198 1327 1358 1352 noceamus,
1371 1320 1420 1347 sed
1438 1319 1528 1355 justas
1557 1323 1684 1351 stateras,
1701 1324 1730 1347 et
1755 1327 1912 1353 mensuras,

1110 1370 1143 1393 et
1155 1365 1285 1400 pondera,
1303 1365 1330 1392 id
1343 1369 1396 1396 est,
1414 1365 1487 1400 leges
1499 1364 1648 1399 Scriptura;
1661 1364 1762 1392 divina:
1774 1366 1915 1393 custodia-

1113 1418 1189 1443 mus,
1206 1411 1367 1438 nullatenus
1383 1410 1424 1437 eis
1437 1414 1579 1442 stateram,
1594 1414 1641 1438 aut
1657 1411 1764 1445 pondus
1777 1412 1915 1447 superim-

1115 1461 1250 1491 ponentes
1268 1456 1411 1491 proprium
1431 1464 1437 1482 :
1457 1460 1484 1483 et
1499 1463 1589 1490 neque
1610 1457 1663 1483 hoc
1681 1456 1754 1491 quod
1770 1457 1917 1490 Pharisa-i,

1115 1503 1261 1537 patiamur,
1273 1503 1307 1530 de
1317 1502 1416 1537 quibus
1425 1502 1453 1529 in
1465 1502 1619 1538 Evangeliis
1631 1503 1765 1531 Dominus
1779 1503 1890 1531 dicebat
1907 1524 1915 1531 .

1115 1547 1204 1581 Quare
1216 1549 1435 1584 transgredimim'
1451 1550 1580 1575 mandata
1606 1549 1663 1582 Dei,
1693 1555 1800 1584 propter
1826 1552 1917 1578 tradi-

1118 1595 1200 1622 tiones
1215 1599 1315 1621 vestraa
1328 1594 1369 1620 ‘7?
1382 1594 1460 1621 illum
1471 1595 1543 1622 enim
1555 1595 1588 1622 ad
1605 1596 1766 1623 memoriam
1777 1602 1915 1629 nostram,

1117 1642 1164 1677 qui
1178 1642 1238 1669 haec
1253 1641 1362 1669 locutus
1379 1647 1431 1674 est,
1446 1643 1489 1669 lex
1505 1649 1647 1674 revocans,
1658 1642 1798 1669 subdidit:

1152 1687 1213 1723 Ego‘
1224 1687 1353 1714 Dominus
1369 1688 1438 1715 Deus
1450 1692 1541 1720 vester,
1558 1688 1603 1723 qui
1618 1688 1696 1714 eduIi
1723 1696 1768 1715 eos
1779 1689 1812 1714 de
1840 1694 1916 1715 terra

1115 1720 1236 1768 Egujfti.
1251 1732 1385 1761 Custodile
1401 1734 1489 1760 omnia
1499 1720 1631 1768 pii-recepta
1649 1742 1718 1765 mea,
1737 1738 1760 1760 et
1789 1735 1916 1762 universa

1111 1778 1229 1812 judicia,
1254 1783 1278 1805 et
1305 1779 1384 1814 facile
1403 1787 1444 1805 ea.
1473 1778 1652 1814 Septuaginta
1683 1784 1774 1806 autem
1801 1779 1915 1806 edunt:

1114 1824 1225 1852 Omnem
1237 1824 1320 1860 legem
1331 1833 1429 1858 meam,
1442 1829 1466 1852 et
1483 1825 1571 1852 omnia
1596 1830 1729 1860 prazcepta
1756 1834 1814 1852 mea
1827 1834 1837 1852 :
1859 1826 1917 1861 Ego

1117 1869 1254 1897 Dominus.
1271 1871 1424 1906 Duplicant,
1444 1871 1499 1906 Ego
1513 1871 1652 1904 Dominus,
1667 1877 1696 1899 ut
1713 1876 1741 1899 tu
1758 1880 1918 1908 cognosce-

1116 1923 1170 1949 res,
1185 1916 1249 1952 quia
1263 1917 1310 1952 qui
1328 1924 1379 1944 nos
1392 1917 1426 1944 de
1445 1921 1517 1944 terra
1530 1917 1638 1953 Egypti
1654 1918 1793 1946 sensibilis
1802 1920 1915 1952 eduxEt,

1116 1967 1182 1991 tunc
1196 1963 1283 1998 legem
1295 1963 1373 1996 dans,
1386 1963 1445 1998 ipse
1459 1971 1534 1990 nunc
1546 1964 1580 1990 de
1599 1964 1764 1999 intelligibili
1794 1965 1916 2000 Aigypto

1117 2009 1295 2045 Evangelium
1311 2009 1463 2044 praedicans
1490 2009 1624 2038 liberavit.
1659 2008 1737 2037 Unde
1764 2017 1915 2046 postquam

1115 2055 1183 2082 dixit
1195 2055 1345 2096 secundum
1362 2054 1543 2090 Septuaginta
1559 2064 1565 2081 ί
1591 2055 1727 2083 Custodite
1741 2065 1846 2084 omnem
1875 2058 1914 2084 le-

1114 2109 1173 2137 gem
1184 2109 1281 2134 meam,
1292 2101 1436 2136 oportebat
1449 2101 1585 2134 3ulliccre,
1598 2103 1690 2130 omnia
1701 2104 1774 2130 enim
1784 2105 1825 2131 lex
1835 2112 1916 2131 com-

1115 2147 1256 2183 plectitur,
1270 2147 1374 2175 addidit
1399 2152 1490 2175 autem
1506 2156 1513 2174 :
1530 2147 1564 2175 Et
1583 2149 1672 2175 omnia
1687 2155 1819 2184 prtecepla
1832 2159 1892 2177 mea
1906 2159 1914 2180 ;

1114 2201 1170 2220 non
1180 2193 1293 2228 judicia,
1307 2193 1582 2228 autjustiilcationcs,
1609 2199 1656 2222 aut
1672 2196 1839 2228 testimonia,
1851 2205 1915 2232 quae

1115 2239 1155 2267 sic
1171 2239 1303 2274 appellari
1319 2247 1369 2275 per
1394 2240 1482 2276 legem
1507 2240 1591 2275 Moysi
1617 2247 1832 2274 consueverunt.
1863 2245 1914 2271 sed

269 2291 324 2318 quc
354 2282 500 2310 sextarius.
536 2282 591 2318 Ego
621 2281 752 2309 Dominus
783 2281 855 2308 Deus
885 2286 990 2314 vester,
1015 2281 1062 2316 qui
1079 2289 1247 2321 Dprwcepta
1271 2293 1338 2316 mea,
1360 2285 1519 2319 evangelica
1547 2286 1675 2313 mandata
1706 2286 1913 2319 demonstrans,

269 2329 350 2357 eduxi
361 2336 409 2357 vos
423 2329 457 2357 de
467 2332 539 2356 terra
550 2327 669 2364 Egypti.
692 2326 835 2355 Custodite
849 2327 942 2354 omnia
958 2334 1062 2362 praece—

269 2379 315 2410 pta
330 2383 400 2407 mea,
417 2379 444 2402 et
459 2374 587 2401 universa
609 2373 722 2408 judicia,
734 2377 762 2400 et
778 2372 858 2399 facite
871 2379 913 2399 ea.
933 2371 988 2408 Ego
1017 2372 1065 2399 Do-

269 2422 369 2448 minus.
390 2430 400 2446 ι

306 2468 408 2496 Similis
431 2473 474 2496 est
502 2468 585 2495 ctiam
613 2467 672 2494 haec
700 2466 805 2493 sanctio
833 2465 1062 2500 praecedentibus,

269 2514 377 2549 quando
389 2518 449 2549 post
459 2515 564 2541 lucrum
574 2513 671 2540 littera:
678 2511 739 2546 ejus
751 2511 833 2538 etiam
849 2510 975 2545 spiritum
990 2518 1062 2545 prae-

269 2560 380 2587 scrutati
393 2559 535 2586 fuerimus.
549 2557 608 2584 Non
626 2565 691 2592 ergo
711 2555 769 2584 ﬁeri
787 2560 915 2590 oportere
930 2555 1063 2590 injustam

270 2604 297 2630 in
311 2603 424 2639 judicio,
444 2603 471 2629 in
486 2602 706 2637 praecedentibus
725 2600 867 2636 praecepit,
887 2608 959 2628 nunc
971 2605 1063 2628 autem

271 2657 321 2676 uec
333 2649 358 2675 in
372 2648 508 2675 mensuris
520 2647 622 2682 injuste
649 2655 739 2683 agere,
752 2655 803 2675 nec
818 2647 846 2674 in
855 2646 987 2682 pondere,
1013 2654 1064 2674 nec

271 2695 298 2721 in
313 2694 422 2721 statcris
430 2693 560 2728 praecepit
577 2702 583 2719 :
603 2700 637 2720 ne
651 2693 721 2720 forte
741 2693 783 2720 bis
799 2692 876 2728 ipsis,
896 2700 957 2727 qua:
985 2693 1063 2727 quasi

270 2739 378 2767 termini
391 2739 590 2774 suntjustitite,
617 2739 651 2766 ad
672 2739 833 2773 iniustitiam
858 2743 977 2766 utamur.
1008 2738 1062 2766 Pro

269 2785 392 2812 terminis
404 2793 477 2812 enim
490 2785 612 2820 justitize,
635 2785 827 2818 vendentibus,
853 2790 880 2812 et
895 2786 1060 2818 ementibus,

305 2887 325 2923 f'
342 2887 424 2915 llebr.
436 2895 484 2918 xu.
502 2888 604 2922 Ἠλὶ
643 2889 666 2904 ⁶¹
683 2887 776 2917 Matth.
799 2897 877 2923 uin,
892 2889 918 2916 ι.
957 2889 1050 2916 "Act.
1068 2897 1112 2919 xv.
1131 2889 1171 2916 l0.

270 2920 290 2935 ⁶⁷
311 2922 404 2951 Matth.
423 2924 504 2958 xv,5.

1117 2338 1178 2365 qum
1191 2338 1224 2358 ex
1240 2331 1402 2358 auctoritate
1418 2330 1552 2359 Dominus
1565 2332 1706 2367 praecepit.

1415 2410 1528 2439 CAPUT
1550 2410 1608 2438 XX.

1153 2467 1235 2496 Vens.
1252 2469 1310 2496 1-5.
1331 2479 1340 2496 ι
1358 2469 1533 2503 Locutusque
1557 2473 1600 2496 est
1614 2468 1745 2496 Dominus
1753 2468 1787 2495 ad
1799 2468 1913 2505 Moysen

1118 2515 1212 2542 dicens
1231 2514 1315 2542 :Hazc
1330 2516 1442 2550 loquere
1456 2515 1518 2542 ﬁliis
1531 2515 1614 2543 Israel
1630 2523 1636 2542 :
1667 2515 1756 2542 Homo
1780 2515 1815 2542 de
1849 2516 1914 2542 ﬁliis

1116 2558 1210 2591 Israel,
1226 2563 1253 2587 et
1268 2559 1302 2587 de
1314 2560 1436 2593 advenis,
1449 2560 1496 2594 qui
1523 2560 1648 2587 habitant
1662 2561 1688 2587 in
1699 2559 1792 2593 Israel,
1809 2560 1831 2587 si
1850 2561 1914 2595 quis

1116 2605 1222 2632 dederit
1233 2605 1267 2633 de
1279 2606 1384 2633 semine
1399 2614 1450 2634 suo
1465 2606 1537 2634 idolo
1569 2606 1686 2639 Moloch,
1703 2612 1791 2635 morte
1808 2608 1914 2634 moria-

1117 2654 1170 2676 tur.
1194 2650 1316 2686 Populus
1331 2656 1411 2679 terrze
1427 2652 1561 2687 lapidabit
1573 2661 1647 2685 eum,
1678 2658 1706 2680 et
1731 2661 1781 2689 ego
1810 2661 1914 2688 ponam

1116 2695 1212 2722 faciem
1244 2704 1330 2724 meam
1357 2703 1451 2725 contra
1474 2698 1558 2731 illum,
1589 2699 1782 2734 suecidamque
1798 2707 1862 2726 cum
1877 2700 1915 2726 de

1117 2742 1207 2768 medio
1216 2743 1308 2777 populi
1322 2743 1375 2775 sui,
1389 2752 1423 2771 eo
1443 2744 1517 2778 quod
1545 2744 1652 2772 dederit
1672 2745 1707 2772 de
1727 2745 1831 2772 semine
1859 2753 1915 2772 suo

1116 2787 1233 2822 Moloch,
1263 2794 1289 2816 ct
1301 2790 1529 2825 containinaverit
1544 2791 1730 2818 sanctuarium
1746 2799 1849 2824 meum,
1878 2799 1913 2819 ac

1212 2890 1234 2906 εδ
1249 2889 1329 2917 Rom.
1346 2899 1383 2924 ιι,
1400 2891 1445 2918 22.
1484 2891 1506 2908 ⁸³
1522 2891 1616 2920 Matth.
1635 2900 1682 2926 vn,
1699 2893 1725 2919 2.
1766 2893 1788 2908 “
1803 2892 1911 2920 ibid.5.
