2056 3148
154 211 218 244 1041

729 212 769 241 1N
788 211 1007 242 LEVITICUM.
1026 222 1059 251 τ
1080 211 1153 241 LIB.
1171 211 1222 240 VI.

1719 205 1787 238 1042

151 269 277 305 polluerit
294 275 394 295 nomen
408 272 536 295 sanciunt
548 275 648 295 meum.
663 268 732 301 Quid
747 268 770 296 si
800 268 942 303 negligens
958 271 979 297 Α
995 267 1177 298 consuetudo,
1195 271 1223 293 et
1236 266 1278 293 his
1287 265 1333 301 qui
1347 266 1375 293 in
1398 273 1492 293 errore
1521 263 1629 292 illorum
1657 264 1787 292 labeban-

149 316 266 349 populus
291 319 380 346 terrae,
407 318 434 340 et
459 314 537 348 quasi
567 314 768 349 parvipendens
796 314 941 348 imperium

149 367 249 391 meum,
259 359 394 386 dimiserit
409 359 560 391 hominem,
575 359 621 394 qui
638 360 713 386 dedit
724 360 757 387 de
768 360 875 386 semine
890 367 941 386 suo

150 405 265 437 Sloloch,
284 412 335 432 nec
347 405 464 431 voluerit
476 405 551 431 illum
569 405 704 437 occidere,
721 413 822 440 ponam
843 405 940 432 l'acirm

149 458 236 477 meatu
253 457 336 484 super
358 449 497 476 hominem
514 450 599 482 illum,
625 455 652 477 et
666 451 854 486 cognationem
871 450 941 484 ejus,

147 496 340 531 succidantque
356 496 456 531 ipsum,
470 501 497 523 et
512 504 608 523 omnes
627 496 673 531 qui
690 500 891 523 consenserunt
905 497 940 527 ei,

148 547 177 570 ut
210 542 412 570 forniearcntur
439 550 501 570 cum
539 543 644 570 Moluch
669 543 702 570 de
726 543 816 570 medio
849 542 942 578 populi

147 589 201 616 sui.
219 598 228 614 ι

182 632 269 667 Cujus
288 632 326 659 rei
337 633 422 668 gratia
438 632 471 659 de
485 632 584 660 iisdem
614 633 668 665 bis,
695 638 722 660 et
736 637 779 660 ter
796 633 943 668 aliquando

146 679 190 706 lex
210 679 351 714 przecepit,
362 679 520 714 frequenter
540 679 567 706 in
583 680 803 714 praecedentibus
812 680 941 711 diximus,

145 725 210 760 quia
224 730 334 760 propter
354 725 513 753 memoriam
528 726 676 761 legentium
694 727 747 753 hoc
759 726 849 753 faciat.
866 726 943 753 Unde

146 771 230 798 etiam
248 771 432 806 recapitulans
442 772 569 799 mandata
583 780 654 799 nova
668 772 792 807 quaedam
808 772 848 799 eis
861 772 945 799 inter-

147 816 234 847 serit,
264 820 358 843 utnon
376 816 514 851 superﬂua
537 816 663 844 videatur
690 817 778 852 legum
804 816 943 851 repetitio,

146 866 176 887 ct
189 860 367 894 inquisitione
379 869 524 894 novorum,
537 862 620 888 etiam
635 862 820 889 anterioribus
842 862 945 889 studio-

147 906 206 933 sius
225 906 408 934 intendamus.
427 906 512 942 llujus
524 907 561 934 rei
578 907 661 943 gratia
677 907 799 935 actiones
813 908 944 942 quasdam

148 952 178 978 in
195 952 344 986 prmteritis
365 952 528 987 prohibens,
556 961 652 988 poenas
679 961 775 980 earum
786 953 881 986 tacuit,
914 959 943 981 ut

146 1006 211 1032 qum
227 998 262 1025 sit
281 998 350 1031 hate,
359 999 402 1026 vel
411 1000 499 1034 qualis
514 1005 678 1035 quaerentes,
696 1008 727 1027 ea
742 1009 802 1035 quae
827 1001 943 1028 inferius

148 1044 252 1076 sancit,
275 1049 452 1072 scrutemur:
478 1046 505 1072 in
529 1046 573 1073 his
588 1046 662 1073 enim
689 1054 784 1081 poenas
816 1047 943 1080 inseruit,

147 1098 220 1124 quas
232 1095 298 1117 tunc
312 1091 497 1126 praetermisit.
514 1092 584 1119 Olim
605 1100 670 1128 ergo
690 1093 839 1128 prohibens
853 1094 887 1121 de
900 1102 945 1121 se-

149 1136 226 1162 mine
239 1144 288 1163 suo
300 1136 414 1169 Moloch,
429 1137 486 1164 sive
499 1138 650 1165 secundum
669 1139 849 1175 Septuaginta
862 1139 945 1166 Prin-

149 1182 205 1216 cipi
222 1181 291 1209 dari.
311 1182 477 1210 Eratautem
493 1184 546 1211 hoc
561 1184 626 1211 idoli
647 1185 790 1219 cujusdam
816 1186 859 1213 vel
889 1186 946 1214 da:-

151 1228 246 1255 monis
264 1237 374 1262 nomen,
387 1231 539 1258 secundum
570 1231 643 1266 quod
673 1231 831 1267 Stephanus
864 1233 947 1260 Amos

151 1275 307 1302 introduxit
339 1277 499 1304 dicentem:
531 1277 566 1304 Et
596 1278 729 1312 recepistis
749 1279 948 1306 tabernaculum

151 1320 269 1352 ΜυΙυεΙι,
282 1326 307 1348 et
319 1323 391 1350 sidus
409 1323 457 1350 Dei
480 1325 558 1351 vestri
583 1323 738 1358 Rempham,
754 1325 854 1359 ﬁguras
882 1334 949 1360 quas

151 1367 265 1401 fecistis,
284 1373 312 1395 ut
327 1370 442 1396 adoretis
457 1378 501 1397 eas
514 1371 547 1397 ⁸⁸.
573 1370 652 1397 Nune
666 1378 731 1405 ergo
746 1371 864 1406 idipsum
893 1379 950 1399 rur-

151 1420 204 1439 sus
222 1418 390 1445 contestans.
406 1415 506 1448 quibus
520 1415 612 1443 verbis
626 1423 705 1443 orsus
719 1415 755 1444 sit
769 1417 879 1444 exordia
899 1417 948 1444 hu-

149 1457 200 1492 jus
212 1458 280 1493 legis
293 1460 416 1488 audistis.

194 1504 359 1539 Locutusque
376 1512 414 1534 est
425 1507 555 1535 Dominus
584 1509 620 1535 ad
634 1508 736 1543 Moysen
752 1509 838 1536 dicens
854 1520 862 1538 :
887 1510 950 1538 ΙΙωε

152 1550 264 1585 loquere
277 1551 340 1585 ﬁliis
353 1552 446 1580 Israel.
462 1553 540 1586 Quod
552 1553 730 1590 Septuaginta
747 1555 904 1588 ediderunt,
926 1562 949 1584 et

152 1597 315 1631 ﬁliislsrnel
334 1598 449 1633 loquere.
466 1599 527 1626 Non
550 1600 602 1627 hoc
619 1600 722 1628 dictum
740 1606 783 1628 est
795 1602 872 1636 quasi
904 1603 949 1629 alii

152 1644 277 1670 fuissent
294 1644 393 1679 quibus
408 1645 590 1679 prmcedentia
617 1651 753 1679 sanxerat,
779 1647 826 1674 sed
856 1652 950 1675 osteu-
965 1639 986 1649 υ

153 1689 227 1716 dens
246 1689 310 1723 quia
327 1689 379 1717 hoc
397 1690 540 1724 personale
556 1691 714 1718 mandatum
730 1696 874 1726 propterea
884 1700 950 1720 con-

153 1740 200 1762 tra
223 1743 319 1762 omnes
346 1736 478 1768 dilatavit,
505 1737 567 1771 quia
595 1742 738 1772 peccatum
764 1742 859 1765 contra
878 1739 951 1774 quod

153 1781 400 1809 comminationem
417 1787 579 1817 praesentem
609 1783 731 1817 protulit,
757 1788 863 1811 tantum
892 1784 951 1812 aliis

154 1827 357 1855 cxsecrabilius
368 1833 420 1861 est,
438 1833 467 1855 ut
479 1829 531 1856 alia
547 1829 656 1863 quidem
680 1834 789 1864 peccata
802 1830 875 1858 solos
887 1838 951 1865 pec-

154 1878 255 1901 cantes
275 1882 336 1901 reos
351 1875 439 1909 poenis
453 1875 604 1906 allicerent,
627 1875 678 1902 hoc
692 1880 784 1903 autem
799 1879 826 1903 et
844 1884 891 1903 eos
905 1876 952 1910 qui

155 1920 340 1955 neglexerunt
355 1926 525 1955 peccantem,
537 1921 712 1956 judieemque
727 1921 762 1953 ei,
778 1921 825 1948 sed
840 1926 867 1948 et
882 1921 952 1948 ulto-

154 1972 230 1997 rem,
240 1973 295 1992 non
309 1966 396 1993 solum
407 1966 544 2002 principes
557 1967 660 2001 populi,
671 1967 717 1994 sed
729 1971 756 1994 et
770 1971 852 1993 totam
862 1966 949 2002 Syna-

156 2019 257 2046 gogam
274 2033 280 2044 ,
299 2017 326 2039 et
344 2013 474 2047 populum
498 2013 573 2040 facit.
600 2012 717 2047 Populus
748 2012 830 2044 enim,
851 2013 949 2047 inquit,

158 2063 241 2084 terra:
251 2058 380 2092 lapidabit
395 2067 464 2085 eum.
480 2058 537 2085 Nec
552 2058 596 2085 his
611 2062 761 2085 contentus
773 2057 877 2084 addidit
891 2065 898 2084 :

198 2102 233 2129 Et
256 2111 303 2138 ego
314 2111 410 2137 ponam
424 2103 520 2138 faciem
544 2111 630 2130 meam
647 2107 739 2130 contra
754 2102 840 2135 illum,
869 2103 954 2129 succi-

159 2148 278 2182 dumque
293 2156 352 2174 eum
369 2149 401 2175 de
412 2148 498 2174 medio
509 2148 599 2182 populi
624 2148 676 2174 sui.
703 2148 754 2174 Per
781 2147 834 2174 hoc
860 2155 955 2174 omnes

159 2194 282 2228 erigens,
290 2199 475 2229 ctprovocans
487 2199 581 2221 contra
589 2202 662 2226 eum,
670 2194 715 2227 qui
725 2193 787 2220 talia
796 2193 934 2220 commisit
948 2202 953 2219 :

161 2239 213 2266 sed
228 2244 256 2267 et
268 2244 398 2267 terrorem
412 2239 544 2272 indicens,
561 2239 583 2266 si
599 2239 777 2274 neglexerint,
794 2243 821 2265 et
832 2246 955 2266 noueum

162 2285 258 2312 studio
274 2289 436 2320 pneceptam
454 2293 562 2320 ptenam
593 2286 650 2312 suis
666 2286 691 2312 in
708 2293 768 2312 eam
782 2286 957 2313 exercuerim
975 2305 996 2332 υ

165 2331 304 2363 manibus,
333 2336 426 2366 utpote
451 2331 479 2358 iu
507 2336 611 2359 tantum
647 2331 717 2358 irato
749 2331 814 2363 Deo,
842 2336 872 2358 ut
901 2332 959 2366 ipse

165 2382 263 2411 aperte
279 2377 436 2412 przedictam
460 2377 626 2405 sententiam
649 2382 744 2405 contra
773 2385 835 2404 eum
863 2378 957 2410 ferret,

165 2430 217 2450 cur
227 2423 336 2450 autem?

203 2469 273 2501 Quia
282 2469 313 2496 de
326 2470 424 2496 semine
441 2478 488 2497 suo
502 2469 573 2497 dedit
589 2469 700 2500 Moloch,
721 2473 748 2495 ut
769 2469 961 2496 contaminaret

165 2515 351 2542 summarium
377 2523 474 2548 meum,
500 2520 524 2542 ct
550 2515 679 2549 pollueret
715 2522 810 2541 nomen
840 2520 961 2542 sanciunt

170 2560 442 2595 meum.Quicunque
455 2560 528 2590 enim
553 2560 638 2587 lilium
665 2564 712 2586 aut
735 2563 893 2595 cognatum,
915 2564 963 2586 aut

169 2605 344 2640 discipulum,
359 2611 408 2633 aut
430 2606 561 2638 amicum,
584 2609 631 2632 aut
656 2611 847 2638 quemcunque
861 2604 895 2632 de
912 2612 962 2631 suo

171 2652 286 2683 semine,
305 2651 347 2678 vel
356 2652 528 2687 cognatione,
557 2655 604 2678 aut
620 2650 755 2683 doctrina,
772 2650 890 2685 principi
910 2658 962 2678 sm-

169 2698 224 2724 culi
241 2698 332 2731 hujus,
345 2697 390 2732 qui
405 2705 479 2725 nunc
505 2702 633 2732 operatur
655 2697 682 2723 in
721 2697 782 2724 liliis
807 2696 963 2724 difﬁdentiae

173 2743 289 2776 dederit,
302 2751 404 2772 vovens
419 2752 482 2771 eum
490 2748 518 2770 et
535 2750 700 2771 consecratis
710 2743 889 2774 daenmnibus,
920 2742 964 2770 hic

173 2790 284 2824 quidem
301 2790 335 2817 ad
351 2798 427 2817 sacra
443 2790 614 2821 dauuonum,
632 2789 700 2816 alter
710 2793 802 2816 autent
818 2789 897 2816 misla
922 2789 963 2816 vi—

174 2835 215 2863 rili
230 2836 408 2871 muliebrique
422 2835 487 2869 vita,
502 2840 646 2869 utrumque
676 2835 750 2862 Cllilll
771 2840 827 2862 erat
852 2836 962 2870 paganis

209 2905 230 2920 ‘“
241 2908 323 2934 Amos
338 2916 365 2939 ν,
379 2907 431 2939 26;
448 2908 507 2935 Act.
523 2915 570 2940 vn,
588 2907 631 2934 45.

679 2907 699 2922 ’³³
721 2905 789 2935 Osee
806 2915 841 2938 ιγ,
862 2907 902 2933 Η.

171 2935 198 2983 an
212 2941 311 2977 Ephes.
327 2935 364 2975 v,'
374 2942 382 2968 l
392 2943 414 2969 Ι.

954 2905 1080 2933 "’lTim.
1109 2913 1146 2937 γι,
1166 2904 1212 2937 10;

997 317 1051 344 tur,
1069 313 1103 340 de
1116 313 1217 347 quibus
1239 312 1312 339 Deus
1329 320 1378 346 per
1401 311 1500 339 Oseam
1521 311 1588 339 dicit
1613 319 1619 336 :
1649 310 1717 343 Quia
1743 311 1788 337 isti

995 367 1054 385 cum
1070 359 1221 393 fornicariis
1233 358 1480 392 corrumpebantur,
1499 362 1522 384 et
1541 365 1600 384 cum
1631 357 1788 391 effeminatis

994 404 1193 439 sacriﬁcabant,
1206 403 1301 439 polluit
1316 403 1364 430 Dei
1391 409 1482 431 sancta
1494 404 1526 430 °’.
1547 402 1707 436 Quomodo?
1723 403 1788 437 quia

995 450 1199 484 polluitnomcn
1215 454 1340 477 sanctum
1354 449 1423 484 ejus.
1441 449 1477 476 Ut
1493 449 1567 476 enim
1586 448 1730 484 imaginem
1740 448 1788 476 Dei

995 496 1149 531 percipiens
1168 496 1249 523 homo
1260 496 1357 528 sancti,
1374 500 1401 522 et
1418 496 1446 522 in
1462 495 1566 522 sanctis
1578 495 1785 529 requiescentis,

995 547 1106 570 sanctus
1121 547 1194 570 recte
1210 547 1238 569 et
1263 541 1450 569 sanetillcatus
1466 541 1514 574 illi,
1530 541 1609 577 cujus
1625 541 1708 568 habet
1720 541 1788 568 ima-

994 588 1095 623 ginem,
1107 587 1218 615 dicitur.
1237 587 1412 615 Contamiuat
1429 594 1503 622 ergo,
1516 591 1544 614 ct
1562 586 1658 621 polluit
1689 594 1789 614 nomen

995 635 1064 669 ejus,
1074 633 1121 669 qui
1133 634 1157 661 ei
1170 634 1245 661 dedit
1258 634 1414 668 imaginem,
1435 638 1462 660 et
1488 641 1537 668 per
1551 633 1622 660 hanc
1637 633 1725 667 ipsum
1742 633 1789 666 qui

995 678 1186 711 sanetilieavit,
1199 679 1281 713 quiet
1295 678 1420 713 spiritum
1438 678 1499 706 vitae
1529 679 1554 705 ei
1569 685 1601 705 ex
1631 685 1679 704 sua
1705 678 1790 712 gratia

995 723 1152 756 insumavit,
1168 725 1229 758 quia
1246 724 1346 759 spiritu
1361 724 1443 755 mulo,
1471 728 1498 751 et
1526 725 1643 751 adverso
1660 722 1716 751 Deo
1734 729 1792 749 cer-

996 770 1142 805 rumpitur,
1166 774 1194 797 et
1220 770 1390 797 Domiuieam
1420 768 1566 804 imaginem
1587 769 1614 795 in
1635 768 1790 795 dmmonum

996 815 1157 842 servitutem
1171 815 1279 850 redigit,
1299 815 1473 850 regalemque
1487 813 1660 849 margaritam
1673 821 1688 839 a
1702 813 1792 849 porcis

996 861 1130 896 permittit
1148 861 1241 896 pollui.
1262 861 1335 888 Idem
1356 865 1399 888 est
1412 864 1440 887 et
1453 859 1578 895 quisquis
1586 859 1620 887 de
1630 858 1792 895 cognatione

998 912 1024 935 ct
1040 908 1074 935 de
1089 907 1214 935 doctrina
1227 915 1275 935 sua
1292 907 1414 934 avaritia:
1426 906 1517 939 oll'ert,
1530 911 1558 933 et
1585 906 1618 932 ad
1646 905 1791 933 avaritiam

993 955 1124 989 operibus
1137 959 1183 981 aut
1193 954 1283 982 verbis
1299 953 1468 981 consuefacit
1477 960 1551 985 cum,
1572 951 1618 986 qui
1630 958 1792 986 quocunque

994 1000 1076 1028 modo
1103 999 1255 1034 discipulus
1285 999 1356 1034 ejus.
1389 998 1432 1026 vel
1456 1002 1589 1034 cognatus
1610 1001 1663 1030 est,
1678 1004 1790 1025 servum

995 1055 1058 1074 eum
1074 1047 1240 1078 diemonum,
1254 1046 1387 1073 "devotum
1415 1034 1496 1072 idolis
1512 1045 1570 1072 sive
1601 1048 1792 1072 consecratum

996 1094 1165 1129 militemque
1182 1094 1291 1129 maligni
1305 1092 1435 1127 principis
1447 1091 1529 1126 hujus
1541 1091 1631 1118 smculi
1649 1089 1769 1118 eﬂicieus
1785 1098 1790 1115 :

997 1140 1085 1168 Radix
1098 1141 1167 1167 enim
1181 1140 1298 1166 omnium
1321 1139 1454 1166 malorum
1481 1137 1647 1170 avaritia";
1676 1144 1733 1172 qua:
1756 1141 1792 1163 ut

997 1186 1128 1212 idolorum
1142 1187 1253 1213 servitus
1265 1187 1300 1212 τι.
1314 1185 1435 1212 Dicitnus
1457 1189 1549 1211 autem
1565 1183 1618 1211 hoc
1651 1183 1741 1218 ipsum
1765 1185 1793 1208 et

997 1236 1094 1258 contra
1109 1239 1156 1259 eos
1173 1231 1220 1266 qui
1236 1230 1400 1258 adulterium
1417 1229 1528 1261 docent,
1553 1231 1732 1264 suggerentes
1743 1235 1791 1254 ne-

998 1278 1080 1306 farias
1098 1279 1232 1311 actiones,
1247 1278 1393 1306 suadentes
1413 1275 1625 1311 turpitudinem,
1638 1275 1793 1310 polluentes

999 1330 1094 1353 sancta
1107 1325 1165 1358 Dei,
1182 1326 1209 1352 id
1224 1330 1278 1357 est,
1306 1325 1477 1361 signatorum
1502 1323 1557 1351 Deo
1579 1330 1707 1358 corpora.
1727 1330 1794 1356 quo-

999 1379 1061 1398 rum
1078 1379 1143 1399 caro
1156 1372 1286 1406 templum
1301 1371 1362 1404 Dei,
1382 1375 1411 1398 et
1422 1370 1542 1405 Spiritus
1555 1369 1643 1397 sancti
1658 1372 1701 1396 est
1718 1367 1794 1395 habi-

1001 1417 1131 1444 taculum.
1151 1416 1230 1444 Unde
1249 1422 1278 1444 et
1304 1417 1427 1451 polluere
1453 1421 1526 1444 recte
1538 1422 1639 1443 nomen
1669 1419 1794 1441 sanetum

1001 1463 1140 1494 dicuntur.
1159 1463 1216 1490 sive
1231 1463 1383 1490 secundum
1397 1462 1589 1496 Septuaginta,
1612 1460 1794 1494 sanctiﬁcato-

1002 1518 1070 1541 rum,
1085 1510 1149 1544 quia
1166 1517 1200 1537 ex
1212 1517 1278 1541 uno,
1296 1514 1343 1536 aut
1358 1508 1476 1540 duobus,
1489 1512 1535 1535 aut
1557 1507 1682 1542 pluribus
1703 1505 1794 1532 forsan

1002 1555 1244 1588 abominabilibus,
1263 1555 1386 1582 omnium
1409 1558 1567 1581 sanctorum
1584 1553 1631 1580 Dei
1660 1561 1666 1578 :
1696 1551 1741 1586 qui
1768 1551 1796 1577 in

1002 1608 1035 1627 eo
1050 1600 1235 1632 crediderunt,
1248 1605 1276 1628 et
1292 1600 1423 1634 ﬁdelium,
1441 1598 1667 1627 manifestissime
1690 1597 1796 1624 abomi-

1004 1646 1096 1674 nabile
1107 1654 1208 1674 nomen
1221 1651 1248 1673 et
1263 1646 1478 1673 contaminatum
1508 1645 1581 1672 inter
1597 1643 1722 1671 homines
1736 1642 1795 1669 elli-

1004 1693 1084 1724 citur,
1102 1691 1164 1719 talia
1176 1696 1205 1719 et
1219 1691 1253 1719 de
1265 1691 1372 1719 caneris
1385 1690 1598 1726 eonjieicntibus
1614 1690 1657 1716 his
1671 1689 1716 1723 qui
1729 1688 1797 1715 foris

1004 1742 1079 1770 sunt,
1098 1738 1125 1764 in
1142 1735 1373 1772 qualiaquosdam
1388 1737 1515 1764 viderunt
1535 1735 1714 1763 luxuriantes.
1730 1734 1798 1760 Pro-

1005 1788 1096 1817 pterea
1113 1791 1160 1810 eos
1177 1784 1223 1818 qui
1239 1784 1277 1810 sic
1292 1783 1361 1810 mala
1389 1787 1417 1810 et
1441 1781 1635 1810 abominabilia
1656 1779 1796 1815 operibus.

1004 1835 1053 1857 ant
1072 1831 1162 1857 verbis
1178 1830 1287 1862 docent,
1299 1838 1354 1857 non
1363 1831 1445 1858 unius
1459 1829 1600 1865 praecepit,
1614 1829 1663 1856 sed
1675 1829 1797 1856 tunnium

1005 1876 1096 1910 puniri
1112 1876 1255 1903 manibus:
1273 1880 1368 1910 utpote
1380 1875 1503 1902 omnium
1514 1875 1643 1902 inimicus
1659 1879 1686 1901 et
1701 1874 1799 1900 adver<

1005 1921 1094 1948 sarius
1122 1926 1150 1948 et
1164 1922 1289 1948 omnium
1319 1921 1422 1956 gloria},
1454 1921 1530 1948 sicut
1556 1920 1716 1954 praedictum
1744 1923 1796 1950 cst,

1005 1971 1147 1994 nocentes.

1041 2011 1116 2044 Quod
1136 2013 1158 2038 si
1181 2012 1312 2047 negligens
1337 2011 1449 2045 populus
1475 2015 1561 2042 terrae,
1578 2015 1603 2037 et
1625 2010 1701 2045 quasi
1723 2010 1798 2043 parvi

1006 2058 1120 2093 pendens
1134 2057 1273 2092 imperium
1290 2065 1376 2083 meum
1388 2057 1516 2083 dimiserit
1530 2056 1671 2086 hominem,
1689 2056 1734 2090 qui
1752 2055 1799 2082 de-

1007 2104 1075 2131 derit
1091 2104 1122 2130 de
1140 2103 1239 2129 semine
1257 2111 1305 2129 suo
1317 2102 1426 2134 Moloclt,
1443 2110 1489 2128 nec
1504 2101 1614 2128 voluerit
1635 2101 1711 2128 illum
1730 2102 1800 2128 occi-

1008 2150 1077 2177 dere.
1095 2149 1124 2176 ld
1137 2154 1189 2182 est,
1203 2149 1225 2176 si
1240 2149 1278 2181 hi,
1294 2149 1341 2184 qui
1359 2148 1471 2176 enutriti
1488 2152 1552 2175 sunt
1567 2147 1593 2175 in
1610 2147 1735 2180 scientia,
1749 2155 1800 2175 ne-

1008 2195 1142 2231 glexerint
1161 2202 1224 2222 eum
1240 2195 1286 2229 qui
1309 2194 1372 2221 talia
1386 2194 1466 2222 docet
1485 2203 1491 2222 :
1511 2195 1570 2222 ba~c
1587 2198 1629 2221 est
1645 2194 1718 2221 enim
1739 2202 1800 2222 vera

1009 2246 1037 2269 et
1048 2246 1122 2269 recta
1136 2246 1218 2272 terra,
1233 2241 1266 2268 de
1280 2248 1332 2275 qua
1347 2241 1385 2268 ait
1397 2240 1480 2268 David
1497 2249 1504 2267 :
1520 2240 1634 2275 Spiritus
1648 2246 1707 2268 tuus
1720 2241 1802 2268 bonus

1010 2288 1118 2315 deducet
1141 2296 1181 2314 me
1203 2288 1231 2314 in
1256 2291 1353 2314 terram
1377 2291 1475 2313 rectam
1490 2287 1523 2313 ⁷³.
1547 2286 1616 2319 Quia
1639 2287 1739 2315 malum
1761 2292 1802 2314 est

1012 2334 1129 2361 maxime
1143 2333 1194 2361 tale
1212 2337 1353 2368 peceatum
1373 2340 1427 2360 non
1443 2333 1566 2368 exsequi.
1581 2333 1652 2366 Quid
1671 2338 1712 2361 est
1729 2335 1802 2369 quod

1011 2379 1152 2414 sequitur?
1170 2379 1202 2406 Et
1227 2387 1306 2413 super
1317 2379 1499 2414 cognationem
1521 2379 1588 2413 ejus.
1610 2379 1663 2406 Eos
1680 2379 1726 2414 qui
1746 2385 1803 2406 stu-

1012 2426 1078 2451 dent
1105 2424 1233 2451 videlicet
1261 2423 1370 2454 similia,
1391 2423 1437 2458 qui
1463 2423 1569 2459 cognati
1598 2428 1663 2451 sunt
1692 2429 1804 2459 propter

1012 2469 1218 2496 similitudinem
1234 2468 1350 2496 actionis
1366 2472 1394 2495 et
1409 2468 1551 2495 doctrinae.

1048 2515 1240 2549 Succidumque
1261 2515 1346 2548 ipsum
1362 2518 1386 2541 et
1403 2522 1490 2541 omnes
1506 2514 1551 2549 qui
1567 2519 1751 2541 consenserunt
1769 2515 1804 2547 ei,

1013 2567 1041 2588 ut
1058 2562 1251 2596 [aruit-urentur
1276 2568 1334 2586 cum
1354 2559 1454 2586 Moloc/z
1478 2560 1510 2586 de
1534 2560 1617 2587 medio
1641 2560 1733 2595 populi
1751 2562 1802 2587 sui.

1013 2605 1072 2631 Non
1090 2605 1177 2632 solum
1198 2604 1319 2631 minatus
1337 2609 1379 2631 est
1395 2605 1493 2639 punire
1513 2612 1571 2636 eos,
1586 2605 1632 2639 qui
1650 2605 1746 2633 dicunt
1763 2606 1805 2633 vel

1015 2651 1118 2678 l‘aciuut
1131 2651 1192 2682 hoc,
1206 2654 1233 2677 et
1246 2654 1391 2685 propterea
1406 2655 1536 2686 cognatos
1552 2655 1625 2678 recte
1639 2651 1804 2682 nominatos.

1015 2697 1062 2725 sed
1087 2701 1114 2724 et
1138 2697 1341 2724 consentientes
1365 2696 1400 2727 ei,
1420 2696 1446 2723 id
1472 2702 1514 2724 est
1537 2697 1735 2725 concordantcs
1759 2703 1807 2726 aut

1015 2746 1221 2774 concurrentes,
1243 2746 1291 2769 aut
1311 2742 1547 2770 communicantes
1564 2743 1694 2777 operibus
1710 2751 1805 2770 eorum

1016 2788 1204 2821 iuiructuosis,
1221 2788 1291 2815 sicut
1309 2788 1410 2815 Paulus
1424 2787 1491 2815 dixit
1508 2788 1540 2814 ⁷⁵.
1557 2787 1656 2816 Malum
1673 2792 1721 2815 est.
1732 2789 1805 2815 enim

1019 2834 1176 2869 permittere
1191 2838 1238 2861 aut
1252 2833 1407 2861 consentire
1423 2834 1504 2861 etiam
1521 2841 1577 2866 eos,
1592 2834 1636 2868 qui
1651 2833 1717 2860 foris
1733 2838 1805 2865 sunt.

1263 2904 1282 2919 τι
1298 2903 1398 2939 Ephcs.
1418 2913 1443 2937 v,
1538 2904 1559 2919 ⁷³
1577 2903 1647 2931 Pulli.
1665 2910 1744 2935 cxzu,
1763 2903 1804 2931 tu.
1816 2922 1824 2930 ,
