2056 3148
250 198 318 233 1043

853 196 1033 226 HESYCHII
1054 194 1293 225 PRESBYTERI

1821 186 1890 220 ιο44

249 257 378 285 fornicari
396 265 410 283 a
427 256 492 287 Deo,
509 260 537 282 et
552 254 693 282 adhaerere
713 253 876 288 iutelligibili
899 252 1016 288 principi
1035 261 1041 278 :
1059 253 1080 281 Α
1096 259 1143 277 nos
1159 259 1218 277 vero
1232 250 1327 282 lutum,
1341 253 1364 275 et
1381 253 1407 274 tu
1421 248 1495 282 [inter
1514 251 1610 277 noster,
1626 250 1651 272 et
1666 253 1746 280 opera
1762 252 1888 270 titanuum

248 303 336 331 multo
352 302 437 336 magis
453 306 546 328 autem
562 300 596 327 de
612 300 702 327 medio
718 298 893 334 populi..lloc
910 302 952 325 est
971 297 1044 325 enim

251 353 338 375 totum
359 354 471 382 gregem
495 347 567 381 lupis
587 346 711 378 credere,
728 350 755 372 ct
777 352 873 372 omnes
893 351 959 371 oves
981 343 1047 370 feris

251 395 360 422 tradere
376 403 382 420 :
399 394 534 428 siquidem
551 393 585 420 de
604 393 694 420 tnedio
707 392 800 427 populi
815 391 934 418 inimicis
951 398 1047 425 rapere

250 440 446 476 permittimus,
469 444 517 466 aut
540 439 563 466 si
589 446 702 465 manum
729 438 894 472 porr-igimus
918 436 1044 471 rapienti.

251 485 305 518 Qui
321 485 394 512 enim
417 484 557 512 consentit
573 493 579 510 :
596 489 624 511 et
642 488 712 512 tacet
732 490 862 511 accusare
882 491 945 510 cum
965 489 1046 516 quem

252 539 368 567 arguere
383 538 498 558 necesse
516 534 567 562 est,
587 531 630 558 vel
645 531 803 562 admonere,
820 529 862 556 vel
879 529 1022 563 increpare
1039 538 1045 554 :

253 577 299 604 hic
315 584 370 603 non
390 576 476 611 fugiet
493 576 616 603 divinutn
635 575 780 610 judicium.
798 574 878 601 Ponit
896 577 987 600 autem
1007 573 1048 600 fa-

254 623 324 650 ciem
347 629 425 649 suam
453 629 536 656 super
559 629 621 648 eum
646 621 718 648 Deus
742 620 815 648 illam
835 620 869 647 de
891 628 944 654 qua
965 619 1049 647 David

255 667 363 695 dicebat
377 676 383 693 :
402 667 491 695 Vultus
504 672 592 694 autent
607 667 713 693 Domini
728 674 806 700 super
826 666 951 700 facientes
966 665 1049 697 mala,

255 718 284 739 ut
299 714 434 747 disperdat
457 713 489 740 de
508 717 579 739 terra
595 712 752 739 memoriam
769 719 858 738 earnm
874 711 907 739 ⁷⁸.
925 712 983 739 Non
1000 720 1050 739 so—

256 760 313 786 lum
326 767 391 793 ergo
406 759 452 793 qui
478 759 541 786 talia
565 758 678 790 faciunt,
694 758 742 785 sed
765 762 793 784 et
810 758 856 792 qui
875 758 1052 785 consentiunt

256 802 431 834 facientibus,
448 802 520 831 sicut
535 801 675 829 Romanos
698 801 798 828 Paulus
817 801 941 828 scribens
957 809 1051 836 repre-

256 847 396 875 hendebat
421 847 472 875 sub
497 855 578 882 paena
595 847 628 880 ⁷⁵,
644 854 706 881 qua:
728 853 801 873 nunc
824 846 895 873 dicta
919 850 961 873 est
978 853 993 873 a
1013 846 1049 873 le-

256 893 397 929 gislature,
415 892 581 920 elliciuntur.

293 939 376 966 Vsus.
391 939 449 966 6-8.
474 948 482 964 ε
502 938 600 966 Anima
623 946 684 973 quae
704 938 884 966 declinaverit
905 938 939 965 ad
959 946 1053 974 magos

256 990 286 1012 et
309 985 344 1013 ad
369 985 480 1018 ariol0s,
497 990 524 1012 ct
551 984 684 1012 fornicata
704 984 797 1017 fuerit,
815 992 877 1012 cum
896 985 937 1012 eis
951 993 1052 1019 ponam

257 1032 356 1061 faciem
381 1039 470 1059 meam
495 1036 589 1059 contra
612 1039 684 1063 eam,
699 1036 727 1058 et
747 1031 908 1060 interﬁciant
929 1032 1002 1059 illam
1019 1032 1052 1060 de

257 1078 349 1108 medio
364 1078 468 1113 populi.
485 1077 712 1109 Sanctificamini,
726 1082 754 1105 et
772 1082 860 1105 estote
876 1078 974 1110 sancti,
991 1078 1053 1113 quia

257 1133 308 1159 ego
320 1125 452 1152 Dominus
468 1125 540 1151 Deus
554 1130 654 1152 vester.
671 1124 814 1152 Custodite
827 1129 961 1159 praecepta
981 1131 1051 1156 mea,

257 1177 287 1201 ct
303 1171 384 1198 facite
399 1178 442 1201 ea,
457 1178 506 1205 ego
522 1169 653 1204 Dominus
669 1169 715 1204 qui
732 1170 873 1197 sanctitico
890 1178 950 1197 vos.
970 1179 979 1195 ι

294 1217 353 1244 Non
381 1217 572 1251 qualecunque
600 1220 741 1250 peccatum
769 1223 830 1242 esse
857 1216 993 1246 declinare
1019 1215 1054 1242 ad

258 1270 363 1298 magos,
391 1262 449 1289 sive
478 1266 507 1288 ιιι
533 1260 614 1292 LXX,
641 1261 828 1297 ventriloquos,
850 1262 893 1288 vel
917 1262 1054 1290 veneﬁcos

259 1306 437 1342 praediximus
460 1315 467 1332 :
489 1306 516 1332 in
545 1310 660 1339 utroqun:
685 1306 757 1332 enim
783 1313 798 1332 a
824 1306 880 1333 Deo
907 1307 1052 1341 receditur,

259 1352 318 1378 sive
333 1350 478 1378 sensibilcs
491 1350 657 1385 Pytlionicos
675 1357 702 1378 et
718 1351 864 1384 veneficos,
879 1353 936 1380 sive
951 1353 1053 1380 intelli-

259 1396 357 1431 gibiles
374 1395 459 1428 dicas,
474 1395 500 1424 id
516 1401 570 1428 cst,
586 1403 634 1423 eos
646 1396 691 1430 qui
718 1397 829 1424 nomine
844 1397 891 1424 Dei
908 1397 973 1424 falsa
991 1406 1055 1432 pro-

259 1443 384 1478 pltetant,
407 1441 579 1476 deceptores,
605 1447 633 1469 et
661 1442 828 1475 adulatores,
854 1442 900 1477 qui
928 1443 1056 1471 veneficis

261 1489 436 1521 sermonibus
460 1489 570 1516 auditus
595 1489 744 1517 multorum
773 1494 967 1525 corrumpunt,
990 1494 1020 1517 ιιι
1040 1498 1054 1517 a

260 1535 375 1562 veritate
401 1534 514 1569 quidem
541 1534 650 1562 auditus
681 1538 815 1567 avertant,
839 1535 873 1562 ad
898 1535 1004 1562 fabulas
1028 1540 1056 1562 ct

261 1589 382 1608 errorem
403 1585 612 1610 convertuntur,
634 1585 662 1608 ct
679 1587 823 1616 propterea
843 1589 945 1616 ponere
958 1581 1055 1608 faciem

261 1634 339 1654 suam
354 1627 448 1661 judex,
467 1631 495 1653 et
514 1626 672 1659 disperdere
685 1634 734 1655 eos
749 1627 783 1654 de
798 1627 899 1662 popttlo
917 1635 967 1654 suo
980 1634 1056 1655 com-

263 1673 383 1700 minatus
398 1677 449 1699 est.
465 1672 577 1699 Addidit
590 1677 682 1699 autem
698 1682 704 1698 :

298 1717 520 1751 Sunctiﬁcamini,
540 1721 565 1744 et
592 1722 672 1744 estote
693 1719 788 1745 sancti.
812 1719 968 1748 Ostendens
991 1721 1057 1755 quia

262 1767 396 1799 quotquot
412 1763 472 1790 illos
485 1763 573 1790 secuti
592 1768 668 1796 sunt,
685 1764 779 1798 polluti
793 1770 866 1797 sunt,
878 1771 906 1793 ct
916 1767 1057 1794 abomina-

262 1809 342 1842 biles,
361 1813 442 1847 atque
466 1808 612 1840 immundi,
639 1813 736 1844 utpote
757 1811 804 1844 qui
829 1811 1057 1839 abominabllibus

262 1855 365 1888 verbis,
386 1860 413 1882 et
425 1855 517 1890 pravis
528 1855 702 1890 dogmatibus
716 1863 927 1885 consenserunt.
944 1858 1057 1893 lnsupcr

263 1901 369 1931 addidit
385 1911 391 1928 :

299 1947 434 1975 Custodite
451 1952 580 1981 praerepta
602 1955 660 1974 mea
678 1953 701 1974 et
715 1949 795 1983 facite
813 1957 854 1975 ea.
879 1949 1056 1977 Manifestans

263 1999 291 2023 et
314 2001 362 2028 per
386 1993 448 2025 hoc,
467 1993 540 2027 quod
566 1994 817 2027 praevaricationem
844 1995 881 2022 illi
904 2001 1057 2031 praecepto-

262 2047 325 2068 rum
341 2039 389 2066 Dei
413 2039 539 2068 doceant.
563 2039 620 2065 sive
640 2039 727 2074 legent
751 2041 878 2071 doceant,
894 2041 952 2068 sive
966 2042 1057 2069 divina

263 2094 294 2114 se
314 2085 488 2120 interpretari
510 2084 639 2112 mandata
660 2085 772 2121 ﬁngant,
791 2091 819 2113 et
834 2093 978 2121 prepterea
999 2095 1056 2119 eos,

263 2137 292 2163 et
306 2139 436 2166 sequaces
450 2138 546 2158 eorum
563 2135 715 2159 aversatur.
741 2131 795 2159 Sed
813 2136 840 2159 et
862 2133 974 2163 brevem
991 2141 1057 2161 eon-

263 2179 415 2208 clusionrm
433 2176 523 2204 verbis
541 2176 654 2207 addidit,
669 2176 764 2204 dicens
781 2185 787 2203 :

301 2224 356 2259 Ego
374 2222 510 2253 Dominus,
529 2222 574 2256 qui
590 2222 724 2256 sancti/iro
742 2231 794 2250 vos.
815 2222 840 2249 Id
856 2228 907 2256 est,
926 2231 975 2250 cur
994 2231 1055 2251 cum

265 2272 308 2298 his
325 2269 371 2306 qui
387 2269 438 2296 alia
456 2272 551 2296 contra
568 2276 656 2294 meam
669 2268 766 2303 legem,
779 2273 826 2295 aut
844 2277 932 2297 meam
952 2270 1056 2297 doctri—

263 2324 328 2343 nam
344 2315 449 2346 dicunt,
471 2313 706 2348 eorrumpcmini?
721 2313 777 2348 Ego
797 2315 870 2341 enim
886 2323 946 2341 sutn
965 2315 1056 2342 Domi-

262 2370 327 2396 ntts,
342 2361 389 2396 qui
407 2369 454 2388 vos
469 2360 620 2400 sattetiﬁeo,
637 2363 665 2386 et
682 2358 774 2389 nullus
790 2359 943 2393 hominum,
962 2369 1015 2388 nec
1033 2361 1055 2388 si

262 2409 426 2443 prophetam
438 2414 467 2433 se
482 2413 544 2433 esse
554 2405 635 2436 dicat,
648 2412 700 2431 nec
712 2404 734 2431 si
749 2405 900 2441 quamlibet
913 2407 1055 2434 scientiam

263 2453 415 2488 prmnittat,
430 2452 483 2479 nisi
501 2452 581 2483 forte,
594 2458 654 2485 qtue
669 2458 728 2477 mea
741 2456 806 2478 sunt
818 2451 928 2484 dixerit,
941 2456 969 2479 et
982 2460 997 2480 a
1013 2460 1057 2479 me

263 2499 410 2533 aereperit,
425 2503 452 2525 et
466 2505 544 2524 mens
558 2497 676 2531 Spiritus
692 2497 720 2523 in
735 2504 769 2525 eo
782 2502 910 2532 operatus
926 2499 1019 2525 fuerit.

300 2545 380 2572 Vens.
397 2545 424 2571 9.
444 2554 452 2569 I
471 2543 522 2576 Qui
543 2543 715 2571 maledixerit
741 2544 813 2579 patri
839 2552 890 2570 suo
914 2549 942 2571 et
963 2545 1054 2576 matri,

264 2594 352 2617 morte
375 2588 518 2615 moriatur.
543 2587 595 2620 Qui
618 2588 689 2622 patri
715 2588 850 2623 matrique
873 2587 1055 2619 maledixerit.

264 2634 376 2669 sanguis
394 2634 454 2668 ejus
470 2634 505 2660 sit
523 2641 606 2668 super
621 2641 695 2660 cum.
717 2643 726 2658 ι

300 2680 365 2707 Sive
380 2684 410 2706 ut
431 2679 512 2713 LXX,
529 2687 588 2707 rens
604 2684 651 2711 est,
676 2684 706 2707 ut
727 2680 779 2707 hoc
801 2687 900 2707 nomen
916 2679 949 2706 ad
966 2680 1054 2714 ipsum

265 2728 351 2754 Iteum
376 2726 522 2754 referatur.
553 2725 698 2753 lilalachias
722 2726 794 2755 enim
821 2726 889 2755 dixit
907 2736 913 2752 :
931 2726 1057 2761 Nunquid

255 2782 316 2802 .non
340 2773 409 2800 Deus
439 2781 505 2799 unus
534 2772 593 2807 fecit
621 2772 683 2799 vos?
702 2773 819 2807 nunquid
840 2777 917 2808 pater
939 2773 1057 2799 omnium

263 2825 348 2848 vester
365 2821 406 2847 7‘?
422 2820 454 2848 Et
473 2827 569 2846 rursus
586 2827 592 2846 :
609 2818 729 2853 Domine,
757 2824 833 2853 pater
860 2823 947 2846 noster
967 2827 993 2845 es
1017 2824 1054 2850 tu,

300 2887 322 2902 ⁷⁸
335 2887 403 2915 Psal.
422 2896 518 2921 xxxttt,
535 2887 577 2915 17.
617 2887 640 2903 ⁷⁵
657 2887 735 2915 Rom.
753 2896 772 2919 l,
787 2887 832 2914 3‘2.

264 2921 288 2938 '°
299 2921 320 2949 ll
334 2923 395 2952 Cor.
410 2932 448 2958 xt,
463 2924 490 2951 2.

871 2888 894 2904 7‘
912 2886 1026 2914 Malacli.
1043 2895 1072 2918 tt,
1091 2886 1132 2913 10.

1098 301 1205 322 tuarum
1222 302 1310 322 omnes
1328 302 1374 320 nos
1388 293 1421 320 ⁷⁷.
1444 292 1528 318 Recte
1554 298 1618 325 ergo
1641 289 1798 324 quicunque
1819 288 1889 322 patri

1098 342 1227 371 detrahit.
1244 340 1292 368 sed
1308 345 1335 367 et
1357 339 1448 371 matri,
1468 341 1555 364 morte
1579 335 1710 363 multatus
1726 338 1779 361 est.
1798 333 1890 368 Ingra-

1099 389 1144 411 tus
1160 389 1202 411 est
1223 384 1296 410 enim
1313 386 1428 413 natum,
1447 384 1475 407 et
1495 378 1686 406 benefactores
1709 376 1891 411 blasphctnat,

1098 440 1147 466 per
1162 438 1231 465 quos
1246 438 1261 456 a
1278 429 1333 456 Deo
1348 435 1409 455 esse
1425 425 1620 462 pereipientcs,
1637 427 1665 450 et
1682 431 1729 458 per
1744 430 1814 456 quos
1833 429 1893 448 me-

1099 478 1206 505 diantes
1225 475 1346 511 generati
1371 480 1476 504 sumus,
1493 477 1520 499 et
1535 471 1646 505 iujuriat
1658 468 1796 496 Creatoris
1812 475 1892 502 orga-

1100 531 1145 554 na,
1162 527 1191 549 ut
1205 522 1311 549 labores
1327 528 1394 555 quos
1410 519 1550 554 patiuntur
1565 517 1592 544 in
1609 520 1703 542 nostra
1719 513 1894 549 generatione

1101 575 1250 599 taceamus,
1263 575 1325 594 nam
1340 566 1402 601 quia
1415 565 1559 592 maximam
1575 569 1683 597 puniant
1699 563 1794 587 contra
1810 559 1893 589 hunc,
1918 555 1920 557 ’

1100 615 1146 649 qui
1168 613 1324 648 ltujusmodi
1341 617 1391 644 est,
1412 611 1436 638 id
1453 614 1495 638 est
1511 614 1627 636 mortem
1646 606 1787 642 prazcepit,
1802 611 1895 633 osten-

1100 661 1180 692 dens,
1196 661 1260 695 quia
1287 659 1364 686 valde
1388 662 1472 689 recte,
1493 661 1521 684 et
1544 654 1743 683 rationabiliter
1764 652 1845 680 talem
1867 659 1897 678 se

1102 715 1190 742 poena;
1207 705 1351 741 scripsisse
1367 703 1544 736 sententiam,
1558 701 1660 729 subdit.

1137 753 1214 780 Patri
1239 752 1369 786 matrique
1385 749 1532 780 maledixit,
1549 747 1656 782 sanguis
1676 746 1733 781 ejus
1752 745 1800 772 erit
1819 752 1898 778 super

1102 807 1170 826 eum.
1193 797 1241 825 Vel
1258 798 1329 825 sicut
1345 796 1428 826 LXX.
1441 804 1501 823 reus
1516 800 1554 821 est
1571 794 1606 821 ad
1620 791 1847 828 satisfaciendum.
1864 791 1898 817 dc

1105 854 1193 881 pmnw
1210 844 1398 880 magnitudine
1413 842 1582 871 mentionem
1599 845 1627 868 et
1644 837 1898 873 recapitulationem

1105 892 1211 921 faciens
1228 892 1343 926 peccati.
1369 889 1399 916 Si
1419 897 1485 925 ergo
1508 888 1567 916 haec
1586 887 1612 913 in
1628 894 1672 916 eo.
1687 885 1732 920 qui
1756 883 1900 911 sensibiles

1107 938 1247 966 maledixit
1258 942 1362 972 patres,
1373 936 1459 963 multo
1473 934 1559 969 magis
1574 933 1620 968 qui
1635 931 1807 966 blasphemat
1819 929 1900 956 Chri-

1107 990 1191 1016 stum,
1209 984 1268 1018 ipse
1283 983 1357 1011 enim
1378 989 1428 1009 nos
1445 979 1604 1016 spiritaliter
1619 977 1798 1014 regeneravit.
1817 975 1901 1010 Igitur

1106 1031 1152 1065 qui
1176 1029 1235 1064 ejus
1257 1020 1429 1063 mysterium,
1446 1030 1474 1052 et
1490 1024 1603 1060 gratiam
1623 1022 1736 1057 injuriat
1750 1021 1901 1054 baptisma-

1108 1076 1158 1108 tis,
1184 1083 1239 1103 non
1265 1074 1396 1102 obediens
1420 1072 1482 1100 voci
1509 1069 1658 1097 Dominicze
1685 1077 1691 1095 :
1712 1066 1741 1094 Si
1765 1066 1822 1101 quis
1849 1073 1901 1091 nun

1108 1123 1186 1158 fuerit
1204 1125 1372 1157 regeneratus
1387 1126 1418 1146 ex
1433 1125 1501 1153 aqua
1517 1121 1541 1143 et
1556 1116 1662 1150 spiritu,
1679 1121 1732 1141 non
1747 1112 1857 1139 intrabit
1873 1113 1902 1138 in

1107 1175 1216 1201 regnum
1241 1166 1363 1193 caelorum
1379 1164 1414 1196 ”,
1431 1164 1476 1190 hic
1501 1166 1590 1189 morte
1613 1160 1746 1188 morietur
1771 1158 1901 1193 pessima,

1107 1214 1243 1240 alienatus
1265 1220 1281 1239 a
1302 1219 1386 1247 regno
1410 1210 1552 1241 ctelorum,
1568 1213 1596 1236 et
1611 1212 1721 1235 interna:
1735 1205 1799 1233 vita:
1815 1204 1901 1232 detri—

1108 1265 1230 1288 mentum
1253 1259 1404 1289 sustinens,
1421 1256 1521 1292 qui,et
1537 1258 1681 1289 propterea
1702 1259 1767 1279 reus
1783 1255 1835 1283 est,
1853 1250 1901 1284 qtti

1108 1306 1274 1341 praedicante
1301 1303 1427 1335 Donnino,
1456 1307 1483 1329 et
1508 1300 1674 1336 praedicante
1696 1297 1765 1325 nihil
1789 1297 1900 1327 durum,

1108 1360 1160 1380 nec
1179 1359 1271 1388 grave,
1289 1359 1378 1385 neque
1397 1349 1470 1384 quod
1495 1346 1637 1382 temporis,
1654 1350 1681 1372 et
1705 1344 1837 1375 materiai,
1855 1347 1903 1370 aut

1108 1399 1192 1430 artis,
1223 1402 1272 1424 aut
1302 1395 1454 1430 disciplinae
1484 1397 1595 1429 egeret,
1630 1391 1677 1418 sed
1713 1388 1903 1417 tantummodo

1109 1443 1204 1470 mundi
1233 1441 1334 1474 cordis,
1360 1445 1387 1467 et
1415 1439 1488 1471 ﬁdei,
1514 1438 1565 1465 iste
1592 1441 1691 1472 sponte
1718 1436 1771 1462 hoc
1798 1434 1902 1461 donum

1109 1494 1250 1518 aversatus
1265 1493 1317 1516 est.

1145 1534 1227 1562 Vens.
1245 1534 1287 1561 ιο.
1309 1543 1317 1558 ‹
1335 1532 1363 1560 Si
1387 1530 1539 1558 maschatus
1560 1528 1622 1564 quis
1639 1526 1722 1554 fuerit
1738 1533 1801 1553 cum
1817 1532 1904 1552 uxore

1109 1581 1231 1612 alterius,
1260 1585 1287 1608 et
1310 1577 1472 1606 adulterium
1502 1573 1701 1610 prrpetravcrit
1725 1579 1789 1600 cum
1817 1578 1904 1598 uxore

1111 1627 1226 1662 proximi
1252 1626 1305 1659 sui,
1323 1630 1411 1652 morte
1431 1623 1563 1650 moriatur
1585 1626 1613 1650 et
1639 1620 1764 1650 moechus
1779 1623 1808 1646 ct
1824 1618 1904 1645 adul-

1110 1679 1177 1701 tera.
1198 1683 1207 1699 r

1145 1719 1202 1747 Nec
1217 1723 1313 1746 contra
1325 1717 1397 1745 hunc
1411 1716 1489 1749 dura,
1501 1715 1548 1743 sed
1563 1715 1618 1742 imo
1632 1712 1718 1748 magis
1733 1711 1816 1739 nimis
1829 1711 1904 1744 justa

1109 1765 1214 1794 exstitit
1235 1765 1290 1792 lex.
1311 1764 1379 1791 Cum
1405 1763 1500 1790 liceret
1525 1761 1598 1788 euitn
1625 1759 1763 1795 propriam
1787 1764 1904 1784 uxorem

1109 1813 1221 1844 habere,
1238 1810 1389 1845 corrumpit
1409 1809 1522 1836 alterius
1539 1817 1546 1834 :
1565 1814 1628 1834 cum
1651 1806 1745 1832 liceret
1766 1804 1795 1831 in
1817 1802 1903 1830 casti-

1110 1863 1163 1886 tate
1190 1857 1304 1888 nubere,
1321 1861 1350 1883 et
1379 1855 1405 1882 in
1435 1853 1651 1882 sanctificatione
1680 1858 1797 1886 propria:
1823 1849 1904 1876 uxori

1109 1902 1261 1930 secundum
1287 1902 1372 1935 legem
1399 1899 1519 1929 misceri,
1535 1898 1563 1925 in
1580 1895 1778 1932 impudicitiam
1798 1899 1826 1921 et
1843 1901 1904 1920 cor-

1110 1949 1265 1983 ruptionem
1281 1947 1394 1974 alterius
1412 1945 1543 1972 miscetur
1556 1943 1644 1974 uxori,
1659 1947 1687 1969 ct
1704 1941 1819 1975 dissipat
1834 1940 1904 1966 filio—

1109 2002 1168 2021 rum
1182 1992 1384 2024 successiones,
1402 1991 1570 2024 dubiumque
1592 1987 1713 2015 mulieris
1732 1991 1851 2021 partum,
1869 1985 1903 2013 ad

1108 2048 1190 2074 quem
1208 2039 1354 2074 pertineat,
1370 2037 1444 2064 facit.
1462 2036 1514 2063 Sed
1530 2040 1558 2063 et
1579 2039 1723 2070 postquam
1740 2033 1818 2064 dixit,
1840 2040 1903 2059 ma:-

1109 2086 1201 2112 c/talus
1216 2085 1295 2120 fuerit
1312 2092 1372 2111 cum
1386 2091 1466 2110 uxore
1480 2082 1600 2113 alterius,
1617 2080 1720 2107 addidit
1735 2088 1762 2109 ε,

1144 2131 1177 2158 Ει
1193 2130 1360 2157 adnlteralus
1373 2129 1452 2164 fuerit
1468 2135 1527 2154 cum
1540 2134 1621 2153 uxore
1633 2124 1748 2160 proximi
1762 2123 1814 2150 sui.
1830 2122 1904 2149 Tati—

1108 2184 1189 2212 quam
1214 2176 1283 2202 alter
1306 2175 1341 2202 sit
1364 2174 1418 2206 ille,
1434 2174 1502 2201 alter
1517 2177 1608 2199 autem
1629 2171 1673 2198 hic
1688 2170 1761 2204 quod
1779 2168 1904 2195 invenire

1109 2220 1266 2250 nullatenus
1287 2222 1413 2254 possunt,
1432 2217 1478 2252 qui
1505 2215 1656 2243 secundum
1678 2214 1796 2240 litteram
1817 2212 1904 2238 solam

1074 2269 1094 2297 D
1109 2268 1195 2302 legem
1211 2265 1349 2300 accipiunt
1366 2274 1372 2291 :
1390 2264 1437 2291 sed
1452 2264 1594 2293 invenient
1608 2262 1645 2288 illi
1662 2261 1707 2296 qui
1722 2261 1755 2287 ad
1771 2259 1903 2286 moralem

1110 2313 1278 2340 intellectum
1295 2317 1322 2340 et
1337 2311 1598 2345 contemplationem
1615 2307 1764 2343 spiritalem
1777 2311 1902 2333 currunt.

1108 2359 1246 2393 Quantum
1272 2366 1338 2394 ergo
1364 2357 1495 2385 sensibile
1524 2355 1690 2383 adulterium
1720 2353 1822 2380 malum
1851 2357 1903 2380 est.

1109 2411 1214 2432 tantum
1231 2409 1273 2432 est
1290 2403 1461 2439 intelligibile
1476 2402 1609 2429 deterius.
1634 2400 1702 2427 Nam
1720 2399 1757 2426 illi
1772 2398 1860 2430 carni,
1876 2397 1903 2423 hi

1107 2456 1199 2478 autem
1215 2449 1322 2485 spiritui
1344 2447 1537 2477 contumeliam
1552 2447 1657 2476 faciunt
1676 2455 1683 2473 :
1698 2450 1726 2474 et
1741 2445 1769 2472 lti
1785 2443 1902 2474 homini,

1108 2497 1144 2524 illi
1160 2501 1254 2526 autem
1272 2495 1322 2530 ipsi
1340 2494 1404 2527 Deo,
1421 2494 1455 2521 dc
1474 2493 1576 2528 quibus
1597 2492 1683 2520 Oseas
1699 2490 1787 2518 dixit:
1806 2489 1904 2517 Omnes

1108 2542 1291 2570 adulterantes
1312 2541 1387 2576 quasi
1412 2540 1530 2568 clibanus
1549 2546 1687 2566 succensus
1701 2546 1718 2564 α
1736 2541 1860 2571 cuquente
1876 2536 1904 2561 in

1108 2587 1185 2615 corde
1199 2596 1246 2613 suo
1262 2587 1295 2612 7“.
1317 2586 1488 2613 Adulterium
1505 2583 1673 2619 intclligibilc
1687 2589 1821 2610 accusans
1838 2590 1846 2607 :
1868 2581 1904 2607 ab

1107 2633 1181 2661 omni
1204 2633 1277 2660 enim
1301 2632 1401 2666 populo
1423 2631 1581 2660 Judzeorum
1599 2631 1651 2657 hoc
1668 2627 1902 2659 committebatur,

1110 2683 1304 2713 corrumpente
1331 2678 1416 2713 legem
1444 2677 1564 2712 legisque
1583 2676 1719 2711 dogmata.
1741 2674 1904 2708 Quicunque

1108 2733 1174 2759 ergo
1188 2725 1261 2752 illius
1273 2724 1336 2755 viri,
1352 2724 1386 2750 de
1399 2731 1453 2758 quo
1466 2723 1504 2753 ait
1517 2723 1638 2750 Paulus:
1653 2719 1786 2755 Despondi
1798 2728 1842 2746 nos
1856 2721 1904 2746 uni

1108 2771 1174 2801 viro.
1190 2771 1317 2805 virginem
1336 2773 1437 2795 castam
1452 2768 1572 2795 exhibere
1587 2767 1690 2794 Christo
1700 2767 1735 2799 ⁸ο,
1749 2765 1905 2792 moechatur

1109 2817 1261 2848 mulierem,
1287 2815 1413 2843 videlicet
1434 2815 1595 2847 Ecclesium,
1618 2814 1651 2841 de
1673 2821 1725 2848 qtta
1746 2813 1817 2839 idem
1841 2811 1903 2838 ait:

1071 1603 1092 1630 C

1173 2886 1193 2901 ⁷⁷
1207 2885 1258 2912 lsa.
1275 2893 1345 2917 thv,
1363 2885 1388 2912 8.
1428 2885 1451 2902 ⁷⁸
1466 2884 1546 2912 Joan.
1565 2892 1604 2917 tn,
1619 2883 1644 2911 5.
1689 2881 1792 2909 "Osee
1807 2887 1857 2911 vn,
1874 2880 1902 2907 ὁ.
