2056 3148
188 200 256 232 1045

760 201 801 231 IN
822 201 1041 249 LEVlTlCUM'.
1059 213 1092 217 —~
1112 201 1184 230 LIB.
1203 202 1251 231 VI.

1754 202 1820 233 1046

187 259 253 290 l’iri,
270 259 380 294 diligite,
399 260 522 286 mulieres
540 263 649 292 vestras,
670 260 746 291 sicut,
761 265 784 286 et
806 259 924 287 Christus
940 260 980 286 di-
995 263 1015 289 Α
1031 259 1207 294 delinquitur,
1229 258 1294 286 illud
1318 263 1409 287 autem
1428 260 1455 287 in
1476 259 1560 288 filium
1579 269 1593 288 a
1612 265 1699 296 patre.
1722 261 1847 289 Similis'

188 306 250 332 (erit
273 305 419 332 Ecclesium
434 305 466 332 ει.
493 305 526 332 Et
550 314 665 333 rursus:
684 307 827 340 Propterea
850 306 977 340 relinquet

186 352 262 378 homo
278 357 380 385 patrem
395 357 418 377 ct
435 357 556 384 matrem,
575 358 599 378 et
619 353 759 380 atllut'relrit
780 354 856 380 uxori
875 361 939 382 suu',
954 358 978 379 ct

186 402 262 424 erunt
290 398 340 424 duo
362 398 390 424 in
412 406 491 424 carne
515 407 577 425 una.
603 398 804 426 Suet-amentum
827 405 915 426 autem
933 400 979 426 hoc

188 452 313 478 magnum
328 449 375 470 est.
396 443 451 479 Ego
467 449 554 471 autem
570 445 628 472 (lico
645 446 671 472 in
686 445 790 473 Christo
805 451 827 472 ct
849 448 875 472 in
892 447 979 473 Eccle-

187 489 228 516 sia
245 489 278 515 ".
300 488 450 516 Mmchatus
475 494 566 516 autem
586 491 676 517 verbis
699 490 833 525 turpibus,
854 491 979 518 dissenti-

188 543 257 562 nans
269 535 294 561 iu
307 543 338 562 ea
352 535 504 562 doctrinam
521 535 671 570 propriam,
681 542 771 563 etnon
784 537 895 568 Christi,
909 537 979 564 sicut

187 581 227 608 ait
249 581 360 615 Paulus,
374 582 458 616 turpis
477 581 542 608 lueri
555 582 642 616 gratia
658 581 691 613 ⁸³,
709 597 744 601 --
759 586 840 608 morte
852 582 980 609 moriatur
997 593 1002 598 ι

187 632 211 654 cl
235 627 348 654 machus
370 634 395 654 et
416 627 548 654 adultera.
567 627 595 654 ld
618 632 671 659 est,
683 627 728 662 qui
751 628 868 654 alit-num
885 636 981 662 super,-

188 673 307 700 seminat
322 673 448 705 verbum,
471 679 499 700 et
520 674 653 706 Ecclesia,
670 682 730 708 qua:
750 674 777 700 in
795 674 856 700 talia
879 675 980 708 patitur

189 719 330 747 seminari.
349 719 425 746 llanc
440 719 525 752 enim,
542 719 612 746 sicut
628 719 757 751 diximus,
775 727 885 747 uxorem
902 720 980 746 intel-

188 764 314 799 ligamus.
338 764 460 791 Primum
484 765 595 799 quidem
621 765 680 791 veri
707 766 830 800 conjugis
856 765 981 792 videlicet

189 810 302 843 Christi,
326 810 426 837 deinde
451 816 479 837 et
504 811 649 846 coniugem
674 811 744 845 ejus,
767 811 809 838 cui
836 819 850 838 τι
874 811 981 839 Christo

189 857 293 884 credita
309 861 351 883 est
368 856 488 884 Ecclesia
515 857 677 888 sacerdotis,
694 861 740 884 aut
761 857 830 884 forte
851 857 979 884 doctoris.

189 903 328 937 Quotquot
353 903 426 929 enirn
449 903 602 930 annulaudo
626 903 776 935 Christum,
797 907 824 930 et
847 904 880 930 ad
901 912 980 930 suum

189 948 283 975 odium
308 948 422 974 verbum
451 953 649 983 corrumpunt,
678 949 748 976 circa
779 949 980 984 naufragaulcs,

190 993 261 1020 sicut
275 992 437 1027 Hymenaeus
454 998 480 1020 et
496 993 657 1026 Alexander,
674 1002 743 1028 quos
761 995 872 1022 tradidit
885 994 983 1021 Paulus

191 1037 340 1066 Satanae”
352 1058 360 1069 ,
374 1042 402 1064 Iit
427 1038 566 1065 discerent
586 1046 642 1065 non
656 1039 860 1073 blasphemare,
887 1039 982 1066 horum

190 1084 354 1111 adulterium
375 1084 401 1110 in
419 1091 563 1118 personam
579 1084 681 1111 Christi
697 1090 847 1119 reputatur.
861 1084 983 1116 Quieun~

190 1137 244 1165 que
261 1135 354 1156 anteiit
372 1129 545 1156 mmulatione
562 1129 718 1164 hominum,
729 1131 774 1164 qui
791 1131 920 1166 tegendas
933 1131 983 1157 Ec-

191 1176 289 1203 clesias
304 1181 368 1202 Slllll
383 1176 482 1206 sortiti.
496 1175 547 1202 tale
561 1176 701 1210 quidpiam
717 1176 829 1208 faciunt,
844 1180 874 1203 ut
887 1184 982 1203 eorum

191 1223 345 1250 doctrinam
367 1223 513 1254 subruunt,
533 1223 606 1257 quod
623 1222 723 1250 Paulus
738 1224 921 1251 Alemndrum
943 1226 983 1251 fe-

191 1269 262 1296 ciSSt:
288 1268 356 1295 dixit
375 1268 511 1298 terarium.
533 1269 570 1295 ait
594 1270 665 1296 enim
682 1270 851 1296 :Ale.rundcr
872 1271 983 1297 cerui-ius

192 1314 277 1340 multa
296 1313 367 1339 mula
386 1313 450 1339 mihi
464 1314 587 1345 ostendit,
611 1315 697 1341 reddet
713 1315 736 1341 ιιί
755 1315 879 1341 Dominus
892 1323 983 1341 secun—

193 1363 255 1386 dum
279 1367 359 1394 opera
383 1367 444 1392 sua,
467 1367 543 1393 quem
568 1364 591 1386 ct
616 1364 644 1386 tu
663 1360 760 1390 (levita,
784 1360 894 1386 multant
915 1361 983 1387 enim

192 1407 288 1433 restitit
301 1406 384 1433 verbis
396 1406 491 1432 nostris
506 1405 539 1433 ⁸³.
555 1406 656 1432 [lorum
672 1407 835 1434 adulterium
850 1407 877 1433 in
892 1407 982 1441 proxi-

192 1459 269 1478 tuum
285 1455 438 1485 reputatur,
450 1459 513 1478 cum
535 1451 676 1478 sacerdote
696 1451 831 1483 videlicet,
848 1451 906 1478 sive
919 1460 984 1478 con-

192 1498 317 1529 ductore,
334 1502 447 1532 propter
466 1497 544 1531 cujus
562 1497 772 1529 inmolationem,
790 1497 823 1524 ad
841 1497 921 1524 talem
944 1498 984 1524 iu—

190 1543 325 1578 justitiam
357 1543 542 1578 progreditur.
568 1543 620 1570 Sed
644 1547 672 1570 et
696 1543 778 1578 hujus
803 1551 882 1577 poma
912 1551 984 1570 mors

1030 310 1121 332 autem
1138 305 1264 340 impietas
1281 311 1321 333 est
1338 307 1423 333 filium
1438 307 1525 341 patris
1539 308 1580 334 sui
1597 308 1746 339 dcuudare,
1764 308 1823 335 sive

1030 350 1172 377 dill'au-arc
1192 356 1345 385 peccatum,
1361 360 1423 378 cum
1444 356 1470 378 et
1489 351 1538 386 ipsi
1558 353 1584 379 in
1605 352 1739 379 similibus
1754 353 1823 379 deli—

1030 398 1150 432 querint.
1180 397 1220 424 Ad
1248 406 1317 432 quos
1342 398 1442 424 Paulus
1461 396 1567 425 ilict-hat
1592 407 1598 424 :
1624 398 1736 432 Propter
1757 407 1824 433 quau

1031 443 1215 470 inexcusabilis
1239 452 1275 476 es,
1292 453 1305 470 υ
1325 443 1401 470 homo
1417 445 1500 470 omnis
1519 445 1564 478 qui
1582 444 1690 478 judicas
1703 453 1711 472 :
1725 445 1750 470 in
1774 454 1824 480 quo

1031 491 1099 516 cnim
1113 489 1324 523 uliumjurticus,
1337 491 1447 524 teipsum
1463 490 1631 523 condemnas,
1647 493 1738 518 eadem
1755 492 1825 520 enim

1031 535 1099 569 agis,
1116 539 1140 561 et
1154 534 1263 568 juclicus
1279 535 1312 560 ⁸⁸.

1068 580 1150 606 Vsus.
1177 580 1220 607 15.
1239 589 1247 606 ‹
1266 580 1318 612 Qui
1347 580 1489 608 dormierit
1517 589 1579 609 cum
1606 582 1728 609 masculo
1751 583 1824 610 coitu

1033 626 1162 658 femineo,
1181 630 1296 660 uterque
1322 631 1451 661 operatus
1474 632 1515 654 est
1538 628 1624 660 nefas,
1650 633 1738 655 morte
1761 637 1825 655 iuo-

1033 672 1137 699 riantur
1153 681 1160 700 :
1178 672 1214 699 sit
1228 674 1341 707 sanguis
1356 681 1451 700 eorum
1468 681 1551 709 super
1565 682 1621 701 cos.
1641 684 1650 698 ι

1068 717 1135 749 Quia
1160 717 1259 752 injuria
1281 722 1385 745 natum
1405 723 1447 745 est
1465 719 1516 746 hoc
1532 724 1686 754 peccatum,
1706 719 1826 747 ostendit

1034 768 1086 790 tum
1108 763 1215 790 novitas
1229 764 1298 796 ejus,
1316 772 1399 798 quam
1420 764 1535 792 facinus.
1558 765 1630 800 Ergo
1651 773 1706 792 non
1726 766 1825 793 frustra

1031 817 1139 844 pmnam
1157 809 1185 835 in
1201 809 1248 836 illo
1266 809 1362 836 mortis
1379 810 1420 836 lex
1438 810 1571 838 decernit.
1593 811 1649 838 Nos
1667 815 1758 838 autem
1775 811 1826 837 hu-

1030 855 1148 889 jnsmodi
1166 860 1194 882 el.
1213 855 1307 882 auditu
1327 864 1496 883 aversantur.
1521 856 1672 884 Careamus
1686 862 1778 885 autem
1800 863 1826 885 et

1033 909 1094 927 eum
1117 901 1163 935 qui
1189 900 1268 928 fortis
1294 906 1336 928 est
1362 897 1565 937 anima,‘atque
1588 902 1649 929 ideo
1674 903 1826 937 appellatur

1034 946 1185 978 masculus,
1211 947 1252 974 vir
1280 947 1352 973 enim
1381 947 1480 982 ubique
1508 948 1535 974 in
1563 947 1656 975 divina
1685 947 1826 982 Scriptura

1034 994 1171 1029 perfectus
1184 995 1330 1022 virtutibus
1345 995 1514 1028 nominatur,
1529 995 1602 1023 unde
1615 1000 1641 1023 et
1655 995 1754 1022 Paulus
1769 995 1824 1024 ait:

1034 1041 1120 1068 Donec
1148 1049 1318 1068 occurramus
1343 1050 1431 1069 omnes
1457 1042 1485 1068 in
1512 1042 1598 1069 virum
1625 1043 1779 1077 perfectum,
1798 1043 1827 1068 in

1033 1095 1172 1120 personam
1197 1087 1284 1113 wtatis
1308 1087 1481 1121 plenitudinis
1505 1087 1605 1114 C/trisli
1623 1087 1656 1115 ⁸⁷.
1676 1086 1827 1114 Caveamus

1034 1141 1098 1167 ergo
1116 1132 1209 1159 verbis
1231 1132 1391 1168 incongruis
1408 1133 1578 1165 eﬂ'eminare,
1595 1133 1638 1161 vel
1660 1132 1825 1165 actionibus,

1033 1184 1060 1206 et
1079 1179 1229 1207 dissolvere
1249 1179 1332 1214 hujus
1348 1180 1447 1207 anima:
1467 1180 1607 1212 virtutem,
1628 1180 1692 1207 dum
1716 1187 1777 1207 cum
1794 1187 1827 1206 eo

1034 1223 1160 1250 videlicet
1175 1228 1203 1250 et
1216 1231 1266 1251 nos
1283 1224 1477 1252 dissolvantur.
1493 1225 1642 1256 Utriusque
1656 1224 1740 1257 enim,
1756 1224 1827 1252 sicut

1033 1267 1135 1299 cernis,
1156 1275 1238 1302 poena
1256 1275 1331 1295 mors
1348 1271 1399 1294 est.

1070 1312 1151 1340 Vens.
1180 1313 1222 1340 M.
1245 1322 1254 1338 ι
1276 1313 1328 1345 Qui
1354 1321 1437 1348 supra
1463 1321 1575 1340 uxorem
1602 1314 1694 1345 filiam,
1719 1313 1827 1340 duxerit

1035 1363 1150 1386 matrem
1176 1359 1248 1394 ejus,
1275 1359 1365 1386 scelus
1392 1364 1522 1394 operatus
1545 1364 1595 1392 est,
1621 1360 1698 1387 vivus
1721 1359 1828 1387 ardebit

1034 1411 1096 1430 cum
1112 1403 1164 1435 eis,
1183 1411 1234 1430 nec
1260 1403 1433 1438 permanebit
1459 1408 1564 1431 tantum
1590 1404 1667 1432 nefas
1688 1405 1716 1431 in
1737 1404 1826 1431 medio

1035 1449 1128 1476 vestri.
1151 1458 1159 1474 I

1071 1493 1156 1522 Nimis
1173 1498 1248 1521 recte
1268 1494 1306 1521 sic
1325 1501 1425 1521 saevam
1441 1501 1548 1529 poenam
1568 1493 1629 1520 huic
1651 1493 1768 1520 minatus
1784 1497 1827 1520 est

1035 1539 1145 1572 delicto,
1161 1547 1209 1566 eos
1225 1539 1301 1566 enim
1321 1539 1366 1574 qui
1387 1547 1421 1566 ex
1443 1544 1530 1566 matri.-
1545 1538 1627 1574 geniti
1645 1543 1717 1571 sunt,
1734 1539 1768 1566 ab
1783 1539 1841 1568 his.

193 1594 236 1617 est
255 1590 350 1624 :quia,
368 1590 420 1616 etsi
449 1598 503 1617 non
532 1590 687 1624 specialiter
713 1594 807 1616 contra
832 1589 982 1620 Christum,
998 1605 1019 1633 Ο
1036 1586 1082 1620 qui
1097 1593 1112 1612 τι
1128 1585 1182 1612 ﬁlia
1194 1585 1280 1621 geniti
1294 1590 1369 1618 sunt,
1381 1593 1443 1612 cum
1457 1592 1528 1612 unus
1542 1585 1576 1612 sit
1588 1589 1675 1620 pater,
1690 1585 1826 1612 incertum

193 1640 285 1663 tamen
298 1641 393 1662 contra
405 1635 545 1663 hominem
559 1636 738 1668 contendens,
749 1636 871 1670 corrupit
883 1635 984 1662 Christi

194 1689 264 1716 opus
288 1689 452 1716 gregemque
479 1681 627 1715 dispersit,
654 1685 766 1716 propter
795 1681 867 1715 quod
895 1681 985 1708 socius

193 1728 254 1762 ejus
277 1726 393 1754 efficitur
411 1734 509 1762 poma),
524 1727 680 1762 quicunque
699 1727 734 1754 ab
751 1734 783 1754 eo
803 1727 940 1761 corrumpi
956 1735 985 1754 se

194 1773 307 1808 patitur.

230 1818 312 1846 Vens.
333 1819 427 1846 11-12.
452 1828 461 1844 ‹
481 1819 531 1852 Qui
551 1819 692 1846 dormierit
708 1827 770 1846 cum
787 1827 906 1847 noverca
923 1827 984 1852 sua,

193 1870 221 1893 et
244 1865 407 1892 revelaverit
430 1865 608 1900 ignominiam
631 1865 716 1899 patris
738 1865 792 1897 sui,
812 1870 902 1892 morte
928 1873 986 1902 mp-

194 1912 301 1938 riantur
326 1911 423 1942 ambo,
449 1910 561 1945 sanguis
583 1917 678 1937 eorum
706 1910 741 1937 sit
767 1918 850 1945 super
875 1918 932 1938 eos.
958 1910 985 1937 Si

194 1956 256 1990 quis
280 1955 425 1982 dormierit
448 1962 512 1981 cum
540 1962 611 1981 nuru
631 1962 697 1986 sua,
723 1959 838 1989 uterque
865 1955 986 1982 morian-

195 2007 249 2034 tur,
263 2002 326 2036 quia
344 2001 434 2029 scelus
449 2001 553 2036 operati
569 2005 642 2033 sunt,
655 2001 765 2036 sanguis
779 2009 874 2028 eorum
889 2002 924 2028 sit
938 2009 985 2028 su-

195 2056 243 2082 per
259 2055 313 2075 eos.
324 2057 332 2073 I

230 2092 307 2119 Dicta
326 2096 391 2119 sunt
411 2092 468 2118 haec
486 2091 514 2118 in
531 2092 583 2119 hoc
595 2091 707 2118 Levitici
723 2091 792 2118 libro
804 2099 820 2118 a
835 2091 987 2126 legislature

195 2137 335 2171 superius,
352 2137 400 2164 sed
416 2137 470 2164 illic
498 2137 607 2172 quidem
622 2146 629 2164 :
648 2136 708 2163 Non
723 2136 850 2164 reuelabis
870 2137 987 2171 turpitu-

195 2183 284 2209 dinem
299 2182 384 2216 patris
401 2182 439 2208 tui
455 2186 478 2208 et
497 2182 601 2215 matris,
621 2190 667 2209 nec
684 2183 792 2215 sororis,
809 2186 833 2208 et
851 2190 943 2215 nurus,
960 2187 988 2210 ct

196 2228 365 2262 reliquorum
390 2235 438 2262 per
466 2227 590 2257 ordinem
618 2228 687 2255 dixit
701 2228 734 2260 ⁸⁵,
754 2228 864 2263 quando
887 2232 914 2255 et
937 2236 988 2256 nos

1036 1637 1080 1659 est
1096 1636 1187 1665 utrum
1202 1632 1312 1665 fratres,
1327 1639 1362 1659 an
1378 1631 1528 1659 avunculos
1544 1635 1670 1666 oporteat
1684 1630 1825 1665 appellari.

1037 1678 1103 1705 Nam
1116 1685 1178 1705 cum
1193 1680 1272 1712 pater
1287 1685 1358 1704 unus
1373 1677 1419 1710 sit,
1431 1677 1531 1704 fratres
1542 1684 1589 1704 eos
1606 1677 1676 1712 cogit
1686 1676 1825 1703 aestimari.

1037 1723 1075 1749 Ex
1093 1723 1198 1750 duabus
1219 1726 1310 1749 autem
1331 1722 1501 1757 parientibus
1520 1729 1582 1749 eum
1602 1730 1655 1749 una
1676 1722 1710 1749 sit
1730 1727 1826 1754 mater,

1037 1769 1088 1796 alia
1107 1768 1172 1802 filia,
1191 1768 1343 1796 avunculos
1359 1769 1420 1798 hos.
1433 1768 1479 1802 qui
1497 1772 1584 1795 matre
1599 1772 1664 1795 sunt
1682 1768 1777 1803 geniti,
1793 1769 1828 1795 ab

1038 1815 1080 1841 his
1097 1814 1144 1849 qui
1159 1814 1215 1841 nati
1234 1818 1299 1841 sunt
1317 1813 1351 1841 de
1371 1813 1436 1847 ﬁlia,
1448 1814 1587 1849 compellit
1609 1814 1759 1841 necessitas
1780 1822 1829 1848 ap-

1037 1859 1132 1894 pellari
1151 1869 1157 1886 :
1175 1863 1204 1886 et
1224 1859 1277 1886 hoc
1299 1858 1410 1894 quidem
1432 1859 1510 1886 valde
1533 1858 1686 1886 secundum
1712 1859 1828 1885 litteram

1037 1904 1200 1937 custoditur,
1215 1909 1242 1932 et
1252 1908 1366 1932 cavetur
1377 1903 1533 1939 hujusmodi
1545 1904 1650 1931 incerta
1663 1904 1827 1935 commistio,

1037 1950 1198 1985 generisque
1226 1950 1362 1977 confusio.
1394 1950 1463 1983 Quia
1490 1950 1580 1977 omnis
1606 1950 1711 1984 peccati
1741 1954 1830 1976 mater

1038 1996 1261 2030 concupiscentia
1274 2001 1326 2028 est,
1349 2000 1457 2030 oportet
1471 1999 1499 2023 et
1514 1995 1567 2022 hoc
1585 1995 1743 2030 praecaveri,
1758 1999 1788 2022 ut
1806 1995 1829 2022 si

1039 2051 1090 2078 qua
1117 2043 1197 2071 nobis
1226 2042 1332 2077 peccati
1361 2041 1586 2077 concupiscentia
1611 2041 1660 2072 sit,
1687 2049 1773 2075 usque
1795 2041 1829 2068 ad

1039 2089 1110 2116 hanc
1138 2092 1255 2121 stemus,
1271 2092 1299 2115 et
1323 2095 1378 2115 non
1405 2088 1429 2115 ei
1458 2087 1657 2122 conjungamus
1682 2086 1827 2114 actionem.

1037 2135 1090 2168 Qui
1104 2140 1194 2163 autem
1208 2134 1361 2170 conjungit,
1382 2134 1410 2161 in
1430 2134 1492 2169 igne
1506 2133 1694 2165 succenditur,
1708 2140 1763 2161 non
1786 2140 1831 2160 so-

1039 2181 1094 2208 lum
1109 2176 1201 2208 autem
1215 2181 1285 2215 ipse,
1298 2180 1347 2208 sed
1361 2184 1388 2208 et
1402 2179 1570 2208 desiderium
1585 2180 1702 2215 peccati,
1718 2179 1831 2214 insuper

1039 2231 1066 2255 et
1088 2227 1159 2254 actio
1183 2226 1251 2262 ipsa.
1268 2226 1328 2260 Quo
1352 2227 1436 2262 igne?
1458 2226 1492 2254 de
1512 2235 1565 2261 quo
1591 2226 1660 2254 dixit
1681 2226 1805 2253 Christus
1823 2235 1829 2252 :

195 2274 256 2301 haec
270 2277 449 2308 exponentes,
468 2281 522 2300 non
543 2273 631 2301 solum
648 2273 734 2308 turpis
753 2279 942 2309 cognatorum,
957 2279 984 2302 et
1001 2272 1024 2300 D
1040 2272 1131 2308 Ignem
1147 2273 1206 2300 veni
1223 2273 1328 2300 mittere
1339 2273 1461 2304 interra,
1477 2277 1502 2300 et
1513 2272 1569 2299 volo
1582 2278 1609 2299 ut
1625 2272 1785 2299 accendatur
1795 2272 1829 2304 ⁸⁸,

194 2320 307 2348 nefaria:
330 2319 530 2347 commistiouis
558 2319 756 2347 aversationem
778 2320 864 2355 legem
889 2320 986 2355 praeci-

197 2374 273 2401 pere,
292 2366 340 2393 sed
360 2371 387 2393 et
406 2366 440 2393 de
464 2374 518 2393 non
539 2365 701 2399 revelandis,
719 2373 779 2401 qua:
798 2366 985 2401 cognovimus,

195 2420 286 2447 neque
317 2412 491 2440 dillamandis
525 2412 694 2444 carnalium,
728 2412 911 2447 spiritalium,
945 2413 988 2441 vel

196 2461 376 2493 cognatorum
404 2457 525 2492 peccatis
544 2457 615 2485 dicta
640 2465 700 2484 esse
726 2458 912 2492 exposuimus.
938 2458 988 2485 Hic

197 2508 289 2530 autem
313 2504 395 2536 Deus,
423 2504 446 2530 si
472 2504 618 2536 dormierit,
643 2504 748 2531 addidit
767 2512 774 2530 :
792 2504 869 2531 illum
893 2504 988 2539 procul

196 2550 281 2577 dubio
295 2550 434 2577 deducens
449 2550 483 2577 ad
498 2551 629 2582 medium,
648 2551 695 2584 qui
712 2550 836 2578 eamdem
853 2551 987 2578 actionem

197 2604 321 2631 pravam,
340 2604 420 2630 quam
444 2597 598 2631 proximum
618 2596 709 2631 egisse
733 2596 869 2632 cognovit,
891 2596 989 2623 nihilo-

196 2643 289 2671 minus
317 2643 390 2679 agit,
418 2651 469 2671 nec
495 2643 600 2678 peccati
628 2644 785 2671 societatem
815 2644 988 2675 erubescens,

197 2690 281 2717 etiam
301 2689 342 2716 sic
355 2690 466 2716 exsistit
480 2690 603 2724 proditor
616 2689 643 2716 in
657 2698 711 2724 quo
729 2694 756 2717 et
769 2689 864 2717 mortis
881 2697 989 2724 pcenam

197 2735 337 2770 legislator
353 2741 427 2762 recte
441 2735 576 2763 deﬁnivit.
595 2735 668 2763 Bene
686 2739 776 2763 autem
793 2743 918 2763 novercae
937 2743 990 2762 nu-

198 2789 259 2811 cum
279 2781 433 2816 conjunxit,
447 2782 511 2817 quia
536 2782 586 2817 hog
609 2781 719 2816 quidem
744 2781 772 2808 in
798 2785 874 2816 patre
898 2789 913 2808 a
934 2781 988 2808 filio

235 2883 256 2899 "
272 2883 378 2910 Coloss.
394 2891 434 2915 Ill,
454 2884 494 2910 l9.

556 2883 577 2897 ”
595 2881 694 2916 Ephcs.
709 2890 736 2914 ν,
753 2882 782 2909 51
813 2881 856 2909 3?.

205 2913 226 2930 ⁸⁵
238 2918 325 2946 Levit.
343 2913 447 2952 svnt,"
469 2926 542 2952 seqq.

585 2918 606 2933 θθ
622 2918 700 2945 “om.
718 2925 747 2950 ιι,
769 2918 792 2943 l.

920 2881 943 2896 ⁸³
959 2880 1012 2907 Tit.
1031 2889 1048 2909 ι,
1064 2880 1106 2906 ‘Il.

830 2917 850 2932 ⁸⁷
869 2916 968 2951 l'lphcs.
984 2924 1021 2948 iv,
1039 2916 1078 2943 15.
1113 2915 1135 2931 ⁸³
1151 2914 1216 2942 Luc.
1232 2921 1279 2947 xu,
1312 2914 1349 2941 ﬁt).

1039 2319 1065 2347 id
1087 2323 1128 2347 est
1146 2319 1412 2347 administrationem
1429 2318 1554 2354 spiritus,
1572 2318 1617 2352 qui
1638 2318 1712 2350 ipsos
1732 2325 1830 2352 pecca-

1040 2370 1111 2393 tores
1127 2365 1161 2393 de
1175 2365 1268 2394 medio
1282 2364 1398 2398 auferet,
1412 2371 1562 2400 eorumque
1579 2368 1699 2398 peccata.
1717 2363 1746 2390 Si
1761 2364 1831 2390 enim

1039 2411 1145 2447 spiritu,
1164 2411 1203 2439 ait
1226 2411 1338 2445 Paulus,
1364 2412 1435 2446 facta
1459 2412 1548 2438 carnis
1574 2410 1747 2444 mortiﬁcetis,
1762 2410 1831 2436 uiue-

1041 2457 1074 2484 tis
1087 2457 1120 2483 ".

1076 2501 1158 2529 Vsus.
1176 2502 1218 2536 15,
1237 2502 1279 2530 16.
1298 2512 1307 2528 ι
1323 2502 1375 2536 Qui
1391 2510 1452 2530 cum
1468 2503 1603 2537 jumento,
1621 2505 1649 2529 et
1667 2508 1765 2536 pecore
1785 2509 1832 2530 eo.-

1040 2549 1112 2582 ierit,
1130 2553 1216 2576 morte
1236 2549 1370 2576 moriatur
1388 2557 1394 2575 :
1414 2557 1496 2583 pecus
1510 2555 1618 2582 quoque
1634 2547 1782 2574 occidetur.
1800 2546 1833 2573 Et

1041 2594 1148 2627 mulier,
1163 2602 1222 2629 qua:
1239 2595 1415 2622 succubuerit
1429 2595 1564 2628 juineuto,
1584 2594 1666 2621 simul
1684 2594 1832 2621 interficie-

1042 2645 1086 2667 ῐιιι·
1100 2648 1162 2667 (ειιιιι
1179 2648 1223 2667 00.
1241 2639 1357 2674 Sanguis
1373 2647 1466 2666 ὐΟΙῚΙΙΙΙ
1484 2648 1566 2675 super
1579 2648 1636 2668 COS.
1656 2650 1664 2666 ι

1077 2685 1167 2713 Nimia
1187 2689 1281 2713 contra
1302 2685 1430 2719 populum
1455 2676 1612 2712 Judaeoruin
1628 2685 1763 2721 legislator
1780 2684 1832 2710 uti-

1044 2737 1089 2760 tur
1109 2731 1290 2764 districtione,
1306 2730 1370 2765 quia
1389 2730 1416 2757 in
1433 2735 1539 2757 tantum
1563 2731 1658 2766 iniqui,
1673 2735 1756 2765 atque
1771 2729 1834 2756 libi-

1044 2778 1100 2806 dini
1119 2777 1203 2805 dediti
1217 2781 1305 2809 erant,
1320 2781 1349 2803 ut
1365 2777 1398 2804 ad
1415 2782 1523 2804 exteras
1539 2777 1619 2804 etiam
1635 2775 1833 2810 COllCllplSCCtl'

1157 2879 1189 2894 ⁸³·
1209 2879 1217 2905 l
1234 2878 1305 2906 Tim.
1328 2887 1356 2910 ι,
1374 2878 1421 2908 ‘20:
1484 2877 1506 2893 ⁸³
1523 2876 1543 2903 ll
1569 2875 1628 2902 Tim
1650 2884 1675 2902 ιγ
1693 2896 1700 2909 ,
1720 2875 1767 2906 lt,
1795 2874 1825 2902 ιδ

1389 2914 1410 2929 ⁸⁸
1431 2912 1510 2940 liciti.
1526 2920 1583 2945 vni,
1601 2911 1639 2937 15.
