2056 3148
225 164 291 197 tOt'l
324 147 329 151 ’

814 165 995 196 HESYCIHI
1018 165 1255 196 PRESBYTER!

1779 152 1848 185 1048

224 220 274 247 tias
297 220 465 250 oberrarent,
484 223 513 246 et
535 223 678 254 propterea
705 227 766 246 cum
792 217 1050 254 quadrupedibus-A
1064 224 1159 254 spectu
1183 219 1298 247 borum?
1324 218 1358 246 Ut
1382 218 1464 245 unius
1484 224 1563 252 parua
1581 212 1670 242 caeteri
1691 210 1847 247 pudiciliam

204 261 209 265 ”
223 265 286 298 viri,
305 265 480 299 mulierisque
496 265 697 292 eommistionis
713 265 879 291 mentionem
896 264 1010 298 faciens,

224 311 321 338 mortis
347 316 407 337 ease
433 307 590 345 hujusmodi
609 317 718 345 poenam
742 310 949 338 demonstravit.
973 311 1013 337 Tu

224 362 324 391 autem,
341 357 456 386 forsitan
481 357 645 392 superfluam
667 365 728 385 esse
749 357 872 386 ﬁdelibus
891 359 962 386 hanc
976 358 1014 385 lc-

225 413 284 440 gem
299 405 450 439 iudicabis;
469 412 558 439 neque
583 404 667 435 enim,
691 404 792 439 inquis,
816 409 896 440 egent
921 405 1016 439 hujus-

225 451 298 478 modi
322 451 383 486 jure
406 451 522 478 censeri.
544 450 604 477 Non
627 455 717 478 autem
741 455 782 477 est
805 451 952 486 superﬂua,
969 451 1015 478 sed

226 496 309 523 nimis
324 496 384 531 ejus
402 504 454 523 nos
474 496 569 530 iuvare
586 496 716 530 spiritalis
736 500 827 531 potest
846 497 1015 531 contempla-

225 541 265 567 tio
280 550 286 567 ε
302 541 324 567 si
342 541 540 576 quadrupedia,
552 541 708 576 voluptates
724 550 832 576 pravas,
847 547 875 570 et
888 543 1016 570 deorsutn

227 589 328 612 terram
344 589 505 614 contuentes
526 584 710 620 intelligamus
729 595 735 614 :
753 590 846 620 utpote
868 587 942 613 omni
965 587 1017 613 Im-

226 630 309 656 mana
332 635 458 658 carentes
486 629 593 656 actione
616 637 623 654 :
646 634 673 656 et
700 634 845 664 propterea
871 631 1018 665 appellatas

228 673 424 708 quadrupedia,
445 681 508 707 quia
531 674 718 709 quadrupedia
744 683 852 706 manus,
876 675 945 703 sicut
969 676 1018 703 bo-

228 718 327 750 mines,
347 724 402 744 non
425 718 536 750 habent,
556 723 636 753 atque
651 719 712 746 ideo
726 720 843 747 maxima
860 726 952 747 nostra
971 729 1018 748 co-

229 763 359 798 gnatione
385 769 490 792 carent.
517 764 680 800 Quicunque
704 773 769 801 ergo
786 765 837 798 vir,
854 771 901 793 aut
921 767 1019 793 mulier

229 808 264 835 ad
283 809 451 845 alienigenas
472 810 626 844 voluptates
649 811 677 838 in
700 815 804 838 tantum
827 812 972 843 incumbit,
991 817 1020 839 ut

229 861 266 881 ne
280 854 389 888 quidem
405 862 454 889 per
472 854 605 897 desidiam
627 856 661 883 ab
682 856 724 883 eis
747 857 881 892 capiatur,
898 857 945 884 sed
963 857 1018 884 imo

229 899 309 926 valde
324 899 364 927 eis
375 900 520 932 cohaereat,
535 891 636 927 etcum
650 901 691 928 eis
703 888 791 933 coeat,
807 906 837 928 ut
852 902 1017 929 commistio-
1034 888 1056 916 Β

228 951 294 971 nem
310 951 371 971 cum
389 944 430 972 eis
446 945 604 973 diuturnam
626 950 654 973 et
672 951 890 981 perseverantem
908 948 1017 978 habeat.

231 997 295 1016 reus
308 995 350 1017 est
366 990 399 1022 is,
417 991 464 1025 qtti
489 991 551 1018 talis
573 996 625 1023 est,
642 992 733 1019 morti.
752 991 802 1020 llic
819 997 861 1020 est
880 993 952 1020 enim
968 1001 1019 1020 ne-

229 1034 361 1062 fariarum
378 1036 521 1064 libidinum
538 1036 609 1068 ﬁnis,
624 1038 672 1072 qui
691 1038 868 1070 operantibus
881 1046 927 1066 eas
940 1039 1020 1074 puni-

231 1080 278 1113 tis,
297 1086 371 1109 recte
394 1082 445 1117 ipsi
471 1082 552 1110 etiam
581 1083 651 1110 mori
677 1083 816 1111 dicuntur.
837 1084 930 1119 Neque
945 1086 1019 1112 enim

231 1132 281 1160 per
294 1133 325 1153 se
339 1126 530 1159 subsistentes,
547 1127 610 1163 quia
627 1127 701 1154 nulla
716 1133 758 1155 est
772 1129 877 1163 peccati
891 1129 1020 1156 substan-

232 1171 270 1198 tia
288 1171 317 1198 in
337 1173 539 1206 peccatoribus,
557 1178 717 1208 operantur,
731 1173 831 1208 quibus
847 1178 938 1201 tamen
957 1182 1021 1209 per-

232 1217 306 1249 ditis,
323 1223 352 1245 et
370 1217 436 1252 ipsa:
449 1218 530 1246 simul
543 1223 669 1253 pereunt.

268 1262 350 1290 Vens.
371 1264 414 1291 t7.
433 1273 442 1289 ι
460 1264 510 1297 Qui
536 1265 671 1299 acceperit
695 1272 817 1293 sororem
842 1273 920 1294 suam
939 1266 1021 1293 ﬁliam

233 1309 322 1344 patris
342 1309 395 1342 sui,
409 1310 452 1336 vel
471 1309 554 1336 ﬁliam
571 1310 666 1338 matris
687 1317 754 1343 suaz,
775 1315 804 1338 et
819 1311 919 1339 viderit
933 1311 1022 1347 turpi-

235 1352 358 1380 tudinem
378 1353 448 1389 ejtts,
467 1354 566 1389 illaque
589 1356 764 1390 conspexerit
789 1356 882 1384 fratris
905 1357 1022 1393 ignomi-

235 1397 320 1430 niam,
337 1397 470 1426 nefariam
496 1406 554 1426 rem
581 1400 687 1435 operati
711 1406 775 1429 sunt
792 1410 802 1429 :
816 1401 976 1430 occidentur
995 1403 1023 1430 in

235 1451 385 1481 conspectu
414 1446 525 1480 populi,
553 1453 587 1474 eo
614 1447 687 1481 quod
716 1448 913 1482 turpitudinem
946 1455 1022 1476 suam

235 1496 332 1519 mutuo
370 1491 552 1521 revelaverint
591 1497 619 1521 et
661 1493 810 1528 portabunt
852 1493 1024 1532 iniquitatem

236 1545 324 1565 suam.
342 1547 352 1563 1

272 1582 427 1611 Tolerabile
449 1591 509 1611 esse
530 1584 591 1616 hoc,
612 1591 627 1610 a
647 1584 740 1611 multis
764 1585 922 1619 putabatur,
947 1593 1024 1612 soro-

238 1631 314 1658 ribus
329 1631 390 1657 ﬁliae
404 1631 500 1666 patris,
518 1631 561 1658 vel
584 1631 646 1658 ﬁliai
666 1631 760 1659 matris
776 1631 894 1663 misceri,
917 1632 980 1666 quia
998 1636 1026 1658 et

236 1676 374 1703 Abraham
389 1676 423 1703 de
437 1674 501 1702 Sara
517 1676 625 1703 diccbat
642 1685 648 1703 :
665 1675 746 1704 Soror
765 1684 822 1702 mea
841 1681 878 1702 est
893 1684 925 1703 ea:
939 1682 1024 1711 patre,

238 1725 263 1748 et
283 1728 335 1747 non
347 1728 380 1747 ea;
393 1724 478 1746 matre
499 1720 533 1746 '°.
554 1719 631 1752 Quod
657 1720 768 1755 quidem
794 1728 848 1748 non
869 1722 1026 1749 omnimodo

238 1765 278 1792 sic
292 1768 343 1795 est,
358 1764 429 1791 sicut
441 1764 541 1792 habere
554 1768 665 1799 putatur
680 1765 792 1793 historia
808 1775 815 1793 ε
828 1774 891 1792 nam
908 1774 964 1798 eos,
979 1767 1024 1801 qui

237 1818 272 1838 ex
286 1810 375 1837 Thare
390 1815 466 1845 patre
485 1810 620 1838 Abraham
639 1811 724 1846 geniti
746 1815 819 1843 sunt,
838 1810 943 1846 Moyses
962 1820 1025 1838 nar-

237 1862 311 1887 rans,
328 1862 462 1891 nusquam
482 1855 557 1884 Sara;
579 1856 746 1886 mentionem
771 1856 844 1889 fecit,
859 1857 932 1891 quod
954 1857 977 1884 si
998 1862 1026 1885 et

237 1901 324 1929 sorori
353 1908 409 1928 suae
437 1901 574 1928 Abraham
601 1901 703 1936 nupsit,
727 1906 790 1929 ante
821 1906 913 1929 tamen
944 1910 1024 1937 quam

236 1950 415 1982 cognosceret
438 1946 533 1974 Deum.
556 1947 655 1974 Malum
672 1952 713 1974 est
728 1954 794 1983 ergo
807 1948 946 1975 sororibus
960 1956 1026 1975 con-

234 1991 303 2028 jugii
323 1992 452 2021 societate
472 1992 591 2026 misceri,
606 1993 679 2020 unde
692 1997 720 2020 et
734 1993 799 2020 illud
816 1993 856 2020 lex
874 1994 1024 2028 prohibuit.

235 2038 305 2066 Cum
326 2046 392 2074 ergo
416 2039 474 2067 haec
495 2039 535 2067 sic
556 2047 586 2066 se
610 2040 738 2073 habeant,
755 2040 910 2068 nullatenus
926 2050 940 2068 a
957 2050 1025 2076 prm-

236 2083 309 2111 dieta
345 2085 577 2119 contemplatione
609 2086 779 2113 recedamus.
817 2086 1026 2120 Turpitudinem

236 2132 329 2156 autem
343 2129 445 2156 sororis
456 2137 491 2157 ex
505 2134 594 2164 patre,
609 2135 657 2158 aut
675 2139 707 2158 ex
723 2136 819 2162 matre,
839 2139 932 2159 revera
951 2133 1025 2160 illum

237 2173 362 2208 intellige
384 2174 489 2205 videre,
503 2178 531 2202 et
547 2175 682 2211 accipere,
700 2177 746 2211 qui
764 2181 870 2212 turpem
891 2178 1026 2207 actionem

1065 265 1179 293 disca‘nt.
1196 266 1361 300 lnterempto
1379 269 1468 292 autem
1489 266 1645 301 peccatore,
1661 262 1689 286 et
1708 260 1848 292 peccatum

1065 312 1145 339 simul
1170 311 1271 343 interit,
1289 309 1516 346 quemadmodum
1539 305 1622 334 semel
1641 305 1668 331 in
1692 301 1848 338 praeceden-

1066 357 1138 384 tibus
1153 356 1282 383 diximus.

1102 402 1183 428 Vens.
1211 401 1253 429 18.
1279 410 1287 426 ι
1309 400 1360 433 Qui
1380 399 1476 427 coierit
1501 405 1562 424 cum
1587 395 1700 422 muliere
1725 393 1753 420 in
1776 392 1849 418 fluxu

1065 451 1217 478 menstruo,
1239 450 1266 473 et
1287 444 1452 473 revclaverit
1471 442 1666 477 turpitudinem
1689 439 1759 474 ejus,
1780 439 1851 472 ipsa-

1067 500 1119 527 que
1143 493 1281 527 aperuerit
1305 491 1407 519 fontem
1434 488 1575 525 sanguinis
1594 487 1635 514 sui
1655 484 1851 512 iuterﬁcientur

1067 538 1147 565 ambo
1163 537 1197 565 de
1213 537 1302 564 medio
1315 537 1406 572 populi
1424 536 1474 563 sui.
1492 545 1501 561 ι

1104 583 1122 610 Α
1153 588 1320 610 menstruata
1350 582 1482 610 abstineri
1507 580 1645 617 legislator
1670 586 1725 606 non
1753 577 1852 604 frustra

1067 629 1205 664 pnccepit,
1219 630 1265 656 sed
1281 629 1418 656 hominem
1431 627 1549 655 suadens
1562 626 1594 653 ad
1608 624 1764 661 pudicitiam
1776 623 1853 649 casti-

1068 675 1183 710 tatisque
1195 683 1256 702 cum
1267 674 1434 709 diligentiam
1445 673 1556 704 habere,
1566 679 1598 698 ex
1610 679 1661 706 qua
1675 668 1854 697 sanctiﬁcatio

1068 721 1210 755 provenit.
1234 720 1330 746 nolens
1351 724 1378 746 et
1402 719 1429 745 in
1451 717 1534 745 modo
1559 724 1702 752 porcorum
1724 714 1854 742 continue

1068 764 1228 791 mulieribus
1241 764 1360 796 misceri,
1374 768 1402 790 ct
1416 763 1448 790 ad
1463 768 1637 789 eommunetn
1652 759 1854 794 corruptionem

1069 817 1174 841 vacare,
1192 810 1238 836 sed
1261 817 1294 836 ex
1317 813 1410 836 coacta
1433 807 1598 835 abstinentia
1617 813 1695 832 usum
1716 804 1804 831 facere
1820 804 1854 831 ad

1070 854 1275 882 continentiam.
1300 854 1352 881 Sed
1371 853 1598 888 quemadmodum
1617 850 1736 886 disperdi
1756 858 1803 877 eos
1822 850 1856 877 de

1070 900 1170 935 populo
1193 907 1243 927 suo
1267 899 1414 934 prmeepit.
1442 906 1504 926 cum
1533 898 1721 932 purgationem
1741 897 1783 927 ei,
1809 896 1855 930 qui

1068 945 1198 972 dormivit
1216 951 1278 971 cum
1293 947 1471 975 menstruata,
1485 943 1610 977 superius
1624 941 1774 971 indixisset,
1789 940 1857 967 dixit

1069 991 1140 1018 enim
1159 999 1165 1017 ε
1183 990 1212 1017 Si
1240 990 1330 1016 coierit
1358 998 1417 1016 cum
1447 998 1477 1015 ea
1507 989 1547 1016 vir
1577 993 1691 1022 tempore
1721 987 1856 1021 sanguinis

1070 1035 1248 1066 memrrualis,
1266 1036 1416 1062 immundus
1429 1035 1478 1061 erit
1493 1039 1590 1068 septem
1603 1034 1692 1060 diebus
1707 1033 1739 1058 ".
1756 1032 1857 1058 Deinde

1070 1089 1118 1117 per
1139 1081 1206 1113 ltmc,
1225 1081 1416 1116 purgationum
1437 1080 1568 1107 sacriﬁcia
1586 1086 1700 1106 narrans
1714 1077 1833 1105 subdidit
1848 1086 1854 1103 :

1070 1128 1126 1156 Ista
1143 1133 1178 1154 est
1200 1128 1241 1155 lea:
1256 1128 1312 1162 ejus
1328 1128 1371 1162 qui
1387 1128 1489 1162 ﬂuxum
1507 1127 1614 1153 seminis
1638 1125 1748 1160 patitur,
1772 1130 1794 1151 ιιι
1810 1124 1855 1158 qui

1071 1174 1209 1208 polluitur,
1226 1178 1250 1200 et
1265 1180 1322 1207 quw
1343 1172 1480 1208 sanguinis
1501 1172 1602 1206 ﬂuxum
1623 1170 1725 1204 patitur
1741 1170 1767 1195 in
1785 1177 1859 1195 men-

1071 1220 1151 1247 struis
1177 1220 1242 1250 suis,
1260 1224 1285 1246 et
1310 1219 1440 1252 inﬂuxum
1466 1217 1572 1244 seminis
1595 1216 1711 1251 patiente
1735 1215 1762 1241 in
1785 1215 1859 1248 [luxu

1071 1273 1118 1292 suo
1144 1265 1261 1292 masculo
1285 1268 1308 1291 et
1335 1264 1433 1299 femina
1451 1264 1484 1289 ".
1506 1262 1539 1289 Et
1565 1262 1641 1294 viro,
1666 1261 1688 1288 si
1718 1259 1861 1288 dormierit

1072 1319 1135 1340 cum
1148 1314 1327 1342 menstruata,
1340 1310 1381 1337 sic
1396 1309 1504 1344 purgari
1524 1313 1551 1335 et
1571 1309 1652 1339 hunc,
1668 1308 1736 1334 sicut
1751 1310 1778 1334 et
1793 1307 1861 1333 alios

1073 1365 1127 1385 non
1143 1357 1233 1392 puniri
1255 1357 1323 1383 vult.
1345 1355 1416 1391 Ergo
1430 1354 1647 1388 contemplemur
1664 1357 1861 1381 menstruatam

1074 1403 1215 1438 gentilium
1230 1401 1402 1437 sapientiam.
1420 1400 1500 1435 longe
1514 1400 1588 1427 enim
1602 1407 1617 1426 a
1630 1399 1684 1426 Deo
1700 1402 1753 1430 est,
1769 1398 1816 1425 sed
1834 1402 1864 1426 et

1074 1446 1108 1473 de
1129 1445 1222 1472 volatu
1243 1444 1345 1476 avium,
1365 1452 1447 1471 cursu
1464 1443 1584 1471 siderum
1604 1449 1630 1470 et
1653 1442 1786 1470 mensuris
1800 1442 1862 1469 coeli

1053 1498 1057 1502 '
1075 1491 1169 1519 dicens
1184 1495 1266 1526 atque
1285 1491 1396 1519 docens.
1414 1489 1483 1518 Cum
1501 1490 1552 1517 hac
1571 1497 1636 1525 ergo
1657 1489 1805 1523 pessimum
1820 1494 1865 1516 est

1076 1537 1206 1570 dormire,
1224 1537 1251 1564 id
1263 1541 1306 1564 est
1322 1536 1450 1565 delectari
1469 1536 1496 1563 in
1511 1543 1553 1567 ea,
1568 1541 1595 1562 et
1611 1535 1655 1562 diu
1676 1535 1759 1566 coire,
1773 1534 1820 1560 sed
1836 1538 1866 1561 et

1077 1583 1208 1616 revelare,
1220 1588 1247 1610 et
1262 1583 1349 1618 palam
1364 1582 1499 1617 proferre,
1518 1581 1713 1616 turpitudinem
1727 1580 1796 1615 ejus,
1809 1584 1865 1606 tra-

1075 1629 1165 1656 dendo
1182 1636 1244 1662 eas,
1267 1636 1326 1662 qua:
1341 1628 1413 1662 apud
1432 1635 1492 1655 eain
1510 1631 1590 1659 sunt,
1607 1627 1702 1653 teletas
1714 1630 1742 1653 et
1757 1632 1865 1652 errores

1075 1682 1144 1710 quos
1158 1675 1250 1709 habet,
1267 1679 1295 1701 et
1312 1674 1414 1702 fontem
1437 1674 1521 1701 totius
1540 1673 1642 1701 erroris
1658 1675 1841 1707 exponentem
1858 1680 1864 1695 :

1075 1721 1139 1756 quia
1151 1721 1195 1747 bis
1208 1720 1365 1755 publicatis,
1379 1720 1481 1747 revelat
1495 1724 1523 1747 et
1538 1720 1595 1754 ipsa
1608 1719 1710 1746 fluxum
1726 1717 1866 1752 sanguinis

1076 1764 1128 1797 sui,
1142 1765 1167 1791 id
1183 1769 1224 1791 est
1239 1771 1271 1792 ea
1285 1772 1344 1799 qua:
1363 1768 1428 1791 sunt
1442 1764 1477 1791 de
1490 1763 1632 1790 sacriﬁciis
1651 1763 1784 1790 idolorum
1798 1763 1866 1789 sub-

1076 1811 1254 1839 introducens
1271 1819 1276 1837 :
1293 1815 1406 1846 propter
1429 1810 1501 1844 quod
1527 1817 1582 1836 non
1606 1808 1766 1844 simpliciter
1784 1807 1864 1840 dixit,

1075 1856 1274 1890 inter/ieientur.
1290 1856 1338 1883 sed
1354 1856 1458 1883 addidit
1474 1865 1480 1882 :

1113 1903 1151 1928 De
1165 1902 1250 1929 medio
1261 1902 1351 1936 populi
1360 1903 1411 1929 sui.
1425 1901 1484 1933 Vel.
1507 1901 1659 1929 secundum
1673 1900 1755 1933 LXX,
1772 1909 1804 1928 ex
1819 1909 1866 1936 ge-

1077 1957 1137 1976 nere
1149 1957 1205 1977 suo.
1223 1949 1291 1982 Quia
1303 1949 1349 1983 qui
1365 1949 1529 1983 sapientiam
1543 1947 1625 1975 tradit
1639 1947 1792 1983 gentilium,
1805 1955 1867 1982 quae

1076 1996 1269 2029 praevaricatur
1285 2001 1408 2022 erroretn
1431 1997 1567 2024 nostrttm,
1591 1998 1619 2020 et
1634 1993 1778 2020 scientiam
1793 1993 1866 2027 ejus,

1076 2044 1104 2067 et
1125 2040 1263 2074 pietatem,
1293 2047 1349 2066 non
1369 2044 1409 2066 est
1435 2039 1539 2073 justum
1565 2039 1620 2073 jam
1649 2042 1678 2065 ut
1710 2038 1868 2065 nominetur

1077 2086 1159 2113 homo
1175 2095 1181 2113 :
1199 2086 1245 2113 sed
1261 2089 1288 2112 et
1302 2085 1419 2119 imagine
1438 2085 1485 2111 Dei
1502 2084 1692 2118 semetipsum,
1715 2083 1868 2118 ignorando

1076 2132 1247 2164 Creatorem,
1264 2131 1401 2166 privavit;
1417 2135 1446 2157 et
1460 2130 1522 2157 ideo
1544 2129 1710 2158 interficitur
1727 2129 1761 2156 de
1776 2129 1869 2156 medio

1077 2177 1190 2212 populo,
1216 2177 1275 2204 sive
1290 2177 1323 2204 de
1337 2183 1437 2211 genere
1459 2183 1518 2206 suo,
1536 2179 1566 2202 ut
1589 2182 1645 2202 non
1659 2175 1714 2210 jam
1733 2174 1867 2209 sapientia

237 2227 254 2245 a
269 2222 346 2253 patre
367 2223 415 2246 aut
435 2224 531 2252 matre,
548 2221 573 2247 id
588 2225 641 2254 est,
663 2222 690 2249 in
711 2230 763 2257 qua
780 2226 856 2256 pater
876 2228 922 2251 aut
939 2229 1026 2251 mater
1042 2220 1063 2248 D
1079 2221 1245 2253 nominetur,
1269 2221 1317 2248 sed
1338 2225 1431 2248 careat
1453 2221 1526 2255 quod
1552 2220 1650 2247 habuit
1664 2220 1732 2247 falso
1755 2220 1867 2247 nomine

237 2263 361 2299 deliquit,
378 2272 433 2293 non
450 2265 537 2293 solum
554 2266 637 2298 videt,
653 2267 701 2294 sed
717 2271 744 2294 et
758 2267 867 2302 accipit,
884 2276 933 2303 per
948 2268 1024 2295 simi—

238 2309 290 2336 lem
305 2315 334 2337 et
354 2318 446 2346 parem
458 2312 593 2340 acti0nem
609 2320 616 2340 :
632 2317 661 2339 et
677 2313 798 2340 nefarius
816 2317 860 2340 est
885 2313 928 2340 hic
943 2321 950 2339 :
971 2322 1024 2340 non

237 2355 326 2382 solum
340 2360 524 2391 perscrutans,
536 2365 597 2392 qua:
612 2365 667 2385 non
680 2359 811 2393 oportuit,
828 2359 875 2386 sed
889 2363 917 2386 et
930 2367 1026 2394 super-

238 2401 385 2434 aediﬁcans,
401 2407 429 2430 et
453 2403 625 2439 conjungens
647 2411 677 2431 se
697 2407 860 2438 perpetrata:
874 2412 890 2431 a
906 2405 1026 2439 parenti-

238 2447 289 2474 bus
305 2446 442 2480 pravitati.
459 2447 525 2480 Quze
539 2456 618 2475 soror
631 2449 701 2483 ejus,
716 2449 794 2483 quasi
816 2449 892 2484 pravi
909 2450 1028 2484 pravitas

239 2493 401 2527 appellatur.
423 2494 477 2521 Sed
494 2500 521 2522 et
538 2500 567 2521 ut
582 2495 627 2529 qui
642 2494 794 2525 diffamavit
809 2503 880 2527 eam,
896 2500 924 2523 et
942 2496 1028 2523 disse-

239 2538 365 2571 minavit,
380 2539 491 2567 latentia
505 2540 578 2567 enim
594 2540 742 2575 plurimum
758 2545 902 2574 parentum
918 2547 1028 2576 peccata

239 2583 383 2611 diﬁ‘amant
399 2584 458 2617 ﬁlii,
473 2586 582 2621 quando
610 2591 693 2622 agunt
716 2588 826 2614 similia.
853 2587 931 2617 Unde
956 2588 1029 2615 hunc

239 2629 286 2665 qui
312 2630 374 2657 talis
399 2636 451 2661 est,
477 2631 597 2666 disperdi
623 2632 649 2659 in
677 2638 825 2667 conspectu
850 2633 953 2668 populi,
975 2633 1027 2666 vel,

239 2675 312 2703 sicut
326 2675 407 2709 LXX,
423 2676 451 2703 in
470 2681 607 2711 conspectu
628 2677 743 2711 ﬁliorum
762 2679 864 2714 generis
879 2680 931 2710 sui,
946 2679 972 2706 id
986 2684 1028 2706 est

241 2721 396 2749 videntibus
413 2722 514 2750 similia
532 2722 724 2758 cogitantibus,
740 2725 869 2760 praecepit
885 2733 891 2751 :
911 2724 938 2752 hi
954 2725 1027 2752 enim

241 2766 288 2795 ﬁlii
303 2768 411 2803 generis
426 2769 486 2804 ejus
501 2774 573 2797 recte
587 2769 724 2798 dicuntur.
740 2770 796 2798 Cur
810 2775 900 2798 autem
917 2771 944 2799 in
963 2778 1028 2798 con-

274 2870 297 2886 "
309 2870 377 2899 Gen.
393 2879 437 2906 xx,
456 2871 500 2899 13.
540 2873 561 2890 “
574 2873 660 2902 Levii.
676 2881 724 2908 xv,
741 2873 785 2902 24.
822 2873 845 2889 ’⁸
861 2872 926 2900 ibid.
943 2872 987 2907 32,
1000 2872 1045 2901 55.

1078 2272 1159 2302 atque
1184 2267 1258 2299 ﬁcto,
1279 2272 1347 2295 teste
1373 2267 1468 2300 Paulo,
1489 2267 1535 2302 qui
1553 2267 1611 2294 ait:
1632 2266 1768 2301 Sapientia
1789 2267 1868 2302 hujus

1079 2313 1180 2344 mundi,
1193 2313 1306 2341 stultitia
1323 2318 1361 2339 est
1375 2314 1448 2348 apud
1469 2313 1551 2340 Deum
1569 2313 1604 2339 ”.

1113 2357 1195 2385 Vens.
1216 2359 1258 2386 19.
1288 2367 1297 2384 ι
1320 2357 1527 2393 Turpitudinem
1553 2363 1708 2385 matertera:
1731 2363 1758 2385 et
1775 2359 1867 2386 amiLc

1081 2409 1135 2431 tuas
1154 2411 1209 2431 non
1236 2404 1440 2439 diseooperies:
1467 2404 1514 2439 qui
1540 2404 1593 2431 hoc
1617 2404 1724 2435 fecerit,
1749 2404 1866 2439 ignomi-

1081 2450 1154 2477 niam
1169 2450 1261 2477 carnis
1278 2457 1334 2478 sure
1349 2450 1478 2482 nudavit;
1495 2450 1644 2485 portabunt
1665 2450 1747 2479 ambo
1763 2450 1867 2484 iniqui-

1081 2500 1164 2524 tatem
1178 2503 1265 2524 suam.
1282 2505 1292 2522 ι

1114 2541 1170 2570 Nec
1194 2542 1334 2570 sororibus
1362 2543 1493 2578 praecepit
1516 2550 1610 2570 eorum
1632 2542 1679 2578 qui
1695 2550 1746 2570 nos
1764 2550 1869 2577 genuc-

1081 2592 1155 2619 runt,
1183 2590 1366 2619 commisceri,
1391 2593 1446 2615 tam
1470 2593 1582 2623 propter
1605 2589 1815 2624 generationes.
1839 2593 1870 2615 ut

1081 2641 1135 2660 non
1152 2634 1365 2666 confundantur,
1386 2643 1468 2670 quam
1483 2638 1725 2670 tttcompetentem
1741 2642 1870 2661 reveren-

1080 2681 1145 2708 tiam
1159 2681 1317 2715 parentibus
1329 2689 1534 2713 conservemus,
1554 2686 1665 2717 propter
1684 2689 1732 2708 eos
1746 2685 1773 2708 et
1788 2688 1802 2708 a
1819 2689 1864 2708 δο-

1080 2727 1188 2754 roribus
1218 2734 1313 2753 eorutn
1345 2727 1538 2754 abstinentes:
1575 2727 1647 2761 quod
1677 2726 1804 2753 similiter
1838 2731 1867 2752 et

1079 2772 1231 2799 secundum
1255 2771 1381 2806 spiritum
1402 2772 1546 2807 intelligas,
1573 2776 1603 2799 ιιι
1627 2779 1681 2799 non
1708 2771 1796 2799 solutn
1822 2777 1869 2797 ve-

1085 2872 1108 2888 ’³
1123 2872 1133 2900 l
1147 2872 1209 2900 Cor.
1229 2880 1269 2905 ut,
1290 2871 1331 2900 19.
