2056 3148
157 185 226 217 1049

725 191 766 220 IN
789 191 1014 222 LEVlTlCUM.
1028 204 1062 208 --
1082 193 1156 223 ΗΒ.
1172 193 1220 224 VI.

1723 196 1791 231 ιιδο

155 242 247 270 lentur
261 248 406 277 parentum
419 249 530 280 peccata
546 246 667 280 silentio,
681 252 710 276 et
724 249 867 276 tradantur
877 251 949 277 obli-
964 251 986 278 A
1002 249 1071 277 mori
1099 252 1237 286 praecepit,
1258 252 1317 279 sine
1335 252 1397 280 ﬁliis
1412 259 1503 281 autem
1531 254 1591 281 illos
1615 255 1683 281 mori
1712 257 1790 289 dicit,

154 287 239 319 vioni.
254 289 303 316 sed
325 293 353 316 et
366 296 476 322 eorum.
496 292 543 326 qui
562 293 602 320 eis
617 294 712 321 sociati
729 299 804 328 sunt,
830 296 902 323 unde
920 301 948 323 et

153 340 248 360 eorum
266 332 364 362 fratres
377 343 438 363 esse
453 336 594 364 dicuntur.
610 338 749 367 Sileamus
770 347 863 368 autem
883 342 947 368 illo-

154 385 214 405 rum
230 384 352 413 peccata,
366 381 430 416 quia
445 382 556 410 nudatis
570 383 634 416 illis,
657 385 743 413 latere
755 394 807 414 nec
819 393 947 422 parentes

152 429 280 458 possunt,
295 426 368 454 unde
382 427 419 455 ait
432 437 439 455 :

186 471 367 505 Ignominiam
392 475 480 502 carnis
505 484 560 503 suae
577 477 696 504 nudavit.
720 478 771 511 Qui
785 485 876 507 autem
895 483 946 509 hoc

152 518 270 551 faciunt,
286 519 328 546 cui
345 528 433 555 preme
453 523 671 552 submittuntur?
686 526 839 555 Portabunt
851 530 943 561 ambo,

152 564 258 597 inquit,
287 565 458 599 iniquitatem
488 576 576 596 suam.
606 570 679 597 LXX
707 577 799 600 autem
828 574 942 605 addunt,

150 608 207 634 sine
233 608 296 642 [iliis
324 611 478 639 morientur.
507 613 577 646 Quia
608 616 655 650 qui
682 624 738 644 non
762 617 878 645 invicem
894 627 943 646 sua

150 654 275 687 pondera
297 662 415 690 portant,
435 659 482 686 sed
503 660 645 688 ditfamant
666 668 747 697 atque
763 664 945 693 disseminant

149 703 340 732 cognatorum,
364 706 419 729 tant
437 704 588 732 εθευιιόιιῐιι
608 714 719 733 carnem
745 716 827 742 quam
844 717 943 736 5861111-

148 744 215 771 dum
247 746 374 780 spiritum
391 754 514 782 peccata.
531 751 590 778 sine
607 753 754 782 virtutibus
779 756 940 788 morientur,

147 798 210 824 quae
235 796 278 818 est
304 793 419 826 pessima
447 796 589 824 sterilitas.
610 797 671 826 Filii
684 801 787 828 etenim
808 809 858 829 nos
874 808 943 830 tent-

147 844 216 870 porc
231 837 327 871 judieii
351 848 406 866 non
439 841 555 875 juvant,
579 844 697 873 virtutes
720 852 811 874 autem
831 848 939 882 juvant,

147 889 265 915 quarum
285 891 367 912 causa
385 886 513 914 videlicet
532 897 706 923 coronamur,
730 901 844 927 quarum
860 894 940 921 steri-

147 927 225 955 litate
248 930 367 958 animam
396 938 530 967 a-grotare
558 936 742 965 miserrimum
772 944 823 966 est.
842 939 940 967 Ornnri

146 980 239 1002 autem
259 977 413 1012 hujusmodi
438 981 554 1008 ﬁliorum
576 984 763 1017 generatione,
778 985 942 1013 beatitudini

145 1024 198 1047 est.
212 1021 247 1049 Et
268 1023 319 1050 hoc
335 1029 380 1050 est
397 1033 460 1052 eum
478 1027 547 1054 lsaia
566 1029 670 1056 dicere.
688 1030 709 1056 Α
724 1031 793 1066 facie
810 1037 867 1063 tua,
887 1032 938 1059 Do-

144 1067 225 1098 mine,
258 1070 432 1103 concepimus,
453 1077 477 1098 et
497 1075 574 1107 quasi
587 1077 779 1108 parturivimns
795 1082 818 1104 et
835 1080 940 1113 peperi-

143 1119 201 1137 mus
213 1113 338 1146 spiritum
356 1115 459 1143 salutis.
484 1117 621 1151 justitiam
642 1129 693 1147 non
710 1122 819 1156 fecimus
844 1124 870 1150 in
886 1129 940 1151 ter-

142 1164 172 1182 ra
182 1156 216 1182 ³⁸.
234 1156 267 1183 Et
285 1158 343 1185 haec
357 1158 494 1196 intelligis,
509 1168 537 1189 et
554 1171 615 1198 qu;e
631 1166 838 1201 subsequuntur
852 1177 859 1195 :

179 1202 260 1229 Vens.
276 1203 321 1235 20,
336 1204 380 1231 21.
400 1214 408 1230 ε
428 1206 479 1239 Qui
497 1208 591 1236 coierit
606 1217 667 1237 eum
681 1220 765 1240 uxore
778 1214 878 1248 patrui,
895 1217 938 1243 vel

140 1249 271 1276 avunculi
291 1251 344 1283 sui,
359 1256 385 1279 ct
399 1254 563 1283 revelaverit
576 1257 752 1292 ignominiam
768 1262 939 1297 cognationis

141 1302 215 1327 suae,
243 1298 394 1330 portabunt
424 1300 505 1328 ambo
534 1308 675 1336 peccatum
703 1314 803 1340 suum,
833 1309 936 1344 absque

141 1338 234 1368 liberis
259 1342 419 1370 morientur.
445 1345 496 1378 Qui
513 1347 621 1376 duxerit
641 1358 752 1378 uxorem
769 1353 865 1381 fratris
881 1356 935 1386 sui,

140 1392 198 1412 rem
215 1385 279 1414 fecit
291 1388 425 1423 illicitatn,
444 1392 642 1426 turpitudinem
667 1395 757 1424 fratris
772 1399 814 1426 sui
830 1401 935 1427 revela-

139 1431 188 1463 vit,
199 1433 304 1468 absque
322 1434 383 1462 ﬁliis
398 1443 490 1465 erunt.
514 1449 523 1464 ι

175 1477 304 1507 Ostendit
332 1489 397 1517 ergo
424 1483 564 1520 legislator
586 1488 649 1522 quia
679 1491 798 1519 maxime
813 1492 932 1521 ﬁliorum

137 1531 222 1552 causa
253 1533 269 1553 a
314 1527 446 1557 Creatore
484 1532 617 1561 societate
655 1536 772 1571 percipit
809 1544 934 1567 naturam

138 1571 278 1608 conjungi,
304 1581 335 1601 ea
358 1576 458 1611 quippe
474 1586 535 1613 qua:
555 1588 628 1609 nunc
643 1586 770 1618 tanquam
791 1586 934 1615 abomina-

137 1617 204 1645 bilia
221 1619 425 1657 ineongruaque
450 1626 600 1659 prohibuit.
616 1628 663 1657 Est
685 1631 758 1658 enim
776 1641 872 1661 revera
889 1635 933 1662 in~

137 1671 301 1700 congruum,
323 1672 350 1694 et
374 1669 562 1703 jumentorum
588 1673 650 1701 vite
668 1677 825 1710 proximum
841 1682 933 1707 uxori-

137 1709 190 1737 bus
201 1710 328 1745 fratrum,
340 1720 530 1749 cognatorum,
544 1709 697 1748 vicinorum
714 1723 842 1752 videlicet
856 1733 932 1753 com—

136 1755 264 1784 misceri:
282 1763 309 1785 et
323 1759 381 1786 haec
395 1760 423 1787 in
440 1762 492 1789 alia
511 1769 587 1797 parte
608 1765 686 1801 legis,
703 1767 729 1795 id
743 1774 794 1802 est,
816 1770 841 1797 in
862 1771 932 1800 libro

136 1799 363 1837 Deuteronomii,
392 1813 447 1832 non
476 1807 564 1835 solum
598 1799 739 1847 praecepit,
770 1816 819 1842 sed
848 1817 930 1845 etiam

135 1849 279 1883 compulit,
298 1850 415 1879 dicens:
445 1853 558 1886 Quando
587 1856 764 1888 habitaverint
788 1863 884 1892 fratres
894 1865 930 1890 si-

135 1894 202 1927 mul,
227 1900 252 1922 et
275 1905 341 1924 unus
362 1905 393 1925 ex
417 1899 454 1926 eis
477 1900 574 1936 absque
601 1903 690 1932 liberis
705 1912 824 1935 mortuus
838 1910 928 1944 fuerit,

135 1950 203 1968 uxor
216 1942 333 1977 defuncti
347 1951 396 1970 non
407 1946 485 1972 nubet
501 1947 589 1981 alteri,
605 1950 651 1976 sed
662 1952 772 1983 accipiet
796 1942 855 1980 eam
870 1957 928 1990 fra-

135 1993 175 2014 ter
188 1988 256 2023 ejus,
281 1993 305 2014 et
326 1990 462 2018 suscitabit
486 2000 573 2020 semen
598 1995 691 2029 fratris
713 1998 796 2024 sui”.
828 1988 928 2028 lit-his

133 2032 246 2059 similia.
261 2032 331 2060 Cum
346 2038 438 2061 autem
460 2035 546 2064 frater
560 2046 615 2066 non
633 2039 727 2073 fuerit,
741 2047 789 2070 aut
802 2051 926 2072 avuneu~

133 2078 201 2110 tum.
228 2083 277 2106 aut
302 2087 364 2107 eum
390 2081 508 2115 qualiter
532 2088 575 2111 est
597 2092 630 2112 ex
648 2087 734 2120 patris
749 2090 924 2124 cognatione,

131 2124 235 2152 ducere
248 2125 390 2154 mulierem
402 2126 524 2156 defuncti
537 2130 598 2158 sine
608 2131 670 2160 ﬁliis
679 2136 925 2171 prmeepit.quetn-

130 2169 279 2197 admodum
303 2175 330 2197 et
353 2171 424 2199 Booz
455 2173 528 2201 Ruth
559 2177 711 2206 secundum
726 2169 813 2215 legem
825 2169 925 2218 cogna-

131 2215 215 2242 tionis
240 2217 385 2252 accepit".
409 2219 454 2246 Sic
477 2220 599 2250 libidinis
628 2224 737 2258 quidem
759 2235 841 2256 causa
853 2215 924 2265 fugit

948 1607 968 1634 C

958 923 979 950 ll

1000 297 1150 324 secundum
1172 297 1242 325 LXX
1266 298 1399 326 duntaxat
1421 300 1602 334 interpretum
1627 301 1787 334 editionem,

1000 348 1029 370 ut
1049 351 1103 370 non
1130 348 1273 379 reputetur
1290 346 1330 372 eis
1355 345 1472 373 filiorum
1489 346 1637 378 successio.
1656 354 1708 373 nec
1724 347 1788 374 ﬁliis

998 397 1075 416 suam
1092 390 1246 425 relinquant
1264 391 1462 419 hatreditatem.
1479 391 1537 419 lloe
1560 397 1652 419 autem
1669 392 1788 420 ostendit

997 433 1079 460 etiam
1105 433 1285 468 Symmachus
1307 435 1392 462 edens
1416 435 1534 470 planius,
1550 435 1598 462 sed
1618 440 1645 462 et
1662 434 1774 463 Theodo

998 480 1064 511 tion,
1083 480 1129 514 qui
1143 487 1192 514 pro
1204 487 1236 506 eo
1250 480 1322 514 quod
1335 480 1438 507 dictum
1455 485 1506 512 est,
1524 480 1580 507 sine
1594 480 1657 514 ﬁliis
1672 481 1787 507 morien-

997 530 1049 557 tur,
1066 526 1167 552 -—-sine
1189 526 1252 559 ﬁliis
1283 531 1368 558 erunt,
1400 531 1515 561 uterque
1532 526 1690 554 ediderunt.
1708 526 1785 554 Unde

996 575 1024 598 et
1048 571 1198 606 spiritalem
1216 566 1471 606 interpretationem
1487 579 1515 600 et
1537 573 1732 600 resolutionem
1747 573 1785 600 si—

996 617 1087 644 milem
1105 617 1188 644 habet
1200 617 1397 652 superioribus.

1032 663 1112 691 Vens.
1129 663 1174 691 22.
1195 674 1203 689 ‹
1222 664 1364 691 Custodite
1384 664 1457 699 leges
1472 671 1557 695 meas,
1573 669 1655 698 atque
1669 664 1782 699 judicia,

995 713 1023 736 et
1036 705 1116 735 facite
1130 716 1173 738 ea.
1189 715 1224 735 ne
1232 714 1259 735 et
1274 717 1321 736 vos
1345 712 1454 736 evomat
1470 713 1542 736 terra
1558 716 1639 744 quam
1655 709 1784 736 intraturi

994 754 1060 780 estis
1070 758 1097 780 et
1113 753 1240 780 habituri.
1258 763 1267 778 ›

1028 799 1089 826 Non
1104 800 1183 826 nobis
1211 799 1311 826 suﬁieit
1338 804 1442 834 partem
1460 801 1605 835 quamdam
1622 809 1785 829 conservare

993 846 1070 881 legis,
1099 853 1150 873 nec
1177 853 1261 872 unum
1281 846 1390 873 aliudve
1419 847 1576 874 mandatum
1589 848 1622 875 ad
1636 849 1784 875 correctio-

993 900 1056 919 nem
1076 893 1137 919 vita:
1153 900 1293 927 peragere,
1315 893 1361 919 sed
1376 893 1467 919 omnia
1481 897 1616 928 praecepta
1637 898 1665 920 et
1679 895 1784 928 judicia

993 940 1131 966 custodire
1145 947 1257 966 necesse
1281 939 1423 971 habemus,
1446 947 1616 974 quamunque
1628 948 1643 966 a
1660 940 1714 967 Deo
1726 941 1785 974 jus-

993 991 1040 1011 sus
1063 983 1202 1018 legislator
1228 983 1348 1017 scripsit.
1376 983 1438 1009 llaec
1451 983 1525 1009 enim
1545 983 1611 1010 dicit
1635 990 1782 1018 praecepta,

992 1031 1034 1058 vel
1058 1031 1092 1058 de
1117 1030 1216 1065 quibus
1239 1030 1298 1064 ipse
1320 1030 1450 1057 dubitans
1473 1029 1628 1064 inquirebat
1644 1030 1741 1061 Deum,
1757 1035 1785 1058 et

992 1076 1038 1103 illo
1053 1076 1147 1104 didicit
1163 1076 1316 1110 judicante,
1334 1075 1405 1103 sicut
1418 1076 1444 1102 in
1461 1075 1532 1102 ﬁlios
1546 1075 1704 1103 lsraelitidis
1720 1085 1783 1104 mu—

992 1123 1075 1154 lieris,
1101 1123 1147 1157 qui
1174 1123 1281 1150 locutus
1307 1127 1350 1149 est
1367 1122 1583 1157 blasphemiam:
1610 1112 1683 1158 logos
1709 1123 1782 1151 enim

990 1178 1051 1204 qua:
1071 1169 1106 1196 ita
1132 1169 1244 1204 prolatae
1269 1174 1344 1200 sunt,
1365 1169 1468 1203 judicia
1494 1170 1629 1197 nominat.
1656 1169 1707 1197 Per
1724 1170 1782 1198 inec

990 1219 1079 1242 autem
1112 1220 1194 1243 totam
1221 1216 1291 1243 hanc
1306 1216 1392 1252 legem
1418 1217 1537 1244 breviter
1561 1218 1783 1253 signiﬁcavit,de

990 1269 1043 1296 qna
1067 1260 1136 1288 nihil
1159 1266 1269 1296 oportet
1291 1263 1454 1298 transgredi,
1477 1268 1507 1290 ut
1523 1271 1578 1290 non
1603 1263 1739 1298 ejiciatur,
1754 1264 1781 1290 id

989 1312 1031 1334 est
1045 1308 1202 1342 projiciatur
1213 1308 1415 1344 praevaricator.
1427 1308 1484 1336 Hoc
1499 1314 1542 1336 est
1554 1310 1628 1337 enim
1641 1317 1779 1339 evomere.

988 1352 1061 1385 quod
1085 1356 1113 1378 et
1125 1351 1317 1387 Symmachus,
1334 1352 1462 1380 similiter
1477 1357 1506 1380 et
1526 1353 1696 1381 Theodotion
1711 1353 1781 1388 abji—

988 1405 1050 1425 cere
1068 1398 1163 1425 edidit.
1181 1399 1276 1426 Evomi
1299 1404 1404 1432 autem,
1427 1400 1516 1427 unde?
1539 1399 1576 1427 De
1595 1404 1666 1427 terra
1683 1401 1781 1427 videli-

987 1449 1041 1475 cot,
1056 1445 1082 1471 in
1098 1453 1150 1480 qua
1166 1453 1216 1473 nos
1247 1447 1319 1473 Deus
1336 1446 1472 1473 introduci
1491 1446 1626 1480 promittit
1640 1456 1646 1473 :
1672 1455 1734 1482 qua:
1746 1447 1782 1474 sit

986 1495 1078 1518 autem
1093 1491 1161 1524 inec,
1181 1499 1214 1518 ex
1237 1492 1467 1526 subsequentibus
1483 1492 1568 1519 disce.

1022 1538 1105 1566 Vens.
1121 1539 1165 1571 225,
1185 1538 1230 1565 24.
1251 1548 1260 1564 ε
1279 1537 1368 1566 Nolite
1395 1539 1536 1567 ambulare
1552 1540 1578 1567 in
1591 1539 1720 1575 legitimis
1733 1547 1782 1566 na-

987 1585 1104 1616 tionum,
1118 1593 1185 1619 quas
1200 1592 1250 1620 ego
1265 1585 1431 1619 expulsurus
1447 1594 1506 1612 sum
1522 1591 1586 1613 ante
1607 1593 1665 1613 vos.
1682 1586 1780 1613 Omnia

988 1631 1060 1658 enim
1089 1631 1147 1658 [nec
1166 1631 1291 1658 fecerunt
1305 1636 1333 1659 et
1346 1632 1521 1659 abominatus
1537 1640 1598 1659 sum
1615 1640 1673 1659 eos.
1693 1631 1779 1659 Vobis

987 1676 1060 1704 enim
1076 1677 1182 1712 loquor,
1199 1677 1336 1712 possidete
1361 1684 1461 1705 terram
1477 1687 1582 1711 eorum,
1606 1687 1687 1714 quam
1709 1680 1781 1707 dabo

986 1723 1064 1750 vobis
1089 1723 1117 1749 in
1135 1723 1342 1751 haereditatem:
1370 1728 1469 1752 terram
1495 1725 1624 1752 ﬂuentem
1654 1726 1723 1753 lacte
1752 1731 1780 1753 et

986 1769 1076 1796 melle.
1095 1769 1151 1805 Ego
1168 1769 1298 1798 Dominus
1312 1769 1384 1798 Deus
1397 1775 1498 1803 vester,
1520 1771 1566 1806 qui
1584 1771 1709 1806 separavi
1731 1780 1780 1800 vos

985 1824 1000 1842 a
1017 1816 1123 1843 caeteris
1137 1816 1255 1851 populis.
1277 1827 1286 1842 ι

1019 1861 1080 1888 Νοη
1109 1863 1196 1888 solum
1227 1862 1260 1889 ad
1275 1862 1384 1889 .ludaeos
1413 1863 1472 1890 haec
1489 1862 1561 1889 dicta
1588 1867 1653 1890 sunt
1683 1863 1729 1897 qui
1745 1864 1779 1890 ab

984 1907 1112 1934 onmihus
1129 1907 1256 1941 gentibus
1271 1912 1381 1942 propter
1396 1907 1636 1935 circumcisionem
1650 1913 1678 1934 et
1693 1908 1776 1942 Moysi

983 1952 1070 1987 legem
1086 1957 1228 1986 separatos
1247 1960 1277 1980 se
1292 1961 1352 1980 esse
1379 1953 1507 1986 credunt,
1527 1953 1573 1980 sed
1589 1956 1617 1979 et
1633 1953 1666 1979 ad
1681 1960 1777 1979 omnes

982 1999 1028 2033 qui
1048 1999 1183 2026 accedunt
1200 1999 1304 2026 servire
1319 1999 1373 2026 Deo
1387 2008 1394 2026 :
1409 1999 1459 2026 hos
1476 1999 1550 2025 enim
1565 1999 1705 2025 ambulare
1719 2006 1777 2040 ma.-

981 2045 1054 2072 xime
1068 2045 1094 2071 in
1111 2045 1234 2080 gentium
1249 2045 1368 2080 legitima
1384 2053 1438 2072 non
1451 2045 1513 2072 licet
1530 2053 1537 2072 :
1551 2045 1673 2079 gentium
1685 2049 1775 2070 autem

980 2091 1041 2119 sine
1057 2091 1209 2122 nationum,
1223 2091 1360 2125 quarunt?
1375 2090 1448 2124 Quas
1458 2099 1510 2126 ego
1525 2091 1690 2126 expulsurus
1705 2098 1776 2123 sum,

980 2137 1029 2170 ait,
1052 2141 1115 2164 ante
1136 2144 1202 2163 vos:
1219 2136 1291 2171 quod
1306 2136 1398 2163 σείει-ἱ
1419 2137 1600 2171 interpretum
1616 2135 1774 2168 ediderunt,

979 2190 1044 2217 quas
1057 2181 1134 2216 ejicio
1149 2189 1195 2216 ego
1208 2190 1224 2208 a
1238 2181 1306 2216 facie
1333 2186 1430 2209 vestra.
1447 2180 1518 2208 LXX
1541 2186 1643 2214 autem,
1661 2191 1678 2208 a
1694 2181 1775 2212 vobis.

978 2228 1006 2258 id
1020 2232 1062 2255 est
1075 2228 1218 2255 daemonia.
1237 2227 1299 2254 llaec
1314 2228 1388 2254 enim
1405 2235 1420 2254 a
1442 2227 1512 2254 faeie
1524 2228 1644 2255 ﬁdelium
1672 2228 1777 2263 expulit

130 2265 309 2296 cognatorum
330 2264 563 2298 commistionem,
590 2269 804 2307 societatemque
827 2264 920 2309 prolii-
942 2274 1144 2313 Ddominantia
1170 2274 1222 2306 eis,
1248 2273 1324 2308 prius
1339 2281 1402 2301 cum
1426 2274 1452 2301 in
1473 2274 1615 2308 impietate
1638 2275 1774 2309 persiste-

130 2306 186 2333 bet.
211 2305 325 2339 Quando
347 2314 440 2336 autem
464 2319 559 2339 rursus
576 2319 684 2348 oportet
699 2305 924 2350 tribulationibus

129 2352 274 2380 sublevare
290 2354 333 2381 vel
347 2353 466 2389 casibus,
484 2360 615 2394 praecepit
637 2365 665 2387 et.
681 2362 739 2389 vult
753 2372 759 2390 :
773 2369 800 2391 et
812 2367 924 2401 nuptias

129 2404 184 2423 non
208 2396 236 2423 in
264 2398 414 2432 pollutione
436 2402 632 2437 corruptionis,
655 2405 704 2432 sed
717 2407 751 2434 ad
767 2396 924 2438 successio-

129 2450 191 2469 nem
217 2445 327 2478 generis
346 2445 506 2475 hominibus
519 2451 660 2486 prazcepit.
678 2459 792 2488 propter
805 2457 878 2491 quod
895 2463 922 2485 et

127 2495 191 2515 eum
205 2489 252 2523 qui
267 2490 307 2517 sic
321 2491 462 2525 miscetur,
475 2494 534 2522 sine
549 2495 612 2523 ﬁliis
627 2498 697 2525 mori
714 2489 864 2536 praecepit;
886 2504 923 2531 ait

127 2534 212 2566 enim,
226 2539 323 2571 absque
334 2537 398 2570 ﬁliis
416 2545 493 2566 erunt
509 2549 517 2567 :
530 2542 594 2576 quia
615 2543 735 2572 ﬁliorum
751 2534 922 2580 procreatio-

127 2578 170 2606 nis
187 2579 285 2615 legem,
314 2583 385 2609 male
408 2585 519 2618 utendo,
535 2587 689 2616 confundit.
707 2578 777 2624 Quid
799 2601 864 2629 ergo
879 2599 923 2622 est

127 2626 195 2653 mori
210 2627 270 2654 sine
283 2628 367 2655 ﬁliis?
383 2638 435 2658 me
449 2632 521 2660 enim
533 2633 585 2661 hac
596 2635 655 2671 lege
664 2644 787 2671 quzerere
803 2641 922 2670 maxime

126 2673 314 2702 necessarium
336 2681 388 2708 est,
414 2682 505 2719 utrum
525 2679 594 2708 ﬁlios
616 2689 710 2711 eorum
724 2685 771 2719 qui
787 2688 920 2716 uxoribus

125 2717 240 2747 fratrum
255 2716 509 2759 avunculorumque
531 2733 695 2762 nupserunt,
714 2731 835 2760 interimi
848 2742 918 2768 prte-

124 2766 240 2799 ceperit,
266 2771 293 2795 et
311 2770 448 2803 quomodo
463 2771 518 2799 ait:
536 2772 596 2800 Non
611 2777 755 2804 morientur
770 2766 858 2813 patres
871 2788 918 2814 pro

117 2810 198 2844 .ﬁliis,
214 2820 261 2840 nec
281 2813 333 2847 ﬁlii
358 2823 405 2848 pro
428 2817 548 2850 patribus
559 2819 601 2845 “7?
628 2819 681 2848 Sed
697 2810 853 2851 nullatenus
870 2810 917 2852 cos

158 2912 246 2944 ,"lsa.
259 2922 331 2949 xxvr,
347 2915 390 2944 l8.
430 2917 452 2934 “
464 2918 543 2948 Deut.
556 2928 618 2954 xxv,

701 2923 723 2939 ’⁵
738 2923 820 2952 Ruth.
839 2933 879 2958 tu,
901 2927 910 2953 1
932 2935 1008 2961 seqq.

977 2324 1048 2351 rent,
1073 2323 1167 2346 etnec
1188 2327 1259 2346 unus
1279 2319 1337 2351 uni,
1365 2319 1413 2346 sed
1430 2320 1508 2346 multi
1527 2320 1574 2347 uni
1594 2321 1776 2348 dominaban-

977 2370 1031 2392 tur.
1051 2364 1128 2397 Quod
1145 2365 1243 2400 probat
1268 2365 1351 2393 lllaria
1367 2366 1538 2402 Magdalene,
1555 2367 1590 2394 de
1603 2375 1656 2401 qua
1670 2371 1775 2400 septem

976 2411 1056 2445 ejecit
1078 2411 1224 2444 daemonia,
1242 2417 1270 2439 et
1286 2413 1332 2448 qui
1353 2414 1461 2441 vinctus
1480 2419 1540 2441 erat
1560 2414 1682 2445 catenis;
1706 2413 1774 2440 dicit

976 2456 1049 2483 enirn
1064 2457 1088 2483 ei
1103 2467 1110 2484 :
1126 2457 1205 2492 Legio
1221 2466 1316 2486 nomen
1329 2463 1366 2485 est
1384 2460 1456 2491 mihi,
1476 2460 1538 2494 quia
1554 2459 1631 2486 mulli
1646 2459 1772 2485 sumus".

976 2503 1039 2531 ΙΙωο
1063 2511 1128 2538 ergo
1159 2512 1220 2539 qua:
1246 2505 1289 2532 lex
1312 2506 1462 2540 prohibuit,
1487 2506 1522 2533 ah
1548 2505 1608 2532 aliis
1629 2506 1774 2532 commissa

975 2552 1049 2580 sunt,
1072 2553 1120 2576 aut
1141 2549 1191 2584 ipsi
1208 2558 1255 2584 per
1273 2559 1302 2577 se
1321 2552 1477 2586 agentibus,
1496 2556 1542 2578 aut
1566 2551 1593 2578 in
1613 2551 1772 2578 hominibus

974 2595 1173 2630 operantibus:
1207 2601 1318 2630 propter
1343 2605 1412 2632 «plus
1440 2606 1487 2625 eos
1513 2598 1585 2625 Deus
1601 2597 1774 2624 abominatus

973 2646 1026 2674 est,
1054 2646 1081 2669 et
1112 2649 1163 2670 nos
1189 2642 1217 2669 in
1244 2643 1430 2671 hmreditatem
1455 2645 1565 2673 illorum
1582 2645 1732 2672 introduxit
1745 2644 1772 2671 in

975 2691 1076 2714 terram
1102 2687 1233 2716 ﬂuentem
1249 2689 1290 2716 lae
1306 2694 1334 2716 et
1351 2692 1413 2718 mel.
1430 2690 1490 2718 Non
1511 2692 1590 2724 dixit,
1612 2691 1775 2723 habentem,
1799 2709 1803 2717 .

973 2739 1003 2761 ut
1018 2734 1051 2761 de
1067 2734 1119 2761 hac
1134 2735 1258 2762 sensibili
1277 2741 1349 2763 terra
1364 2737 1494 2772 accipias,
1511 2738 1584 2772 quod
1598 2738 1703 2765 dictum
1717 2741 1770 2771 est,
1803 2752 1806 2757 ι
1824 2760 1833 2770 ,

971 2780 1019 2807 sed
1040 2781 1176 2814 ﬂuentem.
1203 2781 1269 2815 Quae
1286 2788 1328 2810 est
1351 2789 1442 2811 autem
1459 2789 1530 2812 terra
1545 2792 1606 2819 quae
1621 2783 1661 2811 lac
1674 2789 1702 2812 et
1715 2787 1769 2813 mel

973 2825 1056 2853 ﬂuat?
1085 2827 1201 2855 Delicias
1232 2829 1313 2864 igitur
1327 2830 1394 2857 dicit
1420 2831 1503 2858 futuri
1520 2833 1623 2867 SLCCUIi,
1641 2840 1668 2863 et
1692 2835 1765 2862 bona

1048 2928 1069 2943 ι¹⁷
1086 2928 1163 2955 Deut.
1180 2936 1253 2962 xxiv,
1274 2930 1314 2958 l6.
1355 2931 1376 2948 ’⁸
1394 2931 1474 2959 Marc.
1491 2941 1517 2965 v,
1530 2934 1556 2961 9.
