2056 3148
277 202 343 238 1051

871 201 1055 231 HESYCHII
1072 199 1314 230 PRESBYTERI

1841 194 1916 227 1052

272 268 333 298 qua
358 262 437 289 nobis
459 261 530 288 Deus
555 264 617 295 post
638 260 866 288 resurrectionem
892 265 1064 287 mortuorum
1082 263 1102 290 Α
1117 264 1230 287 scuntu‘r
1251 259 1417 291 actionibus,
1436 257 1487 285 etsi
1503 257 1624 285 ﬁdelium
1653 255 1758 291 ﬁngant
1773 255 1909 286 habitum,

273 310 372 342 donat;
406 316 467 343 qum
494 307 535 334 lae
565 312 593 334 et
611 307 665 334 mel
690 307 847 342 appellavit,
863 308 927 341 quia
943 315 976 333 co
997 306 1077 334 nihil'

272 359 313 382 est
328 354 439 381 suavius
453 354 481 380 in
496 353 537 381 his
549 354 647 388 quibus
663 361 737 380 nunc
749 354 851 381 utimur
879 353 959 386 cibis,
977 361 1065 388 neque

272 401 389 428 dulcius.
415 400 469 427 Sed
484 405 512 428 et
528 400 587 428 sine
603 399 696 427 labore
722 407 827 432 eorum,
852 400 930 427 cibus
945 405 988 427 est
1005 400 1066 426 nul-

272 447 324 473 lius
339 446 507 481 operationis
522 447 564 474 vel
580 447 788 482 praeparatiouis
802 454 885 481 egens
899 455 904 473 :
922 446 976 472 illic
992 446 1064 473 enim

271 493 343 520 bona
358 492 448 519 futura
462 493 554 520 szcculi
579 493 638 519 sine
657 493 749 519 labore
765 497 846 519 erunt
859 491 950 526 aliquo
963 492 1005 518 vel
1021 492 1067 519 do-

272 539 340 570 lore,
360 539 461 567 nullius
476 539 571 572 studii,
596 539 699 566 nullius
714 544 873 573 apparatus,
888 538 991 565 nullius
1004 546 1066 573 ope-

256 602 259 603 ν
273 586 386 613 rationis
404 586 522 620 egentia.
540 586 574 612 Et
593 585 654 620 quis
668 585 749 613 nobis
763 585 821 612 hinc
838 585 895 617 det,
914 589 1010 619 aperte
1027 592 1067 612 se-

272 631 383 665 quentia
397 631 479 658 verba
494 631 658 666 legislatoris
672 631 832 658 ostendunt.

308 677 365 712 Ego
381 677 510 704 Dominus
532 678 599 704 Deus
616 682 708 710 vester,
726 677 770 712 qui
790 677 912 711 separavi
932 684 975 702 vos
988 685 1004 702 a
1018 683 1068 702 etc-

274 724 336 749 teris
352 723 463 757 populis.
481 723 537 750 Hoc
557 715 649 750 autem
666 722 793 749 Christus
820 721 902 750 fecit:
919 721 977 756 ipse
993 721 1070 747 enim

274 768 301 794 iu
323 768 479 803 Evangeliis
499 769 533 796 ab
554 769 683 796 omnibus
707 768 834 803 gentibus
847 776 903 795 non
920 767 1008 795 solum
1024 767 1067 793 in-

274 813 471 848 telligibilibus,
499 814 546 841 sed
572 815 759 845 sensibilibus,
794 813 938 849 distinguit
960 821 1008 840 eos
1022 812 1067 847 qui

274 859 301 886 in
319 867 382 886 cum
409 860 540 893 credunt;
563 861 601 887 ait
622 860 695 887 enim
711 870 716 887 :
734 859 773 886 Ne
790 860 917 894 cogitetis,
935 860 1067 885 (licentes:

274 905 344 937 Quid
355 908 519 933 eomedemus
532 906 545 933 ?
569 913 615 933 aut
633 907 696 942 quid
725 907 861 933 bibemus?
888 911 934 932 aut
956 914 1006 940 quo
1020 913 1069 931 ve-

273 951 404 978 stientur?
426 952 480 979 Ita-1:
494 957 582 978 anteiit
594 952 684 979 omnia
702 957 789 987 gentes
802 952 936 987 inquirunt
947 952 980 977 ⁸⁸³.
996 951 1067 986 Ergo

274 1001 367 1031 aperte
383 1005 433 1024 nos
458 1003 600 1032 separatos
622 1005 684 1025 esse
702 1006 717 1024 a
739 998 868 1033 gentibus
888 998 955 1030 vult,
982 998 1068 1024 subli-

274 1044 388 1071 miorem
404 1044 535 1071 sectando
548 1044 795 1071 conversationem.

311 1089 394 1118 Vens.
409 1090 455 1122 25,
472 1091 517 1117 26.
537 1101 545 1116 ‹
565 1091 696 1125 Separate
714 1099 779 1126 ergo
796 1095 824 1118 et
845 1099 893 1118 vos
914 1091 1068 1125 iumentum

274 1136 408 1163 ntttndttm
421 1137 456 1163 ab
476 1136 629 1169 immundo,
646 1145 722 1164 avem
751 1137 880 1164 mundam
899 1137 932 1163 ab
948 1136 1070 1163 immun-

274 1181 318 1209 da.
341 1181 380 1208 Ne
405 1182 533 1216 polluatis
558 1182 663 1209 animas
685 1186 792 1209 vestras
812 1183 838 1208 in
862 1189 971 1216 pecore,
998 1187 1025 1208 et
1043 1182 1070 1208 in

274 1227 382 1259 avibus,
405 1231 434 1254 et
457 1227 564 1254 eunetis
590 1235 650 1262 quae
665 1231 809 1254 moventur
828 1227 855 1254 in
869 1232 951 1258 terra,
967 1231 993 1254 et
1010 1234 1070 1262 qtae

274 1273 353 1300 vobis
365 1273 471 1300 ostendi
487 1280 548 1300 esse
565 1273 678 1307 polluta.
702 1273 784 1300 Erilis
807 1274 892 1301 sancti
912 1274 991 1304 mihi,
1007 1274 1070 1308 quia

275 1322 387 1345 sanctus
408 1326 468 1345 sum
485 1326 536 1353 ego
552 1318 683 1345 Dominus
705 1323 732 1345 et
749 1318 873 1352 separavi
891 1326 938 1345 vos
953 1326 968 1344 a
984 1326 1071 1353 popu-

275 1363 319 1395 lis,
337 1367 368 1390 ut
382 1363 481 1390 essetis
494 1364 559 1390 mei.
579 1373 588 1389 ι

309 1410 449 1441 Jumenta,
475 1410 533 1438 sive
558 1417 667 1445 pecora,
689 1409 753 1444 quia
773 1410 918 1444 populares
945 1410 1070 1436 homines

276 1456 410 1491 intelligat
423 1456 481 1489 lex;
508 1457 628 1483 volatilia
650 1461 741 1483 autem
764 1457 1007 1490 contemplatorcs,
1024 1456 1070 1490 qui

275 1503 310 1530 ad
323 1503 519 1530 sublimitatem
534 1507 633 1530 vacant
655 1503 788 1534 scientia},
803 1507 897 1537 aperte
910 1510 925 1529 a
940 1502 1029 1534 nobis,
1045 1507 1072 1529 et

276 1557 339 1575 cum
354 1549 454 1583 quibus
473 1549 617 1584 oportebat
630 1549 833 1584 Seripturarum
851 1549 1070 1583 probationibus,

276 1598 416 1622 ostensum
428 1599 479 1627 est,
496 1603 559 1622 cum
576 1595 609 1622 de
625 1594 766 1621 sacriﬁciis
782 1599 810 1621 et
832 1594 900 1622 cibis
921 1595 1073 1630 quadrupe-

277 1639 342 1667 dum
367 1640 574 1675 volatiliumque
588 1641 752 1672 diceremus,
770 1641 832 1675 quia
852 1641 943 1667 omnis
957 1641 1071 1675 popula-

277 1687 315 1713 ris
334 1687 454 1714 mundus
475 1693 587 1722 propter
609 1687 813 1721 simplicitatem
830 1696 844 1714 a
861 1687 985 1722 pluribus
997 1687 1072 1722 judi-

277 1737 366 1764 catur,
378 1733 557 1768 similiterque
573 1737 600 1760 et
616 1733 662 1768 qui
676 1733 710 1760 ad
726 1733 867 1760 scientiam
889 1733 1008 1760 divinam
1028 1741 1073 1760 se-

279 1779 411 1813 metipsos
441 1779 548 1806 tradere
573 1784 654 1814 atque
680 1787 814 1814 occupare
835 1780 971 1806 videntur.
993 1780 1073 1812 Quod

280 1834 335 1853 non
363 1826 399 1852 ita
424 1834 453 1853 se
469 1826 576 1854 habet:
603 1831 713 1862 oportet
735 1828 808 1854 en'm
828 1828 987 1862 popularem
1011 1836 1074 1862 pru-

278 1872 388 1900 dentem
405 1881 465 1900 esse
481 1874 506 1899 in
525 1873 611 1906 bono;
628 1874 653 1900 in
669 1873 740 1900 malo
756 1878 858 1906 autem,
872 1874 942 1900 sicut
958 1873 995 1900 ait
1010 1873 1075 1901 Pau-

279 1918 349 1950 lus‘,
379 1919 541 1953 simplicem.
565 1919 613 1946 llic
627 1919 700 1946 Clllll]
716 1919 762 1954 qui
782 1920 843 1947 talis
870 1924 928 1952 est,
954 1921 1074 1948 mundtts

279 1968 336 1997 est;
362 1965 408 1999 qui
429 1969 520 1991 autem
544 1964 605 1992 talis
625 1973 679 1992 non
697 1971 749 1997 est,
769 1965 929 1992 immundus
945 1970 997 1992 est.
1020 1965 1073 1992 Sed

279 2011 307 2037 (ιι
334 2011 379 2045 qui
403 2010 624 2045 contemplandis
654 2011 754 2038 divinis
779 2015 867 2042 vacat,
887 2012 1074 2038 necessarium

280 2058 362 2086 habet
375 2058 508 2085 mundum
534 2066 590 2090 cor,
615 2059 800 2094 mundumque
814 2058 1025 2091 conscientiam,
1048 2062 1075 2085 et

280 2104 359 2130 Iidem
375 2111 430 2129 non
456 2104 557 2130 ﬁctam.
582 2102 633 2136 Qui
654 2108 744 2132 autem
766 2103 826 2130 hsce
848 2111 901 2129 non
918 2103 1029 2134 habent,
1047 2103 1074 2130 in

280 2148 435 2182 vaniloquia
460 2152 668 2180 convertuntur,
690 2157 741 2175 non
758 2148 932 2182 intelligemus
950 2156 1032 2182 neque
1044 2148 1075 2174 de

281 2193 374 2227 quibus
406 2193 558 2229 loquuntur,
585 2202 666 2230 neque
679 2195 710 2221 tle
729 2194 822 2229 quibus
846 2195 990 2229 afﬁrmant,
1005 2194 1074 2221 sicut

281 2238 313 2265 ad
329 2237 503 2266 Timotheum
525 2239 655 2274 scriptum
673 2241 745 2267 est‘.
773 2239 932 2267 Necessario
959 2247 1024 2275 ergo
1048 2243 1076 2266 et

1117 311 1146 333 ut
1170 306 1303 333 imtnuttdi
1336 304 1454 340 separati
1480 308 1602 336 sunt,et
1621 303 1693 330 inter
1715 303 1855 330 immunda
1868 303 1911 330 di-

1116 353 1210 380 stincti
1227 357 1302 385 sunt,
1319 360 1333 379 a
1346 359 1465 388 quorum
1479 358 1531 378 nos
1547 350 1707 378 omnimodo
1731 349 1809 377 malis
1824 350 1911 376 absti-

1116 406 1182 425 nere
1198 398 1336 425 desiderat
1361 401 1474 432 propter
1487 396 1559 431 quod
1574 395 1696 422 addidit:

1152 444 1234 471 Erilis
1246 444 1331 470 sancti
1343 443 1416 474 iui/ti,
1434 443 1495 476 quia
1512 450 1559 477 ego
1573 446 1680 468 sanctus
1696 449 1753 467 sum
1772 440 1910 467 Dominus.

1117 490 1168 523 Qui
1195 490 1280 517 forma
1299 488 1375 517 vobis
1388 487 1607 516 conversationis
1635 486 1752 514 eﬁ’ectus
1778 494 1849 518 sum,
1866 495 1910 520 qui

1119 541 1223 563 tantum
1248 539 1389 562 aversatus
1414 542 1475 561 sum
1504 539 1624 564 terrena,
1647 538 1678 559 ιιι
1707 540 1758 559 llCC
1782 533 1911 560 Ιιὶιϋρτιξιη

1118 591 1171 618 quo
1197 583 1358 610 reclinaretn
1380 586 1472 616 caput,
1500 580 1547 615 qui
1577 581 1659 607 etiam
1682 580 1752 606 meis
1768 579 1913 614 discipulis

1119 628 1263 655 mandavi:
1292 627 1352 654 Non
1374 626 1531 661 possideatis
1547 634 1644 652 aurum
1662 633 1744 659 neque
1760 630 1910 658 argentum,

1119 683 1200 710 neque
1211 682 1246 701 ατε
1259 675 1286 700 in
1298 674 1370 700 zonis
1385 674 1485 706 vestris,
1503 681 1555 700 non
1572 681 1662 707 perant
1675 673 1702 699 in
1718 674 1771 704 uia,
1788 681 1833 699 nec
1846 673 1914 698 duas

1120 721 1230 752 tunicas,
1246 728 1327 754 neque
1342 719 1533 751 culceamenta,
1556 719 1780 754 nequcvirgttnt’.
1799 719 1827 745 In
1852 724 1913 745 tan-

1120 773 1176 794 tum
1188 775 1252 802 ergo
1266 774 1360 794 eorum
1381 775 1442 801 qum
1457 766 1486 793 in
1507 771 1580 792 terra
1596 770 1707 800 repunt,
1725 765 1795 793 nihil
1807 773 1855 793 eos
1871 773 1916 792 sa-

1120 822 1184 849 pere
1199 818 1244 840 aut
1258 821 1338 848 agere
1351 814 1451 840 studet.

1157 860 1237 887 Vens.
1253 859 1298 887 ‘27.
1323 868 1332 884 (
1356 858 1414 891 Vir,
1440 859 1498 886 sive
1522 859 1631 889 mulier,
1653 859 1681 884 in
1698 858 1798 892 quibus
1813 857 1917 892 Pytho-

1121 906 1208 938 uicus,
1225 906 1267 933 vel
1292 905 1469 933 divinationis
1489 904 1573 932 fuerit
1598 904 1723 939 spiritus,
1750 907 1837 930 tuortc
1858 911 1918 931 mo~

1121 952 1234 983 riantur,
1258 951 1394 986 lapidibus
1416 951 1535 978 obruent
1550 958 1607 977 eos.
1626 949 1744 984 Sanguis
1767 957 1861 975 eorum
1883 949 1919 976 sit

1122 1006 1204 1032 super
1217 998 1286 1024 illos.
1308 1007 1317 1023 ι

1157 1043 1214 1071 lloc
1232 1044 1319 1078 ipsutn
1335 1042 1515 1079 Pythonicum
1536 1049 1607 1073 esse,
1624 1041 1666 1068 vel
1692 1041 1827 1072 divinum,
1846 1040 1915 1068 sive,

1122 1095 1151 1116 ut
1164 1089 1246 1122 LXX,
1273 1090 1477 1120 incantatorem,
1501 1087 1591 1115 nimia:
1619 1086 1773 1121 iniquitatis
1792 1091 1853 1113 est:
1871 1086 1917 1119 qui

1122 1137 1194 1163 enim
1214 1136 1274 1163 talis
1287 1140 1340 1168 est,
1356 1139 1385 1163 et
1400 1135 1458 1170 ipse
1476 1138 1623 1169 corruptus
1647 1137 1701 1164 est,
1718 1138 1745 1159 et
1760 1132 1829 1159 alios
1852 1139 1917 1166 pro—

1121 1182 1165 1208 cul
1177 1181 1259 1208 dubio
1283 1182 1309 1208 in
1334 1189 1383 1208 sua
1403 1181 1547 1216 iniquitate
1562 1179 1722 1214 corrumpit.
1748 1178 1827 1205 Unde
1848 1185 1919 1211 pra:-

1122 1227 1193 1261 ecpit
1206 1226 1343 1261 lapidibus
1364 1234 1427 1253 eum
1441 1226 1532 1258 obrui,
1549 1225 1612 1260 quia
1630 1233 1682 1252 nec
1703 1224 1834 1251 sensibile
1852 1223 1919 1258 quid

1122 1275 1238 1309 agimus,
1262 1274 1309 1301 sed
1328 1274 1437 1301 fabulas
1452 1273 1485 1300 de
1502 1273 1596 1305 corde,
1619 1271 1703 1298 veluti
1722 1270 1876 1306 superﬂuos
1893 1275 1921 1296 et

1122 1328 1206 1347 vanos
1232 1328 1384 1351 sermones,
1413 1319 1455 1346 vel
1484 1319 1608 1354 quaedam
1641 1317 1720 1353 quasi
1749 1317 1920 1344 incantanlia

1122 1367 1320 1399 blandimenta,
1345 1366 1506 1401 incongruis
1530 1365 1716 1392 doctrinarum
1743 1363 1921 1390 sermonibus

1123 1412 1275 1444 studemus,
1301 1416 1330 1439 ut
1346 1412 1529 1447 popularium,
1547 1411 1604 1438 sive
1619 1402 1787 1444 simplicium
1804 1409 1921 1436 seduca-

1123 1467 1184 1485 mus
1196 1459 1315 1490 auditus,
1340 1459 1374 1486 ad
1393 1459 1554 1486 nutriendos
1573 1463 1683 1485 ventres
1704 1462 1824 1489 nostros,
1839 1462 1922 1491 atque

1123 1505 1233 1539 explere
1249 1511 1358 1532 nostras
1381 1506 1536 1540 voluptates
1553 1505 1621 1532 alias
1637 1505 1736 1532 talibus
1758 1505 1923 1540 exquisitio—

1123 1551 1204 1578 nibus
1219 1551 1372 1586 cupiemes.
1391 1551 1491 1586 Aperte
1516 1551 1590 1578 enim
1607 1551 1792 1586 intelligibiles
1820 1551 1923 1585 Pytho-

1124 1597 1202 1624 nicos
1228 1602 1256 1624 ct
1286 1605 1386 1632 pravos
1414 1597 1599 1624 incantatores
1628 1597 1762 1624 Romanis
1795 1597 1922 1625 scribens

1123 1642 1224 1669 Paulus
1253 1651 1300 1670 vas
1326 1643 1467 1670 electionis
1487 1643 1644 1678 expressit:
1674 1642 1806 1678 Rogamus
1829 1648 1922 1668 autem

1124 1696 1177 1721 vos,
1196 1688 1302 1722 fratres,
1322 1693 1350 1714 ut
1366 1688 1506 1715 observetis
1522 1696 1564 1714 eos
1586 1688 1631 1723 qui
1654 1688 1828 1714 dissensiones
1853 1687 1924 1714 inter

1125 1742 1167 1760 vos
1183 1739 1206 1761 et
1226 1734 1380 1769 olfemlicula
1402 1740 1498 1768 prwter
1522 1735 1669 1761 doctrinam
1691 1742 1770 1769 quam
1789 1742 1834 1760 vos
1849 1734 1922 1759 didi-

1125 1781 1205 1812 cistis,
1230 1781 1341 1815 faciunt,
1358 1786 1381 1807 et
1397 1781 1526 1808 declinato
1540 1780 1572 1807 ab
1585 1781 1622 1808 eis
1634 1781 1653 1807 ⁵.
1673 1780 1726 1813 Qui
1747 1785 1838 1807 autent
1868 1780 1924 1807 sint

1125 1826 1164 1858 hi,
1181 1826 1208 1853 in
1228 1827 1462 1862 subsequentibus
1476 1827 1644 1861 explanavit:
1662 1826 1696 1853 Ηί
1721 1827 1790 1853 enim
1810 1826 1924 1853 Domino

1125 1878 1213 1900 nostra
1233 1873 1334 1900 Christo
1355 1881 1406 1900 non
1431 1874 1555 1905 serviunt,
1570 1874 1615 1900 sed
1636 1881 1683 1899 suo
1709 1873 1804 1905 ventri,
1826 1877 1853 1899 et
1879 1880 1926 1906 per

1125 1918 1213 1946 dulces
1240 1928 1380 1951 sermones,
1407 1924 1432 1946 et
1457 1920 1666 1952 benetlietiones,
1691 1920 1819 1946 seducunt
1842 1920 1924 1946 corda

1126 1966 1301 1992 innocentium
1313 1966 1333 1992 ".
1353 1965 1423 2001 Ergo
1437 1966 1508 1993 bene
1523 1965 1563 1993 cis
1577 1966 1714 2001 legislator
1729 1966 1797 1993 dixit
1812 1975 1819 1992 :

1160 2009 1274 2045 Sanguis
1292 2019 1383 2037 eorum
1402 2011 1524 2045 sitsnper
1539 2019 1590 2038 eos.
1614 2011 1684 2043 Quia
1698 2011 1722 2038 vi
1741 2016 1926 2046 corrumpunt

1125 2057 1268 2092 populum.
1504 2049 1507 2052 ’

1424 2102 1539 2130 CAPUT
1556 2103 1626 2130 XXI.

1163 2148 1243 2176 Vnus.
1261 2149 1319 2177 1-4.
1349 2160 1357 2175 ι
1375 2149 1503 2184 Dixitque
1521 2149 1653 2176 Dotniuus
1667 2149 1700 2176 ad
1720 2148 1830 2184 Moysen
1845 2158 1851 2175 :
1871 2149 1926 2177 Lo-

1126 2203 1210 2230 quere
1225 2195 1259 2223 ad
1278 2195 1444 2227 sacerdotes,
1465 2195 1536 2222 ﬁlios
1553 2195 1653 2227 Aaron,
1678 2200 1705 2222 et
1721 2195 1796 2222 dices
1815 2195 1850 2221 ad
1866 2203 1926 2222 eos.

1127 2241 1165 2268 Ne
1181 2242 1384 2268 contantinetur
1397 2241 1525 2269 sacerdos
1548 2241 1577 2267 iu
1593 2241 1726 2268 mortibus
1741 2240 1842 2267 civium
1861 2249 1927 2268 suo-

282 2285 380 2313 horum
392 2285 555 2320 illorumque
571 2286 688 2313 tnuudos
709 2286 830 2320 separari
849 2286 980 2321 praecepit
994 2290 1076 2320 atque
1095 2294 1114 2321 ι)
1130 2293 1200 2318 rum,
1216 2286 1269 2313 nisi
1284 2291 1388 2313 tantum
1405 2286 1431 2312 in
1444 2286 1659 2321 consanguineis
1675 2291 1723 2313 aut
1739 2287 1926 2321 propinquis;

281 2331 446 2364 immundos,
465 2336 495 2358 ιιι
508 2332 542 2359 ab
561 2332 603 2359 his
618 2332 813 2363 abstineamus,
831 2332 884 2359 illis
900 2332 1076 2360 commiscea-

281 2387 352 2406 ntur.
380 2379 433 2406 Sed
459 2378 573 2405 multam
600 2378 762 2413 sapientiam
784 2386 862 2405 suam
890 2378 971 2405 etiam
1001 2387 1076 2406 nunc

281 2424 417 2459 legislator
441 2423 578 2456 ostendit,
605 2423 638 2450 de
661 2422 885 2457 quadrupedibus
913 2422 1023 2457 quidem
1049 2427 1076 2450 et

282 2470 437 2497 volatilibus
466 2471 503 2496 ita
539 2469 722 2505 distinguens,
751 2469 778 2495 in
810 2469 954 2504 reptilibus
981 2474 1074 2496 autem

282 2520 360 2543 terra:
376 2524 430 2543 non
445 2517 491 2547 ita,
510 2520 607 2542 cuncta
622 2515 694 2542 enim
705 2523 764 2550 quze
781 2519 927 2542 moventur
943 2515 970 2541 in
992 2521 1074 2547 terra,

282 2563 423 2590 iutmunda
450 2568 515 2590 sunt
530 2572 535 2589 :
553 2562 604 2595 Qui
621 2568 728 2590 terrena
751 2561 878 2589 videlicet
899 2562 981 2596 sapit,
997 2562 1077 2596 cujus

283 2610 355 2637 heus
369 2613 463 2636 venter
486 2614 537 2642 est,
564 2609 610 2644 qui
632 2617 738 2636 veneno
769 2609 889 2644 pascitur
913 2609 1076 2636 constituta-

283 2664 343 2682 rum
361 2655 386 2681 in
404 2655 514 2689 pulvere
530 2655 709 2690 voluptatum.
727 2655 764 2682 De
781 2655 847 2690 ipsis
872 2655 1017 2690 siquidem,
1038 2655 1075 2682 si-

282 2706 327 2729 cut
347 2702 447 2734 cernis,
463 2701 621 2729 indistincte
638 2706 740 2734 narrat,
757 2701 851 2728 dicens
865 2710 870 2727 :

320 2746 353 2773 I'It
373 2748 473 2774 cunctis
499 2755 558 2782 quze
584 2753 720 2774 moventur
748 2748 775 2774 in
795 2752 877 2779 terra,
895 2752 918 2774 et
936 2756 994 2782 qua:
1009 2748 1077 2774 vobis

285 2795 383 2821 Mlt'tldi
406 2803 461 2822 esse
481 2794 592 2829 polluta.
618 2793 688 2830 Ergo
711 2802 807 2822 omnes
826 2794 870 2829 qui
895 2795 1012 2822 terrenis
1029 2803 1077 2829 pa~

319 2894 341 2908 ”
362 2893 455 2921 Mulli].
474 2901 509 2924 vt,
524 2893 567 2919 iii.

274 2929 332 2967 _ts.

609 2893 614 2907 ⁸
631 2892 776 2925 Rom.xv1,
794 2893 831 2920 l'J.

869 2895 877 2908 ⁷
890 2893 897 2919 l
912 2893 981 2921 Tim,
1000 2902 1017 2926 ιΥ
1033 2894 1060 2927 ﬁ,
1079 2894 1104 2920 7.

1129 2331 1154 2358 id
1167 2336 1218 2363 est,
1234 2339 1317 2366 super
1331 2335 1418 2366 patre,
1432 2339 1465 2358 ac
1480 2335 1577 2364 matre,
1592 2336 1619 2358 et
1634 2331 1700 2362 ﬁlio,
1716 2337 1742 2358 et
1759 2331 1825 2362 ﬁlia,
1840 2332 1928 2359 fratre

1129 2384 1237 2412 quoque
1255 2383 1282 2404 et
1294 2385 1387 2405 sorore
1401 2378 1514 2412 virgine,
1530 2385 1591 2412 quae
1607 2386 1660 2404 non
1687 2382 1728 2404 est
1744 2383 1829 2412 nupta
1846 2379 1927 2406 viro:

1130 2423 1179 2450 sed
1221 2431 1272 2451 nee
1303 2420 1330 2451 iit
1362 2424 1487 2459 principe
1524 2425 1615 2460 populi
1645 2424 1686 2451 sui
1723 2425 1929 2452 contaminabi-

1133 2473 1184 2495 tur.
1207 2478 1215 2494 ι

1167 2515 1236 2542 LXX
1257 2520 1358 2548 autem,
1389 2516 1448 2543 Non
1462 2516 1595 2551 polluetur
1615 2525 1646 2543 ex
1660 2516 1745 2543 subito
1779 2517 1807 2542 in
1830 2517 1930 2549 populo

1130 2570 1187 2595 suo,
1201 2563 1235 2589 ad
1249 2563 1460 2598 profanationem
1478 2572 1564 2590 suam.
1576 2563 1680 2590 Littera
1697 2563 1808 2597 quidem
1823 2571 1839 2589 a
1856 2570 1930 2589 mor-

1132 2613 1240 2635 tuorum
1269 2609 1463 2642 pollutionibus
1489 2609 1585 2644 fugere
1608 2609 1765 2636 sacerdotes
1782 2610 1927 2643 praecepit,

1132 2654 1179 2681 sed
1196 2662 1249 2682 non
1270 2655 1328 2682 inec
1340 2659 1382 2682 est
1396 2656 1463 2690 legis
1478 2647 1606 2687 intentio,
1621 2663 1711 2690 neque
1723 2655 1757 2682 de
1775 2655 1829 2682 hoc
1845 2655 1929 2690 legis-

1132 2700 1202 2727 lator
1237 2701 1388 2735 proposuit,
1416 2701 1464 2728 sed
1479 2701 1582 2735 aliquid
1609 2701 1698 2736 majus
1724 2700 1874 2733 intellexit,
1901 2705 1931 2727 et

1131 2747 1203 2781 quod
1221 2747 1305 2774 niluis
1329 2748 1362 2775 de
1380 2748 1570 2775 sacerdotibus
1585 2747 1741 2775 necessarie
1765 2747 1927 2774 diceretur:

1131 2793 1193 2828 quia
1210 2794 1281 2820 enitn
1301 2793 1374 2829 ipsos
1388 2795 1534 2829 inspicere,
1550 2794 1660 2829 quando
1674 2794 1814 2830 negliguut
1833 2793 1931 2828 populi

1145 2895 1153 2911 ³
1169 2893 1262 2922 Matth.
1281 2904 1306 2929 κ,
1324 2895 1354 2929 9;
1369 2894 1434 2924 Luc.
1449 2904 1484 2929 ιι,
1499 2897 1524 2923 5.

1563 2897 1572 2913 δ
1589 2897 1667 2924 Rom.
1682 2904 1736 2929 xvi,
1753 2895 1795 2923 17.
1834 2895 1846 2910 ⁵
1859 2895 1927 2924 ibid.
