2056 3148
171 202 183 235 i
189 205 242 237 053

754 211 793 240 ΙΝ
812 211 1032 241 LEVITICUM.
1050 223 1082 229 —
1101 213 1173 241 LIB.
1194 213 1244 243 VI.

1745 213 1812 246 1054

167 269 291 299 peccata,
306 265 418 298 dicitur,
434 268 584 296 secundum
602 270 675 304 quod
692 269 719 296 in
741 269 811 297 Osee
832 269 966 304 Scriptum
982 276 1003 299 Α
1019 272 1219 305 subscquenter
1240 270 1355 303 addidit,
1375 270 1527 298 secundum
1548 269 1630 302 LXX,
1648 279 1699 297 non
1716 272 1812 306 pollui-

167 314 228 337 est:
245 309 358 336 Pet-cata
370 312 461 345 populi
477 314 528 339 mei
545 315 693 346 comedunt,
712 320 736 342 et
751 317 785 342 ad
798 316 965 351 iniquitatem

166 364 257 382 eorum
285 356 455 384 sublevabunt
478 359 583 386 animus
611 362 728 388 eorum“.
765 362 824 388 Non
854 363 964 397 quidem

166 402 268 434 omnia,
287 410 458 438 quaecunque
483 405 600 439 populus
632 412 738 440 peccat,
765 407 833 442 ipsis
856 413 966 442 opertrt

166 448 309 482 imputari,
342 449 389 475 sed
419 450 585 478 intendenda
616 456 659 479 cst
687 452 731 479 illa
760 453 795 480 ab
823 453 965 480 Ezechiele

166 495 300 528 propheta
328 495 401 522 dicta
419 496 538 524 divisio:
560 497 613 524 Fili
630 498 754 530 hominis,
771 500 964 534 speculatorem

164 541 225 566 dedi
239 545 265 566 te
284 541 374 567 domui
393 541 489 574 Israel,
506 547 530 570 et
545 544 636 570 audies
647 545 680 576 de
696 553 741 572 ore
767 554 823 572 meo
846 546 962 577 verbum,

164 591 188 612 ct
204 586 377 613 annuntiabis
391 588 429 614 eis
449 596 481 614 ex
498 597 558 615 me:
580 589 603 615 si
615 590 715 616 dicente
729 598 769 616 me
788 590 824 617 ad
838 591 960 624 impium,

163 631 247 657 Morte
259 632 388 663 morieris.
406 641 458 659 non
481 635 680 662 annuntiaveris
710 636 744 666 ei.
762 636 959 670 ncquelocutus

163 678 255 711 fuerit,
283 683 312 704 ut
336 683 472 705 avertatur
495 688 511 706 α
528 681 570 706 via
588 688 636 707 sua
661 681 754 715 impia,
770 686 795 708 et
806 682 887 714 vivat,
908 683 963 716 ipse

164 723 261 756 impius
279 723 306 749 in
330 724 470 758 iniquitate
482 733 533 751 sua
549 727 684 758 morietur,
700 727 855 761 sanguinem
868 732 960 754 autem

162 767 221 800 rjus
230 768 264 794 de
289 777 370 794 manu
385 773 430 794 tua
445 769 592 804 requiram.
613 770 642 797 Si
660 776 749 797 autem
771 776 798 797 tu
815 772 961 798 annuntia-

161 813 229 839 t'eris
247 814 336 847 impio,
356 819 380 840 et
400 814 445 841 ille
460 823 510 841 non
530 816 609 850 fuerit
627 824 763 842 conversus
777 817 810 842 ab
825 816 962 850 impietate

160 868 221 891 sua,
240 865 265 886 et
281 860 323 886 via
336 869 384 886 sua
402 861 494 894 impia,
516 862 571 896 ipse
588 862 693 896 quidem
709 863 736 888 in
754 863 897 897 iniquitate
911 871 960 889 sua

162 907 299 937 morietur,
326 911 353 932 tu
378 911 468 933 autent
489 908 607 933 animam
633 912 706 934 tuam
729 908 877 935 liberasti".
903 908 961 935 Hoc

1017 321 1060 342 tur
1090 317 1176 344 subito
1200 317 1227 343 in
1241 316 1337 351 populo
1358 325 1424 347 suo,
1442 317 1477 343 ad
1492 317 1703 352 profanationem
1724 326 1810 344 suam.

1016 361 1086 394 Quid
1107 369 1156 396 per
1170 361 1220 389 hoc
1234 362 1392 393 ostendens,
1409 361 1460 388 nisi
1475 362 1538 396 quia
1555 361 1685 396 polluitur
1698 362 1808 396 quidem

1016 407 1088 434 etin
1111 408 1210 442 populo
1233 412 1363 441 peccante
1387 407 1523 439 sacerdos,
1548 407 1597 434 sed
1625 415 1681 433 non
1697 407 1811 434 subito?

1016 452 1081 484 Quae
1110 456 1202 479 autem
1223 453 1357 480 accedunt
1386 452 1413 478 in
1449 451 1588 478 extraneis
1620 452 1715 486 cuilue,
1753 452 1810 478 lucc

1016 505 1069 524 non
1101 498 1172 525 illico
1200 498 1369 525 sacerdotem
1399 497 1598 529 contaminant,
1628 497 1674 524 sed
1701 497 1810 531 quando

1016 545 1065 579 ipsi
1094 544 1204 578 quidem
1231 543 1433 578 permanserint
1448 543 1475 569 in
1504 542 1632 577 peccatis,
1654 543 1810 569 sacerdotes

1015 596 1106 617 autem
1131 598 1178 618 eos
1211 597 1307 617 curare
1342 589 1522 625 neglexerint.
1564 588 1677 623 Insuper
1719 589 1809 615 subito

1014 636 1149 670 quispiam
1167 643 1284 670 peccans
1301 635 1335 662 de
1359 634 1471 669 populo,
1492 634 1571 661 venia
1591 634 1703 669 dignum
1719 642 1810 660 sacer—

1013 682 1116 713 dotem,
1138 687 1232 716 utpote
1256 681 1438 716 ignorantem,
1465 680 1545 712 facit;
1569 684 1691 714 tempore
1717 684 1808 706 autent

1013 727 1094 761 latigo
1107 731 1288 761 praeparatum
1306 730 1449 760 peccatum
1473 725 1659 755 committens,
1674 724 1764 750 locum
1781 724 1807 750 ei

1013 771 1099 798 venia:
1113 779 1167 798 non
1178 771 1305 805 reliquit:
1320 771 1464 805 oportebat
1479 769 1553 797 enim
1566 769 1735 796 sacerdotem
1752 777 1808 796 non

1014 818 1147 852 ignorare,
1165 818 1187 844 si
1212 822 1303 844 tamen
1335 817 1481 852 diligenter
1498 816 1599 850 populo
1624 815 1806 849 praesedisset,

1013 868 1139 897 essetque
1158 863 1292 890 sollicitus
1315 862 1453 897 quomodo
1481 861 1537 894 hic,
1557 861 1694 896 quomodo
1720 861 1764 888 ille
1779 869 1808 888 se

1015 908 1137 939 haberet,
1164 913 1254 935 utrum
1286 912 1391 934 starent
1410 915 1444 933 an
1466 911 1607 938 nularent,
1626 911 1656 933 ιιι
1679 912 1808 934 nutantes

160 955 253 977 autem
269 950 400 985 apertius,
417 951 465 978 sed
483 956 510 978 ct
521 952 649 979 subtilius
665 952 692 979 in
708 953 835 987 prmscnti
851 953 959 988 lcgisla-
978 942 997 967 Β
1012 955 1132 982 fulciret.
1148 954 1178 981 lli
1200 955 1274 981 enim
1293 954 1339 988 qui
1368 953 1461 981 subito
1478 953 1590 986 cadunt,
1608 961 1655 980 eos
1668 953 1714 987 qui
1735 961 1806 988 pra:-

161 1000 204 1021 tor
225 995 354 1029 exposuit
367 1004 374 1022 :

195 1039 228 1066 Ιη
246 1041 384 1073 mortibus,
400 1041 495 1076 inquit,
508 1044 561 1068 non
577 1043 790 1068 contaminemur
808 1042 877 1068 inter
892 1042 962 1068 cives

159 1094 230 1113 suos.
249 1086 279 1113 lu
294 1087 416 1121 quibus?
440 1087 470 1114 In
484 1088 663 1122 peccantibus
680 1087 818 1120 videlicet,
839 1088 885 1122 qui
900 1088 959 1122 pol-

161 1133 267 1160 lutione
293 1134 475 1168 complentur,
509 1137 538 1162 et
568 1134 629 1162 aliis
662 1134 772 1168 quidem
807 1134 957 1161 secundum

157 1180 293 1214 quosdam
309 1181 404 1208 modos
419 1181 578 1216 pollutionis
594 1185 724 1208 auctores
739 1181 817 1213 ﬁunt,
837 1182 956 1208 maxime

159 1230 253 1252 tamen
278 1225 467 1253 sacerdotibus
488 1231 516 1253 et
531 1226 702 1258 doctoribus,
724 1227 835 1260 quando
851 1234 897 1252 cos
913 1233 958 1252 ne-

158 1271 301 1306 glexerint.
319 1270 511 1299 Verumtamen
527 1271 555 1298 in
574 1272 626 1304 bis,
640 1273 688 1304 ait,
713 1280 768 1299 non
783 1272 956 1299 contamina-

159 1323 205 1343 tur
231 1317 259 1344 in
286 1318 421 1344 mortibus
446 1318 547 1345 civium
574 1326 697 1350 suorum,
726 1318 753 1345 id
777 1323 830 1350 est,
847 1318 956 1352 quando

158 1365 227 1391 nihil
241 1365 345 1392 inventi
355 1364 467 1398 fuerint,
478 1365 550 1400 quod
564 1367 603 1392 eis
622 1366 794 1400 expediebat,
818 1366 954 1395 omisisse.

158 1410 206 1436 sed
221 1409 272 1444 ipsi
287 1409 397 1444 quidem
410 1410 482 1444 quod
498 1410 531 1436 ad
547 1418 576 1437 se
590 1410 721 1444 pertinuit
737 1410 847 1441 fecisse,
864 1414 891 1436 et
908 1410 953 1437 Dei

158 1454 245 1489 legem
271 1454 451 1489 praedicasse:
483 1455 522 1482 illi
550 1459 643 1482 autem
671 1455 796 1482 nolentes
822 1455 951 1486 obedire,

157 1507 276 1529 mortem
303 1503 414 1530 sibimet
438 1503 630 1530 conduxeruut
663 1502 865 1530 inobedientiae.
894 1502 953 1530 Non

157 1555 224 1583 ergo
248 1548 275 1575 in
292 1548 335 1575 his
357 1548 402 1583 qui
422 1553 546 1583 praesunt
571 1549 743 1583 polluuntur,
768 1549 817 1576 sed
842 1549 870 1575 in
889 1556 954 1583 pro-

157 1593 262 1628 pinquo
284 1597 313 1620 et
337 1593 460 1626 proximo
488 1600 547 1625 suo,
577 1593 603 1619 in
629 1599 708 1628 patre
722 1596 750 1620 et
764 1593 792 1620 in
810 1597 907 1626 matre,
925 1593 952 1619 in

156 1640 222 1668 {iliis
237 1644 266 1667 et
290 1639 407 1673 ﬁliabus,
433 1640 461 1667 in
491 1640 576 1667 fratre
591 1645 619 1667 et
635 1647 729 1667 sorore
759 1640 876 1675 virgine,
894 1647 956 1674 quae

157 1695 213 1714 non
230 1691 272 1714 est
285 1691 371 1722 nupta
389 1687 458 1714 viro.
477 1685 592 1721 Oportet
607 1686 681 1713 enim
706 1686 878 1714 sacerdotem
895 1686 958 1713 dili-

156 1732 278 1766 gentiam
296 1732 426 1758 adhibere
438 1736 466 1758 et
479 1731 581 1766 populo
596 1735 626 1758 ut
639 1738 695 1758 non
708 1734 814 1766 peccet,
827 1731 876 1759 sed
890 1738 958 1766 prae-

157 1779 238 1813 cipue
255 1779 346 1806 domui
363 1786 420 1806 suae
435 1783 463 1805 et
474 1778 597 1813 cognatis
611 1786 617 1809 ;
639 1782 752 1812 propter
769 1778 841 1812 quod
857 1777 958 1804 Paulus

155 1826 214 1852 ait:
231 1824 428 1859 Hacprwcipe,
461 1829 489 1851 ut
513 1823 753 1858 irrepre/tensibiles
773 1824 835 1850 sint.
853 1823 882 1851 Si
900 1824 958 1859 quis

159 1876 247 1897 autem
274 1878 393 1902 suorum,
408 1876 431 1897 et
445 1871 560 1897 maxime
569 1871 783 1902 dontcsticorum,
799 1879 892 1897 curam
907 1879 958 1897 non

157 1917 245 1948 liabet,
266 1917 344 1951 ﬁdem
373 1916 488 1952 negauit,
517 1921 541 1943 et
567 1920 605 1942 est
630 1916 730 1950 inﬁdeli
761 1916 903 1942 deterior“.
925 1917 959 1943 Et

158 1971 273 1990 rursus:
300 1962 328 1990 Si
343 1967 431 1989 autem
448 1963 516 2000 .quis
535 1970 590 1989 sua:
615 1962 705 1988 domui
731 1969 842 1996 prazesse
865 1963 955 1993 nescit,

157 2009 287 2043 quomodo
307 2008 431 2035 Ecclesia:
458 2008 505 2034 Dei
524 2016 615 2034 curam
627 2007 774 2034 habebit"?
790 2007 821 2034 ln
839 2007 908 2039 lilio,
926 2011 954 2033 et

158 2054 226 2087 tilia,
244 2061 270 2082 et
298 2054 392 2086 fratre,
407 2058 434 2081 et
447 2062 542 2083 sorore
566 2045 681 2089 virgine,
698 2053 827 2080 videlicet
839 2061 958 2087 peccan-

157 2100 232 2127 tibus
242 2120 250 2131 ,
262 2100 419 2127 necessarie
432 2100 560 2127 sacerdos
578 2099 724 2134 polluitur:
744 2103 837 2134 utpote
851 2099 897 2133 qui
911 2099 958 2126 de-

157 2147 204 2173 bet
220 2146 353 2181 quotidie,
378 2146 426 2173 sed
439 2151 466 2172 et
487 2146 562 2173 omni
577 2147 655 2178 hora,
669 2154 702 2173 ea
716 2154 776 2180 qua:
789 2146 823 2172 ad
840 2145 955 2172 salutem

157 2193 300 2227 pertinent
325 2201 373 2219 eos
393 2192 541 2224 instruere,
572 2196 600 2219 et
627 2192 739 2227 vigilare
760 2192 832 2220 circa
853 2199 912 2222 eos.
928 2197 958 2219 ut

156 2247 211 2266 non
230 2244 343 2274 peccan
354 2239 415 2266 talia
431 2247 491 2273 qua:
503 2242 591 2265 morte
604 2242 669 2265 sunt
681 2238 773 2272 digna.
793 2238 850 2265 Hoc
864 2243 956 2265 autem

1011 1005 1075 1027 sunt
1103 1000 1162 1027 sine
1190 1000 1269 1034 culpa
1298 999 1412 1031 faciunt,
1438 998 1666 1033 quemadmodum
1690 998 1807 1033 procella

1010 1046 1205 1081 gubernantes,
1234 1054 1266 1073 ex
1288 1045 1436 1080 improviso
1456 1044 1666 1079 superveniens.
1695 1045 1729 1070 Et
1742 1052 1807 1078 pro-

1010 1097 1103 1126 ptcrea
1116 1100 1170 1118 non
1187 1092 1255 1118 dixit
1267 1091 1437 1119 sacerdotem
1453 1090 1545 1118 subito
1563 1090 1589 1116 in
1602 1090 1704 1125 populo
1721 1090 1806 1124 pollui

1008 1138 1041 1164 ad
1067 1137 1285 1172 profanationem
1311 1145 1399 1164 suam.
1421 1136 1480 1164 Non
1501 1136 1601 1163 frustra
1617 1140 1708 1162 autem
1726 1135 1805 1162 addi-

1007 1184 1048 1210 dit
1070 1184 1292 1219 profanationem,
1327 1184 1376 1210 sed
1401 1183 1466 1210 illud
1492 1191 1542 1218 per
1559 1183 1611 1209 hoc
1629 1182 1743 1209 verbum
1761 1182 1806 1209 ιιι-Δ

1008 1236 1111 1255 nncus:
1137 1229 1201 1262 quia
1221 1228 1330 1263 quando
1345 1227 1472 1255 sacerdos
1490 1227 1631 1262 polluitur,
1654 1226 1805 1253 secundum

1008 1274 1165 1308 praedictam
1187 1281 1308 1307 causam,
1333 1273 1424 1308 populi
1439 1272 1545 1308 peccati
1561 1272 1699 1304 videlicet,
1715 1272 1801 1306 negli—

1007 1328 1074 1355 gens
1085 1324 1112 1347 et
1126 1328 1181 1346 non
1197 1328 1280 1355 agens
1300 1327 1361 1354 qua:
1375 1319 1463 1345 modis
1481 1318 1608 1345 omnibus
1633 1318 1804 1344 sacerdotem

1006 1366 1159 1400 oportebat,
1176 1366 1316 1400 profanus,
1337 1365 1363 1391 id
1380 1371 1422 1392 cst
1437 1364 1527 1391 nudus
1542 1363 1686 1390 sacerdotii
1708 1362 1800 1397 digni-

1007 1416 1062 1438 tate
1088 1411 1226 1438 invenitur
1258 1418 1330 1437 unus
1357 1414 1383 1437 et
1412 1410 1469 1444 ipse
1499 1409 1532 1436 de
1547 1409 1660 1435 multis:
1693 1408 1802 1442 profani

1006 1457 1080 1484 enim
1107 1458 1135 1484 bi
1161 1458 1207 1492 qui
1233 1465 1288 1483 non
1312 1460 1377 1483 sunt
1402 1455 1563 1483 sanctiﬁcati
1601 1455 1750 1486 dicuntur,
1777 1458 1805 1480 ct

1006 1504 1122 1532 multum
1151 1507 1235 1536 recte,
1266 1503 1331 1537 quia
1360 1509 1391 1529 ca
1407 1509 1468 1536 qua:
1485 1506 1549 1529 sunt
1577 1501 1729 1528 sacerdotis
1749 1509 1804 1528 non

1005 1550 1138 1585 legerunt.

1042 1595 1123 1623 Vens.
1140 1596 1167 1623 5.
1190 1605 1199 1620 ί
1218 1596 1278 1622 Νοη
1291 1595 1391 1622 radent
1402 1599 1495 1629 caput,
1508 1601 1560 1621 nec
1573 1594 1699 1625 barbam,
1716 1601 1805 1628 neque

1010 1642 1036 1669 in
1057 1642 1186 1669 carnibus
1197 1641 1254 1668 suis
1269 1640 1371 1668 facient
1384 1640 1529 1667 incisuras.
1549 1649 1558 1665 ι

1046 1687 1124 1715 Vinci
1148 1696 1164 1714 a
1190 1687 1380 1714 sacerdotibus
1413 1686 1495 1713 etiam
1526 1685 1665 1712 tristitiam
1687 1693 1747 1720 qua:
1772 1685 1806 1712 de

1009 1740 1097 1763 morte
1110 1735 1181 1762 solet
1196 1735 1338 1767 accedere,
1353 1734 1396 1761 lex
1411 1738 1486 1761 recte
1504 1734 1637 1769 praecipit,
1649 1739 1742 1769 utpote
1759 1736 1803 1768 qui

1009 1785 1037 1808 et
1049 1781 1099 1815 ipsi
1113 1788 1190 1814 spem
1207 1780 1270 1807 vita:
1282 1780 1380 1806 futurae
1394 1779 1496 1806 habent
1507 1783 1535 1805 et
1550 1779 1678 1813 populum
1695 1780 1803 1806 docent.

1010 1825 1064 1853 Sed
1080 1829 1157 1852 extra
1171 1825 1231 1852 lucc
1246 1833 1302 1852 non
1318 1824 1407 1852 solum
1424 1824 1450 1850 in
1469 1823 1587 1858 propriis
1601 1824 1721 1858 peccatis
1737 1824 1806 1859 vigi—

1009 1872 1066 1898 lare
1082 1879 1130 1900 eos
1149 1876 1177 1899 et
1191 1876 1298 1898 mentes
1312 1870 1415 1897 habere
1430 1877 1520 1902 sanas,
1535 1870 1583 1896 sed
1599 1870 1679 1896 etiam
1692 1870 1717 1896 in
1739 1870 1805 1896 alie»

1009 1918 1062 1950 nis,
1077 1918 1104 1944 in
1120 1917 1230 1952 hisquze
1238 1924 1313 1943 nunc
1326 1916 1398 1943 dicta
1413 1920 1488 1948 sunt,
1499 1915 1642 1942 evidenter
1656 1915 1775 1949 pnccipit
1790 1924 1796 1941 :

1009 1964 1146 1998 quomodo
1161 1967 1265 1994 autem,
1292 1962 1377 1989 disce.
1397 1961 1486 1995 Caput
1514 1965 1541 1988 et
1555 1961 1636 1987 barba
1663 1960 1803 1995 sapientiae

1009 2014 1093 2036 estet
1115 2008 1293 2043 perfectionis
1317 2011 1419 2034 nostra:
1446 2006 1571 2041 signum:
1590 2010 1702 2040 propter
1731 2006 1803 2040 quod

1008 2059 1090 2089 caput
1106 2059 1232 2081 nostrum
1251 2053 1405 2088 appellatur
1424 2051 1560 2085 Christus,
1579 2047 1611 2078 in
1629 2060 1683 2086 quo
1708 2058 1805 2086 sapere

1010 2102 1142 2128 habemus
1174 2101 1293 2127 maxima
1321 2107 1436 2134 qumque
1462 2105 1544 2134 atque
1573 2100 1705 2134 perfecta,
1735 2103 1803 2126 teste

1010 2148 1103 2179 l'aulo,
1119 2148 1165 2182 qui
1182 2147 1265 2176 dicit:
1287 2148 1374 2174 Donec
1390 2155 1561 2174 occurramus
1577 2154 1664 2172 omnes
1679 2147 1706 2172 in
1720 2146 1803 2172 uirum

1008 2195 1168 2229 perfectum,
1194 2200 1218 2221 cl
1245 2201 1395 2221 mensuram
1417 2194 1505 2221 (elutis
1532 2193 1702 2226 plenitudinis
1728 2192 1804 2219 Chri—

1008 2242 1042 2268 sti
1059 2242 1091 2268 ¹⁰.
1107 2241 1191 2268 Recte
1207 2244 1298 2268 autem
1315 2245 1340 2268 et
1357 2241 1440 2267 barba
1461 2240 1594 2275 signiﬁcat
1607 2240 1802 2274 perfectionem

157 2287 247 2320 ipsum
264 2285 293 2312 in
311 2290 388 2320 patre
409 2285 479 2312 etin
497 2289 584 2311 matre
607 2284 814 2320 intelligendum
840 2290 892 2312 est.
911 2285 955 2312 Fi—
973 2288 995 2315 D
1008 2285 1162 2321 sapientiae,
1182 2285 1300 2313 alterum
1331 2290 1424 2312 autent
1452 2284 1671 2320 intelligentiam,
1692 2284 1754 2318 quia
1775 2283 1802 2310 in

158 2331 224 2357 lium
241 2331 343 2365 quippe
360 2331 497 2358 doctorem
512 2330 598 2365 patris
614 2330 764 2365 matrisque
776 2331 954 2358 sacerdotalis

157 2377 276 2412 dignitas
291 2377 364 2404 facit.
383 2377 481 2404 Dicens
495 2376 606 2411 quidem
626 2383 763 2407 sororem,
777 2383 836 2410 qua:
847 2385 899 2402 non
915 2382 954 2403 est

158 2427 240 2457 nupta
254 2423 320 2456 viro,
331 2423 450 2450 ostendit
463 2430 511 2457 per
522 2422 601 2454 hanc,
612 2422 685 2456 quia,
698 2421 720 2449 si
737 2422 846 2456 cognati
861 2429 954 2449 sacer—

156 2469 236 2496 dotes
251 2469 413 2503 scmetipsos
437 2468 636 2502 scparaverint,
651 2471 679 2493 et
700 2467 799 2494 doiiius
817 2467 952 2501 quodam-

156 2513 240 2541 modo
255 2514 307 2540 alia
322 2514 484 2548 semetipsos
503 2516 661 2547 separantes
681 2511 744 2538 facti
759 2512 874 2543 fuerint,
889 2512 952 2542 nul-

156 2560 210 2586 lam
239 2559 382 2594 patiuntur
411 2559 438 2585 in
468 2558 645 2593 peccantibus
680 2557 722 2583 his
762 2557 954 2592 pollutionem.

156 2605 284 2638 Quandiu
300 2610 393 2632 autem
408 2604 448 2632 eis
461 2604 613 2636 adhaerent,
636 2603 850 2638 propinquitatis
865 2609 892 2629 et
907 2612 955 2630 eo-

156 2650 295 2686 gnationis
323 2651 409 2685 legem
440 2649 678 2681 custodientibus,
708 2649 954 2676 contaminationis

157 2703 255 2722 corum
280 2699 354 2722 recte
373 2694 518 2729 participes
535 2694 700 2725 ciliciuntur,
728 2694 791 2728 quia
812 2702 861 2721 nec
877 2695 952 2730 igno-

156 2746 219 2766 rare
241 2746 337 2766 eorum
364 2743 485 2774 peccata,
520 2743 614 2773 utpote
641 2738 871 2771 cohabitantium,
887 2747 951 2773 pos-

157 2791 233 2818 sunt,
246 2787 319 2822 quod
340 2787 381 2814 eis
401 2791 430 2814 et
452 2786 696 2814 contaminationis
723 2795 838 2814 causam
867 2788 948 2822 parit.

158 2831 238 2860 Unde
262 2841 328 2869 ergo
355 2833 449 2861 dicens
472 2832 545 2868 quod
572 2832 599 2859 in
626 2832 668 2859 his
693 2833 949 2860 contaminarentur

196 2922 286 2953 “Osce
305 2931 342 2958 iv,
358 2923 386 2951 8.
421 2926 431 2941 ⁷
449 2925 550 2952 Ezech.
570 2933 609 2958 in,
630 2926 721 2953 me.

761 2928 771 2942 ⁸
794 2927 890 2955 lTini.
910 2938 933 2959 γ,
953 2929 977 2954 7.

1008 2331 1050 2358 his
1062 2331 1107 2366 qui
1125 2331 1158 2358 ad
1182 2331 1329 2365 iuvenilem
1359 2334 1495 2357 venerunt
1521 2334 1640 2361 aetatem,
1661 2330 1717 2363 jam
1743 2335 1802 2362 quac

1007 2382 1072 2404 sunt
1085 2377 1160 2404 utilia
1175 2377 1245 2404 scire
1260 2377 1415 2403 valentibus
1428 2375 1510 2403 barba
1527 2375 1657 2402 nascitur.
1667 2374 1802 2406 Quoniam

1005 2431 1070 2457 ergo
1087 2428 1210 2450 mortuos
1226 2427 1383 2457 peccatores
1409 2430 1465 2449 non
1481 2422 1568 2448 solum
1590 2420 1733 2451 Dominus,
1754 2420 1802 2446 sed

1005 2472 1032 2494 et
1049 2467 1149 2495 Paulus
1160 2468 1288 2502 appellat,
1302 2475 1363 2494 cum
1379 2468 1446 2494 dicit
1459 2477 1465 2494 :
1482 2467 1516 2494 Et
1530 2475 1589 2493 cum
1606 2474 1718 2492 essemus
1731 2474 1802 2493 mor-

1007 2514 1046 2540 tui
1060 2515 1175 2548 peccatis
1187 2514 1293 2546 nostris,
1309 2513 1502 2548 conuiviﬁcarit
1525 2521 1570 2539 nos
1585 2511 1725 2539 Clu-isto”.
1741 2511 1800 2538 Non

1005 2564 1114 2593 oportet
1136 2559 1292 2591 sacerdotis
1317 2558 1435 2585 maxime
1464 2555 1557 2592 caput
1573 2562 1620 2584 aut
1635 2557 1719 2584 barba
1743 2557 1801 2584 radi

1006 2612 1090 2639 super
1115 2609 1265 2637 mortuum,
1283 2605 1309 2631 id
1337 2610 1378 2632 cst
1397 2612 1480 2639 super
1500 2609 1683 2639 peccatorem.
1708 2603 1801 2638 Neque

1004 2651 1077 2679 cuitu
1088 2655 1199 2685 oportet
1211 2651 1402 2686 cogitationes,
1422 2660 1483 2686 qua:
1497 2651 1568 2678 sicut
1588 2650 1676 2685 capilli
1689 2654 1801 2676 ornatus

1008 2701 1071 2725 sunt
1088 2698 1194 2732 capitis,
1212 2702 1238 2724 ct
1254 2697 1319 2732 ipsa:
1332 2703 1446 2724 ornatus
1458 2702 1522 2724 sunt
1538 2702 1638 2724 nostra:
1650 2696 1800 2731 sapientic,
1834 2732 1836 2734 γ

1006 2743 1116 2778 quando
1126 2748 1216 2770 tamen
1228 2748 1293 2770 sunt
1304 2743 1439 2771 ordinata:
1453 2749 1535 2779 atque
1551 2745 1660 2774 sobrias,
1674 2743 1801 2771 satcrdo-
1833 2767 1835 2770 ι

1007 2793 1060 2816 tem
1073 2796 1250 2823 corrumpere
1268 2789 1321 2816 alio
1331 2795 1474 2824 peccante,
1491 2790 1537 2817 sed
1553 2797 1716 2817 conservare
1730 2788 1801 2815 intc-

1011 2843 1085 2870 gras,
1100 2840 1127 2862 ut
1143 2835 1390 2871 possitcxhortari,
1402 2837 1554 2869 obsecrare,
1569 2844 1691 2871 arguere,
1710 2836 1799 2862 incrc-

1572 2931 1590 2945 ”
1608 2929 1704 2962 l'Zt'hes.
1722 2937 1751 2962 ιι,
1766 2929 1791 2955 ἴὶ.

1019 2930 1028 2943 '-‘
1047 2928 1141 2956 l’l‘im.
1160 2937 1200 2962 ιιι,
1214 2929 1240 2956 5.
1283 2929 1413 2965 “Ephcs.
1434 2939 1469 2962 l\‘,
1491 2930 1531 2957 13.
