2056 3148
264 194 335 228 1055

262 261 341 288 pare,
354 252 505 280 secundum
524 252 596 287 quod
614 251 715 279 Paulus
730 250 764 278 ad
786 249 963 277 Timotheum
984 249 1054 276 scri-
1069 249 1092 277 Α

262 298 326 334 psit.
345 299 442 333 Argue,
459 298 577 332 increpa,
604 297 710 325 obsecra
734 300 762 323 in
777 297 848 324 omni
873 296 1002 331 patientia
1029 300 1053 321 et

263 343 382 370 doctrina
393 343 425 369 ".
442 342 586 375 Quomodo
602 346 693 369 autern
708 343 761 369 hoc
780 342 836 374 ﬁat,
858 340 994 369 subdidit:
1014 339 1052 366 Tu

262 393 351 414 autent
367 387 457 423 vigila,
479 387 507 414 in
523 387 643 414 omnibus
667 387 770 419 labora,
793 394 857 421 opus
881 386 924 420 {ac
941 393 1053 418 evange-

263 433 371 461 lista”.
388 433 458 469 Ergo
479 434 605 460 sacerdos
619 433 665 467 qui
681 441 733 460 non
747 433 906 460 exhortatur
923 436 950 459 et
966 431 1055 465 arguit

263 482 436 514 peccantem,
451 486 506 505 non
519 478 672 513 vigilat;qni
685 483 775 505 autem
785 485 840 504 tton
848 477 950 512 vigilat,
960 476 1054 503 radere

264 530 346 559 caput
358 529 386 552 et
401 524 512 551 barbam
533 524 682 551 secundum
709 524 838 551 virtutem
861 523 1053 558 praadietorum

263 574 338 596 recte
352 569 462 596 dicitur.
474 568 526 596 Sed
538 577 626 604 neque
641 568 732 596 facere
750 569 778 596 itt
794 576 878 596 carne
894 576 942 595 sua
959 568 1053 595 conci-

264 615 355 643 siones
370 623 453 649 super
466 619 574 642 tnortuo
585 615 755 642 sacerdotem
770 615 859 647 decet,
886 614 912 641 id
941 619 982 641 est
1000 621 1054 640 non

263 659 440 687 scandalizari
462 660 488 686 in
507 663 661 694 peccatore,
680 667 733 687 nec
757 659 910 687 oﬁ‘endere'
924 663 1055 694 peccante

264 705 365 739 aliquo,
384 713 472 740 neque
484 705 623 732 carnalem
635 713 667 732 ex
683 705 736 733 hoc
750 714 860 733 sumere
879 705 1052 740 sapientiam,

264 751 297 777 ad
330 751 480 778 illicitatem
505 751 602 778 similis
633 751 795 786 iniquitatis.
823 751 944 779 lncisura
980 751 1055 778 enim

264 797 398 832 sapientia
408 797 498 824 carnis
510 803 568 825 est:
582 798 656 832 quod
669 798 703 825 de
718 798 829 831 Judzeis,
848 798 894 833 qui
910 798 1056 825 carnaliter

264 844 359 870 vivunt
371 848 399 870 et
411 843 522 878 sapiunt
536 847 657 876 terrena,
673 844 712 871 ait
722 844 837 871 Paulus:
865 843 954 871 Videte
966 852 1054 876 canes,

263 890 347 917 uidete
361 888 444 915 malos
455 889 598 924 operarios,
611 890 695 916 videte
712 891 883 917 concisionem
893 891 925 917 “'.

299 935 381 965 Vens.
398 935 424 961 6.
448 944 458 960 (
475 934 569 962 Sancti
583 941 666 963 erunt
675 936 730 963 Deo
742 944 791 964 suo
820 940 847 963 et
860 945 913 964 non
931 937 1055 971 pollnent

263 988 364 1007 nomen
380 980 450 1015 ejus.
470 979 616 1008 Incensum
632 981 705 1008 enitn
724 981 832 1009 Domini
852 986 880 1009 et
895 990 980 1017 panes
1008 982 1055 1010 Dei

263 1027 306 1054 sui
320 1027 458 1060 oll'erunt;
475 1027 576 1054 etideo
590 1027 676 1054 sancti
694 1032 783 1054 erunt.
811 1037 820 1053 ι

298 1072 442 1105 Quomodo
455 1073 580 1108 polluant
600 1074 757 1101 sacerdotes
784 1082 882 1102 nomen
902 1075 958 1106 Dei,
973 1074 1056 1101 Mala-

262 1119 339 1147 chias
354 1120 489 1153 propheta
505 1120 647 1154 exposuit:
666 1119 713 1147 Vos
726 1121 885 1151 sacerdotes,
902 1122 946 1156 qui
957 1121 1055 1156 μηκί-

263 1166 295 1191 tis
311 1173 405 1192 nomen
419 1173 516 1197 meum,
532 1170 557 1192 et
578 1166 683 1192 dixistis
698 1174 706 1192 :
727 1167 760 1193 1n
773 1175 823 1201 quo
840 1167 980 1200 polluimus
1010 1168 1057 1194 te?

262 1211 361 1245 offertis
371 1219 450 1244 super
461 1210 549 1238 altare
564 1220 651 1238 meum
670 1219 765 1247 panem
779 1212 906 1245 pollutum
917 1213 949 1239 ".
961 1205 999 1239 Ἰἰι
1015 1213 1056 1239 his

262 1257 362 1284 similia
373 1257 477 1284 addens
500 1257 637 1285 subdidit:
664 1257 776 1292 Propter
801 1258 869 1292 quod
889 1259 911 1284 si
940 1259 1056 1293 offeratis

263 1312 361 1330 m'cum
376 1304 411 1330 ad
428 1303 628 1335 immolandum,
647 1312 733 1331 nonne
748 1305 849 1331 malum
861 1309 907 1337 est,
922 1306 978 1332 etsi
993 1305 1055 1340 olfe-

263 1349 334 1375 ratis
347 1357 355 1375 .'
367 1348 492 1375 claudum
507 1354 531 1376 et
542 1349 707 1385 languidum,
719 1358 805 1377 nonne
813 1351 912 1377 malum
924 1357 960 1378 est
971 1351 1012 1378 ‘°?
1024 1352 1056 1378 lit

261 1403 375 1422 rursus:
389 1397 518 1429 Magnum
533 1401 570 1422 est
582 1404 675 1423 nomen
698 1405 782 1423 meum
797 1397 825 1424 in
839 1398 967 1432 gentibus.
991 1398 1055 1424 dicit

262 1441 402 1474 Dominus,
416 1450 460 1469 vos
474 1447 563 1468 autent
578 1442 707 1477 polluistis
728 1443 796 1470 illud
811 1444 837 1470 in
853 1451 882 1470 eo
906 1446 975 1478 quod
989 1445 1057 1470 dici-

263 1487 306 1519 tis,
326 1489 416 1526 Mensa
439 1487 545 1514 Domini
560 1488 662 1515 deserta
687 1480 766 1515 est”.
792 1488 862 1524 Ergo
891 1489 917 1515 itt
943 1494 1055 1523 peccato

263 1532 462 1560 sacriﬁciorum
475 1533 522 1560 Dei
533 1541 632 1560 nomen
654 1533 782 1568 pollnunt
798 1534 963 1561 sacerdotes.
979 1534 1055 1561 Unde

263 1585 325 1604 cum
349 1578 486 1614 legislator
505 1579 640 1606 dixisset:
657 1578 718 1606 Non
733 1579 851 1614 polluant
873 1588 966 1606 nomen
987 1580 1053 1614 ejus,

264 1631 319 1651 non
329 1624 429 1651 frustra
445 1624 558 1657 addidit,
570 1624 710 1652 Ineensum
725 1627 795 1652 enim
808 1626 924 1658 Domini,
936 1631 959 1652 et
974 1634 1056 1660 panes

265 1668 316 1695 Dei
330 1669 371 1694 sui
388 1669 509 1703 offerunt.
526 1668 575 1696 Vel
592 1669 662 1697 sicut
678 1669 758 1703 LXX,
775 1669 843 1702 Quia
865 1671 914 1706 ipsi
941 1672 1056 1706 oﬂerunt

264 1714 396 1748 sacriﬁcia
410 1713 478 1746 Dei;
496 1722 556 1749 qua:
573 1723 629 1742 non
646 1720 752 1743 tantum
777 1716 810 1744 de
824 1717 1056 1745 irrationabilibus

265 1759 371 1792 bestiis,
386 1764 519 1794 quantum
533 1761 566 1788 de
579 1761 758 1790 rationalibus
781 1763 929 1798 praecipere
947 1764 1057 1799 legisla-

266 1811 352 1833 torem
365 1811 393 1833 ct
416 1807 578 1842 prophetam
596 1813 685 1842 putes.
700 1809 834 1836 Pollutam
855 1810 929 1837 enim
944 1810 1009 1837 dicit
1029 1815 1058 1838 et

264 1852 386 1879 ostendit
409 1852 515 1880 Domini
544 1861 669 1881 mensam
686 1855 815 1882 sacerdos
844 1855 889 1883 ille
908 1856 953 1891 qui
971 1856 1005 1884 ab
1024 1864 1057 1883 ea

264 1905 312 1925 eos
326 1897 372 1932 qui
388 1897 532 1934 iniquitate
552 1901 656 1935 peccati
671 1901 766 1935 polluti
782 1905 855 1934 sunt,
869 1909 923 1929 tton
933 1902 1057 1938 praecipit

263 1943 420 1976 abstinere,
452 1945 500 1972 sed
530 1945 678 1974 indiscrete
709 1948 839 1974 terribilia
866 1948 1003 1983 permittit
1027 1953 1056 1975 et

263 1995 358 2018 sancta
372 1991 512 2027 contingi;
541 1992 575 2019 de
595 1992 695 2027 quibus
720 1993 758 2020 ait
779 1994 898 2021 Paulus:
920 1994 971 2026 Qui
1004 2003 1055 2021 non

262 2038 386 2065 discernit
400 2038 648 2072 corpus,judicium
668 2039 718 2065 sibi
734 2041 877 2067 manduca!
895 2045 918 2067 et
944 2041 1008 2067 bibit
1022 2042 1053 2068 ".

262 2083 366 2111 Oﬁ‘eret
382 2089 474 2111 autem
492 2089 519 2111 et
536 2085 664 2112 claudutn
681 2087 714 2113 ad
730 2086 826 2119 altare,
851 2088 897 2122 qui
916 2087 1053 2115 inﬁdeletn

262 2130 296 2157 ad
312 2130 496 2157 ministerium
512 2131 658 2166 provehit;
676 2133 717 2160 sic
742 2132 815 2160 enirn
833 2133 957 2161 inﬁdeles
980 2135 1054 2161 Elias

263 2176 408 2204 Thesbites
439 2178 601 2212 appellavit,
639 2180 748 2214 quando
785 2180 887 2208 Iudaeis
922 2181 1051 2209 dicebat:

265 2223 401 2258 Usquequo
412 2223 569 2252 claudicatis
582 2226 610 2252 in
624 2231 764 2261 utramque
777 2231 880 2261 partem
890 2227 910 2243 "
923 2227 1051 2255 ?C.t:cutn

261 2274 289 2297 et
303 2270 416 2297 surdum
430 2271 567 2306 provehit,
584 2272 630 2306 qui
649 2272 842 2300 inobedicntia:
866 2273 907 2300 vel
923 2273 1052 2309 ignorati-

261 2315 305 2342 tiae
322 2314 369 2343 Dei
392 2316 489 2343 ntorbo
517 2316 687 2344 laborantem
713 2317 860 2351 producit;
888 2318 922 2345 de
949 2319 1050 2353 quibus

259 2363 343 2391 Isaias
358 2363 445 2391 Deum
466 2371 545 2391 suum
560 2364 710 2392 introduxit
726 2364 878 2392 dicentem:
899 2365 988 2398 Sardi,
1003 2375 1052 2392 au-

259 2410 323 2442 dite,
344 2415 369 2436 et
392 2410 463 2442 cocci,
489 2409 638 2445 intelligite.
665 2409 728 2441 Quis
756 2419 850 2442 ca’cus,
884 2411 933 2437 nisi
958 2411 1053 2438 Seruus

259 2456 349 2482 meus?
371 2461 394 2482 et
414 2457 472 2492 quis
495 2457 600 2489 surdus,
627 2457 678 2483 nisi
700 2458 736 2483 ad
761 2466 837 2491 quem
859 2458 963 2484 ntuttios
984 2467 1052 2485 neos

259 2501 370 2529 misi”?
384 2502 499 2536 Quando
517 2512 582 2539 ergo
600 2505 650 2532 bos
663 2505 709 2540 qui
731 2505 798 2532 tales
816 2510 892 2538 sunt,
905 2504 1005 2532 oﬁ‘erre
1018 2506 1051 2532 ad

259 2548 345 2575 altare
363 2553 390 2576 et
403 2550 544 2584 suscipere
560 2551 703 2586 mysticum
721 2551 904 2578 ministerium
925 2552 1052 2578 sacerdos

260 2594 445 2628 proposuerit,
461 2603 553 2622 nonne
579 2596 790 2630 polluitnontcn
817 2597 865 2623 Dei
880 2596 940 2623 sui?
962 2605 1052 2631 neque

260 2639 333 2666 enittt
351 2639 402 2667 erit
424 2641 449 2668 ei
477 2641 531 2668 ltoc
555 2641 618 2669 sine
650 2643 795 2670 maledicto
813 2647 841 2670 et
863 2643 1051 2675 detractione,

260 2689 356 2721 utpote
371 2686 415 2720 qui
431 2686 591 2714 ministrare
616 2687 671 2715 Deo
688 2689 774 2717 malos
794 2689 928 2724 praecipit.
955 2689 1008 2716 Sed
1027 2695 1054 2716 et

261 2732 321 2767 ipse
334 2737 445 2760 sanctus
460 2734 523 2767 erit,
540 2734 574 2762 ab
587 2734 630 2762 his
645 2742 674 2762 se
686 2735 849 2768 continens;
867 2735 939 2770 quod
953 2741 1054 2763 osten-

262 2778 302 2806 dit
323 2779 425 2808 Paulus
443 2780 556 2809 dicens:
578 2781 676 2808 Manus
701 2782 752 2808 cito
768 2782 867 2809 nemini
888 2783 1052 2816 imposncris,

1070 2295 1092 2322 D

301 2880 356 2907 ¹²11
371 2880 442 2906 Tim.
465 2889 500 2912 ιγ,
522 2879 550 2906 ἳ.
586 2880 607 2895 ¹³
622 2880 686 2907 ibid.
711 2880 736 2905 ὅ.
778 2881 796 2895 ι’
813 2879 928 2912 Philipp.
951 2881 1029 2912 ttt,‘.2.
1071 2881 1091 2896 ”

778 2881 796 2895 “
813 2879 928 2915 Philipp.
951 2889 990 2912 ιιι,
1003 2881 1029 2906 ‘2.

262 2914 307 2943 23.
346 2916 368 2931 ¹⁹
384 2915 415 2943 lll
435 2915 499 2951 Reg.
514 2924 591 2947 xvnt,
608 2915 652 2942 ‘21.

694 2916 716 2930 ²⁰
730 2916 780 2943 lsa.
801 2923 854 2947 xtl,
880 2916 975 2946 18,”.

861 191 1044 222 HESYCIIlI
1062 189 1301 220 PRESBYTERI

1017 2916 1037 2931 “
1053 2916 1062 2942 ι
1078 2915 1148 2943 'llnt.
1167 2924 1191 2947 v,
1204 2915 1247 2942 ﬂ.

1833 188 1903 221 1056

1108 255 1190 281 neque
1209 246 1443 273 communicaret-is
1459 247 1570 280 peccatis
1594 246 1688 272 alienis
1708 254 1715 272 :
1737 246 1902 278 temetipsum

1105 297 1208 319 castum
1228 292 1374 318 custodi“.
1394 292 1465 327 Ergo
1484 299 1565 319 causa
1592 291 1726 319 castitatis
1746 297 1774 319 et
1799 292 1902 319 sancti-

1105 339 1239 367 ﬁcationis
1257 343 1300 366 est
1316 339 1463 372 sacerdoti,
1480 339 1507 366 in
1536 339 1612 366 nullo
1641 338 1834 373 praedictorum
1851 348 1903 366 ιιιι-

1104 385 1189 413 sceri.

1141 429 1223 457 Vens.
1247 429 1306 457 7-8.
1328 439 1337 456 I
1367 429 1492 457 Scortum
1519 435 1547 458 et
1559 430 1610 457 vile
1637 431 1821 465 prostibulum
1848 440 1903 460 non

1105 476 1186 504 ducet
1202 483 1326 509 uxorem,
1342 483 1393 503 nec
1404 483 1464 503 eam
1475 484 1536 511 quin
1551 476 1694 511 repudiata
1707 482 1749 504 est
1762 485 1776 504 a
1793 478 1902 509 marito,

1104 522 1169 557 quia
1181 526 1356 550 consecratus
1371 527 1412 549 est
1429 522 1485 549 Deo
1499 530 1559 554 suo,
1569 528 1595 549 et
1610 530 1695 557 panes
1705 524 1904 558 propesitionis

1105 567 1211 595 offeret.
1228 569 1270 595 Sit
1284 576 1348 602 ergo
1362 573 1484 599 sanctus,
1506 569 1569 603 quia
1581 572 1609 595 et
1629 577 1678 603 ego
1701 573 1813 596 sanctus
1840 578 1900 596 sum

1107 613 1248 646 Dominus,
1264 615 1311 648 qui
1327 613 1469 641 sanctiﬁco
1481 621 1539 641 vos.
1559 623 1568 639 ι

1141 658 1271 686 Mirabilis
1282 663 1324 686 est
1338 666 1457 694 praesens
1470 658 1574 686 sanctio
1590 659 1617 686 in
1631 658 1698 686 LXX
1715 659 1904 690 translatione,

1105 704 1168 739 quia
1189 704 1259 731 idem
1288 705 1446 732 mandatum
1471 704 1498 731 in
1523 712 1669 740 personam
1694 705 1852 737 multorum,
1877 711 1904 732 ct

1106 758 1201 778 rursus
1215 751 1242 777 in
1265 751 1355 778 medio
1371 750 1523 785 proferens,
1549 751 1716 784 advocavit;
1736 751 1769 778 Et
1789 751 1904 778 manife-

1107 800 1179 823 stum
1199 795 1296 830 procul
1309 795 1393 823 dubio
1407 804 1439 823 ex
1456 795 1508 824 hoc
1523 801 1575 829 est,
1592 797 1664 831 quod
1681 797 1714 824 de
1731 797 1904 824 multitudine

1107 841 1217 876 quidem
1233 841 1405 869 sacerdotum
1419 843 1560 876 praecepit,
1575 843 1602 869 itt
1624 850 1709 869 unum
1733 847 1822 869 autettt
1845 850 1901 869 om-

1107 887 1183 913 nium
1202 886 1443 914 sanetilicationem
1466 887 1589 920 deduxit,
1606 888 1685 915 aiunt
1705 888 1778 915 enim
1792 897 1798 914 :
1811 888 1904 915 Mulie-

1108 940 1162 958 rem
1178 932 1339 959 meretricem
1354 938 1378 959 et
1391 934 1533 968 profanant
1548 941 1599 959 non
1614 934 1754 968 accipient,
1777 937 1805 960 et
1823 934 1905 968 paulo

1107 982 1178 1011 post,
1196 977 1309 1004 Sanctus
1321 979 1389 1006 erit:
1400 983 1426 1006 et
1438 987 1544 1011 rursus,
1557 978 1733 1012 Sanctiﬁcubo
1746 987 1815 1010 eum,
1827 980 1904 1014 quasi

1107 1024 1141 1050 de
1156 1024 1209 1051 illis
1230 1024 1296 1051 dicit
1314 1024 1360 1059 qui
1375 1025 1472 1065 unius,
1490 1025 1516 1052 id
1530 1030 1573 1052 est
1599 1025 1670 1052 illius
1691 1026 1737 1060 qui
1754 1026 1904 1052 secundum

1107 1070 1230 1097 ordinem
1253 1071 1452 1098 Melchisedech
1470 1071 1653 1098 ministrantis
1670 1071 1790 1099 ollicium
1812 1080 1906 1099 susce-

1108 1121 1206 1150 perunt
1226 1125 1231 1142 :
1246 1117 1321 1144 illum
1339 1117 1412 1144 enim
1429 1122 1457 1144 et
1472 1117 1529 1152 ipsa
1549 1122 1640 1144 textus
1666 1118 1748 1144 verba
1771 1119 1832 1145 sine
1849 1118 1903 1145 dit"

1107 1162 1226 1190 iicultate
1242 1163 1407 1197 signiﬁcant,
1426 1163 1498 1190 sicut
1514 1167 1591 1191 extra
1606 1168 1727 1191 nostram
1749 1164 1904 1191 translatio-

1106 1216 1169 1235 nem
1183 1208 1264 1236 etiam
1281 1210 1371 1236 caeteri
1387 1210 1568 1244 interpretum
1579 1210 1767 1237 ostenderunt.
1785 1210 1904 1242 Etenim,

1107 1255 1179 1289 quod
1209 1254 1279 1281 LXX
1291 1255 1434 1287 dixerunt,
1453 1256 1528 1282 Dona
1547 1256 1653 1283 Domini
1681 1257 1729 1284 Dei
1750 1258 1829 1284 vestri
1850 1258 1906 1291 ipse

1106 1302 1204 1336 oﬂ'eret,
1220 1301 1256 1328 illi
1266 1301 1506 1333 edideruntsz‘a
1522 1311 1603 1337 panes
1623 1302 1669 1329 Dei
1687 1303 1725 1329 tui
1736 1304 1790 1338 ipse
1804 1305 1903 1338 offeret.

1106 1346 1185 1374 Nullo
1201 1347 1281 1374 tnodo
1297 1351 1388 1374 autern
1404 1347 1512 1383 ignoras
1529 1347 1593 1383 quia
1610 1347 1809 1376 Melchisedech
1826 1350 1903 1376 obla-

1108 1394 1209 1420 tionem
1225 1397 1252 1420 et
1268 1393 1450 1421 sacerdotium
1468 1394 1493 1421 in
1510 1395 1626 1429 patribus
1638 1395 1804 1430 possidebat.
1818 1395 1904 1429 Prop-

1106 1442 1148 1465 ter
1166 1438 1237 1472 qnod
1264 1442 1291 1465 et
1306 1439 1422 1466 Abraha:
1441 1447 1526 1474 panes
1550 1448 1647 1475 gerens
1662 1445 1689 1467 et
1725 1441 1830 1472 vinum,
1843 1449 1902 1475 qua:

1105 1487 1184 1510 erant
1201 1483 1277 1519 signa
1297 1484 1358 1518 ejus
1373 1485 1528 1518 sacerdotii,
1547 1486 1685 1513 occurrit:
1703 1486 1814 1521 gerebat
1827 1486 1902 1513 enim

1106 1529 1252 1564 imaginem
1277 1529 1390 1562 Christi,
1411 1530 1445 1558 de
1465 1538 1519 1566 quo
1539 1530 1621 1557 David
1648 1536 1753 1566 patrem
1776 1531 1904 1558 exhibuit

1106 1575 1134 1602 in
1147 1575 1291 1610 prophetia
1307 1576 1443 1604 dicentem
1459 1586 1466 1603 :
1483 1576 1519 1604 Tu
1536 1585 1562 1604 es
1579 1576 1707 1604 Sacerdos
1721 1578 1748 1604 in
1761 1583 1903 1609 teter-num,

1106 1621 1248 1648 secundum
1277 1622 1396 1649 ordinent
1423 1622 1607 1650 Melchisedech
1626 1625 1660 1650 ".
1685 1624 1769 1658 Cujus
1789 1628 1815 1650 et
1830 1632 1904 1651 nunc

1107 1667 1244 1702 legislator
1259 1667 1304 1695 hic
1315 1667 1475 1704 dignitatem
1489 1677 1544 1696 non
1566 1669 1654 1697 soluat
1674 1677 1775 1704 pauunt
1796 1678 1904 1696 utemu-

1108 1713 1176 1739 riam
1198 1713 1301 1741 faciens
1314 1713 1434 1741 ostendit
1452 1723 1459 1741 :
1475 1714 1523 1741 sed
1544 1719 1570 1742 et
1587 1715 1785 1749 subsequentia
1808 1715 1902 1747 verba,

1108 1758 1130 1785 si
1139 1766 1234 1786 eorum
1242 1760 1369 1787 subtilius
1375 1760 1499 1788 ordinem
1509 1761 1692 1792 attendamus.
1703 1761 1755 1788 hoc
1762 1761 1904 1788 evidenter

1107 1803 1235 1834 innuunt,
1250 1805 1311 1840 quia
1332 1806 1505 1834 sacer-lotum
1519 1807 1699 1834 sanctiﬁcatio
1718 1807 1752 1833 ad
1765 1806 1903 1834 Christum

1107 1848 1204 1881 tendit,
1217 1857 1272 1877 non
1283 1851 1370 1878 solum
1379 1851 1441 1886 quia
1455 1852 1489 1879 ab
1498 1860 1530 1879 eo
1539 1852 1683 1879 sacerdotii
1697 1852 1785 1888 legem
1797 1857 1824 1879 et
1840 1860 1900 1880 mo-

1107 1893 1172 1921 dum
1187 1901 1362 1930 acceperunt,
1380 1897 1427 1924 sed
1443 1898 1506 1932 quia
1527 1898 1725 1926 sacriﬁciorum
1740 1906 1802 1933 qua:
1815 1900 1851 1927 ab
1863 1900 1904 1926 eis

1107 1940 1270 1975 oﬂ'eruntur,
1297 1947 1378 1978 atque
1406 1943 1587 1977 oblationem,
1614 1945 1672 1980 ipse
1701 1945 1774 1980 apud
1797 1950 1904 1980 patrem

1107 1986 1242 2013 mediator
1259 1991 1310 2014 est.
1324 1987 1358 2014 Et
1369 1993 1512 2024 propterea
1526 1989 1565 2016 ait
1577 1999 1583 2016 :

1143 2045 1281 2071 Incensum
1305 2045 1374 2071 enim
1389 2044 1497 2072 Domini
1519 2051 1543 2073 et
1556 2055 1638 2081 panes
1655 2047 1702 2074 Dei
1720 2048 1761 2074 sui
1780 2048 1903 2082 oﬂ’erunt.

1107 2087 1170 2116 Sive
1182 2089 1331 2116 secundum
1343 2089 1430 2117 LXX:
1444 2091 1518 2118 Dona
1529 2092 1636 2119 Domini
1648 2093 1724 2119 vestri
1739 2093 1793 2126 ipse
1804 2095 1903 2127 offeret.

1106 2135 1161 2163 Cur
1174 2140 1265 2163 autent
1279 2136 1383 2164 addidit
1395 2146 1402 2164 :
1415 2136 1455 2164 Sit
1467 2146 1528 2173 ergo
1542 2144 1659 2172 sanctas,
1668 2140 1729 2174 quia
1743 2145 1766 2166 et
1785 2148 1832 2175 ego
1846 2149 1906 2167 sunt

1106 2188 1213 2208 sanctus
1229 2181 1368 2215 Dominus,
1380 2182 1426 2218 qui
1447 2185 1583 2218 sancti/ica
1599 2186 1662 2212 vos?
1676 2186 1736 2212 Non
1754 2185 1834 2217 dixit,
1853 2188 1905 2219 Qui

1105 2227 1245 2255 sanctitico
1270 2231 1326 2260 te,-
1339 2235 1374 2255 ne
1389 2228 1458 2256 forte
1475 2229 1613 2258 existimes
1638 2230 1714 2257 illum
1736 2231 1906 2258 sanctiﬁcari

1105 2274 1151 2309 qui
1165 2274 1235 2301 dona
1253 2274 1286 2301 ad
1301 2274 1421 2307 Patrem,
1436 2281 1466 2302 nt
1479 2276 1613 2303 mediator
1631 2277 1737 2308 oﬁ‘erct,
1761 2277 1808 2304 sed
1838 2287 1904 2304 san-

1108 2321 1227 2355 ctiﬁcans
1240 2329 1294 2354 vos,
1310 2321 1435 2348 videlicet
1446 2322 1492 2356 qui
1505 2322 1532 2348 in
1546 2322 1606 2356 ejus
1618 2322 1730 2358 ﬁguram
1747 2323 1906 2351 sacerdotes

1108 2368 1236 2396 Ecclesia:
1254 2369 1392 2396 constituti
1409 2374 1483 2396 sunt.
1504 2369 1574 2402 Quid
1589 2378 1652 2405 ergo
1666 2378 1779 2397 necesse
1793 2371 1906 2398 eratsic

1106 2415 1189 2441 verba
1203 2415 1339 2446 connecti,
1349 2419 1397 2442 aut
1408 2423 1489 2450 quant
1502 2416 1616 2443 omnino
1633 2417 1714 2443 habet
1729 2424 1905 2451 consequen-

1107 2460 1171 2486 tiam
1197 2460 1290 2486 talium
1302 2460 1417 2494 prolatio
1432 2461 1576 2488 verborum
1588 2462 1615 2488 in
1629 2462 1805 2489 translatione
1813 2462 1884 2490 LXX
1897 2473 1905 2490 -.

1100 2504 1220 2532 Sanctus
1245 2505 1303 2538 erit,
1328 2506 1390 2539 quia
1415 2511 1521 2533 sanctus
1545 2515 1614 2539 sum,
1639 2515 1684 2542 ego
1707 2507 1836 2535 Dominns
1859 2510 1904 2543 qui

1106 2551 1242 2584 sanctifiro
1270 2559 1313 2578 vos
1332 2552 1344 2577 .7
1365 2551 1495 2586 Superius
1520 2553 1595 2580 enint
1618 2553 1847 2582 sanctiﬁcationis
1879 2556 1903 2582 ei

1108 2597 1294 2624 testimonium
1309 2597 1452 2631 praebitum
1464 2602 1516 2630 est,
1527 2599 1597 2626 sicut
1609 2599 1730 2633 pnedicti
1741 2600 1902 2632 ediderunt,

1108 2643 1247 2670 dicentes:
1264 2644 1331 2675 Quia
1347 2649 1453 2670 sanctus
1465 2649 1501 2671 cst
1516 2645 1626 2672 Domino
1642 2646 1694 2672 Deo
1709 2654 1765 2672 suo.
1781 2646 1905 2679 Quomo-

1108 2689 1143 2717 do
1161 2698 1224 2725 ergo
1250 2697 1344 2716 rursus
1359 2690 1467 2721 inferet,
1490 2690 1524 2717 Et
1538 2691 1715 2725 sanctiﬁcabis
1730 2701 1790 2718 eum
1801 2693 1814 2718 .9
1825 2692 1904 2719 Dona

1111 2736 1178 2762 enim
1193 2735 1297 2761 Domini
1314 2735 1360 2761 Dei
1375 2736 1452 2762 vestri
1463 2735 1522 2770 ipse
1545 2736 1644 2771 o/feret.
1669 2736 1731 2763 Tria
1757 2745 1824 2772 ergo
1845 2737 1905 2764 lucc

1109 2789 1158 2815 per
1176 2788 1206 2807 ea
1222 2789 1281 2815 quae
1296 2781 1366 2809 dicta
1382 2785 1444 2808 sunt
1458 2782 1584 2813 ostendit,
1603 2782 1628 2810 id
1643 2787 1683 2809 est
1701 2783 1763 2817 quia
1777 2782 1906 2810 Christus

1108 2880 1221 2908 Μειιίιςιι.
1235 2888 1253 2907 t.
1269 2881 1292 2906 '7.
1332 2880 1352 2894 ’τ’
1367 2879 1430 2906 ibid.
1446 2880 1471 2906 8.

1289 2915 1311 2930 ⁵³
1333 2914 1400 2942 i‘sal.
1417 2922 1470 2947 cn,
1488 2915 1509 2942 ι.

1514 2881 1531 2896 ’⁷
1549 2880 1615 2908 ibid.
1636 2881 1679 2908 Η.
1720 2880 1762 2908 "l
1782 2880 1846 2908 Cor.
1864 2889 1902 2914 Il,
