2056 3148
165 205 234 238 1057

734 205 777 236 ΙΝ
797 204 1016 236 LEVlTiCUM.
1039 217 1072 223 -
1092 204 1164 236 LIB.
1183 205 1233 236 VI.

1736 204 1803 238 1053

159 264 311 291 St‘t‘tltltlum
327 263 398 298 quod
422 268 463 291 est
482 263 564 297 Deus,
583 268 609 291 et
621 268 730 291 sanctus
745 269 797 294 est.
817 272 831 291 a
856 269 951 291 srmrtu
973 267 993 294 Α
1010 263 1191 298 legitimorum
1206 262 1344 298 prtcdicet,
1357 270 1407 290 nec
1433 267 1524 290 utatur
1537 263 1577 290 eis
1590 261 1689 298 quibus
1703 262 1746 289 illa
1759 270 1804 290 se-

162 311 218 343 ipsn
225 309 468 336 sanetiﬁrationcm
477 309 581 336 habens
590 309 645 342 ,sed
655 314 681 336 et
690 317 739 336 nos
746 310 956 340 sanctificamus;

159 354 193 380 de
208 361 261 388 quo
278 354 346 380 dixit
359 354 458 380 l'aulus
476 363 482 380 :
503 353 553 385 Qui
575 354 723 387 sancti/inut
735 359 759 380 et
774 354 819 388 qui
837 355 958 388 sancti/i-

160 405 264 431 cuntur,
289 407 320 426 ea:
349 408 401 426 uno
422 408 510 426 onmes
527 399 560 426 ".
589 399 642 426 Sed
664 400 707 426 ille
728 400 838 434 quidem
863 409 878 426 a
903 399 959 426 Deo

161 453 245 471 Inmm
269 445 357 472 solum
381 444 480 477 Filius,
498 445 545 472 sed
562 445 647 472 ctDci
668 450 776 477 natura,
795 453 846 473 nos
867 450 958 473 autem

158 491 268 527 gratia;
296 495 408 526 propter
435 490 506 526 quod
532 491 576 518 ille
598 491 708 526 quidem
725 491 886 524 sanctiﬁcat,
909 499 959 518 nos

159 541 249 562 autem
261 536 473 568 sanetitieamur;
484 537 633 564 secundum
643 538 812 572 autemquod
822 537 958 564 incarnari

159 582 183 608 ei
199 582 310 616 placuit,
323 585 350 608 et
363 590 417 608 non
434 582 522 608 solum
535 582 713 612 sacrificium,
734 583 781 610 sed
794 587 821 609 et
835 582 958 617 pontifex

160 627 228 659 ﬁeri,
242 627 392 655 secundum
407 628 458 654 hoc
474 627 594 658 Patrem,
611 633 637 654 et
653 628 809 659 Dominum,
826 633 854 655 et
875 629 959 655 Deum

161 674 263 701 habere
285 674 394 705 dicitur,
417 674 487 701 sicut
506 673 564 707 ipsc
585 674 618 701 ad
636 674 746 701 Mariam
773 674 957 709 Magdt‘lenam

159 721 226 747 dixit
245 729 251 746 :
269 720 337 747 Vade
354 720 389 746 ad
407 721 502 755 fratres
524 728 593 746 meos
608 725 631 746 et
649 720 690 746 dic
714 721 751 747 eis
766 728 775 746 :
792 720 908 747 Ascendo
924 721 959 747 ad

160 766 272 793 Patrem
288 774 384 797 meum,
396 772 419 793 et
430 765 539 792 Patrem
553 771 675 798 vestrum,
692 767 727 793 ad
739 766 821 793 Deum
835 775 920 793 meum
935 771 959 793 et

162 813 244 840 Deum
258 817 370 839 vestrum
383 813 417 845 “,
431 817 458 840 et
472 817 617 847 propterea
632 812 670 839 ait
685 821 692 839 ε

194 858 262 890 Quia
274 863 380 884 sanctus
392 862 429 884 est
442 859 553 884 Domino
569 857 620 885 Deo
636 866 692 884 suo.
706 858 821 884 Sanctus
836 863 878 885 est
890 859 960 885 sicut

162 904 242 937 Deus,
259 905 374 931 Domino
389 908 480 931 autem
499 903 554 930 Deo
570 904 629 938 ejus
644 908 673 930 ut
687 904 779 930 homo.

197 950 307 985 Propter
320 950 388 985 quod
407 955 430 976 et
446 950 622 983 sanctiﬁcabis
640 958 710 982 eum,
728 950 796 976 dona
821 949 890 976 enim
906 949 956 975 l)o-

157 997 226 1023 mini
239 997 287 1023 Dei
297 997 374 1023 vestri
389 997 442 1031 ipse
457 997 557 1031 θίγω-ει.
576 996 629 1023 Sed
644 1000 671 1023 et
686 996 748 1030 quia
762 996 789 1022 in
802 996 863 1031 ejus
874 996 957 1030 figura

160 1043 207 1078 qui
221 1043 255 1069 ab
268 1050 301 1069 co
315 1042 492 1069 constituitur
504 1042 661 1070 sacerdotes
674 1041 839 1074 ministrant,
852 1041 881 1068 in
893 1041 959 1076 ipsis

161 1090 241 1118 etab
264 1090 330 1124 ipsis
345 1089 509 1116 sanctificari
538 1089 647 1122 dicitur,
677 1093 704 1115 et
727 1091 871 1123 propterea
896 1096 957 1116 cum

161 1136 246 1162 senio!
260 1135 385 1167 dixisset,
402 1134 517 1162 Sanetus
533 1139 582 1168 est,
599 1134 706 1162 addidit
729 1138 819 1162 tamen
835 1134 958 1166 Sanctiﬁ-

162 1183 232 1209 rabis
249 1189 318 1214 eum,
332 1185 360 1208 et
375 1188 483 1213 rursus,
499 1180 615 1207 Sanctus
632 1181 692 1207 erit.
709 1179 852 1212 Quomodo
867 1184 958 1206 autem

162 1237 212 1255 nos
227 1236 289 1254 cum
315 1227 488 1254 sanctificare
510 1226 682 1261 possumus?
708 1226 785 1254 Unde
810 1231 858 1253 aut
874 1233 887 1252 a
904 1234 958 1260 quo

162 1274 406 1302 sanetilicationem
424 1274 568 1305 trahentes,
585 1273 734 1300 ostendens
749 1272 852 1300 addidit
866 1282 872 1300 :

197 1321 265 1353 Quia
287 1326 393 1347 sanctus
412 1328 459 1355 ego
474 1328 532 1346 sum
559 1318 688 1346 Dominus
711 1318 879 1353 sanetiﬁcans
903 1326 956 1344 eos.

163 1365 191 1392 Si
213 1373 278 1399 ergo
296 1373 311 1392 a
333 1365 390 1392 Deo
413 1365 504 1392 datam
534 1364 614 1391 nobis
636 1363 881 1391 sanetiﬁcatiouem
907 1371 958 1390 nos

161 1412 318 1438 sacerdotes
338 1411 534 1442 custodiamus,
552 1410 755 1438 sanetilicamus
768 1417 817 1444 per
837 1414 957 1436 nostram

162 1456 407 1484 sanctificationcm
424 1463 486 1483 eum
501 1456 548 1491 qui
568 1461 679 1483 sanctus
701 1455 851 1483 secundum
877 1459 958 1482 natu-

162 1512 219 1530 ram
236 1508 289 1535 est,
305 1503 332 1530 in
348 1503 428 1530 nobis
442 1503 586 1534 duntaxat,
599 1503 663 1536 quia
680 1502 707 1528 in
728 1501 917 1529 conformibus
931 1506 958 1528 et

162 1549 343 1584 participibus
373 1549 433 1583 ejus
457 1548 549 1583 gloria:
580 1547 668 1574 voluit
698 1547 876 1578 sanetilicari,
906 1547 957 1573 bac

162 1593 402 1621 transformatione
428 1600 494 1619 usus
517 1596 569 1623 est,
596 1592 674 1627 quasi
698 1591 812 1627 figurate
828 1596 854 1618 ct
871 1592 958 1627 typice
973 1600 994 1628 ο

163 1641 288 1675 loquens.
307 1638 358 1666 Ve:
370 1643 509 1666 umtamen
527 1646 574 1666 eos
590 1638 635 1672 qui
652 1638 856 1665 sanetilicantur
871 1638 904 1665 ab
918 1646 959 1670 co,

163 1689 285 1712 scortum
301 1688 329 1711 et
342 1684 396 1711 vile
411 1682 593 1718 prostibulum
607 1682 707 1709 ducere
722 1689 777 1708 non
788 1682 854 1714 vult,
868 1686 962 1716 aperte

163 1735 258 1759 contra
277 1730 434 1757 Jndteorum
457 1729 626 1764 Synagogam
640 1728 788 1755 intendens
802 1737 808 1755 :
822 1735 882 1763 quae
897 1728 961 1762 quia

163 1777 295 1805 meretrix
319 1780 371 1809 est,
394 1776 457 1803 andi
480 1775 627 1802 Domintun
649 1775 676 1801 in
709 1774 778 1801 Isaia
801 1774 960 1801 dicentem:

164 1823 299 1857 Quomodo
308 1825 380 1858 facta
399 1827 438 1849 est
457 1822 581 1849 meretrix
593 1821 685 1847 civitas
704 1820 791 1855 ﬁdelis
807 1819 871 1847 Sion
885 1821 963 1855 plena

160 1871 274 1906 judicii?
281 1870 390 1897 Iustitia
398 1868 524 1896 habitavit
532 1868 559 1894 in
569 1875 610 1898 ea,
619 1871 779 1894 truncantem
786 1867 921 1893 homicidae
927 1866 962 1895 “.

164 1918 216 1945 Sed
230 1922 257 1944 et
279 1917 306 1944 in
319 1915 409 1944 Osca:
432 1915 465 1942 Et
476 1915 599 1950 auferam
626 1913 826 1949 fornicationem
854 1912 912 1947 ejus
934 1913 961 1939 in

165 1964 251 1990 medio
271 1963 339 1997 ejus,
365 1966 389 1989 et
414 1960 576 1987 adulterium
599 1960 657 1994 ejus
687 1959 719 1985 de
745 1958 830 1984 medio
851 1958 961 1984 uberum

166 2010 266 2045 ejus“.
286 2009 404 2043 Insuper
429 2011 455 2034 et
479 2007 564 2034 David
590 2005 721 2040 pra‘dicat
742 2003 961 2039 profanationem

168 2057 249 2090 hujus
263 2065 268 2088 ;
284 2056 322 2082 ait
344 2054 417 2082 enim
429 2053 483 2080 Deo
506 2051 561 2088 [de
576 2060 608 2079 eo
620 2051 648 2087 ]:
673 2050 826 2084 l’rofanasti
843 2050 872 2076 in
890 2054 961 2076 terra

167 2102 334 2128 sanctitatem
348 2100 415 2134 ejus,
435 2097 588 2125 ἄρδει-παλίνιὶ
605 2105 693 2123 omnes
717 2095 846 2121 macerias
861 2094 959 2129 ejus".

167 2145 356 2174 Sanctiﬁcatio
391 2149 483 2171 autem
514 2142 682 2173 Judaiorum,
708 2140 847 2176 Synagoga
868 2146 962 2166 eorum

167 2196 226 2219 erat
242 2190 336 2225 porcal
352 2189 435 2216 dubio
449 2198 456 2215 :
475 2188 503 2214 in
521 2187 580 2222 ipsa
595 2186 667 2213 enim
683 2189 741 2212 erat
756 2188 784 2212 et
797 2183 961 2212 sacrificium

169 2236 348 2268 tabernaculi,
370 2234 398 2261 in
415 2242 467 2269 qua
485 2240 580 2260 eorum
596 2230 857 2259 consummabantur
871 2228 961 2264 legiti-

1011 307 1130 334 cundum
1144 307 1261 334 litteram
1274 307 1402 334 utebatur
1420 317 1426 334 :
1441 308 1467 334 id
1482 312 1533 339 est,
1547 312 1577 335 ut
1606 315 1693 342 neque
1718 307 1804 334 sacri-

1011 354 1290 384 ficiairrationalium,
1309 359 1336 381 et
1363 353 1566 388 puriﬁcationes
1591 354 1749 386 sensibiles,
1776 353 1804 380 in

1010 400 1110 434 quibus
1127 399 1305 434 intelligibilia
1322 400 1424 426 credita
1441 404 1515 432 sunt,
1531 406 1622 434 agant.

1047 445 1168 472 “2115.9.
1192 445 1374 472 «Sacerdotis
1403 445 1456 472 lilia
1471 445 1494 472 si
1521 445 1693 480 deprehensa
1722 444 1805 472 fuerit

1011 491 1037 517 in
1049 496 1156 526 stupro,
1176 495 1204 518 et
1217 491 1361 518 violaverit
1374 498 1475 518 nomen
1501 491 1586 526 patris
1611 491 1664 523 sui,
1689 490 1805 518 flammis

1010 542 1061 561 CXII
1066 542 1093 561 re
1098 540 1151 563 ιιιι·.
1168 544 1177 560 1

1045 578 1135 606 Grave
1148 582 1189 605 est
1201 577 1310 613 quidem
1323 578 1407 606 etiam
1417 578 1533 605 cuilibet
1548 577 1606 605 viro
1616 577 1746 605 fornicari
1772 577 1806 604 fi-

1011 623 1086 656 liam,
1118 623 1236 650 maxime
1260 628 1351 651 tamen
1382 623 1544 654 sacerdotis,
1563 623 1626 658 quia
1653 623 1804 650 secundum

1009 667 1083 702 quod
1095 666 1162 693 dixit
1176 667 1275 694 Paulus
1289 677 1295 694 :
1321 667 1428 701 Oportet
1454 667 1601 694 sacerdotes
1625 667 1693 701 ﬁlios
1708 667 1805 694 habere

1009 712 1126 739 subditos
1142 721 1200 738 cum
1212 713 1284 739 omni
1297 714 1420 746 castitate
1434 713 1467 745 ³ο,
1491 713 1529 740 ita
1554 717 1585 739 ut
1616 720 1673 739 non
1698 713 1805 740 dicatur

1010 759 1044 786 de
1060 766 1093 786 eo
1108 759 1181 793 quod
1192 759 1315 793 sequitur
1331 768 1338 775 ·
1367 759 1396 786 Si
1423 760 1483 794 quis
1510 767 1565 786 suae
1581 759 1672 785 domui
1694 766 1805 793 prteesse

1009 809 1102 838 nescit.
1118 809 1247 843 quomodo
1265 807 1386 834 Ecclesia!
1399 807 1449 835 Dei
1462 815 1553 834 curant
1568 807 1670 835 [iubebit
1682 807 1722 833 “?
1733 806 1802 833 Pro-

1010 857 1104 887 pterea
1118 852 1276 880 Judaeorum
1291 853 1432 887 Synagoga
1447 860 1500 879 non
1514 852 1602 879 solum
1618 859 1697 884 uxor,
1712 851 1759 879 sed
1774 855 1803 878 et

1013 897 1067 923 tilia
1081 897 1125 923 Dei
1136 897 1268 931 appellata
1279 897 1306 923 in
1319 896 1460 931 prophetis
1471 896 1620 923 invenitur.
1633 895 1685 922 Sed
1697 900 1805 922 utrum-

990 940 1065 976 ‘que
1083 942 1141 976 ipsa
1163 941 1339 975 depravans,
1370 940 1481 975 indigna
1507 941 1587 967 donis
1611 940 1749 974 apparuit,
1775 942 1804 966 et

1012 991 1158 1020 propterea
1175 985 1263 1012 aliena
1281 985 1351 1012 facta
1367 990 1429 1018 est;
1448 986 1485 1012 ita
1506 989 1536 1011 ut
1553 985 1623 1011 Deus
1643 991 1692 1018 per
1702 983 1802 1010 Isaiam

1011 1032 1118 1058 diceret
1132 1039 1138 1057 :
1156 1029 1326 1065 Relinquetur
1340 1030 1397 1064 ﬁlia
1414 1030 1478 1057 Sion
1495 1031 1561 1057 sicut
1576 1029 1759 1056 umbrticulum
1775 1029 1804 1055 iu

1012 1078 1098 1109 uinea,
1111 1082 1134 1102 et
1150 1077 1216 1103 sicut
1231 1077 1365 1110 tugurium
1377 1076 1402 1102 in
1414 1075 1607 1106 cucumerario,
1624 1079 1649 1102 et
1662 1074 1730 1101 sicut
1740 1075 1806 1101 civi—

1013 1128 1053 1150 tas
1067 1131 1125 1158 quw
1135 1127 1260 1150 vastatur
1271 1123 1304 1149 ".
1318 1123 1377 1156 Ipsa
1390 1122 1533 1156 profanata
1548 1126 1576 1148 et
1586 1120 1737 1148 adulterata
1748 1124 1805 1148 est.

1014 1169 1054 1197 De
1068 1169 1118 1197 hac
1137 1170 1261 1196 invenies
1275 1168 1423 1194 Dominum
1437 1175 1486 1202 per
1499 1166 1674 1202 prophetiam
1690 1166 1718 1193 in
1735 1164 1806 1192 Osca

1015 1216 1152 1243 dicentem
1168 1223 1175 1242 :
1194 1214 1272 1242 Filiis
1289 1215 1345 1249 ejus
1355 1222 1407 1241 non
1421 1214 1572 1245 miserebor,
1583 1213 1645 1248 quia
1657 1212 1708 1246 ﬁlii
1721 1212 1806 1247 forni-

1016 1262 1127 1289 cationis
1137 1264 1212 1295 sunt,
1221 1262 1284 1296 quia
1295 1260 1427 1295 fornicata
1436 1265 1474 1287 est
1487 1263 1572 1286 mater
1586 1267 1676 1285 eorum
1685 1257 1710 1273 ³³
1720 1265 1730 1297 ;_
1744 1264 1807 1283 nam

1010 1313 1038 1334 ct
1052 1309 1112 1341 igne
1132 1311 1228 1333 exusta
1245 1311 1298 1333 est.
1318 1306 1395 1338 Quod
1425 1305 1583 1332 manifestat
1611 1305 1752 1340 templum,
1776 1309 1805 1333 et

1009 1353 1106 1380 civitas
1121 1351 1179 1379 haec
1193 1351 1346 1378 Jerusalem
1362 1351 1485 1386 antiqua,
1500 1351 1592 1379 adhuc
1602 1351 1804 1378 ostendensin-

1010 1397 1100 1425 cendii
1113 1397 1254 1432 reliquias.
1272 1397 1343 1432 Ergo
1353 1405 1417 1424 vera
1426 1401 1454 1423 et
1468 1397 1669 1432 irrefragabilis
1694 1400 1737 1424 est
1748 1397 1807 1430 spi-

1011 1444 1099 1471 ritalis
1123 1444 1190 1479 legis
1215 1443 1411 1478 contemplatio
1441 1451 1448 1469 :
1487 1450 1577 1478 neque
1608 1442 1682 1469 enim
1717 1441 1806 1469 solum

1011 1499 1143 1519 succensa
1157 1495 1209 1523 est,
1222 1491 1270 1518 sed
1300 1491 1452 1518 secundum
1476 1491 1549 1525 quod
1560 1490 1598 1517 ait
1612 1490 1654 1517 lex
1682 1489 1806 1517 funditus

1009 1544 1103 1567 exusta
1116 1543 1167 1566 est.

1047 1586 1128 1613 Vsus.
1147 1585 1238 1613 t0~|2.
1255 1594 1265 1611 ι
1281 1584 1416 1617 Pontifex,
1427 1584 1453 1612 id
1470 1588 1512 1612 est
1525 1584 1653 1611 sacerdos
1669 1583 1806 1611 maximus

1015 1633 1087 1660 inter
1110 1631 1208 1660 fratres
1236 1640 1310 1665 suos,
1342 1639 1425 1666 super
1436 1631 1514 1666 cujus
1536 1635 1619 1666 caput
1647 1630 1739 1658 fusum
1764 1634 1807 1658 est

1015 1678 1153 1706 unctionis
1164 1678 1264 1710 oleum,
1278 1682 1306 1705 et
1320 1678 1400 1713 cujus
1417 1685 1514 1704 manus
1531 1677 1558 1703 in
1572 1676 1726 1704 sacerdotio
1741 1683 1808 1703 con-

1014 1729 1127 1752 secratte
1143 1728 1217 1757 sunt,
1232 1724 1402 1758 vestitusque
1417 1728 1458 1751 est
1469 1723 1572 1751 sanctis
1583 1723 1808 1756 vestibus,caput

1014 1778 1094 1798 suum
1107 1779 1161 1798 non
1176 1770 1354 1805 discooperit,
1370 1770 1535 1797 vestimenta
1547 1777 1595 1796 sua
1612 1776 1668 1796 non
1686 1768 1806 1801 scindet,

1014 1821 1042 1844 et
1058 1816 1091 1843 ad
1108 1823 1190 1843 omne
1210 1820 1349 1843 mortuum
1363 1823 1418 1842 non
1435 1815 1604 1850 ingrediatur
1615 1815 1739 1852 omnino.
1752 1814 1808 1841 Su-

1014 1870 1063 1897 per
1081 1866 1158 1896 patre
1171 1868 1280 1896 quoque
1295 1868 1355 1892 suo,
1370 1865 1416 1887 aut
1433 1865 1520 1887 matre
1535 1867 1591 1887 non
1609 1859 1808 1886 contaminabi-

1015 1912 1069 1940 tur,
1092 1915 1143 1935 nec
1158 1907 1314 1942 egredietur
1326 1907 1359 1934 de
1369 1906 1482 1938 sanctis,
1497 1913 1532 1933 ne
1560 1905 1665 1940 polluat
1679 1908 1808 1931 sanctua-

1014 1954 1084 1980 rium
1105 1953 1223 1985 Domini,
1237 1953 1300 1988 quia
1312 1953 1403 1980 oleum
1419 1956 1521 1979 sancta:
1551 1951 1691 1978 unctionis
1701 1949 1748 1977 Dei
1765 1951 1808 1978 sui

1014 2007 1097 2033 super
1113 2006 1175 2026 eum
1190 2003 1242 2025 est.
1257 1998 1313 2033 Ego
1326 1997 1466 2024 Dominus.
1487 2006 1496 2022 ι

1049 2044 1117 2077 Quis
1133 2049 1174 2071 est
1186 2044 1314 2072 sacerdos
1327 2050 1443 2078 magnus
1457 2042 1529 2069 inter
1545 2041 1644 2070 fratres
1667 2048 1742 2074 suos,
1755 2040 1808 2068 nisi

1013 2092 1110 2126 utique
1126 2091 1171 2118 ille
1182 2091 1215 2118 de
1231 2097 1287 2125 quo
1313 2090 1383 2117 dixit
1399 2088 1503 2116 David:
1529 2087 1643 2122 Magnus
1668 2086 1807 2120 Dominus,

1014 2142 1038 2165 et
1055 2145 1152 2172 magna
1164 2137 1248 2164 virtus
1261 2137 1329 2172 ejus,
1345 2135 1518 2170 asapientia:
1531 2133 1588 2169 ejus
1605 2141 1656 2160 non
1671 2137 1707 2160 est
1717 2141 1809 2159 nante-

1013 2193 1060 2212 rus
1070 2184 1103 2211 “.
1120 2183 1187 2217 Quis
1202 2183 1276 2211 enim
1300 2183 1430 2210 virtutem
1457 2181 1518 2216 ejus
1534 2180 1720 2212 considerare,
1746 2179 1809 2215 quis

1014 2238 1163 2259 numerare
1190 2229 1355 2265 sapientiam
1376 2233 1424 2256 aut
1445 2227 1680 2262 comprehendere
1700 2225 1809 2262 potest?

169 2291 222 2312 ma.
239 2282 300 2317 Ipsa
323 2285 366 2309 est
381 2285 407 2307 et
433 2279 577 2314 repudiata
597 2286 612 2304 a
636 2278 700 2309 Deo,
723 2281 852 2311 tanquam
872 2283 887 2302 ιι
901 2275 962 2302 Viro
978 2284 999 2311 ι)
1014 2277 1089 2312 quia,
1104 2284 1166 2304 cum
1183 2276 1257 2303 Deus
1268 2275 1304 2303 sit
1316 2278 1428 2310 propter
1439 2273 1670 2309 dispensationem
1684 2277 1809 2300 actorum

168 2338 227 2361 suo,
254 2328 300 2364 qui
326 2327 350 2354 ei
380 2335 430 2362 per
441 2326 605 2354 electionem
632 2324 674 2351 vir
690 2323 779 2350 factus
793 2321 892 2349 fuerat.
908 2321 963 2348 Sed

168 2377 230 2412 quia
249 2379 344 2410 postea
361 2382 421 2401 eam
448 2372 611 2407 culpabilem
633 2370 746 2405 reperit,
763 2373 907 2404 propterea
921 2375 965 2394 rc<

168 2423 304 2459 pndiavit,
319 2421 381 2456 quia
394 2420 507 2448 omnino
521 2419 607 2453 ejecta
622 2422 672 2445 est.
684 2415 784 2444 Vocem
797 2414 871 2446 audi,
882 2421 964 2449 quam

169 2472 239 2497 Usce
260 2468 373 2504 protulit
388 2475 395 2493 :
411 2466 536 2494 Judicate
552 2468 664 2492 matrem
694 2467 819 2494 vestram,
834 2461 964 2496 judicate,

171 2517 230 2548 quia
247 2516 304 2550 ipsa
321 2522 373 2541 non
386 2521 453 2540 uxor
467 2520 537 2540 mea.
552 2516 576 2538 et
589 2518 635 2546 ego
654 2517 705 2537 nou
720 2509 761 2535 vir
773 2508 830 2542 ejus
847 2508 881 2534 ".
896 2506 966 2534 Audi

170 2567 261 2590 autem
277 2564 394 2595 etquam
412 2558 496 2586 Isaias
524 2557 657 2593 propheta
677 2555 790 2583 tradidit
807 2562 813 2580 :
837 2553 881 2581 Sic
905 2553 968 2579 dicit

171 2609 299 2636 Dominus
313 2615 322 2634 :
335 2606 399 2639 Quis
409 2605 496 2632 est/tio
512 2604 614 2631 libellus
628 2602 731 2638 repudii
759 2601 853 2628 matris
876 2605 968 2627 vestra:

171 2664 221 2687 quo
232 2654 322 2681 dimisi
338 2653 447 2680 eam“?
458 2651 509 2679 Ubi
524 2655 616 2678 autem
636 2654 679 2677 est
693 2648 840 2684 repudium
853 2651 881 2674 et
900 2646 967 2673 mis-

173 2701 225 2728 sio?
235 2700 411 2728 manifestum
428 2703 470 2726 est
482 2698 545 2733 quia
561 2705 630 2725 uxor
645 2700 704 2724 erat
719 2696 753 2723 de
768 2702 822 2729 qua
836 2694 896 2720 bare
925 2692 967 2719 di-

171 2746 260 2773 cebat.
273 2745 333 2773 Non
351 2745 408 2772 vult
423 2752 487 2780 ergo
498 2752 569 2772 eam.
582 2750 694 2770 uxorem
719 2740 888 2769 sacerdotem
919 2739 966 2766 du-

171 2801 245 2825 cere,
264 2797 294 2820 ut
307 2800 363 2819 non
395 2791 585 2827 aliquaeorum
608 2797 669 2824 qua:
680 2789 713 2816 ad
739 2796 799 2819 eam
828 2787 968 2822 pertinent

208 2871 370 2903 ’³11ι·ὶ)ι·.ιι,
392 2871 434 2898 il.
491 2870 513 2886 "‘
532 2869 610 2898 Joan.
628 2877 670 2899 xx.
688 2868 730 2894 1⁵1.
787 2867 809 2882 ’⁵
824 2866 876 2903 lsa.
891 2874 914 2903 ‘t,
929 2865 974 2892 2|.

174 2907 195 2922 "
213 2907 266 2933 lsa.
282 2911 308 2939 L',
324 2907 348 2932 i.
390 2907 431 2933 θοι
449 2905 519 2933 Tim.
541 2913 583 2938 ιιι,
602 2905 627 2931 lt.
668 2903 686 2918 "
701 2903 767 2930 ibid.
784 2903 809 2929 Ei.

174 2949 222 2975 xu,
239 2941 284 2968 50.

850 2902 870 2917 ³⁷
891 2901 942 2927 lsa.
961 2908 977 2932 ι,
992 2899 1019 2926 8.

1015 2331 1065 2359 pro
1079 2323 1161 2350 nobis
1174 2322 1380 2358 mysteriorum,
1396 2321 1477 2348 etiam
1486 2320 1614 2347 sacerdos
1630 2318 1745 2346 effectus
1754 2322 1808 2346 est.

1016 2369 1101 2397 Recte
1115 2376 1180 2404 ergo
1195 2368 1240 2395 hic
1255 2375 1371 2403 magnus
1384 2366 1523 2398 sacerdos,
1539 2369 1634 2400 utpote
1644 2364 1690 2399 qui
1701 2368 1807 2391 semet-

1016 2415 1106 2449 ipsum
1135 2421 1184 2448 pro
1205 2412 1284 2440 nobis
1306 2411 1424 2439 hostiam
1451 2415 1479 2438 ct
1505 2409 1673 2438 oblationem
1693 2408 1808 2440 obtulit,

1018 2459 1182 2495 appellatur.
1207 2459 1323 2493 Propter
1352 2457 1426 2491 quod
1457 2461 1485 2484 et
1507 2462 1602 2483 servos
1628 2454 1727 2481 fratres
1744 2460 1809 2481 suos

1019 2506 1110 2533 dicere
1125 2512 1223 2540 passus
1239 2508 1291 2536 est,
1311 2503 1337 2530 id
1352 2506 1395 2530 est
1410 2506 1530 2534 sanctos,
1556 2500 1603 2535 qni
1620 2506 1730 2534 semper
1749 2498 1810 2533 ejus

1018 2551 1121 2579 faciunt
1144 2551 1326 2578 voluntatem.
1354 2548 1400 2576 Ait
1425 2548 1520 2575 enim:
1541 2546 1698 2580 Quicunque
1720 2543 1813 2580 fecerit

1016 2597 1178 2624 voluntatem
1193 2595 1284 2623 Patris
1299 2595 1361 2626 mei,
1376 2594 1421 2621 ille
1438 2601 1510 2619 meus
1524 2597 1549 2619 et
1568 2592 1662 2626 frater,
1676 2594 1700 2616 et
1724 2596 1810 2620 soror,

1017 2650 1040 2670 et
1055 2648 1140 2670 mater
1150 2647 1187 2670 est
1199 2643 1233 2670 ³⁵.
1251 2641 1341 2676 Super
1358 2640 1441 2675 hujus
1459 2642 1541 2673 caput
1564 2638 1654 2665 oleum
1671 2635 1812 2663 unctionis

1017 2690 1135 2717 eliusum
1152 2693 1204 2720 est,
1220 2688 1254 2715 de
1270 2695 1324 2722 quo
1341 2686 1426 2714 dixit:
1443 2685 1522 2713 Sedes
1537 2689 1594 2717 tua,
1612 2683 1693 2716 Deus,
1717 2683 1745 2709 in
1760 2689 1812 2708 ste-

1020 2737 1107 2764 culum
1123 2735 1223 2767 swculi,
1238 2735 1312 2769 virga
1325 2737 1395 2760 recta
1409 2737 1458 2763 est,
1470 2732 1544 2766 virga
1560 2730 1633 2766 regni
1649 2729 1699 2756 tui.
1714 2727 1813 2754 Dilexi-

1023 2785 1056 2811 sti
1074 2783 1210 2819 justitiam
1223 2786 1246 2809 et
1261 2781 1340 2808 odisti
1358 2779 1537 2815 iniquitatem,
1547 2781 1687 2812 propterea
1699 2773 1773 2801 unxit
1787 2777 1812 2799 te

1621 2852 1644 2868 “
1655 2851 1724 2878 Osee
1737 2858 1767 2882 ιι,
1783 2849 1812 2876 2.

1251 2860 1272 2875 ’⁷
1285 2858 1354 2886 Psal.
1368 2864 1500 2886 lxxxviii,
1519 2854 1564 2882 40.
1621 2854 1724 2878 “Osee
1737 2858 1767 2882 ιι,
1783 2854 1812 2876 2.

1252 2896 1261 2913 λ
1293 2895 1308 2913 εἰ
1364 2894 1385 2909 ³³
1401 2892 1460 2913 Deal
1491 2898 1578 2913 run.
1593 2888 1619 2913 5.
1675 2886 1697 2902 ³³
1714 2885 1812 2913 Matlh.

1013 2863 1035 2878 “
1051 2862 1120 2890 Osee
1135 2870 1164 2894 ll,
1178 2862 1204 2888 2.
1251 2862 1272 2875 ’⁷
1286 2862 1354 2886 i’sal.
1368 2864 1500 2886 txxxxttl,
1519 2862 1564 2882 au.

1071 2898 1092 2914 ³⁸
1110 2898 1178 2920 Osee.
1203 2905 1231 2920 ll.
1249 2896 1274 2920 ἦ.
1292 2895 1318 2920 5.
1364 2894 1385 2909 ³³
1401 2892 1471 2920 Psal.
1491 2898 1578 2920 CXLVI,
1593 2888 1619 2916 5.

1071 2898 1092 2914 ³⁸
1110 2898 1178 2924 Osee
1203 2905 1231 2927 ll,
1249 2896 1274 2927 ἆ,
1292 2895 1318 2922 5.
