2056 3148
244 186 309 218 lilii!)

828 175 1006 208 HESYCHlI
1041 177 1090 205 PR
1096 174 1279 205 ESBYTERI

1811 171 1880 204 1060

244 245 321 274 Deus,
345 242 413 268 Deus
429 245 487 266 tuus
500 238 555 265 oleo
566 236 676 267 laetitirc,
691 242 746 269 pra:
760 232 925 260 consortibus
938 232 989 258 tuis
999 231 1031 257 3°.
1050 235 1072 261 Α
1086 231 1203 257 animam
1222 237 1285 264 ergo
1301 232 1446 259 mortuam,
1460 227 1502 255 vel
1517 227 1550 254 ad
1560 234 1642 254 omne
1660 230 1878 260 mortuum,,noti

242 286 444 316 Concordantia
475 283 540 310 huic
568 282 619 317 legi
646 281 753 312 dicens,
773 286 829 305 non
860 277 949 303 solum
970 275 1032 310 quia

243 332 380 361 unctionis
399 335 513 364 uterque
529 327 690 355 memoriam
706 325 781 356 facit,
792 324 839 351 sed
851 323 913 357 quia
926 322 996 349 sicut
1007 325 1034 347 et

243 380 340 410 David,
357 377 493 405 excellere
506 374 686 408 semetipsum
701 372 729 398 in
748 371 805 406 ipsa
830 369 961 396 unctione
978 367 1034 394 suis

242 424 427 461 participibus
452 425 632 457 protestatur.
659 417 738 450 Quod
767 417 841 443 enim
870 415 949 446 dixit,
981 420 1035 448 pra!

242 459 436 506 participibus,
467 474 549 502 super
580 464 729 500 participes
763 467 825 489 tuos
855 461 914 487 sine
945 459 1035 492 aliqua

243 505 384 546 dubietate
417 513 593 548 intelligitur:
630 510 671 537 si'c
702 516 762 535 eum
791 507 872 534 etiam
900 505 1036 540 lcgislator

243 563 390 591 maximum
402 560 469 588 dixit
488 559 561 585 inter
575 557 674 583 fratres
699 561 777 584 suos,
805 552 832 579 id
847 556 889 578 est
911 549 1037 584 superio-

243 617 313 637 rem.
343 607 422 640 Quod
452 610 545 632 autem
573 602 693 629 maxime
721 599 748 626 in
776 597 905 633 przcscnti
931 598 1038 630 oportet

245 654 346 683 intueri
370 652 501 682 historia,
525 656 586 676 cum
619 645 768 674 secundum
790 642 860 670 LXX
888 641 1037 668 editionem

245 701 345 728 addere
361 698 511 727 debuisset,
531 694 573 721 cui
589 693 697 727 effusum
711 696 746 718 est
768 697 845 723 super
858 692 937 722 caput
952 686 1038 712 oleum

246 745 387 775 unctionis,
405 750 459 769 non
483 741 523 768 sic
542 740 596 766 ait:
624 738 681 769 sed,
702 736 833 763 maximus
854 737 885 761 de
913 733 1038 768 fratribus

247 793 314 827 ejus,
326 791 370 826 qui
383 789 472 824 effudit
488 795 565 820 super
576 788 656 818 caput
672 783 739 817 ejus.
755 781 824 814 Quia
841 780 913 807 cnim
937 777 1037 806 Christi

247 826 312 866 caro
327 840 379 867 est,
400 841 463 869 qua:
491 831 613 866 suscepit
638 829 795 857 unctionem
821 827 847 853 in
865 826 1038 860 seiuetipsaiii

247 881 456 911 communicata:
471 879 529 906 sive
541 877 624 904 uuitm
636 875 800 903 divinitatis.
825 873 862 900 Ex
879 873 929 899 hac
948 876 1037 898 autem

247 936 331 956 carne
342 927 440 954 fratres
456 925 515 960 ejus
534 927 562 950 et
581 921 689 957 cognati
712 920 802 948 eiIeeti
826 926 929 946 sumus.
955 917 1038 944 Recte

249 975 288 1002 ait
303 972 437 1009 pontifex,
453 972 480 998 id
494 975 547 1003 est,
561 968 690 996 sacerdos
704 967 840 994 maximus
855 965 926 992 inter
941 963 1039 990 fratres

249 1008 324 1052 suos,
354 1026 439 1054 super
462 1017 542 1052 cujus
570 1018 654 1050 caput
682 1013 799 1040 eﬂ'usum
830 1015 871 1038 est
903 1008 1040 1055 unctionis

249 1067 397 1098 oleum,ut
410 1067 505 1099 aperte
528 1061 685 1089 inveniatur
702 1059 755 1086 hoc
784 1057 856 1093 quod
885 1055 1040 1089 intelligen-

249 1113 314 1140 dum
329 1115 380 1144 est,
393 1109 530 1137 maximus
547 1108 618 1134 inter
639 1106 747 1137 fratres,
765 1104 789 1131 id
802 1107 855 1135 est,
870 1101 962 1129 carnis
972 1107 1039 1126 suat.

249 1158 311 1193 Ipsa
328 1161 371 1184 est
384 1155 458 1182 enim
475 1161 536 1189 qua:
549 1152 673 1186 suscepit
687 1150 823 1178 unctionis
846 1148 937 1175 oleum
959 1146 1040 1180 huius

250 1192 412 1233 sacerdotis,
434 1204 462 1227 et
477 1201 653 1226 consecratas
668 1196 754 1223 fuisse
781 1201 889 1225 manus,
915 1192 984 1223 sive,
1011 1195 1042 1217 ut

249 1247 332 1280 LXX,
348 1249 542 1273 consummatos
556 1237 603 1277 pcr
619 1241 708 1269 crucis
727 1239 906 1267 confixionem
924 1236 1040 1265 manife-

250 1299 322 1322 stum
339 1298 391 1320 est.
409 1291 487 1318 Tunc
500 1291 574 1318 enim
587 1286 819 1324 quemadmodum
836 1285 864 1312 hi
880 1284 926 1319 qui
943 1291 1040 1311 secun-

251 1340 315 1367 dum
330 1339 417 1374 legem
436 1341 501 1364 sunt
514 1335 682 1364 sacerdotes,
701 1333 729 1359 in
754 1331 887 1367 sanguine
901 1330 989 1361 vituli,
1014 1333 1042 1356 et

251 1386 345 1414 arietis
364 1383 606 1414 consummabant,
633 1381 691 1408 sive
721 1379 918 1407 consecrabant
946 1384 1043 1403 manus

253 1440 332 1460 suas:
354 1431 394 1458 sic
405 1435 434 1458 et
446 1430 504 1465 ipse
516 1428 628 1464 proprio
644 1426 777 1462 sanguine
793 1433 856 1453 suas
870 1431 966 1451 manus
978 1431 1043 1450 eon-

253 1479 372 1507 sceravit
387 1478 443 1505 sive
455 1475 665 1505 consummavit.
687 1475 723 1500 De
735 1481 789 1508 quo
802 1472 840 1499 ait
861 1471 976 1498 Paulus:
993 1469 1043 1502 Qui

253 1533 312 1553 cum
332 1530 398 1552 esset
412 1523 508 1555 Filius,
530 1523 622 1549 didicit
637 1530 668 1548 ea:
679 1521 718 1547 liis
734 1527 792 1555 qua:
807 1526 900 1554 passus
914 1522 962 1548 est,
985 1518 1044 1543 obe-

1089 275 1280 311 ingredictur:
1297 274 1372 309 quia.
1391 274 1443 301 etsi
1460 273 1582 300 omnium
1608 277 1721 307 peccata
1745 275 1880 307 portabit,

1086 325 1275 348 verumtamen
1293 319 1452 354 impollutus
1470 321 1622 353 permanet,
1645 323 1672 344 et
1688 325 1737 344 nec
1757 319 1880 353 gentium

1086 366 1209 401 peccatis
1234 365 1379 399 polluitur.
1402 362 1439 390 De
1457 363 1500 390 his
1529 362 1603 389 enim
1629 362 1782 389 secundum
1810 362 1880 389 LXX

1087 411 1161 439 omni
1189 410 1288 438 animzc
1303 413 1428 441 mortuae,
1443 413 1538 443 utpote
1551 412 1647 435 contra
1679 415 1776 435 oumes
1793 409 1880 435 ell'usa

1088 458 1228 493 impietate
1240 461 1268 484 et
1287 456 1442 484 idololatria
1457 455 1568 482 dicitur.

1123 499 1157 532 Et
1174 512 1219 530 nec
1233 511 1310 536 super
1328 507 1404 536 patre
1415 507 1440 528 et
1451 505 1546 528 matre.
1565 500 1653 536 Super
1665 501 1794 535 populum
1807 501 1883 528 vide-

1088 551 1155 578 licet
1173 550 1344 579 .ludtcorum,
1364 556 1397 575 ex
1411 547 1512 582 quibus
1526 551 1569 574 est
1595 547 1745 574 secundum
1759 555 1883 578 carnem,

1088 601 1116 624 et
1132 600 1277 630 propterea
1294 594 1451 630 appellatur
1468 594 1527 628 ejus
1544 598 1622 628 pater
1632 599 1660 621 ct
1672 598 1774 620 uiator:

1126 641 1370 672 Containinabitur,
1395 648 1441 666 nec
1464 640 1496 666 de
1518 639 1616 666 sanctis
1645 639 1802 674 egredietur.
1825 638 1883 666 Etsi

1089 687 1282 723 peccatoribus
1291 686 1512 714 condescendere
1529 685 1620 721 elegit.
1639 690 1781 720 permanet
1791 690 1882 713 tamen

1090 739 1212 766 sanctus,
1228 738 1257 760 et
1271 733 1298 760 in
1314 732 1418 760 sanctis
1435 731 1593 766 requiescit,
1606 736 1634 758 et
1654 739 1668 758 a
1686 732 1788 759 sanctis
1801 732 1846 766 qui
1857 732 1884 758 in

1090 781 1160 808 coelo
1186 784 1252 807 sunt
1277 778 1381 814 angelis
1396 777 1594 805 circumdatur.
1626 777 1680 804 Sed
1703 786 1755 805 nee
1781 778 1886 812 polluet

1091 826 1280 854 Sanctuarium
1295 825 1413 857 Domini,
1434 824 1499 859 quia
1518 823 1610 851 oleum
1624 828 1726 851 sueta:
1747 825 1885 851 unctionis

1093 872 1140 898 Dei
1157 872 1199 898 sui
1214 879 1299 906 super
1313 878 1345 898 eo
1369 874 1421 897 est.
1453 870 1524 905 Ergo
1544 870 1595 896 etsi
1612 869 1714 897 videris
1736 878 1798 897 eum
1821 878 1886 897 cum

1095 917 1263 952 publicanis,
1296 920 1323 943 et
1349 923 1412 943 cum
1442 915 1633 942 meretricibus
1663 920 1884 947 conversantem,

1091 964 1228 991 dicentem
1244 963 1456 998 peccatoribus:
1481 962 1540 988 Non
1555 962 1614 989 veni
1628 962 1822 996 uocarejustos,
1839 962 1886 989 sed

1091 1014 1242 1045 peccatores
1260 1009 1287 1035 in
1303 1008 1525 1043 pwuitentiam",
1542 1012 1635 1034 tamen
1650 1008 1676 1034 in
1691 1008 1765 1035 nullo
1786 1009 1885 1035 horum

1092 1055 1336 1087 containinabitur,
1355 1055 1471 1082 actionis
1497 1055 1571 1082 enim
1587 1062 1682 1082 eorum
1697 1055 1774 1082 mala:
1799 1055 1886 1089 parti-

1093 1107 1158 1135 ceps
1174 1107 1229 1126 non
1244 1098 1371 1126 efficitur.

1131 1145 1203 1173 Unde
1215 1153 1266 1170 non
1283 1140 1377 1178 polluit
1392 1144 1576 1170 sanctum-ium.
1595 1143 1650 1170 Dei.
1675 1143 1702 1172 ld
1712 1149 1762 1178 est,
1795 1145 1887 1180 Spiri-

1093 1196 1150 1218 tum
1160 1194 1297 1222 sanctum,
1318 1189 1352 1217 de
1372 1189 1432 1224 ipso
1448 1190 1521 1216 enim
1538 1189 1576 1216 ait
1596 1198 1602 1215 :
1632 1189 1701 1222 Quia
1719 1191 1805 1218 oleum
1827 1200 1890 1218 mn-

1093 1242 1141 1264 σια-
1153 1237 1283 1263 unctionis
1296 1235 1345 1262 Dei
1362 1236 1403 1262 sui
1420 1244 1499 1269 super
1523 1245 1561 1262 eo.
1577 1235 1754 1264 Concordans
1773 1241 1799 1264 et
1827 1237 1890 1273 ipse

1092 1283 1126 1310 de
1138 1283 1248 1310 Christo
1263 1282 1342 1309 Isaiae
1355 1282 1446 1309 verbis
1459 1290 1466 1309 :
1482 1281 1597 1316 Spiritus
1620 1282 1725 1309 Domini
1741 1291 1819 1317 super
1835 1291 1889 1316 mc,

1093 1333 1200 1364 propter
1214 1329 1283 1362 quod
1297 1329 1373 1355 unxit
1385 1328 1467 1360 me“,
1481 1327 1599 1362 Spiritus
1614 1332 1707 1355 autem
1722 1328 1848 1363 pollutio,
1861 1329 1889 1356 id

1094 1379 1146 1407 est,
1166 1375 1267 1410 injuria
1285 1377 1313 1401 et
1326 1373 1508 1405 eontristatio,
1534 1379 1576 1400 est
1594 1374 1684 1400 omnis
1708 1374 1811 1408 peccati
1831 1374 1891 1409 pul-

1096 1421 1173 1453 lutio,
1184 1425 1295 1455 propter
1308 1420 1382 1454 quod
1398 1424 1425 1447 et
1436 1419 1537 1446 Paulus
1561 1427 1576 1446 a
1601 1420 1721 1454 peccatis
1747 1420 1890 1447 abstinen-

1095 1467 1159 1493 tiam
1173 1467 1274 1493 docens
1289 1465 1397 1493 dicebat
1425 1476 1430 1493 :
1469 1465 1558 1492 Nolite
1575 1467 1732 1492 contristare
1759 1466 1891 1501 Spiritum

1096 1516 1216 1538 sanctum
1231 1512 1376 1546 Dei,inquo
1384 1512 1481 1545 signati
1491 1513 1551 1538 estis
1561 1512 1635 1539 indic
1645 1513 1829 1546 redemptionis
1855 1508 1892 1540 ⁸³.

254 1572 391 1599 dientiam.
409 1574 433 1597 et
448 1572 642 1596 consummatus
658 1567 744 1602 factus
756 1570 792 1592 est
816 1564 934 1591 omnibus
946 1563 1044 1588 olitcm-
1058 1567 1079 1594 (ι
1096 1559 1143 1585 Sic
1166 1559 1200 1585 de
1224 1558 1344 1584 maximo
1368 1559 1513 1584 sacerdote
1542 1565 1597 1585 non
1628 1558 1714 1585 solum
1738 1558 1894 1593 prteceden-

254 1616 408 1651 parantibus
426 1615 485 1646 sibi,
514 1621 595 1640 causa
620 1612 713 1638 salutis
736 1615 838 1637 a'terme
864 1609 1012 1644 appellatus
1029 1617 1045 1634 α

256 1660 310 1687 Deo
339 1659 471 1693 Pontifex,
495 1658 576 1692 juxta
607 1656 725 1682 ordinem
756 1653 940 1681 Melchisedech
955 1653 988 1680 ³⁷.
1014 1652 1046 1678 lit

258 1713 371 1733 rursus:
395 1703 508 1730 Decebat
524 1703 593 1729 enim
611 1709 679 1732 eum,
698 1705 803 1734 propter
818 1707 893 1734 quem
911 1700 1010 1730 omnia,
1022 1703 1046 1724 ct

257 1759 303 1786 per
316 1757 391 1784 quem
406 1749 507 1779 omnia.
523 1748 585 1783 quia
604 1747 700 1774 multos
713 1746 780 1780 ﬁlios
798 1746 826 1772 in
842 1745 1047 1780 gloriumadtlu-

256 1800 342 1828 πει-αι,
363 1799 496 1822 auctorem
514 1793 607 1821 salutis
629 1800 720 1819 eorum
742 1799 788 1826 per
814 1791 962 1825 passionem
988 1798 1049 1816 con-

257 1848 391 1868 summare
401 1839 435 1865 ³⁸.
454 1839 504 1865 Hic
515 1843 542 1865 et
559 1837 730 1865 vestimentis
744 1837 796 1863 illis
812 1836 924 1863 indutus
935 1840 976 1862 est
988 1843 1048 1870 qua:

261 1886 344 1913 David
381 1885 409 1912 in
440 1885 556 1911 Psalmis
586 1883 732 1910 cantabat:
764 1882 890 1908 Dominus
911 1882 1047 1916 regnavit,

259 1933 378 1959 decorem
388 1931 484 1962 induit,
499 1930 585 1956 induit
599 1929 726 1956 Dominus
740 1928 931 1964 fortitudinem,
943 1933 966 1954 et
982 1935 1050 1961 prte-

260 1978 340 2004 cinatit
356 1985 384 2003 se
403 1977 499 2003 virtute
509 1975 542 2002 '9.
565 1975 614 2002 llic
631 1979 713 2009 caput
731 1981 812 2001 suum
829 1982 884 2000 non
905 1973 1049 2007 discoope-

260 2024 324 2056 ruit,
338 2030 389 2050 nec
403 2022 571 2050 vestimenta
586 2028 635 2048 sua
651 2020 782 2047 concidit.
794 2019 883 2054 Caput
901 2026 980 2046 suum
993 2026 1048 2045 non

260 2069 461 2103 discooperuit,
494 2067 558 2102 quia
581 2075 596 2094 a
624 2066 704 2094 Patre
729 2074 791 2099 suo,
817 2066 863 2100 qui
886 2065 946 2100 ejus
968 2070 1050 2099 caput

261 2115 424 2150 appellatur,
442 2122 492 2141 nec
508 2113 652 2149 paSsiones
666 2112 757 2140 carnis
771 2112 911 2139 sustinens
937 2118 1050 2145 separa-

262 2165 315 2187 tur.
329 2159 382 2186 Sed
393 2167 443 2186 nec
459 2160 623 2186 vestimenta
635 2158 782 2189 conscidit,
799 2157 826 2184 id
843 2162 885 2185 est
898 2157 1005 2184 carnis:
1018 2163 1050 2182 ex

262 2214 316 2240 quo
336 2205 408 2232 enim
436 2205 549 2232 verbum
573 2213 638 2232 caro
667 2205 768 2232 factum
798 2208 850 2234 est,
877 2203 947 2230 inest
976 2207 1050 2229 totus

1097 1605 1132 1631 tia
1153 1604 1295 1639 intelliges,
1305 1605 1352 1631 sed
1364 1604 1605 1639 etsuhsequentia.
1617 1604 1672 1631 Nec
1689 1605 1764 1631 enim
1782 1605 1893 1631 incom-

1098 1651 1246 1685 patientcm
1262 1651 1406 1685 quemdam
1425 1655 1451 1677 et
1467 1651 1679 1677 immansuetum
1693 1657 1767 1681 eum,
1778 1650 1823 1684 qui
1835 1650 1894 1684 pri-

1099 1705 1160 1723 inus
1187 1698 1316 1723 sacerdos
1334 1701 1391 1728 est,
1423 1696 1562 1731 legislatnr
1585 1696 1660 1728 vult,
1681 1699 1710 1722 ut
1735 1696 1769 1722 ad
1788 1696 1895 1722 nullum

1099 1747 1236 1770 mortuum
1264 1743 1385 1774 accedat,
1417 1742 1464 1769 scil
1477 1743 1593 1770 suadere
1616 1742 1694 1769 nobis
1722 1742 1791 1774 vult,
1830 1743 1895 1776 quia

1098 1793 1172 1815 tanta
1204 1789 1393 1819 sanctiﬁcatio,
1416 1797 1469 1823 qua
1498 1789 1621 1823 pontifex
1638 1788 1714 1815 indui
1725 1787 1837 1821 dicitur,
1860 1789 1896 1816 de

1100 1838 1268 1860 mortuorum
1282 1834 1385 1860 visione
1395 1834 1573 1868 pollueretur.

1140 1879 1220 1907 Vsus.
1244 1881 1337 1906 13-15.
1364 1890 1372 1904 ι
1399 1879 1453 1915 Ego
1486 1880 1626 1912 Dominus,
1656 1880 1791 1916 virginem
1814 1881 1897 1908 ducet

1100 1934 1223 1958 uxorem,
1238 1926 1346 1953 viduam
1370 1931 1397 1953 ct
1415 1926 1583 1960 repudiatam
1598 1931 1625 1953 et
1641 1927 1781 1954 sordidam
1812 1932 1896 1962 atque

1102 1973 1272 2000 meretricem
1289 1981 1343 1999 non
1356 1973 1448 2002 ducet.
1465 1973 1512 1999 sed
1537 1973 1653 2007 puellam
1667 1973 1701 2000 de
1722 1974 1822 2008 populo
1845 1981 1906 2002 suo,

1101 2026 1136 2045 ne
1151 2019 1327 2046 commisccat
1337 2019 1450 2053 stirpem
1469 2020 1576 2054 generis
1593 2019 1634 2046 sui
1652 2020 1734 2055 vulgo
1743 2020 1816 2055 genti
1827 2028 1896 2053 suae,

1101 2064 1165 2097 quia
1180 2072 1231 2099 ego
1244 2065 1375 2091 Dominus
1387 2065 1433 2099 qui
1444 2065 1585 2092 sanctifico
1597 2073 1669 2092 eum.
1688 2075 1696 2091 ι

1139 2109 1336 2144 Seipsumesse
1353 2111 1546 2146 legis’atorcm,
1567 2116 1592 2138 et
1614 2112 1783 2146 inipletort‘iii
1815 2111 1898 2146 huius

1102 2155 1249 2182 sanctionis
1261 2155 1379 2182 maxime
1396 2157 1553 2184 ostendens.
1575 2157 1628 2190 Iz‘go
1647 2158 1773 2183 [animus
1799 2165 1898 2183 net-es-

1103 2201 1174 2228 saric
1193 2201 1307 2232 addidit,
1320 2202 1409 2236 qualis
1420 2207 1522 2234 autem,
1542 2203 1772 2238 subsequentibus
1785 2205 1898 2230 edocuit.

263 2260 320 2279 suae
330 2252 417 2283 carni,
433 2256 460 2278 et
477 2259 616 2286 nunquam
633 2251 667 2278 ab
680 2258 722 2281 ea.
744 2258 796 2277 nec
816 2257 830 2276 a
845 2249 985 2279 cruciﬁxa,
998 2256 1048 2275 net:
1066 2239 1086 2265 ί)
1104 2247 1202 2274 verbis.

264 2306 278 2325 a
302 2298 418 2333 sepulta,
445 2305 497 2325 nec
531 2298 604 2324 aliud
626 2297 764 2332 quodlibet
792 2303 889 2330 passa,
918 2295 991 2329 quod
1020 2295 1053 2321 ad

265 2347 389 2370 naturam
401 2348 522 2370 nostram
539 2343 668 2377 pertinet,
682 2350 711 2369 se
730 2341 856 2368 abscidit.

299 2389 330 2416 Et
355 2390 390 2415 ad
409 2397 485 2415 omne
512 2393 645 2415 mortuum
666 2395 717 2413 non
743 2386 912 2420 inyredietur.
942 2385 1054 2412 Omnino

262 2442 339 2467 super
351 2438 426 2468 patre
439 2441 540 2468 quoque
551 2441 597 2459 suo
614 2437 638 2459 et
655 2437 740 2458 matre
758 2439 809 2457 non
819 2431 1051 2457 contaminubitur.

265 2480 331 2507 LXX
344 2487 435 2508 autem
448 2482 559 2508 dicunt:
577 2480 661 2514 Super
677 2487 778 2505 omnem
789 2480 908 2505 animant
921 2483 1053 2504 mortuam

265 2534 315 2552 non
331 2527 503 2561 ingredietur.
527 2526 669 2559 Quomodo
689 2529 781 2552 autem
809 2524 899 2550 anima
926 2524 1052 2554 moritur,

264 2579 326 2598 cum
360 2572 395 2598 sit
424 2572 533 2598 condita
568 2570 754 2598 immortalis?
789 2569 857 2596 Audi
892 2569 1054 2603 prophetam

265 2616 418 2643 (licentem:
437 2615 532 2642 Anima
550 2624 608 2650 quia
633 2616 788 2649 peccaverit,
807 2616 864 2648 ipsa
881 2614 1053 2645 morietur”,

266 2662 417 2696 impietatis
431 2662 524 2696 utique
537 2666 636 2691 morte.
649 2662 707 2687 ha-c
716 2666 757 2687 est
773 2661 846 2688 enim
860 2661 956 2687 animae
970 2667 1053 2690 mors,

265 2716 347 2743 quam
363 2707 482 2735 maxime
502 2713 597 2743 gentes
615 2715 701 2742 passu:
726 2713 800 2739 sunt,
817 2715 877 2742 quae
893 2715 945 2734 nec
967 2707 1053 2742 legem

268 2754 325 2787 Dei,
346 2761 396 2780 nec
412 2753 491 2780 aliam
515 2754 575 2788 ejus
600 2754 742 2780 scientiam
773 2754 938 2780 habuerunt.
965 2752 1055 2787 Super

306 2856 328 2871 Η
341 2855 411 2884 Psal.
423 2865 495 2890 xuv,
519 2858 544 2890 7,
562 2857 587 2884 8.

270 2898 294 2924 ι’,
311 2891 354 2918 3‘2.
386 2895 407 2908 ⁵*
424 2893 474 2920 lsa.
491 2901 544 2926 ιιι,
566 2893 575 2919 l
591 2902 597 2927 ;
613 2893 676 2921 Luc.
696 2902 731 2926 iv,
753 2894 792 2920 l8.
831 2894 852 2908 δ’
866 2894 965 2928 Ιίνιιθε.
981 2902 1017 2927 iv,
1033 2895 1077 2922 50.

627 2858 647 2874 ³⁷
664 2857 746 2884 llebr.
769 2866 796 2890 ν,
813 2858 840 2889 8,
856 2858 882 2885 9.
913 2859 934 2874 “
953 2858 1035 2886 llclir.
1051 2867 1081 2893 ii,
1098 2860 1140 2886 lO.

1142 2293 1275 2328 Virginem
1300 2297 1375 2320 ducet
1391 2302 1498 2320 uxorem
1525 2295 1556 2321 ιΙο
1567 2296 1662 2328 ponito
1687 2304 1744 2322 suo.
1759 2296 1834 2328 Sive.
1867 2303 1898 2324 lit

1105 2338 1185 2370 LXX,
1195 2339 1226 2365 de
1238 2347 1331 2373 genere
1341 2348 1398 2370 suo,
1413 2341 1475 2374 quia
1492 2349 1578 2375 genus
1594 2341 1694 2368 Christi
1709 2347 1820 2377 propter
1833 2352 1896 2370 car-

1104 2393 1166 2412 nem
1181 2393 1262 2412 omiie
1272 2386 1412 2412 hominum
1422 2395 1507 2421 genus
1520 2395 1592 2418 esse,
1605 2388 1717 2415 cuilibet
1730 2394 1834 2416 certum
1843 2395 1897 2420 est.

1106 2431 1150 2457 hic
1166 2439 1199 2457 ex
1217 2432 1266 2458 hac
1283 2439 1394 2458 uxorem
1411 2433 1553 2466 virginem,
1572 2433 1598 2460 id
1621 2438 1672 2466 est,
1689 2435 1839 2462 Ecclesium
1869 2436 1898 2463 in

1104 2485 1166 2503 etim
1187 2477 1356 2504 credentium
1371 2478 1458 2510 duxit,
1470 2479 1503 2506 de
1520 2488 1573 2514 qua
1587 2479 1688 2508 Paulus
1701 2481 1809 2509 dicebat
1822 2492 1828 2508 :
1845 2483 1899 2509 Dc-

1103 2524 1197 2556 spondi
1213 2532 1255 2550 eos
1272 2524 1316 2550 uiti
1336 2525 1391 2550 riro
1405 2525 1532 2560 virginem
1547 2532 1649 2554 castam
1671 2527 1790 2555 exhibere
1819 2528 1901 2556 Chri-

1103 2573 1142 2594 sto
1157 2570 1189 2595 ⁵³.

1143 2616 1254 2643 l'iduam
1269 2623 1292 2644 et
1304 2619 1472 2652 repudiatam
1481 2623 1505 2646 et
1522 2622 1667 2654 sordidam,
1707 2627 1786 2657 atque
1815 2631 1900 2650 more:

1109 2663 1199 2689 tricem
1215 2671 1267 2689 non
1282 2664 1367 2691 ducet.
1386 2665 1543 2693 Judmorum
1561 2667 1730 2703 Synagogam
1745 2669 1855 2696 viduam
1872 2670 1901 2695 in

1109 2711 1251 2744 prophetis
1286 2712 1450 2747 appellatam
1481 2714 1618 2747 novimus,
1643 2716 1676 2741 ad
1696 2723 1777 2750 quam
1806 2716 1899 2742 dixit:

1110 2756 1223 2783 Tondcre
1235 2763 1258 2784 et
1275 2759 1359 2793 gaude
1371 2768 1449 2793 super
1462 2760 1529 2793 ﬁlios
1543 2766 1601 2787 tuo:
1623 2766 1735 2794 teneros,
1759 2762 1844 2789 dilata
1865 2762 1901 2788 ti-

1181 2859 1203 2874 ”
1216 2859 1284 2886 Psal.
1299 2868 1363 2894 cxu,
1382 2861 1406 2887 l.
1436 2861 1458 2876 "°
1471 2861 1572 2890 Ezech.
1584 2870 1659 2893 xviii,
1675 2862 1718 2890 ΞΟ.

1763 2863 1782 2878 ⁸¹
1801 2861 1884 2889 Matth
1897 2879 1901 2885 .

1115 2895 1138 2910 “
1150 2894 1171 2921 ll
1185 2894 1247 2922 Cor.
1264 2903 1300 2928 xt,
1312 2897 1339 2922 “2..
