2056 3148
144 188 207 221 ωτι

713 189 752 219 1N
774 188 993 221 LEVITICUM.
1010 202 1044 206 —
1067 188 1141 218 LIB.
1161 188 1211 218 VI.

1715 189 1782 223 ωδε

144 248 272 275 duit/item
286 251 359 274 tuam
375 247 442 273 sicut
453 245 548 277 Aquila
567 245 599 271 ⁸⁸.
615 245 668 272 Sed
685 250 712 271 et
727 245 760 272 de
774 246 874 281 populo
890 246 937 272 .lu-
954 250 974 276 Λ
993 245 1039 279 qui
1050 244 1204 271 offeruntur
1217 245 1244 270 in
1260 244 1424 277 sanctuario,
1444 244 1480 272 ita
1495 245 1636 280 duntaxat,
1655 251 1685 273 ιιι
1711 248 1782 276 intra

145 292 275 322 datorum,
318 291 376 317 sive
400 290 541 325 proditore
560 289 640 321 Juda,
670 291 824 317 communis
863 291 936 317 cnitn

144 343 238 364 eorum
259 341 301 362 est
319 335 459 368 iniquitas,
475 335 541 362 dicit
557 343 563 360 :
578 334 719 368 Fiant/iiii
734 335 791 369 ejus
813 335 934 370 orphani,

143 386 244 408 cruror
258 381 315 415 ejus
330 382 410 408 vidua
424 382 456 413 ‘5,
482 381 569 415 ipsam
598 385 689 407 autem
717 381 887 415 repudiatam
910 384 938 408 et

143 428 252 455 viduam
268 428 420 455 secundum
433 434 464 454 ea
475 430 608 461 quatante
627 427 767 461 paululum
786 427 857 453 dicta
872 431 938 454 sunt

142 473 330 508 intelligimus.
350 472 500 506 Repudiata
520 476 562 499 est
590 472 663 499 enim
680 480 694 498 a
720 472 768 499 Dei
794 473 936 505 societate,

142 526 203 545 cum
218 519 301 545 idolis
321 518 470 549 fornicans,
483 522 593 553 propter
603 518 676 552 quod
692 525 751 544 eam
769 519 796 545 in
810 519 938 553 conjugio

141 564 271 598 accipere
289 571 344 590 non
356 563 468 598 patitur,
479 568 508 590 ut
536 563 671 598 intelligas
690 564 753 598 quia
782 571 843 590 eain
873 571 938 590 cou-

142 610 411 644 vcrsationcnt.qu.e
428 609 455 635 in
471 608 576 635 umbris
603 613 630 635 et
658 608 752 643 ﬁguris
776 613 818 635 est
845 609 938 643 prohi-

144 656 216 687 buit,
228 660 256 682 et
272 655 300 682 in
313 655 388 682 nullo
401 655 425 682 ei
442 654 648 682 communicare
682 656 739 681 vult
763 654 824 686 hos,
840 655 887 689 qui
912 655 937 682 ei

146 705 311 737 exspectant
322 709 370 735 pcr
387 701 470 728 vitam
486 701 596 732 bonam,
625 700 761 734 ﬁdemque
787 700 935 728 coltzererc.

147 747 226 775 Unde
248 755 310 774 cum
339 747 423 774 semel
452 746 564 773 dixisset
584 754 591 772 :
620 746 742 772 Puellam
757 746 884 781 virginem
907 747 938 773 de

141 793 240 828 popqu
256 801 313 824 suo,
329 793 382 818 sive
393 799 486 826 genere
498 800 546 817 suo
571 791 694 825 accipiet,
713 798 767 818 non
792 795 938 818 contentus

142 840 204 871 fuit,
215 839 352 866 subdidit:
374 838 497 869 Viduam,
514 842 537 864 et
548 837 710 864 meretricem
729 842 753 864 et
770 838 938 871 repudiatam

141 894 194 912 non
208 885 329 919 accipiet.
346 884 503 911 Secundum
520 883 592 910 LXX
608 888 699 910 autem
716 892 723 910 :
751 883 882 922 Virginem
907 885 938 910 tle

140 940 238 967 genere
251 939 298 957 suo
311 931 432 964 accipiet,
448 934 477 957 ut
486 930 605 964 primum
617 929 684 956 illud
696 929 806 964 quidem
816 930 851 957 de
862 929 937 956 omni

142 978 280 1012 intelligas
294 976 421 1003 Ecclesia:
430 983 544 1011 corpore
567 983 575 1001 :
601 976 653 1002 hoc
671 981 762 1002 autem
774 976 936 1007 secundum,

140 1024 179 1050 de
191 1023 284 1050 anima
299 1022 384 1048 omni.
404 1022 640 1054 Quemadmodum
656 1021 731 1048 enim
761 1022 877 1049 societas
906 1023 937 1049 li-

138 1070 255 1100 delium,
275 1069 314 1096 sic
325 1073 353 1095 et
364 1069 456 1095 anima
479 1068 696 1102 uniuscujusque
712 1074 814 1102 sponsa
835 1069 894 1101 Dci,
911 1073 938 1096 et

141 1116 274 1143 Ecclesia:
301 1119 352 1142 est.
380 1115 435 1141 Cur
474 1118 567 1141 autem
589 1114 782 1148 desponsatam
808 1114 859 1142 sibi
883 1123 936 1142 non

140 1163 202 1189 vult
221 1161 382 1196 participem
408 1160 466 1187 ﬁeri
490 1159 613 1186 Iudaicae
639 1160 852 1193 eonversationi,
881 1161 938 1195 ipsc

139 1208 282 1235 subinl‘ert
298 1216 305 1234 :

177 1255 218 1282 Ne
231 1254 398 1281 commisce-al
407 1254 517 1286 stirpem
528 1253 629 1287 generis
638 1253 690 1279 sui.
725 1252 822 1288 Vulgo,
850 1253 938 1289 gentis

139 1307 210 1327 stlte.
223 1299 296 1326 LXX
317 1303 426 1325 autem:
445 1298 476 1324 Et
488 1306 539 1324 non
553 1297 705 1332 profanalrit
731 1306 819 1324 semen
841 1298 868 1324 in
890 1306 938 1332 ρο-

140 1347 205 1380 pulo
214 1354 271 1373 suo.
285 1345 357 1380 Ergo
372 1344 524 1380 proianatio
542 1344 661 1371 ﬁdelium
675 1348 727 1374 est,
750 1343 781 1370 hi
794 1344 866 1370 enim
876 1349 939 1370 sunt

141 1400 238 1418 semen
250 1395 277 1418 et
291 1391 368 1425 plebs
390 1389 474 1417 nostri
497 1389 654 1421 sacerdotis,
674 1388 793 1415 Judaicis
817 1388 939 1416 moribus

141 1438 250 1465 sociati.
266 1437 300 1464 Et
317 1440 460 1471 propterea
473 1435 574 1462 Paulus
583 1435 692 1462 diccbat
708 1441 713 1458 ι
736 1433 866 1460 Evacuati
879 1434 939 1460 estis

138 1485 255 1516 Christo,
265 1483 309 1518 qui
320 1483 346 1509 in
356 1482 411 1517 lege
420 1481 617 1516 justi/immitti,
633 1489 649 1507 a
663 1481 751 1515 gratia
767 1480 938 1507 excutiatis".

143 1532 193 1558 llis
205 1530 336 1557 subdidit.

179 1576 236 1612 Ego
251 1576 378 1603 Dominus
391 1575 435 1610 qui
448 1574 584 1608 sanctiﬁco
611 1582 680 1600 eum.
702 1573 731 1600 ld
747 1577 799 1606 est,
813 1577 938 1607 propter—
953 1587 972 1614 ο

141 1631 176 1650 ca
190 1630 261 1656 opus
280 1629 335 1648 non
352 1621 433 1648 habet
458 1620 524 1655 legis
540 1620 650 1654 ﬁguras,
669 1627 721 1646 nec
735 1619 937 1651 sacriﬁcia,ncc

143 1668 362 1704 luti-iﬁcationcs,
379 1667 508 1701 quoniam
534 1674 585 1701 ego
605 1666 736 1692 Dominus
747 1673 797 1700 pro
811 1666 939 1693 omnibus

145 1717 199 1744 illis
217 1720 244 1743 et
264 1714 426 1742 sacriﬁcium
441 1713 553 1744 el‘ﬁcior,
567 1717 595 1740 et
625 1712 795 1747 puriﬁcatio;
810 1716 837 1738 et
852 1712 938 1746 quod-

145 1770 255 1796 cunque
270 1760 371 1788 dixeris
384 1759 521 1795 pertinere
541 1758 573 1785 ad
590 1757 669 1785 aliam
687 1757 939 1784 sanctiﬁcationem.

144 1808 197 1841 Qui
213 1811 316 1839 autem,
334 1805 444 1841 quando
460 1804 559 1834 vidum,
575 1807 603 1830 ct
622 1802 785 1834 meretricis,
815 1806 842 1828 et
857 1809 940 1836 repu-

145 1854 227 1880 diata:
240 1853 407 1879 mentionem
422 1849 496 1881 fecit,
523 1849 583 1881 bas,
607 1847 704 1882 inquit,
731 1855 786 1874 non
813 1847 939 1882 accipiet,

145 1900 264 1927 dicimus
278 1898 364 1925 ethoc
378 1897 412 1924 de
435 1895 626 1924 haereticorum
638 1894 835 1921 conventiculis
858 1893 938 1928 legis-

147 1946 261 1973 latorcm
292 1943 393 1970 dixisse
409 1952 414 1969 2
432 1942 549 1969 viduata:
570 1939 718 1967 suntenim
737 1938 784 1965 Dei
814 1939 940 1970 scicntia,

146 1995 259 2027 propter
268 1989 340 2024 quod
355 1993 382 2015 et
393 1997 407 2014 a
423 1988 530 2022 piorum
548 1984 741 2013 communione
750 1984 855 2019 expulsi
865 1988 938 2017 sunt,

147 2039 196 2065 scd
211 2043 238 2064 et
253 2036 424 2063 fornicamur
455 2033 614 2067 iucongruis
631 2036 659 2058 et
675 2031 787 2058 nefariis
807 2031 942 2065 dogmati-

147 2087 210 2112 i:us.
225 2084 295 2118 Ergo
313 2087 385 2109 recte
398 2081 506 2108 viduam
519 2078 677 2114 prmposuit,
698 2077 845 2104 secundam
861 2084 940 2110 repu—

146 2132 262 2159 diatam,
279 2129 388 2156 tertiam
400 2126 571 2153 meretricem
586 2124 709 2152 subdidit
729 2123 823 2150 ltaruut
838 2122 941 2148 nullam

148 2178 202 2205 sibi
218 2175 349 2203 Dominus
366 2174 399 2201 ad
423 2173 580 2200 societatem
599 2170 684 2201 ducit,
697 2174 727 2196 ut
740 2176 796 2195 nou
820 2168 942 2202 polluant.

150 2225 270 2251 lidclittm
290 2229 394 2250 semen.
411 2220 474 2254 quia
499 2222 668 2252 corrumpunt
694 2224 776 2243 mores
787 2215 865 2242 honos
891 2214 942 2240 col-

151 2271 239 2305 loqui-1
259 2269 330 2295 mula
350 2268 382 2293 ‘3.

186 2315 267 2342 Vsus.
286 2313 379 2341 lli—23.
398 2321 406 2337 ι
425 2312 598 2344 Locutusque
618 2313 660 2336 est
674 2307 806 2335 Dominus
821 2306 854 2333 ad
872 2305 944 2340 Moy-

150 2368 200 2388 sen
215 2361 320 2388 dicens.
336 2359 460 2393 Loquere
474 2357 507 2383 ad
521 2357 611 2382 Aaron
629 2363 636 2381 :
662 2353 748 2380 llonto
776 2352 810 2379 de
839 2352 943 2378 semine

149 2412 197 2436 tuo
214 2415 264 2443 per
285 2405 400 2433 familias
414 2405 459 2439 qui
481 2401 607 2430 habuerit
627 2399 762 2427 maculam
779 2405 834 2424 non
847 2398 944 2424 ollerct

153 2461 240 2489 partes
253 2451 368 2479 Domino
379 2449 435 2476 Deo
452 2456 501 2475 suo
516 2455 552 2474 ne
577 2445 690 2473 accedat
706 2444 740 2471 ad
758 2443 942 2470 ministerium

153 2501 224 2536 ejus.
242 2498 370 2526 Sicwcus
383 2496 475 2527 fuerit,
498 2494 521 2522 si
552 2491 675 2523 claudus,
711 2490 768 2517 sive
790 2496 874 2524 parvo
902 2490 944 2515 vel

150 2534 259 2582 grandi,
272 2544 316 2572 vel
335 2546 405 2570 torto
422 2547 499 2572 naso,
517 2539 539 2566 si
555 2537 641 2565 fracto
660 2535 730 2571 pede
746 2534 789 2561 vel
806 2541 898 2582 manu,
921 2540 943 2582 si

152 2579 262 2628 gibbus,
273 2592 296 2618 si
309 2591 410 2625 lippus,
429 2588 451 2615 si
466 2585 622 2621 albugiuem
648 2581 791 2610 habensin
806 2580 897 2628 oculo,
921 2579 943 2606 si

151 2625 244 2674 iugem
258 2637 388 2667 scabiem,
405 2635 427 2662 si
443 2632 631 2668 impetiginem
643 2629 670 2656 in
679 2634 806 2674 corpore,
818 2626 861 2653 vcl
879 2625 943 2674 her-

152 2671 259 2711 niosus.
282 2681 377 2708 Omnis
398 2680 445 2715 qui
471 2676 597 2705 habuerit
622 2674 756 2702 maculam
779 2672 812 2699 dc
839 2671 942 2697 semine

152 2731 244 2757 Aaron
269 2727 431 2758 sacerdotis,
451 2732 507 2752 non
531 2721 642 2750 accedet
659 2719 758 2747 oll‘crre
769 2717 873 2745 hostias
893 2716 944 2743 Do-

153 2777 241 2810 mino,
258 2783 309 2803 nec
319 2781 402 2810 panes
414 2773 469 2799 Deo
483 2779 543 2803 suo,
557 2772 683 2796 vescetur
700 2770 791 2793 tamen
814 2763 942 2799 panibus,

453 2863 475 2878 “
490 2863 560 2890 Pral.
585 2868 660 2890 cvttt,
677 2858 703 2884 9.

187 2868 210 2884 "
223 2867 304 2894 Mich.
318 2875 338 2898 ι,
357 2864 400 2891 16.
453 2864 475 2878 ⁵⁸
490 2864 560 2890 Ρττιι.
585 2868 660 2890 ενιιι,
677 2864 703 2884 υ.
754 2864 772 2872 "
788 2864 873 2883 ιιειιειι.

187 2912 230 2926 rv.
246 2904 272 2926 8.
311 2902 332 2918 σ¹
352 2900 438 2926 inec.
455 2906 511 2926 \vt.
526 2899 550 2924 Τ.
598 2896 619 2911 ⁵²
635 2894 702 2921 Gen.
723 2901 782 2920 XLVI
798 2901 815 2926 ι,
832 2893 874 2919 10.

154 2911 231 2936 un,
246 2904 272 2930 8.
311 2902 332 2918 ‘“
351 2900 438 2934 illeg.
455 2906 511 2930 \t't.
526 2899 550 2924 Τ.

754 2857 774 2872 ⁸⁷
788 2857 873 2883 Calai.
890 2864 916 2883 v.
937 2853 964 2880 ιι-

912 2890 934 2905 "
950 2886 1020 2914 l‘sal.
1034 2893 1100 2919 xvtt,
1119 2885 1161 2911 16.

988 291 1078 317 velum
1094 298 1148 317 non
1162 290 1339 325 ingrediatur,
1350 298 1400 318 nec
1414 292 1524 319 accedat
1548 292 1581 318 ad
1607 293 1702 325 altare,
1718 293 1782 328 quia

989 335 1122 362 maculam
1137 335 1230 367 habet,
1245 341 1272 362 et
1291 337 1479 364 contaminare
1497 344 1551 364 non
1565 338 1646 365 debet
1657 343 1783 367 sanctua-

990 379 1059 406 rium
1076 387 1178 411 meum,
1195 387 1245 414 ego
1262 379 1397 407 Dominus
1413 381 1459 415 qui
1475 381 1617 408 sanetilico
1635 389 1692 409 vos.
1717 392 1726 408 ι

1025 424 1053 451 Si
1066 425 1217 452 secundum
1235 425 1353 452 litteram
1374 425 1445 452 hanc
1472 426 1643 453 sanctionem
1657 428 1783 463 accipere

988 470 1168 502 voluerimus,
1185 471 1322 504 quomodo
1349 471 1512 506 legislatoris
1536 480 1595 499 esse
1609 473 1686 507 juxta
1706 474 1782 501 vidc-

989 515 1206 543 biturintcntio?
1225 516 1319 551 Neque
1344 517 1417 542 enim
1438 517 1579 544 voluntate
1603 526 1651 545 sua
1669 520 1782 546 macula:

990 561 1150 588 hominibus
1166 561 1307 589 eveniunt.
1337 561 1480 594 Quomodo
1504 570 1569 598 ergo
1598 571 1653 590 non
1687 564 1783 591 incon-

989 614 1086 642 gruum
1101 611 1143 633 est
1160 607 1188 633 in
1206 607 1259 636 his,
1275 615 1335 642 qusc
1344 612 1441 642 sponte
1457 615 1511 634 non
1538 609 1623 642 ﬁunt,
1649 611 1779 637 sacerdo-

990 657 1045 679 tem
1056 652 1090 679 ab
1105 652 1195 679 oliicio
1210 653 1317 687 repelli.
1333 652 1404 686 Quid
1419 657 1512 688 autem
1527 658 1553 680 et
1580 654 1603 682 si
1639 655 1702 690 quis
1731 657 1782 683 hoc

990 697 1080 732 ipsum
1095 698 1163 732 legis
1177 705 1346 733 cognoscens
1375 704 1559 734 praeceptum,
1587 701 1720 728 sacerdoti
1739 702 1782 728 iu-

989 744 1103 777 videns,
1117 744 1270 771 membrum
1288 744 1347 779 ejus
1357 765 1363 776 ,
1377 752 1489 771 manum
1501 766 1508 778 ,
1532 746 1576 772 vcl
1604 747 1701 781 pedem
1712 768 1719 780 ,
1735 752 1783 774 aut

989 791 1099 817 oculum
1111 811 1118 820 ,
1128 793 1176 816 aut
1193 789 1292 824 aliquid
1309 789 1382 817 aliud
1393 790 1528 817 attriverit
1539 812 1546 823 ,
1561 796 1608 818 aut
1626 791 1783 827 sipugnans

990 841 1083 863 contra
1099 836 1312 871 alienigenas,et
1324 843 1372 870 pro
1385 836 1486 863 sanctis
1500 836 1547 864 Dei
1561 843 1697 872 armatus,
1711 847 1782 873 prae-

990 889 1049 909 esse
1057 882 1131 909 enim
1143 882 1221 909 bellis
1234 882 1389 909 sacerdotes
1401 882 1427 908 in
1444 882 1657 911 Dcutcronomio
1667 884 1699 911 ⁵³.
1708 885 1783 921 Moy-

989 935 1033 954 ses
1050 929 1196 962 praecepit,
1218 928 1319 955 vulnus
1336 928 1458 962 accepit,
1476 935 1510 955 ex
1527 937 1581 963 quo
1598 930 1726 964 quatlibet
1757 932 1782 959 ei

990 981 1023 1000 ex
1038 974 1298 1008 prmdictismaculis
1315 974 1453 1006 eveniret,
1482 979 1598 1009 putasne
1615 976 1713 1011 dignus
1723 981 1782 1004 erat

989 1024 1101 1054 propter
1118 1019 1169 1047 hoc
1184 1019 1216 1046 de
1232 1019 1384 1047 sacerdotio
1399 1021 1584 1047 removeriiln
1596 1025 1700 1049 tantum
1708 1024 1781 1050 enirn

989 1072 1045 1091 non
1071 1069 1135 1091 sunt
1158 1073 1302 1099 corporum
1318 1065 1432 1092 macula:
1458 1066 1655 1094 abominabiles
1670 1067 1735 1100 Deo,
1753 1073 1782 1095 ut

990 1110 1135 1137 Dominum
1164 1111 1319 1138 illuminare
1345 1118 1434 1138 caecos
1454 1111 1539 1138 David
1568 1111 1671 1139 diceret
1686 1113 1720 1139 “°.
1752 1112 1779 1140 Si

990 1155 1223 1190 pulchritudinem
1242 1163 1297 1183 non
1313 1155 1405 1191 elegit,
1433 1163 1484 1184 nec
1505 1156 1646 1183 robustum
1670 1164 1780 1191 corpus,

990 1209 1040 1228 nec
1055 1201 1128 1235 quod
1140 1200 1325 1228 videturbene
1349 1201 1479 1235 positum;
1505 1205 1536 1228 ut
1561 1201 1595 1228 ad
1625 1201 1780 1229 Samuelem

989 1246 1092 1273 diceret
1115 1247 1149 1273 de
1165 1247 1269 1281 majore
1299 1245 1354 1273 lilio
1375 1245 1462 1278 Iesse,
1497 1246 1558 1281 quia
1589 1247 1708 1281 speciem
1725 1248 1794 1274 Deo.

989 1293 1097 1327 placere
1110 1296 1273 1327 putaverat:
1299 1291 1359 1318 Non
1388 1293 1510 1326 respicies
1539 1293 1575 1318 ad
1603 1293 1703 1320 vultum
1725 1294 1781 1328 ejus

991 1346 1072 1372 neque
1088 1338 1124 1364 ad
1140 1337 1308 1364 altitudinem
1322 1341 1433 1363 statura:
1447 1337 1514 1371 ejus,
1545 1338 1670 1372 quoniam
1697 1338 1782 1374 σὺ]εεὶ

991 1392 1049 1410 cum
1067 1383 1100 1410 δι.
1116 1383 1199 1418 Atqui
1213 1391 1261 1410 rex
1275 1391 1330 1410 non
1343 1383 1472 1410 sacerdos
1501 1387 1560 1409 erat
1589 1384 1635 1418 qui
1665 1385 1783 1420 ungeba-

993 1434 1052 1462 tnr;
1071 1429 1126 1465 regi
1140 1434 1231 1456 autem
1249 1429 1403 1456 necessaria
1423 1433 1483 1456 erat
1495 1429 1602 1463 species
1625 1435 1652 1457 et
1674 1431 1782 1466 magni-

993 1476 1056 1503 tudo
1076 1475 1209 1511 eorporis.
1227 1475 1281 1502 Sed
1310 1475 1375 1509 quid
1395 1474 1438 1502 his
1461 1475 1586 1502 addidit?
1618 1475 1673 1502 Nec
1700 1476 1781 1510 juxta

992 1521 1117 1548 intuitum
1129 1521 1240 1548 hominis
1255 1521 1358 1556 judico.
1380 1520 1465 1548 llomo
1478 1520 1552 1547 videt
1563 1529 1594 1547 ea
1604 1529 1664 1556 quae
1675 1525 1780 1556 patent,

993 1566 1064 1593 Deus
1074 1572 1165 1593 autem
1178 1566 1299 1592 intuetur
1321 1572 1366 1592 cor
1385 1573 1392 1598 ;
1411 1573 1458 1593 eor
1478 1565 1551 1592 enim
1581 1570 1726 1599 scrutatur,
1758 1568 1782 1594 si

992 1613 1124 1639 maculam
1141 1613 1249 1645 habeat,
1266 1616 1351 1639 eteos
1364 1612 1411 1647 qui
1422 1611 1586 1639 immaculati
1598 1617 1662 1639 sunt
1679 1613 1781 1646 animo,

992 1659 1041 1685 hos
1053 1659 1155 1686 electus
1172 1658 1276 1693 jndicat
1293 1667 1300 1685 ι
1313 1665 1360 1685 eos
1376 1662 1468 1684 autem
1477 1657 1522 1692 qui
1535 1658 1670 1685 maculam
1682 1658 1708 1685 in
1721 1659 1782 1686 ani-

992 1713 1034 1732 ma
1051 1705 1161 1736 habent,
1175 1704 1315 1739 reprobat.
1348 1703 1376 1730 Si
1397 1703 1469 1730 enim
1497 1703 1598 1730 malum
1628 1707 1669 1731 est
1707 1704 1783 1731 clau-

991 1750 1082 1777 dicare
1100 1750 1224 1784 pedibus,
1235 1752 1282 1776 aut
1293 1749 1387 1776 oculos
1401 1748 1524 1775 inﬁrmos
1539 1748 1650 1782 habere;
1669 1749 1783 1776 etaDeo

992 1800 1130 1831 separant,
1143 1796 1281 1830 quomodo
1296 1795 1381 1828 Isaac,
1416 1794 1553 1829 quomodo
1570 1794 1654 1822 Iacob
1666 1795 1783 1831 caligare

993 1841 1115 1875 permisit
1128 1844 1156 1868 et
1171 1841 1286 1868 salutem
1304 1841 1418 1875 perdere
1446 1840 1580 1867 visionis?
1592 1841 1694 1867 etenim
1708 1840 1784 1867 Isaac

991 1893 1045 1912 non
1056 1886 1183 1921 cognovit
1197 1885 1291 1916 Jacob,
1315 1885 1387 1912 Esau
1405 1885 1551 1920 ﬁngentem
1570 1893 1726 1920 personam.
1746 1885 1783 1911 De

991 1931 1074 1959 Jacob
1088 1937 1178 1959 autem
1195 1932 1297 1959 dictutn
1312 1938 1370 1959 est:
1389 1931 1463 1959 Oculi
1475 1931 1560 1958 Israel
1575 1931 1783 1966 culigavcrepra:

992 1978 1074 2005 nimia
1090 1983 1233 2008 senectute,
1250 1979 1274 2004 el
1288 1978 1359 2004 clare
1373 1977 1461 2004 videre
1476 1985 1527 2003 non
1550 1977 1695 2011 poterat“.
1715 1976 1782 2003 l’ro-

992 2026 1084 2057 pterea
1100 2027 1127 2049 et
1140 2030 1212 2050 nunc
1225 2022 1363 2057 lcgislator
1380 2022 1420 2048 sic
1447 2021 1606 2048 indistincte
1628 2021 1661 2048 de
1678 2022 1782 2049 macula

992 2065 1078 2091 sancit
1090 2065 1183 2092 dicens
1193 2065 1265 2091 enim
1278 2075 1284 2092 :

1030 2112 1116 2139 Homo
1129 2113 1160 2139 de
1175 2113 1330 2140 seminctuo
1361 2112 1406 2147 qui
1439 2112 1560 2139 habuerit
1584 2112 1727 2139 maculam.
1751 2112 1784 2140 Et

992 2167 1054 2187 cum
1068 2166 1122 2186 non
1136 2159 1306 2186 distinxisset
1323 2158 1424 2192 locum,
1456 2158 1529 2185 illico
1547 2158 1669 2185 subdidit
1684 2167 1691 2185 :
1721 2157 1783 2184 Non

993 2207 1080 2241 offeret
1095 2213 1175 2240 panes
1192 2205 1246 2231 Deo
1272 2213 1319 2231 suo
1344 2212 1390 2232 nec
1416 2205 1521 2231 accedet
1545 2205 1580 2231 ad
1610 2205 1784 2231 ministerium

959 2258 980 2284 1)
995 2252 1062 2287 ejus.
1080 2250 1152 2278 LXX
1164 2255 1254 2278 autem
1269 2250 1364 2277 dicunt
1377 2258 1383 2275 :
1399 2249 1431 2276 In
1447 2258 1498 2285 quo
1510 2250 1589 2286 fuerit
1607 2250 1722 2282 macula,
1733 2258 1784 2277 non

994 2298 1097 2325 accedet
1118 2297 1201 2324 Vides
1218 2297 1290 2332 quia,
1307 2297 1335 2323 in
1351 2304 1405 2331 quo
1421 2295 1499 2329 dixit,
1513 2304 1568 2323 non
1598 2296 1625 2323 in
1649 2303 1765 2331 corpore
1776 2318 1782 2329 ,

993 2345 1020 2371 in
1039 2344 1118 2371 nobis
1134 2347 1225 2370 autem
1240 2343 1351 2377 proprie
1370 2343 1431 2374 hoc,
1448 2342 1521 2376 quod
1539 2342 1566 2368 iu
1582 2341 1673 2368 anima
1690 2346 1785 2368 nostra

993 2395 1044 2424 est,
1064 2398 1125 2417 esse
1136 2390 1247 2417 dicitur.
1269 2390 1340 2424 Ergo
1351 2388 1478 2415 claudum
1487 2388 1563 2420 dicit,
1578 2387 1650 2414 viam
1664 2387 1711 2414 Dei
1723 2395 1784 2414 cor-

993 2440 1174 2470 rumpentetn,
1187 2434 1233 2469 qui
1251 2441 1283 2461 ex
1295 2437 1382 2468 parte,
1397 2433 1489 2460 divina
1503 2432 1641 2463 mandata,
1654 2436 1681 2459 et
1698 2431 1784 2467 legem

994 2481 1138 2512 subvertit,
1152 2480 1188 2506 de
1199 2479 1299 2514 quibus
1312 2479 1340 2505 in
1353 2477 1468 2505 Psalmis
1483 2477 1548 2504 dicit
1568 2485 1574 2503 :
1609 2476 1672 2503 Filii
1703 2477 1784 2503 alieni

995 2526 1097 2553 mentiti
1110 2529 1169 2551 sunt
1182 2524 1256 2556 mihi,
1272 2524 1322 2558 ﬁlii
1333 2523 1414 2549 alieni
1435 2523 1657 2554 irtvetcravcrunt,
1673 2525 1696 2548 et
1707 2521 1783 2548 clau-

994 2574 1147 2600 dicarcrunt
1164 2580 1179 2597 a
1195 2571 1295 2598 semitis
1315 2570 1369 2596 suis
1384 2570 1416 2596 ⁵³.
1440 2569 1675 2602 Quemadmodum
1711 2567 1785 2595 enim

994 2618 1084 2645 claudi
1106 2624 1178 2644 unus
1211 2623 1260 2650 pes
1280 2623 1364 2642 sanus
1391 2621 1452 2641 esse
1485 2613 1602 2645 videtur,
1615 2613 1683 2640 alter
1694 2617 1785 2639 autem

997 2665 1132 2692 claudicat
1151 2672 1156 2689 :
1188 2662 1227 2688 sic
1250 2667 1277 2688 et
1297 2661 1379 2696 hujus
1405 2667 1490 2687 unum
1517 2659 1654 2694 quidpiam
1676 2658 1785 2686 interim

998 2718 1094 2738 sanum
1111 2716 1172 2736 esse
1184 2707 1303 2739 videtur,
1315 2707 1446 2742 gloriatur
1466 2707 1540 2733 enim
1555 2705 1658 2732 servire
1672 2712 1702 2732 se
1718 2703 1783 2730 Deo.

999 2758 1077 2786 Aliud
1090 2761 1180 2784 autem
1195 2754 1331 2782 inﬁrmum
1348 2758 1402 2787 est,
1418 2753 1482 2781 dtttn
1498 2756 1656 2787 corrumpat
1679 2758 1785 2786 prmva-

1675 2843 1696 2858 ⁵⁰
1713 2841 1784 2870 Psal.

1009 2850 1055 2877 ⁸³1
1072 2849 1133 2876 Cor.
1155 2857 1199 2881 xv,
1221 2849 1266 2876 55.
1314 2847 1336 2863 "
1348 2846 1427 2874 Deut.
1447 2853 1491 2878 xx,
1516 2844 1527 2871 l
1546 2851 1622 2878 seqq.
