2056 3148
278 184 346 216 1063

874 182 1057 213 IlESYClIIl
1078 180 1314 212 PBESBYTERI

1846 179 1913 212 1064

275 241 407 268 ricatione
430 240 515 275 legem
544 237 747 271 mandatorum,
777 247 838 274 quae
871 239 1072 274 transgreditur
1087 242 1109 270 Α
1124 237 1170 271 qui
1187 236 1330 263 scientiam
1343 242 1374 262 ex
1385 235 1502 270 qundam
1516 239 1634 265 tumore,
1645 233 1688 260 vel
1705 232 1767 260 vitre
1781 233 1915 268 pravitate

276 287 467 314 intentionem.
483 284 581 312 Caecus
599 289 650 318 est,
668 284 716 319 qui
731 292 764 312 ex
783 289 838 312 tota
851 285 1004 320 ignorantia
1021 284 1068 311 Dci

275 331 402 358 morbum
416 329 542 361 sustinet,
569 334 597 357 et
607 329 695 357 lucem
707 330 832 357 veritatis
844 329 986 356 intendere
1012 336 1068 356 non

274 377 356 403 valet.
370 375 484 411 Propter
500 375 573 410 quod
593 375 627 402 de
650 375 751 403 Judazis
780 375 911 410 Dominus
939 374 1065 401 dicebat:

273 422 362 450 Ctecus
380 430 447 449 casco
463 422 486 449 si
501 422 627 448 ducatum
644 423 771 456 prwbeat,
804 421 881 448 ambo
914 421 941 447 in
967 421 1069 455 foveam

274 467 371 493 cadunt
389 467 424 493 ⁸⁵.
447 466 519 494 Naso
540 461 680 502 proprium
705 472 747 493 est
777 465 897 494 odorari.
924 465 981 492 Hoc
1004 472 1068 500 ergo

274 521 351 546 sano,
376 513 446 540 bene
477 513 540 547 quis
568 513 709 545 odoratur,
734 513 872 540 terebrato
902 515 994 538 autent
1026 510 1067 537 vel

275 564 410 591 truncato,
427 566 483 586 non
497 559 567 586 bene
580 559 641 594 quis
669 559 809 591 odoratur,
822 558 915 593 quales
927 561 990 584 sunt
1006 557 1068 592 qui-

274 607 336 633 dam
345 606 442 640 quibus
458 606 527 632 mala
540 605 659 640 placent,
683 609 795 640 propter
822 604 874 631 hoc
888 603 950 638 quia
966 603 1067 630 malttm

275 652 378 679 habent
391 651 588 687 cogitationum
604 651 760 678 odoratum.
790 650 859 683 Quia
872 650 945 677 enim
958 649 1066 676 odorari

274 697 365 724 divina
384 696 525 730 Scriptura
538 696 564 722 in
584 704 627 728 eo,
637 696 710 730 quod
719 695 849 730 placitum
870 695 962 728 fuerit,
993 695 1067 722 acci-

275 749 340 775 pere
365 741 444 773 solet,
470 740 535 767 audi
562 740 646 767 David
673 740 811 767 dicentem
833 740 866 767 ad
877 739 1009 767 Sauletn:
1037 739 1067 766 Si

275 787 402 813 Dominus
418 787 511 813 incitat
538 791 562 813 te
594 786 734 813 adversum
748 794 788 812 me
817 786 942 812 adoretur
966 786 1066 820 sacrifi-

274 833 342 858 cium
357 832 388 858 “.
405 832 437 858 Et
454 839 562 863 rursus,
576 832 685 866 quando
708 831 765 858 Noe
779 831 940 863 immolavit,
953 831 991 858 ait
1007 840 1013 857 :
1032 832 1065 858 Et

271 879 398 904 odoratus
410 883 446 905 est
463 878 591 905 Dominus
605 878 675 905 Deus
698 881 805 905 adorent
820 878 962 905 suavitatis
977 879 1011 904 ⁵⁸.
1035 878 1065 905 ln

273 924 405 958 placendo
419 929 509 951 autem
525 928 672 959 utrumque
688 932 766 952 saera
794 924 936 960 Scriptura
949 925 1065 960 accepit.

273 970 359 997 Incisa
371 971 504 1002 auricula,
525 972 649 998 auditum
664 972 698 999 ad
714 971 931 998 inobedientiam
955 979 1064 998 secans.

273 1017 470 1044 Contritioncm
488 1023 579 1046 autem
598 1025 706 1051 manus,
724 1023 752 1045 et
763 1018 955 1045 contritioncm
982 1018 1066 1053 pedes

272 1063 373 1090 habent
389 1063 436 1095 illi,
451 1063 485 1090 de
500 1063 598 1098 quibus
620 1063 703 1091 David
728 1063 880 1098 psallebat:
905 1063 965 1090 Non
977 1064 1065 1090 veniat

272 1109 336 1135 milii
349 1117 394 1144 pes
409 1110 547 1144 superbior.
562 1114 586 1137 et
603 1118 699 1136 manus
714 1110 861 1143 peccatoris
886 1117 937 1136 non
962 1114 1064 1136 moueat

271 1161 312 1179 me
326 1153 366 1185 ⁸⁷;
383 1153 681 1188 \‘idelicctdiripientis,
703 1154 761 1181 sive
788 1154 918 1180 volantis.
935 1153 1005 1188 Ergo
1018 1160 1065 1180 su-

271 1197 385 1232 perbum
397 1202 424 1224 et
441 1205 554 1224 avarum
565 1205 611 1232 per
626 1198 677 1224 hoc
692 1197 829 1232 legislator
842 1196 986 1232 significat.
999 1195 1064 1223 Gib-

271 1243 322 1269 bus
335 1248 386 1274 est,
401 1250 483 1277 grave
499 1242 590 1269 ferens
614 1248 789 1277 peccatorum
809 1243 926 1277 pondus,
960 1247 988 1269 et
1013 1242 1065 1269 hoc

271 1294 327 1313 non
340 1287 445 1320 videns,
460 1287 522 1321 quia
542 1291 615 1314 retro
636 1291 678 1314 est
692 1288 832 1322 gibberum
852 1288 993 1322 congeries
1004 1295 1064 1322 quae

271 1333 306 1360 ab
314 1333 353 1359 eis
370 1333 483 1359 minime
493 1332 626 1359 cernitur.
643 1333 681 1360 De
692 1333 790 1367 quibus
807 1333 835 1359 in
862 1333 991 1368 parabnla
999 1333 1065 1360 dici-

271 1383 326 1410 tur,
340 1387 422 1413 qnam
441 1386 488 1405 rex
499 1378 580 1406 Israel
592 1384 687 1407 contra
704 1387 794 1415 regem
823 1379 908 1415 Syriae
923 1387 990 1407 usus
1004 1384 1062 1407 est:

271 1428 342 1461 Quid
356 1432 481 1461 operatur
492 1428 613 1463 gibbosus
628 1429 704 1463 quasi
728 1429 833 1455 rectus?

306 1474 416 1510 Lippus,
431 1479 454 1501 et
469 1473 619 1510 albugiuem
633 1474 730 1501 habens
752 1475 779 1501 in
800 1474 884 1502 oculo.
901 1473 953 1507 Qui
970 1474 1063 1501 oculos

269 1521 348 1548 laesos
361 1525 389 1548 et
400 1521 539 1547 inﬁrmum
552 1521 640 1548 visum
653 1521 765 1553 habent,
777 1521 894 1548 dicimus
909 1528 971 1548 esse
1001 1528 1060 1553 eos,

268 1567 314 1603 qui
332 1567 433 1594 habent
448 1567 557 1601 quidem
574 1566 621 1593 Dei
634 1566 787 1599 scientiam,
819 1567 866 1594 sed
893 1570 1060 1601 corruptam,

269 1612 365 1647 quales
381 1611 566 1646 suntquidam
585 1611 632 1645 qui
649 1611 778 1638 inflantur
795 1619 800 1637 :
820 1612 853 1638 de
866 1612 965 1646 quibus
995 1611 1063 1638 dixit

270 1659 370 1686 Paulus
385 1667 391 1685 :
407 1658 436 1685 Si
452 1659 510 1694 quis
524 1659 603 1685 aliter
614 1659 697 1691 docet,
721 1663 745 1685 et
760 1666 810 1684 non
826 1659 967 1693 acquiescit
990 1659 1063 1685 sanis

268 1705 431 1733 sermonibus
451 1704 556 1731 Domini
571 1704 653 1730 nostri
667 1704 731 1731 .Iesu
743 1703 852 1735 Christi,
869 1709 893 1731 et
914 1705 938 1730 ei
966 1705 1062 1739 quise-

268 1751 383 1778 cundum
396 1750 521 1784 pietatem
536 1754 573 1776 est
584 1749 720 1781 doctrinis,
739 1750 864 1784 superbus
885 1750 951 1777 nihil
966 1751 1061 1782 sciens,

268 1797 313 1824 sed
324 1797 452 1831 languens
463 1795 532 1822 circa
549 1796 703 1830 quwslioues
720 1800 743 1822 et
768 1804 870 1831 pugnas
878 1796 1015 1824 verborum
1029 1799 1060 1824 ⁵³.

270 1841 316 1868 Vel
333 1841 371 1867 illi
386 1840 585 1876 intelliguntur,
600 1840 646 1875 qui
662 1841 804 1868 scientiam
824 1842 880 1868 vita
914 1843 1061 1877 repellunt.

267 1888 381 1923 Sit/fusio
391 1891 494 1919 autem,
504 1887 577 1922 quod
590 1887 684 1921 Aquila
715 1887 811 1919 edidit,
827 1887 889 1922 quia
901 1895 957 1915 non
973 1890 1062 1916 omni-

267 1935 318 1961 bus
328 1937 411 1968 patet.
427 1933 475 1960 Sed
489 1932 553 1959 solis
566 1932 655 1959 doctis
681 1932 805 1966 medicis,
819 1933 845 1960 in
858 1938 966 1960 tumore
989 1941 1062 1961 recte

266 1979 400 2014 accipitur
420 1987 427 2004 :
442 1986 531 2013 neque
544 1978 616 2005 enim
630 1978 664 2005 ab
678 1979 804 2006 omnibus
824 1979 914 2014 passio
925 1980 992 2011 haec,
1014 1981 1061 2008 sed

266 2033 281 2052 a
297 2025 362 2052 solis
375 2024 427 2051 illis
437 2025 483 2058 qui
499 2023 590 2052 sciunt
607 2024 764 2051 discernere
792 2032 852 2059 quae
882 2025 917 2052 ad
942 2026 1060 2053 animam

265 2072 446 2106 pertinerent,
455 2070 637 2104 cognoscitur.
651 2069 884 2103 Quemadmodum
897 2077 988 2100 autem
1002 2074 1059 2100 suf-

267 2116 341 2144 fusio
355 2116 444 2143 visum
462 2115 573 2150 pupilla
589 2115 665 2151 tegit,
681 2116 720 2143 sic
736 2118 902 2153 arrogantia,
931 2123 959 2146 et
979 2119 1061 2146 elatio

265 2161 430 2188 circumfusa
446 2161 554 2194 animm,
568 2162 712 2189 obscuram
733 2163 792 2197 ejus
813 2164 956 2191 scientiam
984 2164 1057 2193 facit.

265 2207 369 2242 Albngo
383 2211 485 2239 autem,
497 2207 525 2233 in
541 2207 608 2236 vita.
621 2213 649 2235 ct.
679 2209 898 2238 conversationis
928 2211 1060 2246 pravitate

1121 283 1290 309 vulneratam
1312 281 1424 313 habent,
1441 281 1530 308 abhis
1556 279 1775 315 quiiguorautize
1799 279 1916 306 infirmi-

1121 334 1203 356 tatem
1219 329 1371 363 patiuntur,
1386 327 1454 354 nihil
1479 327 1622 358 differunt,
1637 333 1725 360 usque
1740 325 1803 351 dum
1824 330 1916 353 ttnno-

1122 381 1178 400 rem
1205 373 1292 406 illum,
1310 378 1357 400 aut
1388 374 1450 401 vita:
1474 374 1635 407 pravitatem
1660 372 1812 407 detergant.
1839 372 1916 399 Licet

1120 419 1193 445 enim
1211 419 1253 446 eis
1273 423 1338 446 tunc
1352 427 1418 446 sano
1432 419 1482 450 uti,
1507 422 1536 445 et
1551 417 1653 445 mundo
1685 417 1764 444 oculo
1781 417 1912 444 scienlizn.

1119 463 1216 499 Jugem
1240 465 1358 492 scabiem
1380 465 1519 492 detractor
1549 464 1657 492 habet:
1685 463 1915 498 quemadmodum

1119 510 1192 536 enim
1210 511 1330 544 pessima
1346 510 1451 538 scabies
1463 510 1621 542 demolitur,
1638 509 1674 536 ita
1688 509 1826 536 detractor
1835 508 1916 535 facile

1120 560 1294 589 provocatur.
1307 556 1484 591 Impetigines
1513 555 1664 582 fornicator
1683 555 1774 585 habet.
1801 553 1916 580 maculae

1119 601 1192 628 enim
1210 606 1312 636 apertae
1337 606 1402 629 sunt
1431 601 1703 636 impetigueorporis.
1729 600 1915 633 Quemadmo-

1118 647 1183 676 dum
1194 649 1269 676 enim
1282 647 1424 675 fornicatio
1433 648 1541 680 animae,
1555 652 1582 674 et
1597 647 1719 682 corporis
1734 647 1812 674 testis
1820 646 1915 675 unius.

1118 696 1269 724 secundum
1283 694 1364 726 LXX,
1383 699 1425 722 est
1445 694 1541 721 doctor
1570 695 1616 729 qui
1631 694 1716 726 dicit;
1727 698 1755 720 et
1774 701 1828 721 non
1839 692 1914 728 agit:

1118 748 1212 768 creare
1225 741 1298 768 enim
1316 740 1394 771 filios,
1413 740 1459 774 qui
1476 740 1536 767 talis
1552 744 1604 771 est,
1636 747 1692 766 non
1714 744 1814 774 potest.
1840 738 1913 771 Qui-

1118 794 1226 822 cunque
1239 794 1304 822 ergo
1318 794 1401 813 unam
1432 787 1625 822 pradictarum
1653 786 1787 814 maculam
1817 785 1915 817 habet,

1116 833 1186 860 dona
1213 832 1270 859 Deo
1293 831 1404 863 offerre,
1422 835 1469 858 aut
1491 831 1624 859 sacrificia
1646 838 1701 857 non
1717 834 1818 866 potest,
1850 829 1916 865 quia

1118 878 1320 905 immaculatum
1344 885 1405 905 esse
1416 882 1444 904 et
1462 877 1554 904 animo
1586 878 1758 904 sacerdotem
1777 881 1887 911 oportet
1904 883 1913 902 :

1118 931 1198 959 quem
1219 924 1289 950 sicut
1304 923 1410 958 Moyses
1423 922 1568 950 duodecim
1580 923 1694 950 maculis
1709 923 1842 950 mundum
1852 930 1915 950 esse

1118 969 1258 1005 praeepit,
1284 973 1324 997 tot
1347 977 1394 996 eas
1419 971 1492 996 enirn
1521 969 1646 996 invenies
1670 969 1820 996 secundum
1842 968 1915 996 LXX

1117 1017 1318 1047 denuntiet-atas,
1351 1016 1390 1042 sic
1402 1020 1430 1042 et
1460 1015 1560 1042 Paulus
1583 1015 1730 1042 duodecim
1747 1022 1915 1042 conservare

1117 1069 1191 1094 cum,
1207 1061 1254 1096 qui
1268 1061 1453 1088 sacerdotium
1479 1061 1625 1088 sortiturus
1639 1068 1692 1094 est,
1708 1061 1838 1097 praecepit
1871 1061 1915 1089 di-

1117 1116 1182 1135 cens
1216 1115 1223 1134 :
1255 1106 1364 1141 Oportet
1394 1107 1544 1141 episcopum
1566 1108 1821 1142 t'rrcpreltensibilem
1845 1115 1912 1140 esse,

1118 1155 1186 1180 sicut
1197 1153 1244 1180 Dei
1257 1154 1465 1187 dispensatorem
1478 1154 1511 1179 ⁸³.
1529 1153 1598 1186 Quis
1616 1158 1707 1181 autem
1735 1154 1913 1188 irreprehen-

1116 1198 1213 1230 sibilis,
1250 1198 1303 1225 nisi
1332 1198 1511 1233 impollutus?
1536 1198 1639 1226 Deinde
1668 1198 1742 1226 unde
1768 1199 1914 1234 colligatur

1119 1244 1395 1279 inreprehensibilem
1410 1252 1473 1271 cum
1493 1252 1566 1277 esse,
1589 1252 1605 1272 a
1633 1245 1760 1280 qualibus
1784 1245 1912 1275 maculis.

1115 1293 1162 1317 aut
1173 1289 1348 1325 passionibus
1363 1290 1496 1322 carendo,
1512 1290 1540 1317 in
1561 1290 1794 1325 subsequentibus
1816 1294 1914 1317 osten-

1116 1337 1166 1363 dit.
1188 1335 1249 1363 Nou
1263 1336 1414 1371 superbum,
1426 1345 1477 1363 non
1492 1337 1659 1370 iracundum,
1679 1345 1731 1363 non
1739 1336 1911 1369 vinolentum,

1116 1390 1167 1409 non
1180 1389 1371 1417 percussorem,
1388 1390 1438 1408 non
1454 1383 1538 1417 turpis
1557 1382 1622 1410 lucri
1647 1383 1782 1417 cupidum,
1805 1383 1851 1410 sed
1867 1385 1914 1409 Iw-

1115 1429 1249 1464 spitalem,
1261 1429 1412 1464 benignum,
1423 1433 1536 1461 castum,
1549 1429 1666 1464 justum,
1677 1434 1811 1462 sanctum,
1825 1430 1913 1456 conti-

1115 1480 1216 1502 nentem
1233 1475 1434 1508 amplectentcm
1449 1483 1519 1506 cum,
1539 1475 1583 1510 qui
1603 1475 1748 1502 secundum
1762 1475 1914 1502 doctrinam

1115 1525 1164 1552 est,
1180 1521 1282 1555 ﬁdelem
1292 1528 1439 1547 sermonem
1453 1521 1485 1546 οι.
1515 1520 1663 1548 Duodecim
1681 1528 1746 1556 ergo
1756 1521 1850 1556 etipse
1861 1528 1913 1548 cu-

1116 1567 1218 1594 stodire
1231 1567 1400 1594 sacerdotem
1412 1567 1481 1598 vult,
1500 1571 1527 1594 et
1539 1567 1717 1601 quamobrctu
1732 1567 1758 1594 ei
1778 1571 1853 1594 tanta
1862 1574 1912 1594 su-

1115 1613 1298 1648 perimponat.
1315 1613 1341 1639 in
1361 1613 1580 1648 prteceilentibus
1591 1612 1660 1639 dixit
1675 1621 1682 1640 :
1713 1612 1821 1647 Oportet
1841 1613 1912 1639 enim

1114 1659 1263 1693 episcopum
1281 1658 1534 1693 irrepre/tcusibilem
1549 1666 1612 1690 esse,
1636 1658 1705 1685 sicut
1730 1657 1779 1684 Dei
1805 1657 1912 1690 dispen-

1113 1710 1238 1731 satorem.
1253 1705 1406 1737 Quiautem
1439 1705 1580 1739 dispensat
1601 1711 1663 1739 quae
1688 1703 1735 1731 Dei
1746 1707 1820 1734 sunt,
1841 1710 1911 1737 opus

1116 1751 1195 1777 habet
1210 1758 1269 1782 eos,
1281 1758 1397 1784 quarunt
1412 1750 1587 1785 dispensator
1603 1754 1656 1782 est,
1670 1750 1819 1777 virtutibus
1839 1757 1911 1784 prae-

1113 1796 1213 1823 cedere
1231 1804 1238 1822 :
1256 1804 1318 1822 nam
1340 1797 1478 1830 quomodo
1503 1797 1563 1823 illos
1582 1796 1755 1831 dispensare,
1771 1796 1911 1831 quomodo

1114 1842 1260 1876 disponere
1272 1841 1472 1876 poterit?Quia
1488 1846 1580 1868 autetn
1605 1841 1746 1876 legislator
1763 1841 1911 1868 comedere

1113 1890 1148 1915 de
1165 1888 1269 1915 sanctis
1282 1887 1424 1922 praecepit,
1450 1887 1686 1922 unamquamlibet
1716 1887 1911 1922 praedictarum

1114 1935 1282 1962 macularum
1305 1934 1462 1965 habentem,
1484 1934 1555 1960 intra
1568 1933 1658 1960 velum
1668 1938 1760 1960 tamen
1774 1937 1802 1960 et
1811 1933 1908 1966 altare,

1113 1988 1213 2016 corpus
1228 1981 1354 2008 videlicet
1365 1980 1477 2013 Christi,
1496 1979 1627 2007 accedere
1644 1987 1698 2007 non
1724 1980 1866 2015 praecepit,
1882 1980 1909 2007 id

1112 2032 1154 2054 est
1170 2026 1336 2054 ministrare.
1348 2026 1393 2053 Sic
1406 2031 1434 2053 et
1448 2027 1500 2053 hoc
1512 2026 1627 2053 forsitan
1638 2027 1666 2054 in
1683 2025 1814 2053 Ecclesiis
1828 2027 1908 2053 inve-

1113 2073 1174 2100 nies
1194 2072 1339 2104 custodiri,
1354 2073 1376 2100 si
1392 2073 1453 2107 quis
1470 2073 1542 2100 enim
1566 2072 1732 2107 approbatus
1762 2073 1848 2099 fuerit
1867 2079 1909 2099 sa-

1112 2119 1266 2154 cerdotum,
1285 2119 1421 2146 maculam
1436 2118 1566 2145 habuisse
1581 2118 1729 2152 aliquando
1741 2117 1852 2149 anima),
1881 2122 1910 2144 et

1111 2166 1145 2192 ab
1162 2173 1193 2192 ea
1206 2165 1332 2196 cessavit,
1351 2166 1453 2192 sanctis
1481 2165 1591 2199 quidem
1618 2165 1823 2192 communicare
1852 2173 1907 2191 non

1112 2211 1286 2246 prohibetur,
1303 2211 1458 2238 ministrare
1473 2217 1566 2238 autem
1595 2211 1670 2239 hunc
1698 2212 1744 2246 qui
1773 2212 1834 2239 talis
1853 2217 1906 2244 est.

265 2252 408 2287 accipitur,
421 2252 485 2287 quia
515 2254 645 2281 omnibus
671 2255 758 2282 oculis
785 2260 879 2291 aperte
906 2257 964 2284 haec
989 2258 1059 2286 inest
1076 2265 1097 2293 ι)
1113 2264 1167 2283 non
1185 2257 1260 2290 licet,
1274 2264 1325 2283 nec
1337 2257 1371 2284 ad
1387 2257 1478 2284 velum
1500 2257 1642 2288 accedere,
1656 2263 1684 2285 et
1709 2259 1743 2286 ad
1758 2259 1854 2290 altare.
1880 2259 1907 2285 id

264 2299 365 2334 passio,
381 2299 452 2327 sicut
464 2304 492 2327 et
501 2300 564 2328 vita
576 2301 696 2335 pravitas
717 2302 799 2329 latere
814 2310 867 2329 non
888 2308 988 2338 potest,
998 2313 1058 2339 qua:

264 2346 397 2374 subvertit
412 2345 459 2374 Dei
480 2346 632 2381 scientiam,
649 2347 700 2374 etsi
725 2348 824 2375 habere
843 2356 872 2376 se
887 2357 946 2376 eam
964 2350 1056 2386 hi,qui

263 2398 346 2426 prave
356 2391 464 2423 vivunt,
474 2391 634 2427 glorientur.
651 2392 751 2420 Paulus
766 2394 867 2421 ctenim
879 2394 912 2422 de
922 2395 963 2422 his
971 2395 1054 2423 dixit:

262 2437 313 2470 Qui
326 2438 518 2472 conﬁtenturse
533 2447 607 2467 nosse
624 2439 716 2472 Deum,
733 2439 809 2474 [actis
818 2446 906 2468 autem
916 2448 1012 2477 negant
1022 2443 1055 2469 θθ.

262 2483 414 2517 Quiautem
442 2492 497 2513 non
521 2485 621 2513 frustra
646 2486 719 2521 lippo
747 2487 829 2514 etiam
855 2495 912 2520 eos,
928 2488 974 2522 qui
994 2489 1052 2517 haec

263 2531 335 2556 circa
352 2530 494 2557 scientiam
510 2532 662 2566 patiuntur,
674 2540 878 2567 comparamus,
896 2533 960 2561 hinc
987 2542 1053 2562 con-

264 2574 360 2609 iiciens
370 2576 493 2603 invenies
507 2584 601 2604 eorum
622 2578 706 2605 vitam
723 2579 769 2614 qui
794 2579 973 2607 suffusionem
1003 2589 1052 2616 pa-

264 2619 379 2653 tiuntur,
391 2626 438 2648 aut
449 2622 614 2657 albuginem.
632 2623 708 2652 Oculi
723 2625 832 2660 quidem
856 2627 941 2661 aperti
968 2634 1050 2662 appa-

264 2669 336 2698 rent,
351 2665 453 2693 similes
468 2672 559 2694 autem
572 2673 646 2701 sunt,
659 2672 780 2704 quandiu
798 2673 983 2705 infirmantur.
999 2682 1053 2702 cae-

263 2711 303 2738 cis
318 2718 325 2737 :
338 2712 385 2738 sed
400 2713 509 2747 quando
525 2714 620 2742 salvati
633 2715 746 2750 fuerint,
767 2720 874 2754 purgati
895 2728 910 2747 a
923 2721 1054 2755 prmdicla

263 2756 400 2791 passione,
415 2758 454 2784 uti
468 2760 564 2793 oculis,
578 2761 648 2789 sicut
660 2767 686 2790 et
700 2763 768 2797 sani,
786 2771 910 2799 possunt.
923 2766 967 2794 Sic
983 2772 1010 2794 et
1026 2767 1054 2794 lii

298 2856 320 2875 ”
336 2857 431 2886 Matllt.
452 2867 496 2893 xv,
517 2860 557 2888 lli.

602 2862 625 2878 "
640 2863 650 2889 l
667 2862 731 2898 Reg.
745 2873 820 2896 un.
840 2865 881 2893 19.

262 2893 337 2926 1,16.

375 2895 396 2909 ⁰⁰
411 2894 421 2921 ι
434 2894 503 2923 Tun.
519 2905 558 2929 ut,
576 2897 603 2924 ‘2.
646 2899 666 2913 ⁵³
685 2894 750 2926 ibid.
768 2901 793 2933 5,
813 2894 837 2928 λί-

925 2867 947 2883 ⁵⁶
958 2866 1027 2894 Gen.
1052 2876 1110 2899 \‘ltl,
1125 2868 1169 2896 ει.

877 2902 898 2917 ι’
916 2902 997 2929 llebr.
1019 2911 1077 2936 xm,
1096 2905 1137 2932 ιυ.

1110 2307 1163 2333 est,
1184 2302 1217 2329 ad
1229 2309 1330 2336 corpus
1348 2302 1466 2335 Domini,
1476 2307 1506 2330 ut
1518 2303 1578 2338 ejus
1590 2303 1774 2332 ministerium
1783 2310 1893 2339 peragat

1112 2348 1167 2375 lloc
1177 2348 1251 2375 enim
1266 2349 1356 2375 velum
1372 2349 1493 2376 etaltare
1507 2350 1608 2377 Paulus
1627 2350 1748 2377 llebrreis
1765 2351 1903 2382 scribens,

1110 2394 1211 2421 dorttit.
1225 2394 1357 2422 Habemus
1370 2395 1468 2426 altare.
1484 2396 1516 2422 de
1533 2404 1584 2430 quo
1611 2397 1745 2423 comedere
1774 2404 1825 2422 non
1853 2397 1902 2422 Im-

1108 2441 1166 2466 bent
1179 2445 1334 2474 potestatem
1359 2441 1395 2473 lii,
1411 2442 1456 2476 qui
1472 2441 1797 2469 tabernuculodeseruiunt
1811 2442 1846 2473 θ’,
1862 2443 1904 2470 vi-

1109 2487 1208 2514 delicet
1222 2487 1356 2515 Dominici
1368 2488 1502 2523 corporis.
1520 2488 1578 2516 lloe
1595 2489 1668 2516 enim
1681 2489 1906 2524 Judaeisproptcr

1108 2533 1325 2561 incredulitatem
1344 2539 1371 2561 et
1386 2535 1547 2562 servitutem
1574 2535 1670 2562 litterae
1686 2536 1724 2562 uti
1746 2543 1803 2562 non
1829 2536 1904 2563 licet.

1108 2581 1163 2608 lloc
1192 2582 1279 2616 ipsum
1302 2586 1392 2609 autem
1408 2587 1435 2609 et
1459 2584 1547 2610 velum
1569 2582 1633 2613 dici.
1656 2583 1690 2610 ab
1721 2583 1778 2618 ipso
1799 2584 1876 2611 disce
1895 2592 1902 2609 :

1110 2629 1242 2656 Habentes
1260 2638 1321 2665 ergo
1337 2631 1524 2665 conﬁdentiam
1546 2632 1575 2658 in
1592 2632 1904 2665 introitumsanctorum,

1106 2684 1153 2710 per
1168 2675 1286 2702 velamen
1300 2676 1333 2707 “.
1350 2677 1375 2703 id
1391 2681 1433 2704 est
1444 2684 1554 2704 carnem
1570 2677 1641 2712 ejus.
1664 2677 1706 2705 Ad
1749 2678 1802 2705 hoc
1813 2679 1905 2706 solum

1107 2723 1152 2756 qui
1163 2723 1297 2750 maculam
1310 2723 1390 2751 habet
1402 2724 1512 2757 animae,
1525 2732 1580 2752 non
1590 2725 1751 2761 ingreditur.
1762 2726 1905 2759 Quamob-

1109 2768 1181 2794 rem?
1197 2768 1264 2801 Quia
1276 2769 1410 2796 maculam
1436 2770 1518 2797 habet
1530 2791 1537 2804 ,
1555 2775 1584 2798 et
1600 2778 1656 2798 non
1673 2771 1754 2799 debet
1766 2772 1905 2799 contami-

1221 2868 1242 2884 '”
1257 2868 1328 2898 Psal.
1346 2877 1428 2904 xxxv,
1445 2871 1491 2898 22.
1535 2872 1580 2900 ⁵⁸1
1597 2872 1667 2900 Tim.
1689 2881 1727 2904 vt,
1739 2872 1765 2900 '5.
1805 2874 1828 2890 "
1843 2872 1900 2902 Tit.

1535 2872 1580 2900 ⁵⁸1
1597 2872 1667 2900 Tim.
1689 2881 1727 2906 vt,
1739 2872 1765 2900 '5.

1177 2904 1199 2920 ⁸³
1212 2903 1294 2932 llebr.
1313 2913 1340 2938 ι,
1354 2905 1395 2932 l9.
