2056 3148
162 180 231 212 1065

733 181 774 211 ΙΝ
795 178 1016 211 LEVITICUM.
1037 191 1071 197 -
1089 180 1162 210 LIB.
1183 181 1232 211 VI.

1731 185 1800 218 1066

158 245 225 266 nare
240 237 425 265 sanctuariunt
439 245 539 271 meum,
552 238 826 266 contaminatiocnim
843 243 954 266 sancto-
969 243 992 270 Α
1006 242 1118 272 cogunt,
1138 243 1166 265 et
1183 243 1280 273 putare
1303 239 1376 273 quod
1389 239 1556 275 superﬂuum
1583 242 1619 270 sit
1644 243 1693 271 Dei
1717 245 1800 272 utini-

159 291 229 315 rutn,
246 289 328 318 atque
347 283 446 318 injuria
461 289 511 317 est,
522 284 589 312 tales
604 284 638 311 ad
658 284 842 312 ntinisterium
850 284 954 316 oﬁ'erri,

160 328 187 356 in
197 329 297 364 quibus
308 329 421 357 otl‘endit
430 330 560 365 populus,
576 333 603 357 et
617 331 663 366 qui
680 335 852 366 cognoscunt
859 338 955 359 eorum

154 375 290 408 maculas,
302 376 532 404 scandalizantur.
552 376 667 412 Propter
682 377 754 412 quod
774 376 919 407 etPaulus
933 377 955 392 “

159 421 346 449 testimonium
362 422 464 450 bonum
485 423 597 455 habere,
613 424 648 450 ab
667 424 715 450 .bis
737 423 783 458 qui
803 423 871 450 furis
879 427 953 455 sunt,

158 468 328 495 sacerdotem
354 469 421 495 vult.
450 468 505 496 Lex
527 474 618 496 autem
641 469 821 502 conﬁrmavit,
842 477 875 496 ea
894 477 954 504 qum

157 513 230 541 dicta
237 518 318 546 sunt,
333 521 408 542 exeo
417 515 491 549 quod
506 515 573 542 dixit
591 524 597 542 :

186 559 250 594 Ego
277 560 405 587 Dominus
438 561 483 596 qui
502 561 641 596 sancti/iw
655 570 710 588 vos.
731 561 786 597 Ego
795 561 878 596 quis?
906 562 953 596 qui

158 605 287 640 praecipio
300 610 328 633 et
345 607 455 634 mando.
475 607 589 643 Perfecli
616 612 706 639 estote.
730 608 954 642 quemadmodum

157 656 182 677 ιι
193 650 278 677 Pater
290 655 373 677 venter
390 651 500 678 catastis
514 652 644 686 perfectus
663 657 701 679 est
715 652 747 678 ⁸³.
769 652 799 678 ln
809 659 863 686 quo
879 651 952 680 enim

156 696 264 723 macula
274 696 405 725 ,licetuna
415 697 614 732 prtedietarum
631 701 685 729 est,
700 697 744 726 hic
759 704 814 724 non
830 701 872 724 est
888 704 954 731 per-

156 741 255 769 fectus.

194 787 277 816 Vsus.
292 788 338 815 24.
354 797 363 813 ί
375 788 552 816 Locutusest
568 797 632 824 ergo
651 790 758 824 Moyses
773 789 806 816 ad
820 789 910 816 Aaron
925 794 953 816 et

157 833 228 861 ﬁlios
239 834 350 868 ejus.-et
361 834 398 861 ad
413 842 523 862 omnent
546 835 629 863 Israel
645 840 742 862 cuncta
753 842 814 869 qua:
828 834 878 862 sibi
893 834 953 862 fuc-

156 884 220 906 rant
234 879 376 914 imperata.
396 889 406 905 1

1007 283 1132 315 steriunt,
1145 288 1173 311 et
1183 284 1300 318 justitia,
1313 289 1341 312 et
1348 285 1493 320 judicium.
1501 287 1638 320 Quantum
1645 290 1799 324 veroDeus,

1006 329 1064 356 sive
1079 330 1218 362 sacerdos,
1230 330 1288 358 sive
1301 330 1348 358 ﬁlii
1365 331 1435 366 ejus,
1452 332 1480 360 id
1491 338 1534 361 est
1545 334 1673 370 discipuli
1696 344 1796 371 pecca-
1835 343 1838 354 τ

1006 374 1137 402 verintitt
1151 375 1412 410 sancta,irascatur,
1433 378 1583 406 ostendunt
1610 387 1642 407 ea
1653 389 1714 415 qua:
1740 381 1800 409 lieli

1005 423 1032 448 et
1044 420 1106 448 ﬁliis
1119 421 1180 456 ejus
1209 421 1394 456 contigerunt.
1412 421 1559 457 Propterea
1575 425 1696 452 subdidit
1714 434 1720 452 :
1742 426 1799 460 Ego
1837 458 1841 462 .

1001 465 1144 499 Dominus,
1156 467 1278 497 diceead
1289 476 1341 494 eos.
1361 468 1415 504 Ego
1431 468 1572 500 Dominus.
1587 470 1634 505 qui
1650 470 1751 499 irascor
1758 471 1800 499 vi-
1836 478 1842 503 ζ

1004 512 1112 544 delicet,
1123 517 1158 540 et
1167 513 1288 541 vindico.
1305 513 1377 547 Quid
1388 518 1480 542 autem
1497 515 1588 543 dixit?

1040 555 1116 585 Dices
1135 557 1170 583 ad
1186 565 1228 583 eos
1243 562 1267 584 et
1278 562 1397 592 posteros
1412 566 1520 587 eorum:
1538 558 1630 586 Omnis
1654 561 1740 593 homo,
1754 561 1800 596 qui

1004 604 1141 631 accesserit
1161 605 1193 634 de
1216 605 1297 639 stirpe
1325 610 1421 637 vestra,
1449 605 1485 632 ad
1504 614 1536 632 eo
1562 614 1621 640 qum
1646 611 1799 637 consecrata

1003 654 1073 680 sunt,
1103 654 1127 676 et
1153 658 1212 685 quia
1242 650 1453 685 obtulerunt/iiii
1465 651 1550 678 Israel
1564 651 1687 682 Domino,
1702 652 1731 678 iu
1748 660 1800 686 quo

1003 699 1041 721 est
1066 695 1245 728 immunditia,
1268 696 1370 730 peribit
1395 704 1486 723 coram
1519 696 1641 724 Domino.
1668 697 1725 732 Ego
1739 705 1799 724 sum

1005 740 1142 767 Dominus.
1173 740 1294 768 Primum
1322 741 1435 776 quidem
1469 742 1584 770 seminis
1621 743 1800 770 sacerdotalis

1003 786 1164 814 memoriam
1184 786 1300 819 faciens,
1326 792 1421 822 aperte
1446 788 1513 815 illud
1537 787 1712 823 signiﬁcavit,
1736 790 1800 823 quia

1002 839 1057 859 non
1085 832 1173 860 solum
1202 834 1393 867 sacerdotem,
1417 834 1466 862 sed
1492 841 1603 862 onmem
1642 838 1799 862 sanctorum

1002 878 1169 912 ministrum,
1184 879 1266 906 etiam
1288 880 1310 907 si
1328 885 1430 907 sortem
1458 881 1486 907 in
1501 881 1541 908 eis
1558 881 1682 910 ultimam
1700 881 1801 908 habeat

193 925 260 957 Qure
278 926 478 961 suntinecquae
492 926 599 953 locutus
623 927 681 954 est?
693 927 731 954 Ea
746 927 870 954 videlicet
891 934 951 961 qua:
968 918 988 946 Β
1002 929 1031 951 et
1061 925 1251 970 novissimam,
1278 931 1442 960 praesentem
1453 927 1550 961 jubeat
1562 927 1735 955 sanctionem
1748 936 1800 954 cu-

158 971 288 1006 prtedicta
298 975 375 1005 sunt,
392 974 454 1006 qua?
464 972 534 1000 Deus
558 972 667 1007 quidem
681 972 831 1008 adiloysen
845 972 951 1000 loeuttts

143 1024 210 1050 .est,
221 1017 327 1052 lloyses
352 1022 446 1045 autem
466 1017 570 1051 Aaron,
584 1023 612 1045 et
623 1018 684 1045 ﬁliis
696 1018 766 1052 ejus,
786 1023 814 1045 et
839 1018 949 1053 populo,

157 1064 230 1091 sicut
241 1063 390 1091 ostendunt
404 1071 435 1090 ea
459 1071 520 1098 quae
534 1071 608 1091 nunc
632 1064 702 1091 lecta
718 1069 791 1096 sunt,
813 1063 924 1091 tradidit
943 1071 949 1090 :

157 1118 213 1136 non
227 1109 327 1137 [rustra
343 1109 402 1137 haec
416 1109 476 1144 lege
487 1109 683 1144 distinguente,
698 1108 747 1136 sed
773 1112 802 1135 ut
828 1108 952 1143 Moyseos

155 1156 316 1190 dignitatem
330 1156 547 1188 commendaret,
561 1160 588 1183 et
601 1155 759 1183 ostenderet
773 1161 877 1190 aperte,
887 1155 950 1189 quia

156 1202 218 1229 aliis
232 1202 343 1236 quidem
357 1210 453 1237 pauca,
468 1202 520 1237 ipsi
535 1210 600 1230 vero
613 1202 705 1230 omnia
713 1201 952 1236 Deusloqueretur

156 1252 269 1281 propter
283 1247 342 1280 ejus
361 1247 504 1281 justitiam,
521 1251 548 1274 et
573 1246 718 1281 imaginem
738 1252 820 1280 quam
842 1244 953 1279 gerebat

157 1293 271 1321 Christi.
286 1293 418 1320 Similiter
434 1297 462 1320 et
480 1300 532 1320 nos
551 1293 653 1320 docens
665 1292 766 1320 habere
775 1294 906 1321 mentem,
917 1289 952 1317 ad

157 1347 328 1375 quaecunque
339 1339 456 1373 majores
470 1343 498 1366 et
512 1338 689 1374 perfectiores
703 1336 829 1368 dixerint,
859 1335 952 1364 scien-

158 1392 222 1420 tes,
263 1386 327 1420 quia
366 1386 496 1414 continue
535 1384 586 1420 ipsi
629 1391 748 1419 superna
791 1382 952 1418 operatione

158 1433 298 1461 t'rtnmtur.

464 1477 578 1505 CAPUT
591 1477 675 1505 XXII.

195 1526 278 1553 Vens.
288 1526 342 1553 1-5.
363 1535 371 1551 ι
389 1525 510 1553 Locutus
517 1532 625 1559 quoque
639 1528 682 1551 est
693 1523 824 1551 Dominus
835 1523 868 1550 ad
877 1522 954 1558 Moy»

158 1580 219 1604 seu,
239 1573 353 1600 dicens:
369 1572 494 1606 Loquere
520 1571 554 1598 ad
575 1571 676 1602 Aaron,
697 1574 725 1597 et
737 1570 770 1597 ad
786 1569 855 1597 ﬁlios
880 1569 950 1604 ejus.
966 1588 987 1618 ε

158 1624 190 1646 ut
204 1623 319 1646 caveant
345 1617 380 1644 ab
409 1617 524 1651 hisquae
549 1620 709 1644 consecrata
742 1619 807 1642 sunt
834 1614 952 1642 ﬁliorum

159 1665 295 1697 lsrael,et
314 1672 368 1691 non
388 1663 576 1690 contaminent
599 1669 699 1689 nomen
721 1660 953 1689 sanctiﬁcatorum

158 1713 238 1744 mihi,
253 1721 313 1747 qua:
325 1712 376 1746 ipsi
391 1711 520 1738 offerunt.
538 1709 593 1744 Ego
617 1708 757 1735 Dominus.
782 1707 831 1733 Dic
844 1707 878 1733 ad
894 1713 953 1737 eos,

145 1763 188 1786 ret
200 1759 232 1786 ad
249 1763 372 1793 posteros
385 1765 480 1785 eorutn
496 1766 503 1784 :
522 1756 617 1784 Omnis
637 1755 720 1782 homo
731 1753 776 1788 qui
807 1751 955 1780 accesserit

158 1806 194 1833 dc
203 1806 290 1840 stirpe
305 1808 406 1835 vestra.
420 1804 454 1831 ad
469 1811 502 1831 ea
517 1811 577 1838 qua:
591 1805 749 1829 consecrata
766 1804 839 1831 sunt,
859 1802 955 1833 etqusc

158 1853 318 1880 obtulerunt
335 1851 381 1878 ﬁlii
395 1851 478 1878 Israel
495 1849 617 1880 Domino.
641 1848 669 1875 in
694 1855 748 1882 quo
773 1850 815 1873 est
833 1846 955 1872 immun-

160 1898 239 1930 ditia,
261 1897 360 1932 peribit
374 1904 466 1924 coratn
486 1895 610 1922 Domino.
625 1893 680 1929 Ego
696 1901 757 1920 sunt
780 1892 922 1918 Dominus.
943 1899 952 1915 ι

198 1944 267 1971 Nam
294 1942 490 1977 qualiscunque
512 1940 629 1976 dignitas
652 1937 796 1966 sacerdotii
808 1941 859 1966 est.
890 1935 955 1963 huic

161 1989 236 2016 enim
247 1993 321 2015 sorte
331 1988 424 2015 datum
441 1992 492 2019 est,
509 1991 539 2013 ut
552 1985 685 2013 mediator
698 1985 734 2011 sit
748 1983 821 2010 inter
833 1982 918 2009 Deum
927 1984 956 2008 et

161 2033 298 2061 homines.
313 2033 345 2060 Et
359 2041 408 2068 per
421 2033 492 2059 hanc
513 2038 599 2067 genus
619 2033 742 2057 nostrqu
768 2026 890 2056 Creatori
910 2033 955 2053 rc-

161 2078 334 2110 conciliatur,
352 2079 379 2105 in
394 2077 486 2113 lingua
497 2076 667 2104 sacerdotum
686 2082 773 2102 nexus
790 2071 957 2100 etabsolutio

161 2130 319 2153 nostrorum
334 2128 506 2159 peccatorum
521 2121 656 2151 consistit.
665 2119 792 2148 Ostendit
802 2123 892 2146 autem
902 2116 958 2144 Ma-

162 2171 267 2199 lachias
279 2175 388 2205 quanta:
401 2168 543 2205 dignitatis
554 2167 736 2198 sitsacerdos,
754 2170 782 2192 ct
796 2172 856 2200 quae
873 2164 907 2191 ab
923 2171 957 2190 eo

162 2222 306 2253 oporteant
319 2215 483 2250 exspectari.
497 2214 568 2247 Quia
580 2213 679 2244 Labia,
699 2211 797 2247 inquit,
813 2210 957 2239 sacerdotis

1001 970 1115 1003 stqdirc.
1146 972 1246 1000 Dicens
1271 977 1378 1006 autem,
1406 974 1437 1000 de
1459 974 1540 1008 stirpe
1556 979 1652 1006 vestra,
1678 974 1801 1003 ostendit

1002 1017 1075 1050 quod
1100 1025 1209 1052 semper
1223 1019 1364 1046 custodire
1387 1019 1439 1046 hoc
1464 1024 1590 1054 oporteat
1606 1024 1798 1054 praeceptum:

1002 1067 1031 1089 ut
1056 1064 1102 1098 qui
1129 1064 1327 1092 immunditiam
1349 1067 1377 1092 in
1390 1066 1529 1101 semetipso
1544 1067 1620 1093 habet
1636 1066 1801 1100 animw,.sic

1002 1109 1075 1136 enim
1089 1109 1159 1137 LXX
1175 1110 1270 1142 edunt,
1285 1119 1340 1138 non
1361 1112 1450 1139 solum
1475 1111 1629 1139 ministerio
1642 1116 1669 1139 et
1684 1113 1800 1148 mystico

1002 1154 1090 1182 cilicio
1106 1162 1136 1182 se
1158 1155 1306 1189 abstineat,
1327 1157 1375 1184 sed
1393 1165 1444 1184 nec
1463 1161 1555 1192 tangat
1579 1165 1610 1185 ea
1629 1165 1690 1192 quae
1708 1157 1800 1186 oblata

1002 1204 1078 1232 sunt,
1096 1208 1186 1235 neque
1203 1201 1236 1228 de
1250 1201 1291 1229 eis
1305 1207 1396 1230 sumat
1411 1211 1417 1230 :
1444 1203 1563 1230 rutundus
1577 1203 1649 1231 enim
1667 1204 1701 1232 ad
1716 1212 1800 1233 utun-

1002 1245 1036 1272 da
1052 1246 1134 1273 debet
1146 1246 1295 1275 accedere.
1312 1247 1340 1275 Si
1362 1248 1423 1283 quis
1438 1253 1529 1276 autent
1551 1257 1607 1276 non
1626 1249 1666 1276 sic
1681 1249 1798 1282 accedit,

1003 1292 1103 1326 peribit
1116 1301 1210 1321 coram
1228 1293 1356 1328 Domino,
1370 1302 1534 1330 semperque
1546 1296 1620 1323 hunc
1634 1296 1706 1323 Deus
1715 1302 1800 1325 aver-

1003 1343 1090 1371 satur,
1114 1340 1190 1367 etab
1216 1340 1290 1367 omtti
1316 1341 1651 1377 repellit'participatione
1675 1347 1709 1373 get
1721 1350 1797 1372 com-

1003 1385 1134 1412 muniottc
1150 1386 1274 1421 spiritus.
1290 1385 1348 1414 lloc
1365 1392 1458 1417 autem
1475 1388 1607 1415 aversatio
1625 1388 1736 1423 proprie
1751 1389 1800 1416 hic

1003 1429 1173 1466 intelligitur,
1193 1431 1267 1465 quod
1283 1431 1353 1458 LXX
1366 1431 1472 1465 dicunt,
1490 1433 1580 1467 perire
1596 1440 1688 1461 coram
1703 1433 1798 1460 Domi-

1003 1484 1051 1510 tto,
1065 1481 1134 1504 teste
1152 1477 1246 1510 David,
1266 1477 1314 1512 qui
1329 1478 1386 1505 ait:
1405 1478 1466 1505 Non
1489 1483 1595 1505 avertas
1617 1479 1712 1513 faciem
1724 1484 1800 1511 tuam

1004 1532 1021 1550 (ι
1034 1531 1084 1556 me,
1099 1529 1123 1550 et
1145 1523 1275 1558 Spiritum
1288 1529 1410 1552 sanctum
1428 1529 1502 1552 tuum
1514 1533 1545 1551 ne
1562 1525 1671 1560 auferas
1681 1534 1698 1551 ιι
1712 1533 1754 1552 me
1765 1526 1798 1552 ”'.

1004 1571 1035 1598 ltt
1049 1571 1092 1599 ltis
1108 1575 1200 1599 autem
1215 1580 1279 1599 vera
1294 1571 1394 1599 animae
1408 1571 1537 1607 perditio,
1557 1572 1616 1599 sive
1631 1571 1798 1599 extermina-

1005 1616 1043 1644 tio
1056 1621 1107 1649 est,
1124 1617 1150 1644 id
1166 1621 1208 1644 est
1229 1617 1285 1648 illa,
1311 1617 1346 1645 de
1363 1625 1417 1652 qua
1436 1617 1570 1644 Dominus
1592 1617 1621 1644 in
1646 1617 1801 1652 Evangeliis

1005 1662 1132 1690 dicebat:
1147 1663 1243 1691 Timete
1255 1672 1325 1696 eum,
1345 1664 1390 1698 qui
1408 1666 1493 1698 potest
1509 1667 1533 1689 et
1555 1662 1675 1690 animum
1690 1666 1720 1689 et
1741 1670 1802 1689 cor-

1003 1717 1052 1742 pus
1064 1710 1170 1744 perdere
1185 1709 1213 1736 in
1225 1709 1342 1744 geltenna
1353 1708 1385 1736 ⁸³.
1396 1735 1397 1738 η
1407 1709 1479 1744 Ergo
1507 1716 1562 1735 non
1583 1708 1685 1736 frustra
1704 1707 1802 1735 subdi-

1005 1755 1064 1782 dit:
1084 1754 1139 1789 Ego
1159 1754 1295 1781 Dominus.
1317 1753 1371 1780 Sed
1396 1753 1556 1784 ostendens,
1581 1753 1645 1788 quia
1672 1753 1718 1788 qui
1740 1752 1802 1780 haec

1007 1800 1090 1833 dicit,
1121 1800 1179 1835 ipse
1211 1804 1254 1827 est
1282 1799 1329 1834 qui
1356 1799 1432 1826 solus
1457 1799 1577 1827 animant
1605 1800 1720 1834 perdere
1749 1805 1802 1834 po-

1007 1851 1072 1874 test.

1045 1890 1125 1919 Vsus.
1141 1891 1201 1919 4-8.
1222 1900 1232 1917 ε
1253 1890 1342 1919 llomo
1369 1890 1403 1917 de
1418 1889 1525 1917 semine
1536 1888 1638 1920 Aaron,
1657 1887 1703 1922 qui
1718 1884 1802 1914 fuerit

1006 1938 1142 1972 leprosus,
1159 1940 1209 1963 aut
1221 1934 1445 1970 patiensﬁuttum
1462 1933 1586 1964 seminis,
1605 1940 1659 1960 non
1675 1937 1802 1959 vescetur

1007 1982 1040 2010 de
1061 1982 1102 2009 ltis
1119 1988 1180 2015 qua:
1199 1980 1369 2009 sanctiﬁcata
1385 1983 1450 2006 sunt
1470 1979 1550 2011 mihi,
1574 1979 1662 2006 donec
1675 1982 1800 2005 sanetur.

1007 2027 1059 2061 Qui
1084 2027 1203 2062 tetigerit
1219 2026 1391 2053 immttndum
1407 2032 1491 2060 super
1509 2027 1630 2058 mortuo,
1654 2028 1682 2051 et
1696 2031 1728 2051 ex
1747 2032 1803 2059 quo

1007 2072 1163 2108 egredietur
1177 2079 1270 2100 sentcn
1289 2071 1366 2107 quasi
1380 2071 1480 2103 coitus,
1491 2074 1519 2098 et
1531 2071 1579 2105 qui
1594 2069 1682 2105 tangit
1692 2069 1801 2104 reptile.

1008 2123 1036 2146 et
1051 2118 1193 2154 quodlibet
1214 2117 1387 2145 immuttdttm
1402 2117 1482 2152 cujus
1500 2121 1590 2144 tactus
1601 2121 1642 2143 est
1661 2116 1801 2150 sordidus,

1008 2165 1166 2193 immundus
1185 2163 1238 2191 crit
1258 2171 1343 2198 usque
1367 2163 1401 2190 ad
1419 2169 1575 2198 vesperum,
1593 2167 1622 2190 et
1638 2170 1692 2190 non
1709 2170 1802 2190 vesce-

1010 2215 1054 2238 tttr
1067 2210 1101 2237 de
1118 2200 1162 2237 his
1181 2217 1243 2244 quze
1269 2207 1440 2236 sanctiﬁcata
1455 2212 1528 2235 sunt.
1554 2207 1607 2235 Sed
1622 2215 1684 2236 cum
1704 2207 1802 2236 laverit

162 2263 312 2291 custodiunt
327 2261 475 2288 scientiam.
487 2265 511 2286 et
527 2259 609 2294 legem
626 2258 766 2293 exquirunt
782 2265 813 2283 ea:
825 2264 869 2282 ore
882 2255 951 2290 ejus,
972 2259 994 2287 D
1009 2265 1120 2285 carnem
1139 2264 1216 2284 suam
1233 2263 1313 2291 aqua,
1331 2259 1359 2282 et
1372 2255 1534 2282 occubuerit
1556 2256 1606 2287 sul,
1637 2260 1702 2282 tunc
1722 2264 1802 2282 ωυη.

154 2310 226 2345 .qm‘a
238 2307 348 2344 angelus
363 2307 468 2334 Domini
498 2306 662 2333 exercituita:
689 2308 726 2331 est
746 2303 779 2331 “.
810 2301 958 2337 Propterea

163 2365 224 2384 cum
238 2356 281 2382 his
290 2362 349 2389 quae
363 2358 426 2381 ante
435 2352 538 2379 sancita
555 2354 619 2378 sunt
627 2350 660 2377 de
669 2347 867 2380 sacerdotibus,
876 2346 958 2374 etiam

165 2405 221 2432 haec
228 2402 376 2438 .prteccpit.

197 2450 320 2478 (Inerant
333 2448 364 2474 ab
377 2448 482 2482 hisquw
494 2449 648 2473 consecrata
659 2448 720 2470 sunt
737 2442 854 2477 ﬁliarum
863 2441 957 2470 Israel,

162 2501 254 2523 etnon
265 2494 443 2522 contaminent
463 2499 556 2519 nomen
570 2490 797 2524 sanetiﬁcatorum
811 2488 960 2522 mihi,.qttw

162 2541 350 2576 ipsilalferunl.
365 2539 393 2565 Si
411 2542 503 2565 autem
517 2537 565 2564 isti
590 2535 823 2566 abominabilltet',
837 2538 865 2561 ct
885 2533 959 2561 inor-

163 2589 267 2620 dinate,
282 2592 311 2614 et
321 2590 517 2614 eatraomnem
553 2582 759 2618 roligiositatem
774 2580 867 2616 populi
882 2579 960 2607 obla-

165 2634 298 2663 tionibus,
314 2637 343 2659 et
358 2631 401 2658 bis
415 2638 476 2665 quae
489 2635 655 2664 quocunque
683 2627 764 2654 modo
792 2625 959 2653 sanctiﬁcata

165 2680 328 2711 atteruntur,
348 2676 540 2704 contaminant
563 2682 664 2702 nomen
694 2672 927 2701 sanctiﬁcatortnn
950 2681 956 2698 :

154 2726 222 2754 sive
236 2724 390 2753 secundum
406 2723 485 2753 LXX,
508 2729 603 2748 nomen
627 2724 748 2747 sanctum
769 2719 820 2746 Dei
839 2719 957 2753 primum

166 2771 276 2806 quidem
293 2771 392 2805 ipsum,
412 2767 498 2803 utqui
515 2774 563 2794 eos
593 2766 661 2793 tales
692 2765 805 2800 elegerit
829 2764 958 2799 blasphe-

167 2825 242 2844 mare
254 2817 346 2849 faciet,
360 2815 457 2843 deinde
469 2819 495 2842 et
520 2813 650 2849 populum
665 2811 803 2839 oﬁ'endere
817 2810 844 2838 in
854 2811 956 2838 sanctis

1010 2303 1090 2330 datus
1101 2307 1228 2329 vescetur
1242 2302 1276 2329 de
1287 2300 1475 2332 sanctiﬁcatis,
1491 2301 1554 2335 quia
1565 2300 1643 2328 cibus
1662 2300 1736 2328 illius
1748 2305 1801 2328 est.

1010 2348 1182 2378 Morticinum
1199 2352 1226 2375 et
1237 2352 1345 2382 captum
1364 2355 1379 2373 a
1397 2347 1483 2374 bestia
1498 2354 1553 2373 tton
1577 2346 1732 2377 comedent,
1751 2354 1804 2374 nec

1005 2396 1167 2430 .polluentur
1181 2395 1208 2421 in
1223 2395 1274 2421 eis.
1293 2395 1349 2428 Ego
1366 2401 1427 2421 sum
1445 2393 1588 2420 Dominus.
1613 2402 1623 2418 ›

1047 2443 1132 2477 Cujus
1159 2441 1270 2476 quidem
1300 2440 1426 2475 leprosus
1447 2438 1697 2474 signiﬁcationem,
1725 2438 1804 2473 cujus

1011 2491 1102 2515 autem
1121 2486 1245 2514 seminis
1272 2484 1374 2512 ﬂuxum
1398 2484 1505 2519 patiens
1529 2487 1616 2519 gerat,
1627 2483 1680 2510 sed
1697 2487 1725 2509 et
1740 2483 1804 2518 quis

1012 2534 1113 2561 [luxum
1144 2532 1259 2560 seminis
1280 2539 1328 2566 per
1348 2530 1487 2558 somnium
1512 2529 1643 2565 patiatur,
1660 2534 1688 2557 et
1700 2530 1806 2564 polluat

1013 2587 1087 2609 eum.
1104 2579 1209 2612 dequo
1224 2577 1292 2609 ﬁttit,
1314 2577 1376 2612 quis
1390 2577 1426 2604 sit
1447 2576 1492 2610 qui
1509 2580 1624 2611 tangens
1642 2576 1738 2610 reptile
1751 2575 1804 2602 im-

1013 2624 1146 2652 mundum
1163 2623 1306 2659 polluitur,
1331 2621 1423 2649 omnia
1447 2621 1526 2649 nobis
1543 2625 1570 2648 et
1589 2621 1741 2649 secundum
1758 2628 1804 2648 or-

1012 2671 1105 2699 dinem
1121 2670 1259 2705 superius.
1274 2669 1300 2696 io
1316 2668 1359 2696 ltis
1368 2675 1429 2703 quae
1443 2667 1478 2695 nd
1495 2667 1553 2695 haec
1564 2667 1715 2702 pertinent,
1733 2667 1803 2694 dicta

1012 2721 1088 2745 sunt.
1111 2715 1257 2744 Prtesentis
1272 2720 1363 2742 autem
1384 2713 1453 2749 legis
1468 2713 1588 2741 intentio
1606 2721 1670 2741 vere
1683 2713 1803 2740 admira-

1011 2763 1083 2795 bilis,
1104 2767 1132 2790 ct
1152 2761 1277 2789 ﬁdelibus
1297 2760 1371 2788 omni
1397 2761 1522 2788 custodia
1536 2760 1616 2795 digna
1635 2763 1688 2787 est.
1705 2759 1805 2786 Come-

1011 2809 1077 2837 dere
1093 2809 1167 2836 enim
1184 2812 1278 2835 sancta
1295 2807 1414 2842 pollutus
1430 2814 1516 2841 usque
1537 2805 1601 2833 dum
1620 2805 1804 2839 mandentur,

199 2903 222 2920 “
234 2904 245 2936 ι
257 2905 330 2934 Tim.
343 2913 385 2937 ιιι,
395 2904 422 2931 7.
459 2904 481 2920 ⁸⁸
494 2903 589 2930 Matth.
599 2910 626 2934 v,
644 2901 688 2928 48.
718 2901 740 2916 “
756 2898 870 2928 Illalaclt.
883 2905 914 2930 tt,
930 2897 955 2926 7.

1008 2898 1017 2914 ⁷
1037 2897 1109 2926 Psal.
1129 2905 1155 2931 L,
1171 2897 1215 2926 l5.
1253 2897 1274 2914 ⁸⁸
1289 2895 1423 2930 Matth.x,
1438 2895 1484 2924 28.

360 2953 495 2983 ΡΑτιιοι..
517 2950 577 2982 Gn.
600 2949 710 2980 XClll.

1588 2938 1626 2970 34
