2056 3148
274 186 351 219 1067

888 184 1070 214 HESYCHII
1093 181 1334 214 PRESBYTERI

1851 183 1920 216 1068

277 253 336 272 non
363 245 431 277 vult,
454 245 501 271 sed
528 251 578 271 nec
598 242 711 270 omnino
728 250 775 269 eos
802 250 850 277 per
874 242 1072 269 abstinentiam
1089 244 1110 272 Α
1127 242 1217 277 prosis
1241 242 1313 269 dicta
1334 245 1410 273 sunt,
1437 246 1464 269 et
1488 241 1601 269 seminis
1619 241 1721 268 fluxum
1736 241 1919 276 patientibus,

272 292 437 327 prohibere.
456 290 602 325 Propterea
618 298 694 321 eum,
711 289 755 323 qui
771 296 825 316 uno
836 288 959 327 quolibet
974 289 1071 315 borum

268 337 399 372 pollutus
415 341 466 368 est,
485 337 529 364 hic
541 336 713 363 enumeravit
728 335 898 362 immundum
913 342 975 362 esse
987 342 1073 370 usque

276 383 312 411 ad
327 391 481 419 vesperum.
498 384 592 410 dicens
605 392 611 409 :

279 449 283 452 ν
315 429 374 456 Non
401 434 517 456 vescatur
532 428 563 455 de
579 429 629 459 Itis,
653 436 712 464 qua:
736 428 903 463 sanctiﬁcata
919 433 997 456 sunt:
1027 429 1072 456 sed

278 482 339 501 cum
360 474 453 501 laverit
479 481 586 500 carnem
607 481 684 499 suum
700 481 783 506 aqua,
802 477 827 500 et
841 473 993 500 occubuerit
1020 473 1069 500 sol.

278 520 429 555 Vesperum
453 523 481 547 et
506 527 632 547 occasum
649 519 726 551 solis,
744 519 937 554 paenitentiam
950 528 958 552 ;
973 527 1070 554 aquam

277 575 344 594 vero
358 574 411 602 qua
427 574 486 593 eam
503 566 586 597 lavet,
603 565 750 600 lacrymam
766 565 880 592 dicens:
906 566 940 593 de
958 573 1011 600 qua
1029 565 1072 593 di-

272 612 316 639 xit
334 611 417 639 David
433 621 438 638 :
455 610 559 637 Lavabo
570 610 739 645 persingulas
756 615 842 637 noctes
855 610 948 637 lectum
962 619 1049 637 meum
1061 619 1071 638 .'

271 657 402 692 Jacrymis
415 661 528 683 stratum
546 665 632 682 nteant
646 656 737 691 rigabo
749 657 782 682 δ’.
810 656 991 684 ldem‘autem
1008 664 1070 684 ves-

274 710 381 738 peram.
402 702 442 729 sic
468 701 547 729 nobis
564 702 765 736 pmnitentiam,
786 707 814 729 et
837 703 965 737 gaudium
987 711 1019 731 ex
1037 702 1070 730 ea

276 747 441 783 signiﬁcavit
456 757 462 775 :
483 749 522 774 Ad
536 756 672 782 vesperum
686 748 866 775 demorabitur
889 749 977 783 ﬂetus,
996 754 1019 776 et
1035 749 1070 776 ad

276 795 438 821 matutinum
463 794 600 820 lwtitia".
630 793 745 825 Quando
772 801 837 829 ergo
856 794 983 830 lacrymis
1008 795 1070 830 quis

276 840 444 875 pcenitentice
466 840 577 867 ablutus
600 839 683 866 fuerit
697 859 705 870 ,
730 843 795 866 tunc
816 844 910 867 sancta
933 841 1067 873 comedet,

275 885 338 919 quia
354 885 432 920 panis
449 885 509 919 ejus
534 889 576 912 est
589 884 643 914 ille.
668 881 702 911 de
716 892 770 920 quo
792 885 923 912 Dominus
937 885 963 912 in
979 885 1069 913 Evan-

274 931 352 965 geliis
381 930 488 958 dicebat
504 939 510 956 :
529 930 562 956 Et
590 930 667 964 panis
688 939 765 965 quem
783 939 830 965 ego
841 931 918 963 dabo,
935 939 996 958 caro
1011 940 1069 959 mea

272 977 355 1004 est".
377 974 454 1010 Quod
470 980 497 1003 et
514 984 589 1004 nunc
615 976 694 1011 panis
718 977 879 1004 memoriam
904 976 1018 1010 faciens,
1044 983 1071 1005 et

270 1030 344 1058 quos
370 1026 498 1058 oporteat
525 1022 560 1050 de
585 1029 619 1049 eo
647 1021 792 1050 comedere
808 1022 993 1057 distinguens,
1019 1024 1069 1051 ad-

268 1069 344 1097 didit
357 1078 363 1096 :

307 1115 479 1142 Morticinum
493 1120 517 1141 et
536 1119 642 1149 captant
665 1123 681 1141 a
700 1115 782 1142 bestia
803 1123 854 1142 non
870 1116 1004 1143 comedent
1024 1124 1070 1142 nec

274 1161 424 1197 polluentur
448 1161 476 1188 in
491 1161 539 1187 eis.
555 1160 610 1196 Ego
627 1169 684 1187 sum
706 1161 844 1188 Domitius.
862 1161 899 1189 Ut
921 1162 974 1189 hoc
996 1162 1069 1196 quod

275 1208 379 1235 dictum
401 1211 461 1234 est:
480 1207 535 1242 Ego
553 1206 691 1239 Domitius,
720 1214 783 1234 cum
803 1207 909 1240 audias,
932 1207 1069 1243 intelligas

276 1254 351 1281 hunc
366 1253 521 1281 dicentem:
536 1253 591 1288 Ego
606 1261 664 1279 sum
680 1253 767 1286 panis,
782 1253 827 1288 qui
841 1253 872 1280 de
885 1253 948 1280 cozlo
961 1255 1069 1281 descen-

274 1300 302 1326 di
310 1299 345 1326 ".
361 1299 415 1326 Per
438 1297 614 1326 morticinum
630 1302 734 1330 autem,
751 1303 779 1326 et
791 1307 806 1326 a
821 1299 908 1326 bestia
926 1305 1067 1335 captorum

273 1344 501 1381 prohibitionem,
518 1353 572 1372 non
587 1350 715 1379 oportere
730 1353 833 1373 mensa:
855 1346 1025 1381 participari,
1041 1352 1068 1373 et

273 1399 377 1420 mensa:
395 1392 595 1420 dameniorum
623 1392 771 1427 praecepit;
789 1392 817 1419 in
846 1392 890 1419 his
904 1394 976 1420 enim
1003 1398 1068 1420 sunt

272 1446 339 1466 vere
359 1438 516 1470 morticina,
543 1443 571 1466 et
587 1446 603 1465 a
616 1438 713 1466 bestiis
735 1443 824 1474 capta.
850 1438 919 1472 Quia
937 1439 1012 1466 enim
1028 1439 1067 1466 si-

273 1485 330 1512 mul
357 1491 480 1516 sanctus,
502 1484 583 1511 simul
598 1488 626 1511 et
642 1484 761 1511 nutritor
776 1485 939 1512 substantiae
966 1490 1068 1513 nostra:

275 1530 454 1566 intelligibilis
470 1530 618 1565 praedictus
635 1530 716 1564 panis
733 1534 785 1562 est,
803 1537 854 1558 nec
867 1531 989 1565 pollutus
1003 1539 1066 1558 cum

1087 913 1107 941 ll

1124 287 1306 322 approbatum
1323 292 1374 314 est.
1397 287 1428 314 Et
1445 295 1540 315 rursus
1554 287 1649 314 dicens
1663 297 1669 314 :

1159 334 1194 359 Et
1205 341 1237 360 ex
1244 341 1294 368 quo
1306 333 1453 368 egredietur
1460 341 1546 360 semen
1556 333 1632 368 quasi
1642 333 1734 364 coitus,
1744 338 1769 360 et
1780 334 1824 368 qui
1836 335 1921 369 tangit

1124 379 1217 412 reptile
1229 383 1254 405 et
1266 379 1397 414 quodlibet
1408 379 1585 408 immundum.
1597 379 1673 414 cujus
1689 384 1775 406 tactus
1787 385 1824 406 est
1833 381 1922 407 sordi-

1123 424 1184 451 dus.
1199 424 1236 451 Ut
1250 424 1299 452 tibi
1311 425 1394 452 etiam
1410 424 1493 459 hujus
1520 424 1712 452 maniiestaret
1737 424 1920 458 intellectum,

1124 475 1324 505 consequenter
1349 471 1501 498 secundum
1532 470 1605 498 LXX
1627 471 1750 498 addidit:
1765 471 1817 498 Aut
1835 479 1919 506 supra

1122 517 1263 549 hominem,
1278 517 1306 543 in
1327 526 1378 552 quo
1392 518 1540 552 inquinavit
1558 516 1643 549 illum,
1657 518 1799 544 secundum
1816 526 1921 545 omnem

1121 563 1319 590 immunditiam
1337 564 1430 598 ipsius.
1464 564 1505 590 Ad
1523 571 1689 598 quamquam
1716 564 1812 591 horam
1841 570 1920 592 extra

1122 608 1242 635 animam
1262 609 1466 636 immunditiam
1496 613 1544 636 aut
1579 609 1759 643 pollutionem
1794 610 1918 637 tradidit.

1123 656 1176 683 Sed
1194 660 1224 683 ut
1243 655 1452 691 intelligibiliter
1465 657 1595 691 accipias,
1613 665 1674 692 qua:
1687 657 1748 692 ipse
1764 658 1919 685 secundum

1122 703 1240 730 litteram
1275 707 1387 738 propter
1418 703 1576 730 Judteorum
1617 704 1748 731 duritiam
1780 704 1919 739 exposuit,

1121 752 1265 783 propterea
1285 748 1420 775 subinle-rt
1436 749 1502 781 haec,
1516 756 1548 776 ex
1565 750 1663 784 quibus
1685 750 1919 785 significationem

1123 794 1170 821 tibi
1184 794 1229 821 det
1255 794 1460 829 contemplativi
1484 795 1606 829 spiritus.
1627 795 1695 822 Illud
1711 800 1802 822 autem
1815 796 1919 823 intelli—

1121 847 1186 875 gere
1212 841 1260 867 tibi
1288 841 1405 867 maxime
1431 841 1552 868 mandati
1577 841 1660 876 hujus
1691 841 1759 877 legis
1782 842 1850 870 utile
1875 848 1920 871 est

1122 891 1203 920 atque
1226 887 1335 920 iuvans,
1356 887 1430 921 quod
1448 895 1503 914 non
1522 887 1595 915 solos
1622 888 1793 921 sacerdotes,
1817 889 1866 916 sed
1889 895 1918 917 et

1122 937 1218 956 omnes
1247 930 1447 962 ministrantes,
1469 939 1523 958 non
1555 939 1723 965 prmsumere
1753 933 1813 960 sine
1840 937 1918 960 metu

1123 974 1285 1001 Sanctorum
1300 976 1502 1010 perceptionem
1519 977 1592 1008 vult,
1615 977 1770 1013 intuerique
1786 979 1917 1005 traditam

1121 1027 1136 1046 a
1154 1020 1212 1055 lege
1229 1020 1447 1053 distinctionem,
1461 1029 1521 1056 quae
1541 1022 1708 1057 ptenitcntes
1720 1023 1830 1058 quidem
1847 1032 1919 1058 pra:-

1121 1065 1240 1100 cepitad
1255 1071 1348 1093 sancta
1363 1067 1505 1098 accedere,
1526 1072 1590 1094 ante
1613 1073 1704 1095 autem
1724 1069 1917 1103 pmnitentiam

1121 1111 1259 1145 prohibet.
1278 1111 1330 1144 Qui
1348 1116 1440 1139 autem
1454 1120 1487 1139 ex
1506 1113 1612 1140 sentiae
1631 1118 1695 1141 sunt
1710 1115 1801 1141 Aaron
1819 1122 1914 1142 sacer—

1120 1157 1202 1187 dotis.
1219 1158 1349 1192 quoniam
1365 1158 1506 1186 Christum
1523 1166 1583 1186 esse
1603 1164 1728 1186 nostrum
1742 1161 1918 1189 sacerdotem

1120 1204 1249 1236 didicisti.
1266 1209 1295 1232 et
1312 1205 1394 1240 hujus
1410 1205 1524 1240 ﬁgurant
1541 1206 1633 1232 Aaron
1657 1213 1764 1241 gerere,
1787 1207 1848 1234 illos
1873 1207 1917 1234 in-

1121 1250 1224 1285 telliges
1252 1250 1312 1278 sine
1341 1251 1432 1285 aliqua
1461 1251 1612 1284 dubietate,
1653 1252 1699 1286 qui
1738 1252 1917 1287 baptismatis

1120 1296 1293 1331 adoptionem
1311 1297 1422 1329 habent.
1439 1301 1467 1324 et
1485 1305 1590 1329 Semen,
1616 1298 1780 1333 cognatique
1797 1299 1871 1333 ejus,
1884 1305 1914 1327 et

1119 1350 1202 1369 omne
1218 1343 1290 1377 quod
1307 1343 1410 1371 dixeris
1431 1344 1463 1371 ad
1487 1343 1714 1379 conjunctionem
1740 1345 1811 1379 ejus,
1840 1351 1917 1373 recte

1119 1389 1303 1424 appellantur.
1315 1389 1393 1417 Unde
1405 1395 1433 1417 et
1447 1399 1528 1425 genus
1542 1391 1663 1423 electum,
1675 1396 1703 1418 ct
1714 1392 1803 1426 regale
1817 1400 1916 1419 sacer-

1119 1436 1231 1468 dotium,
1246 1441 1273 1463 et
1285 1445 1347 1470 gens
1361 1443 1455 1463 sancta
1465 1437 1497 1469 7",
1518 1442 1630 1472 propter
1645 1439 1839 1471 cognationem
1852 1440 1916 1474 eius

1119 1481 1303 1515 appellantur.
1318 1483 1358 1509 Ad
1373 1490 1442 1517 quos
1458 1491 1524 1518 ergo
1541 1489 1568 1510 et
1584 1492 1645 1519 qua:
1664 1490 1818 1519 sequuntur
1829 1486 1913 1513 dicit:

1157 1526 1237 1554 Vens.
1267 1527 1293 1554 9.
1324 1536 1332 1553 ι
1366 1527 1530 1555 Custodient
1554 1535 1692 1564 praecepta
1718 1538 1778 1558 mea
1808 1536 1840 1557 ut
1858 1540 1916 1559 non

275 1576 418 1611 percipere
434 1575 574 1610 praecepit,
591 1583 642 1603 nec
657 1583 754 1603 rursus
765 1576 911 1604 mundatos
926 1577 1066 1612 prohiberi
1081 1586 1103 1616 ρ
1119 1573 1281 1608 subiaceant
1311 1577 1434 1608 peccatO.
1462 1579 1488 1601 et
1516 1575 1669 1603 moriantur
1698 1576 1726 1603 in
1750 1578 1916 1604 sanctuario

275 1622 343 1649 vult.
365 1621 518 1657 Utrumque
539 1622 612 1648 enim
633 1622 714 1656 plane
739 1626 767 1649 et
789 1621 891 1649 Paulus
911 1623 1042 1658 praecepit
1059 1631 1066 1649 :

273 1667 426 1703 Quicunque
453 1668 523 1694 enim
548 1667 664 1695 comedet
690 1675 803 1702 panem,
831 1673 855 1695 et
877 1669 943 1695 bibet
959 1669 1068 1696 calicem

274 1713 384 1740 Domini
398 1714 516 1749 indigne,
542 1722 602 1740 reus
618 1714 667 1741 erit
688 1715 804 1749 corporis
821 1719 844 1742 et
860 1716 997 1750 sanguinis
1013 1715 1068 1742 Do-

274 1759 340 1786 mini
348 1759 382 1788 ⁷³.
400 1758 470 1787 Ecce
485 1759 536 1787 iste
551 1765 593 1787 est
611 1760 731 1795 pollutus
750 1764 778 1788 et
803 1760 971 1789 immundus.
989 1762 1068 1790 llunc

273 1805 347 1833 enim
364 1806 495 1841 intelligis
515 1806 674 1834 omnimodo
695 1807 807 1843 indigne
834 1808 1036 1842 comedentem,
1051 1817 1067 1836 a

273 1857 429 1887 sanctorum
447 1851 617 1887 prohibitum
638 1853 858 1888 participatione.
880 1853 951 1887 Quid
974 1859 1066 1882 autem

273 1898 316 1926 his
344 1898 469 1926 addidit?
488 1897 582 1925 Probet
597 1904 686 1926 autem
717 1908 745 1927 se
763 1900 850 1931 Immo,
866 1905 889 1927 et
903 1901 941 1927 sic
954 1902 986 1928 de
998 1909 1067 1936 pane

271 1944 317 1972 illo
331 1944 401 1978 edat,
420 1949 444 1971 et
455 1944 488 1972 de
500 1944 583 1972 calice
592 1945 702 1973 bibat“.
713 1945 764 1979 Qui
776 1951 870 1974 autem
885 1948 1065 1983 semetipsum

271 1990 378 2025 probat,
410 1990 432 2018 si
464 1991 570 2027 peccati
600 1991 651 2019 sibi
682 1992 811 2020 conscius
825 1999 877 2026 est,
893 1997 920 2021 et
937 1993 1065 2028 pollutio-

267 2043 334 2063 nem
350 2035 450 2064 animm
469 2044 499 2064 se
522 2036 626 2064 habere
649 2037 743 2070 sentit,
760 2037 877 2072 poenitet
892 2038 952 2065 sine
968 2037 1062 2065 dubio.

263 2081 305 2109 iit
318 2086 379 2117 post
394 2083 588 2116 paenitentiam
603 2083 638 2111 de
655 2091 727 2118 pane
751 2084 907 2117 comedere,
925 2087 953 2111 et
970 2083 1064 2111 bibere

260 2135 368 2155 "rursus
384 2128 418 2155 de
433 2128 518 2156 calice
536 2133 632 2156 sancto
654 2133 682 2156 et
706 2129 851 2164 impolluto
865 2133 966 2164 potest.
985 2128 1063 2162 Quod

269 2177 362 2201 autem
381 2174 538 2209 frequenter
553 2175 587 2202 de
605 2175 658 2202 hac
691 2176 835 2203 sanctione
863 2175 992 2207 diximus,
1010 2175 1062 2202 dici

269 2224 297 2247 ct
310 2227 384 2248 nunc
398 2221 583 2248 necessarium
595 2227 647 2254 est,
659 2222 769 2257 prodest
784 2222 857 2249 enim
874 2222 1060 2254 audientibus,

1119 1626 1181 1645 cum
1199 1618 1357 1653 polluerunt
1385 1619 1463 1647 illud.
1482 1619 1539 1656 Ego
1560 1621 1693 1649 Dominus
1709 1622 1756 1658 qui
1773 1623 1917 1651 sanctiﬁco

1119 1663 1189 1691 illos.
1208 1673 1218 1690 ι

1154 1711 1225 1746 Ergo
1254 1715 1389 1746 praecepta
1418 1712 1536 1745 Domini,
1561 1712 1587 1739 id
1613 1718 1655 1740 est
1677 1712 1733 1746 lex,
1761 1714 1916 1742 custodiam

1118 1755 1281 1787 districtum,
1297 1760 1325 1782 et
1338 1756 1523 1784 obedientiam
1553 1758 1836 1794 intransgressibilem
1863 1768 1915 1787 ne-

1118 1800 1266 1827 cessariam
1281 1801 1422 1833 habentia,
1439 1802 1511 1829 sicut
1524 1802 1734 1837 perﬁcientibus
1746 1812 1790 1837 ea,
1807 1809 1836 1832 et
1850 1813 1917 1832 san-

1118 1846 1303 1880 ctiﬁcationis,
1320 1852 1349 1874 et
1361 1847 1567 1883 justiﬁeationis
1588 1854 1615 1876 et
1639 1850 1736 1877 salutis
1752 1858 1837 1878 causa
1855 1852 1916 1879 clli-

1117 1892 1239 1925 ciuntur,
1263 1892 1303 1919 sic
1317 1894 1423 1927 peccati
1448 1897 1476 1921 et
1499 1894 1596 1922 mortis
1624 1897 1914 1931 transgredientibus:

1117 1939 1188 1974 quod
1207 1939 1233 1966 in
1249 1940 1323 1967 onmi
1335 1940 1445 1975 quidem
1461 1945 1504 1968 est
1514 1941 1583 1975 lege,
1600 1946 1628 1969 et
1640 1942 1668 1969 in
1682 1943 1759 1969 omni
1771 1943 1913 1976 mandato,

1116 1986 1203 2012 multo
1231 1986 1318 2021 magis
1348 1990 1439 2014 tamen
1468 1987 1496 2014 in
1525 1987 1690 2015 Sanctorum
1722 1990 1913 2024 perceptione.

1117 2032 1238 2068 Quisquis
1248 2033 1318 2060 enim
1329 2034 1364 2060 ad
1377 2042 1421 2065 ea,
1436 2038 1511 2061 extra
1533 2043 1613 2069 quant
1631 2041 1743 2070 oportet,
1761 2038 1913 2068 accesserit.

1112 2079 1244 2112 judicium
1268 2080 1316 2106 sibi
1347 2080 1427 2106 sumit
1444 2084 1469 2107 et
1500 2086 1621 2107 mortem.
1635 2082 1704 2108 Nam
1718 2082 1861 2110 etPaulus
1879 2084 1914 2111 de

1117 2125 1216 2152 talibus
1238 2124 1388 2153 Corinthiis
1409 2126 1568 2154 scribebat:
1596 2127 1648 2160 Qui
1668 2129 1738 2154 enim
1764 2130 1913 2157 manducet

1115 2175 1140 2197 et
1155 2170 1228 2204 bibit,
1243 2171 1375 2206 judicium
1392 2172 1442 2199 sibi
1463 2174 1607 2200 mandarat
1623 2179 1647 2200 ct
1663 2174 1728 2201 bibit
1744 2183 1796 2201 non
1809 2176 1914 2210 dijudi~

1115 2225 1179 2244 cans
1200 2226 1295 2253 corpus
1320 2218 1436 2245 Domini.
1460 2219 1605 2254 Propterea
1622 2221 1692 2247 inter
1714 2229 1757 2248 vos
1773 2222 1853 2248 multi
1867 2224 1913 2250 in-

265 2263 296 2293 id
312 2270 363 2296 est,
379 2266 442 2301 quia
462 2267 588 2301 ieprosos
613 2272 638 2294 ct
660 2256 774 2295 seminis
802 2267 905 2294 ﬂuxum
924 2267 1061 2302 patientes
1077 2256 1099 2283 Ῑ)
1113 2265 1195 2299 ﬁrmi,
1210 2270 1234 2292 et
1248 2266 1398 2298 imbecilles,
1417 2271 1442 2293 et
1460 2267 1596 2294 dormiunt
1615 2267 1735 2300 multi",
1754 2268 1780 2295 id
1795 2273 1839 2296 est
1851 2277 1912 2296 mo-

268 2312 414 2340 sensibiles
431 2312 575 2348 “legislator
592 2321 646 2340 non
665 2313 850 2346 abominetur,
867 2320 957 2347 neque
985 2312 1060 2339 enim

267 2358 433 2391 voluntarie,
461 2359 509 2386 sed
538 2359 617 2386 inviti
644 2359 715 2386 hanc
736 2359 892 2394 passionem
912 2358 1060 2391 sustinent,

266 2405 314 2432 sed
347 2412 395 2432 eos
423 2405 469 2440 qui
493 2405 613 2432 animam
645 2406 791 2440 leprosum,
823 2409 870 2432 aut
897 2405 998 2432 ﬂuxum
1014 2412 1059 2432 se-

262 2451 348 2477 minis
363 2452 513 2486 patientem
529 2452 643 2479 babent.
661 2451 809 2487 Propterea
827 2452 942 2479 dicens:

303 2495 440 2530 Leprosus,
456 2501 481 2523 et
497 2498 599 2532 [luxum
610 2497 717 2524 seminis
731 2498 845 2531 patiens.
863 2507 916 2526 non
928 2506 1056 2533 vescetur,

265 2542 346 2568 donec
361 2548 480 2571 sanetur.
497 2543 640 2576 Quomodo
657 2548 796 2578 oporteret
809 2545 861 2572 hoc
875 2545 999 2582 intelligi,
1017 2547 1059 2574 in-

266 2593 420 2622 terpretans
439 2589 561 2616 addidit:
584 2589 636 2622 Qui
656 2591 769 2624 tetigerit
790 2591 957 2619 immundum
979 2601 1058 2627 super

258 2640 409 2667 mortuum,
422 2635 479 2662 sive
489 2635 639 2663 secundum
648 2635 733 2669 LXX,
743 2645 846 2663 onlnem
858 2637 1058 2666 immunditiam

263 2680 380 2711 animo;
403 2681 693 2709 immunditiae'autem
713 2683 824 2714 animai,
846 2688 958 2718 peccata
979 2692 1055 2718 sunt,

264 2733 379 2760 quarum
409 2725 532 2760 qua-dam
568 2725 682 2760 Ieprosze
711 2731 786 2759 sunt,
813 2728 937 2762 qumdam
952 2728 1055 2756 ﬂuxum

264 2769 539 2806 seminispatientes,
564 2770 635 2797 sicut
650 2778 664 2797 a
681 2772 772 2804 nobis,
789 2773 815 2799 in
831 2773 874 2800 bis
887 2781 948 2808 qua:
965 2774 999 2801 de
1018 2775 1056 2803 lc-

299 2877 321 2892 "
335 2875 380 2904 Ps.
397 2885 432 2909 vl,
445 2876 471 2904 6-
510 2877 532 2893 ⁷⁸
542 2877 585 2905 l‘s.
602 2878 712 2907 xxtx.6.
751 2878 771 2894 "
788 2878 914 2910 loan.vt.
931 2879 974 2907 δέ.

262 2911 287 2928 ⁷⁸
300 2912 383 2940 lCur.
395 2921 434 2947 xu,
454 2912 500 2946 29,
513 2914 556 2940 50.
595 2915 615 2930 ⁷⁷
631 2914 727 2941 Matth.
741 2921 807 2946 xxn,
825 2915 868 2946 it,
884 2915 926 2942 12.

1014 2881 1035 2896 "
1050 2881 1115 2909 ibid.
1135 2881 1179 2909 5|.

1115 2311 1234 2338 riuntur.
1259 2311 1417 2339 Secundum
1444 2312 1497 2340 hoc
1523 2312 1606 2348 igitur
1630 2314 1747 2341 verbum
1766 2314 1913 2350 legislator

1114 2357 1227 2386 sancivit
1248 2367 1254 2385 :

1150 2404 1303 2430 Custodient
1316 2410 1447 2439 praecepta
1468 2414 1537 2437 mea,
1557 2411 1585 2432 ut
1601 2414 1653 2433 non
1673 2406 1831 2441 subiaceant
1846 2416 1911 2442 pec-

1114 2455 1173 2478 cato
1186 2455 1211 2478 et
1235 2452 1386 2479 moriantur
1406 2461 1453 2487 per
1469 2461 1512 2479 ea.
1538 2453 1572 2480 Et
1597 2461 1660 2487 quae
1677 2457 1719 2480 est
1733 2461 1829 2486 causa,
1846 2463 1909 2490 qua:

1115 2497 1198 2525 infert
1213 2503 1328 2526 mortem
1340 2499 1352 2526 ?
1366 2499 1435 2526 Cum
1449 2499 1598 2535 polluerint
1612 2500 1689 2527 illud.
1711 2500 1817 2534 Iniuria
1831 2502 1909 2528 enim

1114 2543 1263 2571 sanctuarii
1286 2548 1314 2572 et
1328 2544 1444 2579 pollutio
1466 2549 1519 2578 est,
1536 2545 1678 2572 surdidum
1698 2546 1858 2581 quempiam
1873 2547 1908 2573 ad

1113 2591 1214 2618 munda
1236 2591 1377 2619 accedere.
1401 2591 1480 2619 Unde
1505 2599 1567 2619 cum
1587 2592 1720 2627 quosdam
1743 2593 1778 2620 de
1797 2593 1852 2620 viis
1875 2601 1909 2620 ac

1113 2636 1224 2670 sepibus
1246 2637 1279 2664 ad
1302 2637 1424 2672 nuptias,
1447 2646 1509 2672 quas
1531 2638 1559 2665 in
1587 2638 1744 2674 evangelica
1775 2639 1908 2673 parabola

1111 2681 1191 2710 dicta:
1203 2687 1279 2714 sunt.
1296 2688 1486 2715 convocassut,
1508 2684 1652 2712 inveniens
1667 2685 1828 2720 quempiam
1845 2692 1907 2712 sor-

1111 2728 1174 2755 dida
1191 2729 1319 2757 vestitum
1341 2730 1421 2764 stola,
1447 2731 1474 2757 in
1494 2738 1572 2758 cmua
1590 2731 1707 2766 nuptiali
1729 2731 1908 2759 discumben-

1112 2780 1166 2802 tem
1198 2777 1325 2812 expellit,
1344 2782 1371 2804 et
1396 2777 1423 2804 in
1448 2778 1576 2806 tenebras
1604 2778 1702 2814 projici
1732 2777 1904 2812 prwcepit".

1473 2882 1628 2910 7‘ibidﬁlﬂ.
1667 2880 1712 2907 "l
1740 2879 1814 2908 Petr.
1833 2880 1896 2915 ",9.

1219 2881 1242 2898 ⁷⁸
1257 2881 1320 2910 Cor.
1338 2890 1376 2915 xi,
1389 2882 1434 2909 27.
