2056 3148
177 186 245 219 [0'39

748 195 790 226 IN
806 197 1024 228 LEVlTlCUM.
1041 211 1075 215 —
1095 199 1167 230 LIB.
1183 201 1232 230 VI.

1734 210 1800 244 1070

174 245 255 280 Atqui
269 253 367 274 omnes
385 252 540 282 peccatores
555 254 644 284 erant,
659 252 705 287 qui
719 252 826 281 invitati
841 259 915 285 sunt,
934 258 962 281 et
978 259 999 285 Α
1049 254 1129 283 Vsus.
1155 257 1199 284 ll.
1226 267 1235 283 ι
1259 257 1343 291 Quem
1375 265 1465 288 autem
1489 263 1616 292 sacerdos
1638 268 1746 301 emerit,
1771 277 1800 298 et

174 296 320 325 propterea
348 293 383 320 de
398 293 450 321 viis
465 299 493 321 et
506 295 539 322 de
552 297 665 330 sepibus
677 298 766 334 colligi
781 299 958 327 dicebantur:

172 337 218 363 sed
234 344 297 364 cum
315 339 409 365 mutati
424 340 509 373 prius,
524 345 553 367 ct
565 349 678 376 peccato
693 351 743 378 per
767 345 959 379 ptenitentiam

172 383 334 416 semetipsos
347 385 541 418 exspoliantes,
555 391 619 413 tunc
631 388 666 415 de
682 396 760 416 creua
767 390 957 418 comederunt.

172 426 221 453 llic
232 433 325 455 autem
340 429 450 456 sordida
464 431 556 458 adhuc
570 432 684 460 indutus
698 435 800 468 peccati
814 435 957 468 stola,non

171 474 343 507 exspoliatus
362 482 413 501 nec
436 481 631 511 commutatus,
651 479 755 514 ingredi
779 480 806 508 in
821 486 915 509 sancta
931 487 959 509 et

171 519 272 545 ntunda
283 521 463 555 prtesumpsiL
476 521 590 549 Multum
601 531 666 558 ergo
685 526 835 553 secundum
851 531 958 562 tempus

169 562 223 589 hoc
236 563 288 599 legi
305 565 442 599 adjectum
458 572 516 595 est:

205 607 261 643 Ego
280 609 405 638 Dominus
419 611 612 648 qui'iancti/ico
634 615 702 642 illos.
719 615 748 643 Id
763 621 814 651 est,
830 618 876 652 qui
891 627 957 653 pec-

169 657 276 681 catores
297 661 416 683 mutatos
438 657 578 686 duntaxat
593 660 622 686 in
645 660 808 689 Sanctorum
832 671 956 692 commu-

168 699 250 726 nione
281 700 400 733 recipio:
426 710 537 730 eversor
562 709 655 732 autem
675 707 784 740 quando
810 708 906 742 polluti
929 715 957 737 et

167 744 253 778 iniqui
271 751 444 780 permanent.

203 790 283 818 Vnus.
301 792 344 819 10,
370 802 379 818 ι
398 793 493 821 Omnis
515 795 672 831 alienigena
694 804 750 824 non
774 799 900 827 comedet
921 800 955 828 de

166 837 352 864 sanctiﬁcatis.
367 838 520 873 Inquiliuus
531 842 695 880 sacerdotis,
717 848 745 870 et
759 846 953 880 mercenarius,

165 888 220 908 non
239 888 386 910 vesceutur
396 885 447 912 eis.
467 895 476 911 ι

1009 301 1056 335 qui
1069 303 1231 331 vernaculus
1250 304 1348 332 domus
1368 306 1429 341 ejus
1443 307 1536 342 fuerit,
1554 310 1581 337 hi
1600 314 1747 343 comedent
1763 324 1797 344 ex

1009 346 1058 373 eis.
1077 356 1086 372 ι

1043 391 1112 425 Quia
1134 394 1311 430 alienigenas,
1336 397 1437 433 impios
1449 400 1577 430 videlicet
1589 408 1616 430 et
1629 404 1764 438 inﬁdeles,
1779 417 1794 435 a

1007 438 1216 473 participatione
1233 441 1388 470 divinorum
1415 445 1565 480 prohibuit,
1591 451 1712 478 ostendit
1729 453 1793 487 quia
1839 451 1841 454 ⁴

1007 487 1035 510 et
1046 483 1074 510 hi
1088 484 1110 511 si
1131 491 1272 514 mutentur
1283 488 1317 515 ab
1331 496 1438 522 errore,
1460 495 1487 518 et
1501 493 1535 520 ad
1551 494 1691 524 Christum
1717 483 1796 527 acee-
1834 497 1837 499 ’

1006 528 1081 560 dant,
1096 532 1231 564 permittit
1250 540 1311 567 qua:
1335 540 1429 562 sancta
1447 542 1520 565 sunt.
1539 538 1624 567 Nemo
1637 543 1711 570 enim
1727 545 1795 572 alie-

1006 573 1106 607 nigena
1122 583 1171 609 per
1187 581 1312 604 naturam
1325 583 1376 611 est,
1393 580 1441 607 sed
1464 582 1603 611 voluntate
1614 586 1723 620 quidam
1742 589 1794 617 sibi

1005 618 1160 647 asciverunt
1184 621 1377 651 alienationem
1393 632 1407 651 a
1420 625 1486 654 Deo.
1512 627 1651 664 Quotquot
1676 641 1740 668 ergo
1760 644 1794 663 ex

1006 663 1048 691 his
1063 665 1241 701 intelligibilis
1262 670 1394 696 sacerdos
1410 663 1532 705 possidet
1546 663 1695 709 emptitios,
1707 663 1737 706 id
1751 686 1796 708 est

1005 713 1139 744 quotquot
1159 711 1225 738 emit
1248 720 1298 746 per
1321 715 1504 750 evangelicam
1522 718 1674 748 doctrinam
1694 728 1795 759 etgra-

1005 754 1081 782 tiam.
1097 755 1160 784 Haec
1175 762 1216 784 est
1232 759 1305 786 enim
1322 759 1428 788 Domini
1440 764 1606 798 conquisitio
1620 772 1646 794 et
1659 769 1791 798 acerbum

1004 805 1145 835 argentum
1173 808 1232 830 est:
1259 805 1403 840 Argentum
1420 808 1480 842 igne
1505 812 1689 840 examinatum
1714 819 1792 843 terrrr

1003 848 1183 881 purgatum“,
1205 850 1321 879 redemit
1336 857 1427 880 autem
1445 862 1502 886 eos,
1521 857 1567 891 qui
1582 858 1606 885 ei
1627 858 1717 884 Volunt
1734 865 1792 885 scr-

1003 892 1070 919 vire.
1098 893 1155 920 Alio
1174 900 1263 922 autent
1280 897 1362 929 nulla,
1389 899 1460 927 sicut
1483 901 1580 930 Petrus
1610 904 1688 939 dixit,
1698 907 1783 941 pretio

200 926 390 956 Necessarium
417 930 468 957 hoc
485 932 643 960 mandatum
671 940 722 966 est,
746 943 781 962 ne
796 936 866 964 forte
888 938 954 972 adji-
970 928 990 956 Β
1005 937 1085 970 empti
1098 939 1169 970 εδιῐδ,
1186 940 1265 967 nolite
1279 941 1337 975 ﬁeri
1350 944 1418 970 servi
1431 945 1604 975 hominum".

165 979 228 999 cere
243 973 370 1001 omnibus
395 975 564 1010 inlidelibus,
582 983 609 1005 et
622 979 713 1014 impiis
726 988 848 1009 mensam
870 984 953 1018 spiri-

165 1017 246 1044 talem
259 1024 401 1052 putemus:
416 1027 466 1047 nec
481 1022 544 1056 quia
558 1023 620 1050 vita:
633 1025 710 1058 panis
727 1027 883 1061 mysterium
897 1028 952 1056 Do-

163 1063 295 1090 miuieum
307 1064 415 1098 dicitur,
427 1071 572 1101 propterea
584 1074 711 1103 oportere
723 1071 863 1106 percipere
875 1073 951 1101 illum

163 1109 245 1136 etiam
265 1117 321 1142 eos,
337 1111 383 1145 qui
396 1112 485 1139 adhuc
496 1121 512 1140 a
524 1113 576 1140 ﬁde
591 1115 673 1141 alieni
687 1121 761 1148 sunt,
774 1118 950 1147 arbitremur.

162 1154 329 1190 Alienigena:
355 1164 420 1192 ergo
445 1163 511 1186 sunt
538 1167 634 1188 omnes
661 1161 708 1196 qui
729 1161 775 1189 Dei
791 1163 877 1197 legem
894 1173 949 1192 non

161 1200 327 1234 suscipiunt,
350 1209 401 1229 nec
430 1204 595 1239 evangelicae
621 1207 770 1242 participes
796 1209 950 1237 elliciuntur

161 1246 264 1280 gratite.
281 1246 355 1274 Nihil
369 1248 442 1274 enim
467 1249 493 1275 hi
510 1251 665 1283 proximum
681 1252 804 1281 aﬂinitati
822 1254 882 1288 Dei,
900 1264 949 1283 ne-

160 1298 213 1325 que
227 1297 372 1326 cognatum
397 1294 520 1322 scientia:
539 1296 600 1331 ejus
618 1297 652 1324 de
666 1305 699 1325 eo
715 1298 866 1334 intelligere
881 1309 947 1335 pos-

160 1341 244 1363 sunt:
261 1337 333 1364 unde
356 1342 383 1364 et
396 1338 566 1374 alienigenae,
593 1341 664 1369 sicut
686 1343 764 1377 quia
777 1345 947 1374 daemonibus

159 1382 339 1414 seducuntur,
362 1390 389 1411 et
404 1386 594 1420 cognationem
616 1396 710 1416 eorum
729 1391 947 1426 amplectuntur,

160 1427 187 1453 hi
200 1428 273 1454 enim
291 1436 306 1455 a
321 1430 410 1461 nobis,
423 1435 449 1457 et
462 1439 476 1457 a
495 1431 549 1459 Deo
567 1433 649 1460 alieni
664 1439 740 1467 sunt,
755 1441 830 1463 recte
850 1438 946 1472 appel-

158 1471 259 1503 lantur.
287 1474 321 1501 de
349 1475 446 1509 quibus
475 1477 559 1504 David
583 1479 736 1512 psallebat:
760 1481 840 1516 Eripe
854 1471 904 1516 me,
919 1487 945 1510 et

158 1518 240 1546 libera
258 1528 299 1547 me
317 1521 349 1547 de
366 1529 446 1548 manu
471 1523 588 1557 ﬁliorum
615 1525 773 1560 alienorum,
788 1536 898 1563 quorum
916 1538 944 1556 as

158 1563 274 1590 locutum
290 1569 327 1592 est
349 1567 494 1594 vanitatem
502 1568 536 1595 ⁷⁸.
562 1569 613 1602 Qui
627 1575 718 1599 autem
734 1573 882 1608 loquuntur
896 1583 944 1602 va-

157 1609 282 1642 nitatem,
297 1612 413 1639 maxime
428 1619 596 1647 paganorum
609 1615 666 1648 ﬁlii,
683 1617 728 1651 qui
744 1622 882 1647 terrenam
899 1629 944 1648 sa—

157 1655 299 1689 pientiam,
316 1662 343 1684 et
363 1658 518 1693 animalem,
544 1665 571 1688 et
593 1661 767 1696 diabolicam,
789 1667 942 1694 secundum

156 1701 227 1734 quod
240 1701 278 1728 ait
293 1701 421 1735 Iacobus,
437 1704 582 1732 habent".
592 1707 660 1734 Cum
681 1709 724 1736 his
738 1709 855 1739 dicimus
873 1713 942 1740 alie-

156 1746 293 1781 nigenam,
308 1748 354 1782 qui
368 1757 429 1783 qua:
441 1750 529 1778 aliena
550 1758 614 1780 sunt
628 1761 643 1780 a
657 1754 788 1790 dignitate
803 1760 939 1794 mysterii,

155 1791 189 1817 de
204 1799 237 1818 eo
264 1792 441 1828 intelligunt:
466 1797 695 1830 quemadmodum
711 1801 745 1828 ad
758 1791 849 1830 cibum
865 1812 941 1832 com-

155 1845 275 1870 munem,
291 1839 327 1866 ita
339 1841 373 1867 ad
393 1841 514 1869 divinum
528 1845 673 1878 accedunt,
692 1851 720 1874 et
733 1850 882 1877 carnaliter
897 1852 940 1879 di-

154 1882 216 1908 vina
235 1887 263 1909 et
292 1885 413 1912 cmlestia
441 1887 631 1922 conspiciunt:
658 1896 733 1920 recte
755 1901 819 1929 ergo
838 1896 873 1922 ab
897 1897 940 1924 his

153 1927 233 1954 etiam
253 1929 311 1956 talis
327 1931 497 1964 prohibetur.
516 1933 665 1968 lnquilinus
680 1941 771 1964 autem
788 1927 939 1969 sacerdotis

152 1976 203 2004 est,
217 1973 263 2006 qui
278 1981 332 2000 non
345 1983 413 2008 pure
430 1976 459 2003 in
482 1977 542 2011 ejus
557 1979 645 2005 aulam
666 1980 831 2014 ingreditur,
848 1990 938 2017 neque

154 2019 333 2045 reverentiam
356 2020 465 2055 dignam
490 2022 515 2048 ei
540 2023 653 2056 pra-bet,
683 2029 731 2051 aut
755 2025 936 2061 diligentiam.

152 2062 387 2095 Quemadmodum
402 2067 486 2093 enim
503 2068 653 2103 inquilinus
676 2071 847 2100 solummodo
859 2082 936 2101 suain

150 2109 205 2143 agit
220 2109 375 2142 utilitatem,
393 2116 421 2138 et
444 2120 494 2146 per
511 2113 630 2148 singulos
643 2114 702 2143 dies
721 2122 862 2151 exspectat
884 2120 936 2146 mi-

150 2155 234 2188 grari,
254 2163 310 2182 non
338 2162 428 2184 autem
450 2158 569 2192 pertinet
587 2160 611 2187 ei
629 2161 650 2188 si
665 2161 728 2195 jura
755 2163 852 2191 domus
875 2166 936 2200 qui-

150 2200 212 2226 dam
238 2201 368 2235 diripiant
384 2208 431 2230 aut
449 2204 622 2238 subtraham,
642 2207 683 2234 sic
700 2213 763 2236 sunt
787 2210 825 2242 hi,
841 2211 887 2245 qui
906 2212 934 2238 in

148 2244 240 2271 divina
257 2246 318 2273 aula
338 2253 450 2281 propter
461 2257 525 2275 suas
547 2250 689 2283 utilitates,
710 2253 803 2288 gloriae
818 2244 933 2283 forsitan
951 2259 972 2285 ι)

149 2295 195 2317 aut
220 2297 341 2325 quaestus
361 2294 548 2328 pecuniarum,
570 2301 617 2324 aut
638 2297 751 2325 alterius
772 2299 932 2335 hujusmodi

148 2337 305 2367 ministrant
318 2346 409 2372 causa,
422 2348 495 2368 nunc
510 2346 600 2369 autem
610 2343 776 2378 diligentiam
788 2347 932 2380 exhibent,

147 2389 183 2407 ne
197 2383 259 2416 quis
277 2390 371 2410 eorum
390 2392 546 2420 corrumpat
568 2388 702 2421 ordinent,
722 2398 756 2417 ne
779 2392 841 2425 quis
862 2394 933 2421 male

147 2426 247 2454 divinis
266 2429 334 2455 aulis
357 2435 384 2456 et
412 2431 504 2465 inique
521 2436 621 2459 utatur.
638 2433 695 2461 Hoc
708 2435 798 2470 ipsum
817 2442 845 2465 et
857 2447 932 2466 nter-

146 2474 287 2500 cenarium
314 2474 439 2508 dicimus,
456 2477 489 2503 de
509 2485 563 2512 quo
579 2478 645 2506 dicit
660 2480 790 2509 Dominus
807 2491 814 2509 :
830 2486 930 2512 Men-e-

145 2519 250 2549 narius,
267 2524 290 2545 et
308 2521 353 2554 qui
376 2529 426 2547 non
452 2527 489 2549 est
507 2529 606 2557 pastor,
637 2526 712 2559 cujus
733 2535 856 2556 uoluunt
873 2538 930 2557 oves

144 2563 268 2597 propriae,
288 2565 354 2591 videt
369 2565 458 2601 lupum
479 2568 632 2603 venientem,
650 2576 674 2597 et
690 2572 799 2599 dimittit
819 2582 888 2608 oues,
904 2580 929 2603 et

145 2608 221 2642 lupus
249 2610 373 2646 dispergit
401 2621 456 2644 eas,
485 2615 547 2649 quia
578 2618 754 2644 mercenarius
773 2625 821 2652 est,
837 2625 861 2647 et
877 2629 928 2647 non

143 2657 255 2688 pertinet
269 2658 293 2683 ei
306 2658 338 2684 de
351 2659 478 2687 auibus“.
494 2661 549 2688 Hos
573 2667 646 2690 recte
660 2671 674 2690 a
692 2669 848 2694 sanctorqu
863 2675 927 2702 pro-

143 2701 219 2730 hibet
234 2704 428 2738 perceptione:
452 2714 539 2742 neque
554 2708 627 2736 enim
647 2715 712 2737 sunt
725 2711 799 2747 digni
815 2701 928 2748 partici-

142 2748 201 2781 pari
225 2749 276 2781 eis,
307 2757 368 2784 quae
394 2751 438 2779 vel
463 2752 608 2787 desidiose,
624 2756 667 2783 vel
687 2763 799 2792 propter
827 2759 928 2794 aliquid

141 2795 316 2822 commodum
331 2801 425 2832 agunt.

184 2861 207 2878 "'
222 2862 268 2890 Ps.
284 2871 376 2896 cxttu,
389 2867 414 2894 8.

468 2868 490 2884 "
504 2869 597 2898 Jacob.
614 2879 654 2904 tu,
673 2873 717 2901 19.

142 2896 237 2926 chtr.
255 2900 328 2932 ι,18.

380 2902 402 2918 ’³
417 2902 494 2931 Cant.
507 2912 526 2937 ι,
542 2906 569 2932 2.

769 2874 882 2903 “Joan.
900 2885 933 2910 ι,
953 2878 986 2905 12
999 2899 1006 2912 ,
1036 2881 1079 2907 i5.

1039 981 1091 1009 Sed
1104 989 1128 1009 et
1143 986 1277 1012 vernaculi
1293 988 1360 1021 ejus.
1377 988 1403 1016 ld
1423 995 1474 1023 est,
1492 992 1537 1026 qui
1551 993 1578 1019 in
1594 993 1647 1020 ﬁde
1662 995 1723 1029 ejus
1738 1005 1789 1024 nu-

1002 1026 1069 1058 triti,
1077 1032 1105 1056 et
1116 1028 1512 1066 inintelligibilidomo,Christi
1522 1037 1648 1066 videlicet
1659 1026 1789 1075 Ecclesia,

1004 1072 1111 1100 educati
1130 1080 1195 1102 sunt
1215 1084 1263 1111 per
1279 1084 1423 1112 parentum
1445 1080 1537 1109 ﬁdem.
1557 1083 1588 1109 lli
1610 1084 1645 1112 de
1669 1072 1788 1120 panibus

1000 1119 1059 1152 eius
1070 1121 1190 1155 mysticis
1205 1127 1231 1149 et
1248 1124 1447 1153 viviticantibds
1463 1129 1620 1156 comedent.

1037 1163 1117 1197 Vens,
1136 1167 1179 1193 12.
1201 1177 1209 1192 ι
1231 1168 1259 1194 Si
1275 1169 1328 1196 ﬁlia
1344 1172 1494 1200 sacerdotis
1510 1173 1624 1202 cuilibet
1642 1185 1673 1203 ex
1686 1179 1788 1213 populo

1000 1213 1082 1244 nupta
1095 1210 1187 1244 fuerit,
1200 1212 1233 1239 de
1248 1214 1290 1241 his
1303 1223 1364 1249 qua:
1381 1217 1551 1247 sanctiﬁcata
1566 1225 1630 1248 sunt
1644 1210 1787 1257 deprimi-

999 1255 1044 1282 tiis
1056 1264 1110 1283 non
1127 1263 1264 1286 vescetur.
1289 1259 1338 1288 Sin
1358 1266 1450 1290 autem
1476 1265 1557 1292 vidua
1575 1267 1617 1294 vel
1643 1269 1786 1303 repudiata

997 1301 1100 1336 absque
1115 1303 1208 1331 liberis
1223 1313 1331 1333 reversa
1353 1308 1437 1336 fuerit
1457 1310 1491 1338 ad
1502 1311 1612 1340 domum
1624 1301 1717 1348 'patris
1729 1317 1785 1348 sui,

996 1347 1068 1374 sicut
1081 1349 1169 1383 puella
1197 1357 1386 1385 consueverat,
1414 1355 1503 1383 aletur
1531 1358 1601 1386 cibis
1627 1361 1713 1395 patris
1729 1363 1782 1390 sui.

996 1391 1092 1421 Omnis
1111 1395 1263 1432 alienigena
1287 1401 1448 1428 comedendi
1462 1410 1496 1430 ex
1516 1404 1557 1432 eis
1570 1391 1723 1435 non-habet
1734 1417 1784 1444 po-

996 1442 1133 1466 testatem.
1150 1450 1160 1466 ι

1031 1483 1107 1516 Quod
1121 1490 1213 1514 autem
1240 1493 1333 1516 nostra
1348 1492 1489 1521 translatio
1503 1494 1586 1523 habet
1602 1505 1609 1523 :
1625 1497 1654 1524 Si
1667 1498 1725 1533 ﬁlia
1738 1508 1783 1528 sa-

995 1530 1106 1557 cerdotis
1120 1532 1229 1560 cuilibet
1241 1543 1272 1561 ea:
1283 1537 1381 1570 popqu
1393 1543 1473 1572 nupta
1489 1540 1578 1574 fuerit,
1597 1530 1672 1571 LXX‘
1680 1545 1780 1575 edunt:

995 1574 1031 1601 Et
1046 1576 1104 1610 ﬁlia
1125 1580 1266 1607 sacerdotis
1291 1587 1372 1616 nupta
1397 1584 1475 1619 fuerit
1491 1586 1590 1614 homini
1615 1590 1781 1627 alienigena.

994 1621 1054 1648 Non
1077 1624 1156 1651 nobis
1182 1625 1281 1654 suﬁicit
1309 1627 1337 1655 in
1355 1628 1407 1657 ﬁde
1429 1632 1529 1659 nutriri
1557 1634 1670 1668 (lhristi,
1688 1621 1736 1665 sed
1753 1645 1783 1667 et

993 1675 1165 1703 permanere,
1180 1676 1209 1698 et
1224 1679 1348 1701 crescere
1371 1674 1400 1702 in
1413 1683 1457 1708 ea,
1471 1681 1499 1705 et
1519 1680 1587 1706 nulli
1610 1681 1781 1718 alienigena—

993 1719 1064 1745 rum,
1080 1713 1106 1740 id
1121 1719 1174 1747 est,
1199 1716 1313 1745 alterius
1328 1726 1343 1746 a
1365 1719 1421 1748 Deo
1437 1721 1582 1757 dogmatis,
1604 1731 1651 1753 aut
1668 1713 1781 1757 alierius

992 1756 1069 1791 legis,
1084 1758 1126 1785 vel
1140 1760 1256 1788 actionis
1272 1763 1456 1792 commisceri.
1474 1756 1530 1794 Nec
1543 1769 1589 1803 qni
1609 1770 1643 1798 de
1657 1756 1781 1806 patribus

991 1810 1086 1832 sumus
1106 1805 1242 1840 ﬁdelibus,
1260 1808 1321 1837 ideo
1333 1810 1389 1844 jam
1408 1811 1436 1838 in
1453 1815 1555 1842 sanctis
1571 1805 1779 1852 praesumamus,

990 1850 1043 1877 nisi
1058 1850 1150 1879 ﬁdeles
1169 1854 1356 1887 persistamus.
1371 1856 1518 1892 Propterea
1530 1860 1585 1888 ﬁlia
1602 1850 1780 1899 intelligibilis

990 1896 1149 1930 sacerdotis,
1165 1898 1190 1925 id
1206 1903 1258 1931 est,
1279 1900 1372 1928 anima
1400 1903 1490 1931 omnis
1515 1912 1673 1940 regenerata
1695 1910 1778 1937 abeo

989 1947 1038 1974 per
1053 1941 1197 1976 baptisma,
1214 1944 1237 1970 si
1254 1945 1314 1971 viro
1340 1946 1502 1982 alienigena:
1517 1950 1664 1985 conjuncta
1683 1953 1776 1986 fuerit,

988 1993 1049 2020 quae
1064 1988 1097 2015 ad
1113 1989 1291 2025 alienigenas,
1307 1993 1383 2020 verbi
1399 1995 1625 2030 gratiaJudzeos,
1645 2007 1776 2035 paganos.

987 2036 1034 2058 aut
1050 2031 1192 2061 haereticos
1212 2037 1339 2069 pertinet,
1356 2045 1451 2072 agetis,
1468 2044 1495 2067 et
1507 2041 1666 2070 societatem
1679 2052 1775 2073 eorum

986 2077 1153 2111 amplectens
1179 2080 1307 2114 primitiis
1329 2085 1572 2119 sanctiﬁcatorum,
1597 2089 1624 2115 id
1640 2094 1693 2122 est,
1712 2099 1775 2119 cor-

986 2129 1053 2156 pore
1066 2124 1179 2158 mystico
1196 2133 1252 2153 non
1269 2133 1405 2157 vescetur.
1422 2131 1471 2158 Sin
1487 2140 1553 2160 vero
1574 2134 1626 2161 ﬁlia
1643 2138 1772 2165 sacerdo-

987 2168 1021 2195 tis
1035 2169 1131 2197 ell‘ecta
1147 2179 1195 2205 per
1208 2180 1267 2200 eam
1282 2181 1342 2208 qua:
1357 2176 1429 2203 dicta
1458 2184 1501 2206 est
1523 2183 1771 2218 regenerationem,

985 2214 1142 2250 alienigena:
1154 2218 1300 2252 conjuncta
1324 2220 1407 2248 fuerit
1428 2223 1584 2253 hazreticum
1599 2228 1662 2262 quid
1677 2237 1769 2265 agens,

988 2260 1029 2286 vel
1045 2260 1189 2290 Judaicum
1217 2265 1259 2291 vel
1279 2267 1401 2300 gentile:
1418 2274 1446 2296 et
1465 2271 1546 2299 vidua
1577 2260 1648 2301 facta
1675 2260 1769 2309 ltierit,

985 2305 1027 2332 vel
1043 2308 1192 2341 repudiata,
1208 2310 1363 2345 relinquens
1380 2321 1502 2343 errorem
1518 2318 1649 2354 funditus,
1661 2327 1690 2349 et
1702 2331 1770 2357 quo-

985 2350 1129 2379 dammodo
1142 2355 1276 2389 sepelieris
1290 2358 1375 2390 illum,
1393 2365 1421 2386 et
1436 2361 1470 2388 ab
1485 2362 1579 2397 iniquo
1596 2350 1769 2402 semetipsum
1800 2366 1816 2384 θ’

985 2396 1128 2426 absolvens
1141 2401 1347 2436 commixtione,
1373 2413 1482 2434 reversa
1506 2407 1637 2438 fuerit‘in
1656 2413 1767 2441 deruunt

985 2448 1060 2468 suam
1075 2447 1230 2479 paternam,
1255 2446 1281 2474 id
1303 2453 1354 2479 est,
1384 2449 1545 2484 Ecclesium,
1569 2459 1597 2482 et
1617 2459 1768 2487 secundum

982 2486 1153 2520 juventutem
1165 2497 1253 2524 suam,
1269 2492 1297 2519 in
1311 2496 1364 2528 qua
1380 2495 1513 2531 fervebat,
1530 2507 1592 2526 cum
1609 2503 1693 2530 sacris
1707 2505 1760 2540 dog

982 2532 1099 2560 matibus
1112 2534 1173 2562 ﬁdei
1199 2538 1382 2573 nutriebatur,
1394 2541 1577 2574 juvenescens
1609 2532 1766 2582 virtutibus,

982 2583 1011 2604 et
1024 2579 1117 2614 virago
1130 2581 1164 2608 ab
1180 2582 1232 2609 illis
1250 2585 1394 2619 appellata,
1413 2588 1447 2615 de
1476 2590 1577 2623 quibus
1593 2591 1639 2618 Dei
1655 2579 1767 2628 spiritus

981 2624 1014 2651 ad
1026 2626 1163 2654 Christum
1181 2627 1207 2654 in
1224 2629 1344 2659 Canticis
1371 2633 1496 2664 dicebat:
1515 2624 1678 2671 Unguentum
1707 2641 1768 2676 effu-

980 2678 1038 2697 sum
1052 2676 1088 2698 est
1104 2681 1197 2700 nomen
1207 2679 1290 2710 tuum,
1304 2684 1440 2713 propterea
1454 2682 1653 2712 adolescentqu
1667 2687 1767 2714 dilexe-

983 2722 1043 2743 runt
1056 2718 1121 2745 te":
1135 2719 1170 2746 de
1185 2722 1301 2754 panibus
1319 2725 1404 2758 patris
1418 2726 1471 2759 sui,
1494 2727 1519 2755 id
1537 2734 1589 2762 est,
1604 2732 1707 2760 Christi
1719 2741 1768 2761 co-

982 2764 1082 2791 medat.
1103 2765 1130 2792 Si
1157 2767 1230 2794 enim
1256 2774 1370 2797 matrem
1397 2772 1547 2802 Ecrlesiam
1578 2779 1766 2815 unusquisque

973 2815 1107 2844 nostrum,
1120 2817 1149 2838 et
1164 2817 1268 2846 patrem
1292 2815 1432 2845 Christum
1451 2819 1549 2853 habet,
1567 2824 1657 2851 omnis
1668 2825 1766 2854 alieni-

1128 2882 1149 2897 ⁸¹
1171 2883 1240 2911 Psal.
1255 2892 1294 2918 at,
1311 2886 1337 2913 7.
1389 2886 1504 2918 "lCor.
1522 2900 1558 2926 ri,
1575 2892 1624 2927 ‘20;
1650 2903 1698 2928 vn,
1714 2895 1764 2931 25;
