2056 3148
284 187 353 220 1071

885 187 1064 218 HESYCHII
1083 184 1317 216 PRESBYTERI

1844 185 1911 219 1072

285 255 353 283 gena
365 246 523 273 comedendi
533 254 565 273 ex
578 245 618 272 eis
627 253 681 272 nou
697 245 963 280 habetpotcstatem,
979 244 1003 271 id
1017 249 1068 276 est,
1088 248 1106 274 Α
1122 251 1172 278 per
1185 243 1246 277 ejus
1263 242 1403 274 virtutem,
1421 247 1448 270 et
1462 243 1596 278 prolatum
1612 243 1646 270 ab
1663 250 1697 270 eo
1709 243 1837 278 verbum,
1849 253 1910 279 qua:

284 293 332 328 qui
358 292 445 319 aliena
467 292 576 318 Christo
592 297 618 318 et
633 291 738 327 legibus
756 292 815 326 ejus
841 295 869 318 et
895 291 986 326 gloriae
1005 291 1070 325 agit.

285 339 349 372 Ejus
362 339 435 365 cuitu
450 338 493 364 lex
518 342 560 365 est
577 346 583 364 :
598 337 658 364 Non
679 337 776 364 dabitis
799 342 921 363 sanctum
951 337 1070 368 canibus,

283 394 365 420 neque
381 385 492 411 mittatis
508 383 670 418 margaritas
682 387 780 410 uestras
795 387 856 409 ante
871 382 1001 417 porcas”.

320 431 400 458 Vsus.
425 428 520 457 'H-lﬁ.
541 438 549 454 I
580 429 631 462 Qui
657 429 807 456 comederit
834 428 868 455 de
897 427 1073 455 sanctiﬁcatis

282 484 332 508 per
360 474 553 511 ignorantiam,
574 474 655 501 addet
678 474 801 508 quintam
830 478 935 509 partetn
961 469 1024 500 cum
1040 479 1073 500 eo

283 521 355 556 quod
376 521 495 548 comedit
520 525 547 547 et
568 520 643 547 dabit
662 520 796 547 sacerdoti
822 520 850 547 in
875 520 1072 552 sanetttarium,

282 575 334 595 nec
350 567 576 594 contamina’bunt
593 565 760 593 sanctiﬁcata
783 566 899 592 ﬁliorum
916 566 996 592 Israel
1013 573 1073 600 qua:

283 613 405 640 oil‘erunt
431 612 556 643 Domino,
584 619 619 638 ne
644 611 715 638 forte
732 611 885 638 sustineant
900 611 1072 646 iniquitatem

283 658 374 685 delicti
391 657 431 684 sui
444 665 505 684 cum
522 656 690 683 sanctiﬁcata
714 656 892 684 comederint.
910 656 966 692 Ego
980 656 1073 684 Domi-

283 712 336 731 nus
351 703 396 738 qui
413 702 554 730 sanctiﬁco
570 710 626 730 eos.
647 711 657 728 ›

321 749 420 776 Sancta
442 753 599 775 sanctorum
610 751 673 775 sunt
689 747 798 783 proprie
811 748 912 775 Christi
934 749 1072 784 mysteria,

284 795 346 830 quia
363 795 448 829 ipsius
465 798 506 821 est
523 801 632 828 corpus,
650 793 749 828 dequo
764 793 872 821 Gabriel
888 794 922 821 ad
940 794 1072 830 virginem

285 841 391 867 dicebat
404 849 410 866 :
424 839 538 874 Spin’tus
550 843 657 865 sanctus
678 839 841 873 superveniet
858 840 886 866 in
902 845 936 871 te,
952 844 975 866 et
989 840 1073 874 uirtus

284 886 413 913 Altissimi
439 885 604 912 obumbrabit
624 885 680 915 tibi,
704 885 762 911 ideo
780 886 848 920 quod
865 890 987 912 nascetur
1002 894 1034 912 ca:
1050 891 1074 913 te

1122 289 1261 322 videntur,
1291 292 1346 316 tam
1377 289 1543 316 sanctiﬁcata
1574 293 1647 321 sunt,
1668 297 1750 324 quam
1780 294 1910 317 cunctum

1122 335 1212 362 carnis
1232 336 1368 362 excedunt
1382 342 1505 362 sensum.
1529 334 1613 361 Reate
1629 342 1694 369 ergo
1709 335 1813 363 addidit
1833 343 1841 362 ι
1857 335 1912 362 Nec

1123 381 1340 407 contnminabunt
1358 381 1523 415 sanctiﬁcata
1537 380 1652 415 ﬁliorum
1665 379 1761 412 Israel,
1775 389 1834 416 qua:
1849 383 1913 416 θηε-

1123 431 1183 453 runt
1204 426 1327 458 Domino.
1355 435 1386 454 ne
1408 427 1475 460 forte
1499 427 1646 453 sustineant
1666 427 1834 462 iniquitatem
1859 429 1914 455 de-

1124 473 1179 500 licti
1196 474 1248 504 sui,
1268 479 1327 499 tum
1346 473 1512 507 sanctiﬁcata
1532 473 1698 501 romcderint.

1159 519 1211 552 Qui
1228 519 1301 546 enim
1319 518 1430 546 Christo
1448 514 1559 546 suarum
1581 519 1772 554 mysteriorum
1793 519 1916 546 sanctiﬁ-

1124 567 1259 593 cationem
1276 567 1422 601 imputant,
1438 571 1466 593 ct
1482 566 1615 594 addentes
1639 565 1815 601 sibimetipsis
1831 567 1914 601 quin-

1125 616 1178 639 tam
1200 619 1261 646 qua:
1286 612 1391 646 prolata
1408 615 1461 642 est.
1478 611 1607 639 videlicet
1621 612 1735 639 verbum
1752 612 1822 646 ejus,
1839 611 1914 646 quod

1125 662 1235 684 nostros
1256 658 1382 692 producit
1402 654 1501 684 sensus
1521 657 1553 684 ad
1573 655 1742 688 sublimiora.
1766 665 1820 684 non
1845 664 1914 684 con-

1126 704 1260 731 taminant
1282 708 1376 730 sancta
1397 708 1566 735 sanctorum,
1584 708 1679 738 utpote
1696 703 1785 738 qualia
1807 707 1918 738 oportet

1124 748 1158 775 de
1184 749 1224 775 eis
1252 748 1441 783 inlelligentis,
1467 748 1514 775 sed
1541 755 1593 774 nec
1622 747 1757 774 inducunt
1781 755 1864 782 super
1886 755 1918 774 se

1126 793 1296 828 iniquitatem
1318 793 1409 820 delicti
1436 793 1463 820 in
1487 792 1657 820 comedenda
1685 797 1778 819 sancta
1803 798 1918 820 sancto-

1126 848 1185 867 rum
1202 849 1208 866 :
1227 848 1277 867 nec
1292 840 1366 866 enim
1384 845 1411 866 ut
1427 839 1460 866 ad
1477 846 1651 866 communem
1667 839 1771 868 cibum.
1785 839 1831 866 sed
1844 838 1920 866 sicut

1126 887 1158 914 ad
1174 887 1330 921 mysticum,
1346 890 1374 912 et
1389 885 1510 913 terribile
1524 889 1552 912 ct
1564 885 1675 912 ewleste
1689 884 1823 912 accedunt
1840 890 1868 912 et
1880 885 1919 912 ad

284 936 403 959 ιαηιτιιιηι
417 931 562 964 vocabitur,
575 931 658 958 Filius
672 931 718 958 Dei
730 931 765 957 ⁸⁵.
782 931 872 958 Sedet
888 931 982 964 Isaias,
1004 930 1073 958 San-
1091 919 1110 946 Β
1125 940 1206 967 quem
1228 931 1273 965 qui
1298 935 1401 958 temere
1428 931 1571 962 accedunt,
1591 937 1646 956 non
1670 929 1830 964 simpliciter
1851 937 1920 964 pec-

285 983 344 1005 ctus
368 977 507 1009 Dominus,
525 980 553 1003 et
568 967 595 1003 iri
608 976 671 1004 altis
688 976 801 1009 habitat,
821 977 847 1003 in
865 977 925 1003 sinu
946 977 1074 1004 videlicet

285 1019 383 1050 Pati-is.
400 1022 441 1050 Ab
453 1023 506 1050 hoc
530 1023 604 1050 enim
617 1030 672 1049 non
690 1023 778 1049 solum
803 1023 971 1057 alienigenas
989 1027 1017 1050 et
1031 1023 1074 1049 in-

283 1065 460 1104 quilinos,'ct
488 1069 676 1096 mercenaries
702 1069 829 1096 sacriﬁcii
857 1069 1010 1104 prohibuit,
1026 1069 1073 1097 sed

283 1122 336 1142 nec
346 1122 394 1149 per
408 1113 587 1150 ignorantiam
605 1108 747 1149 percipere
763 1115 900 1148 praecepit.
922 1114 973 1142 Per
996 1115 1074 1150 igno-

283 1159 399 1186 rantiam
423 1163 513 1186 autem
529 1159 657 1193 percipit,
681 1159 727 1194 qui
743 1159 872 1186 virtutem
890 1161 950 1195 ejus
983 1165 1011 1187 et
1033 1160 1075 1187 di-

281 1206 415 1240 gnitatem
438 1205 554 1239 ignorat,
577 1205 624 1239 qui
641 1205 740 1238 nescit,
766 1206 829 1240 quia
853 1213 954 1240 corpus
981 1206 1033 1233 hoc
1047 1211 1075 1233 et

284 1251 394 1286 sanguis
404 1255 446 1277 est
460 1250 610 1277 secundum
625 1251 779 1284 veritatem,
796 1251 842 1278 sed
871 1252 997 1286 mysteria
1012 1252 1075 1287 qui-

283 1296 344 1323 dem
362 1296 487 1331 percipit,
506 1295 594 1322 nescit
612 1299 704 1323 autem
722 1298 912 1331 mysteriorum
930 1297 1074 1326 virtutem.

281 1342 322 1367 Ad
335 1349 417 1375 quem
435 1341 563 1368 Salomon
575 1341 642 1368 dicit
657 1342 698 1368 vel
711 1342 796 1378 magis
823 1342 947 1377 spiritus,
973 1344 1019 1378 qui
1047 1343 1073 1371 in

277 1394 316 1413 eo
333 1391 376 1413 est
391 1395 397 1412 :
410 1386 521 1418 Quando
540 1387 645 1420 sederis,
675 1392 702 1413 ut
720 1388 841 1414 comedas
859 1396 917 1414 cum
946 1389 1072 1424 principe,

275 1432 419 1467 »tliligenter
428 1433 534 1459 attende
553 1440 610 1467 qua:
630 1433 714 1467 posita
730 1425 791 1459 sunt
809 1437 871 1460 ante
892 1434 955 1461 te".
975 1434 1076 1469 Aperte

279 1483 309 1505 et
323 1478 380 1513 ipse
396 1479 576 1513 cotnpellens,
589 1483 617 1506 et
628 1486 729 1514 cogens
742 1487 816 1512 eum,
835 1480 882 1514 qui
898 1480 1006 1515 ignorat
1025 1481 1074 1507 ad-

280 1524 346 1550 dere
360 1523 483 1558 quintam
504 1525 609 1558 partem
624 1532 630 1550 :
649 1523 708 1550 haec
721 1524 796 1551 enim
817 1525 912 1559 quinta
927 1525 1018 1552 addita
1036 1526 1075 1552 iu-

1125 984 1197 1011 caut,
1214 978 1262 1005 sed
1282 977 1453 1012 iniquitatem
1475 976 1566 1004 delicti
1584 976 1626 1003 sui
1643 980 1753 1011 portare
1773 975 1917 1003 dicuntur.

1125 1022 1256 1051 DCllt'ltlll]
1276 1029 1366 1050 atttem
1384 1022 1493 1057 proprie
1513 1030 1527 1049 a
1553 1022 1709 1057 legislatore
1733 1022 1832 1049 dicitur
1851 1029 1920 1056 pec-

1125 1075 1226 1102 catum,
1240 1070 1312 1105 quod
1333 1070 1360 1096 in
1379 1069 1463 1096 Deum
1487 1068 1679 1100 committitur,
1699 1072 1726 1094 et
1745 1075 1776 1094 ea
1800 1074 1860 1102 qua:
1879 1067 1920 1094 ad

1125 1115 1178 1144 huc
1200 1116 1338 1151 pertinent
1353 1116 1379 1142 in
1395 1113 1549 1145 sacriﬁciis,
1567 1121 1627 1148 qua:
1650 1121 1702 1148 pro
1724 1111 1831 1140 delictis
1847 1113 1920 1140 οπρ-

1126 1166 1235 1194 rttntur,
1260 1161 1366 1196 pridelu
1395 1159 1576 1187 ostendimus.
1603 1159 1682 1186 Unde
1706 1163 1734 1185 et
1757 1167 1830 1185 nunc
1854 1167 1919 1186 cum

1125 1208 1240 1235 dixisset
1263 1216 1268 1234 :
1292 1205 1332 1234 Ne
1356 1207 1422 1242 forte
1450 1206 1595 1233 sustineant
1626 1202 1794 1240 iniquitatem
1828 1205 1920 1232 delicti

1125 1255 1166 1281 sui
1185 1264 1190 1280 :
1207 1258 1281 1280 recte
1307 1253 1429 1280 subdidit
1445 1262 1450 1279 :
1468 1252 1522 1287 Ego
1540 1252 1685 1284 Dominus,
1711 1253 1756 1287 qui
1782 1251 1920 1286 sanctiﬁco

1126 1307 1177 1326 eos.
1205 1298 1367 1330 Ostendens,
1384 1298 1446 1333 quia
1468 1298 1609 1328 delictum,
1627 1297 1654 1324 id
1680 1303 1722 1325 est
1742 1297 1867 1332 impietas
1889 1298 1919 1325 in

1126 1344 1224 1375 Deum,
1249 1343 1440 1376 iucotnpetens
1462 1346 1619 1369 sanctorum
1638 1341 1777 1376 perceptio
1794 1342 1921 1376 appella-

1127 1393 1180 1416 tur.
1195 1387 1294 1415 Tendit
1313 1388 1386 1414 cnim
1406 1388 1440 1414 ad
1456 1386 1548 1414 'lleum
1574 1384 1771 1414 sanctiﬁcaunn
1796 1395 1854 1419 eos.
1871 1389 1920 1423 qui

1126 1434 1207 1461 modo
1224 1442 1278 1468 quo
1293 1434 1410 1468 oportet,
1429 1441 1460 1460 ea
1483 1438 1605 1465 sumunt,
1619 1437 1646 1461 et
1661 1433 1708 1468 qui
1723 1432 1920 1461 sanctiﬁcatio-

1125 1481 1169 1508 nis
1195 1487 1288 1510 causa,
1310 1487 1364 1506 non
1392 1484 1482 1506 autem
1511 1479 1749 1506 contaminationis
1775 1480 1920 1514 proposuit

1126 1534 1205 1553 suum
1222 1525 1393 1561 niysterium.
1412 1524 1546 1552 Admirari
1568 1524 1758 1552 autem'nimis
1774 1525 1918 1561 legislatu-

282 1569 404 1604 telligere
422 1577 473 1596 nos
490 1569 699 1604 intelligibiliter
720 1570 812 1597 divina
824 1575 850 1597 et
863 1571 976 1606 mystica
993 1571 1068 1599 facit.
1082 1589 1106 1617 ιο
1126 1580 1184 1600 rem
1200 1572 1318 1607 oportet,
1337 1573 1398 1606 quia
1423 1571 1525 1606 ubique
1541 1571 1713 1599 districtione
1733 1580 1800 1600 usus
1820 1577 1873 1605 est,
1888 1578 1919 1600 et

281 1614 351 1645 Quid
363 1614 399 1640 sit
413 1618 503 1640 autem
517 1614 622 1648 quinta,
638 1614 696 1649 ipsa
707 1619 733 1641 te
747 1615 829 1642 verba
843 1615 1006 1650 legislatoris
1021 1616 1071 1643 do-

279 1666 343 1686 cere
358 1664 481 1693 possunt,
497 1660 536 1686 ait
547 1660 619 1686 enim
635 1668 642 1685 :
657 1657 740 1687 Addet
757 1661 878 1695 quintam
894 1666 996 1695 partem
1013 1662 1072 1689 cum

269 1713 311 1731 τρο
322 1705 390 1739 quod
405 1704 524 1731 comedit.
540 1705 572 1732 Et
590 1705 727 1738 quomodo
737 1705 796 1739 ejus
810 1706 883 1740 quod
901 1707 956 1741 jam
981 1715 1073 1734 come-

268 1750 323 1776 :dit
343 1754 372 1776 et
400 1750 580 1784 consumpsit,
603 1750 704 1777 addere
731 1751 792 1785 quis
813 1751 937 1785 quintam
961 1752 1073 1786 potest?

281 1802 370 1830 neque
385 1795 458 1822 cuitu
472 1795 544 1822 aliud
559 1800 610 1828 est,
625 1801 672 1823 aut
685 1797 815 1824 aliunde:
835 1797 883 1824 sed
907 1798 940 1825 de
957 1798 1033 1833 ipso,
1045 1804 1072 1827 et

266 1849 342 1868 --cum
369 1848 412 1872 eo,
439 1841 482 1868 vel
502 1842 573 1868 sicut
594 1841 677 1875 LXX,
699 1851 778 1878 super
803 1844 900 1878 ipstuu,
915 1845 993 1880 jubet
1008 1846 1070 1873 addi

276 1886 413 1921 quintam.
448 1887 518 1922 Ergo
542 1887 635 1922 quinta
669 1889 729 1923 ejus
746 1897 827 1924 super
854 1890 954 1925 ipsum,
981 1898 1071 1919 sermo

278 1936 331 1962 est,
350 1931 397 1965 qui
412 1930 536 1965 prolatus
551 1937 593 1960 est
610 1933 645 1960 ab
664 1934 724 1968 ipso
740 1935 860 1967 Christo,
877 1943 960 1971 super
977 1936 1070 1964 Domi-

279 1975 373 2002 nicum
391 1977 561 2011 mysterium.
581 1977 641 2012 Ipse
660 1979 734 2005 enim
756 1979 855 2007 liberat
877 1989 926 2008 nos
942 1982 975 2009 ab
991 1982 1070 2018 igno-

281 2022 378 2053 rantia,
394 2027 572 2058 removetqtte
594 2032 645 2051 nos
658 2025 785 2059 (additus,
804 2027 914 2054 carnale
930 2027 1068 2063 quippiam

279 2070 307 2093 et
322 2072 462 2094 terrenum
480 2068 513 2094 de
528 2070 632 2096 sanctis
661 2070 801 2102 arbitrari,
828 2072 876 2099 sed
888 2072 982 2100 divine
993 2081 1024 2100 ea
1043 2079 1069 2102 et

279 2112 438 2146 spiritaliter
460 2114 547 2150 accipi
569 2116 667 2147 sancit,
690 2117 762 2150 quod
780 2117 873 2151 quinta
893 2119 1002 2153 proprie
1017 2127 1067 2146 n0-

280 2159 417 2185 minatur:
433 2159 495 2193 quia
510 2160 555 2194 qui
570 2161 599 2187 in
619 2161 700 2188 nobis
717 2167 758 2189 est
772 2162 882 2190 divinus
897 2163 1026 2198 Spiritus.
1041 2170 1068 2192 ct

268 2211 369 2230 sermo
391 2212 472 2239 quem
493 2206 602 2233 tradidit
624 2207 669 2241 qui
686 2208 712 2234 in
730 2209 809 2235 nobis
836 2212 909 2241 sunt,
928 2211 1067 2245 componit

1126 1617 1299 1644 Dominieutn
1332 1615 1516 1644 ministerium
1555 1615 1729 1651 signiﬁcans,
1762 1618 1916 1644 secundum

1124 1662 1196 1690 LXX
1219 1662 1352 1689 duntaxat
1381 1656 1606 1695 translationem,
1630 1667 1787 1689 sanctorum
1814 1664 1916 1690 Sancta

1124 1708 1189 1736 illud
1205 1708 1360 1743 appellavit,
1379 1708 1441 1743 quia
1462 1707 1625 1735 sacriﬁcium
1642 1708 1736 1735 sancti
1754 1707 1915 1735 sanctorn'ui

1123 1758 1175 1781 est.
1196 1754 1278 1781 Israel
1298 1759 1388 1781 autem
1406 1753 1510 1781 addens
1525 1753 1631 1781 ﬁdelem
1647 1754 1776 1789 populum
1796 1762 1845 1789 per
1861 1755 1916 1782 hoc

1123 1800 1295 1835 significavit,
1316 1800 1402 1827 id'est
1420 1807 1493 1831 eum,
1510 1800 1556 1834 qui
1574 1807 1622 1835 per
1637 1800 1778 1835 mysticum
1796 1800 1847 1826 hoc
1867 1807 1917 1826 sa—

1123 1847 1255 1874 criﬁcium
1274 1846 1358 1873 Deum
1377 1845 1460 1873 videt.
1485 1846 1518 1873 Et
1538 1849 1679 1880 propterea
1692 1846 1809 1880 proprie
1830 1846 1915 1873 Israel

1122 1893 1283 1928 appellatur.
1310 1890 1341 1919 lli
1367 1899 1536 1927 quaecunque
1558 1894 1721 1919 consecrant
1743 1888 1870 1920 Douzino.
1886 1892 1914 1919 id

1121 1945 1164 1967 est
1183 1944 1242 1975 qum
1258 1947 1290 1966 ex
1313 1939 1466 1974 semetipsis
1487 1939 1514 1965 in
1532 1939 1648 1970 Domini,
1665 1946 1726 1965 cum
1747 1938 1913 1966 sacriﬁcium

1110 1976 1251 2017 Ioll'erunt,
1269 1984 1367 2012 Sancta
1385 1989 1540 2011 sanctorum
1565 1984 1647 2016 ﬁunt;
1671 1991 1770 2018 corpus
1787 1984 1860 2011 enim
1879 1979 1914 2012 ex

1107 2033 1161 2059 ‘eis
1178 2031 1322 2059 conﬁcitur
1338 2030 1453 2062 Christi,
1468 2031 1524 2066 qui,
1541 2030 1602 2065 quia
1621 2030 1740 2065 primitia
1754 2035 1796 2057 est
1809 2035 1914 2058 nostra:

1121 2077 1342 2112 conspersionis,
1376 2079 1450 2103 recte
1486 2083 1517 2102 ex
1551 2075 1652 2102 nostris
1686 2074 1813 2108 primitiis
1843 2083 1914 2104 con-

1120 2124 1198 2151 stitit.

1155 2169 1235 2196 Vens.
1262 2167 1356 2195 l7-‘21.
1387 2177 1396 2194 ι
1424 2168 1542 2195 Locutus
1569 2166 1700 2195 Dominus
1727 2167 1759 2194 ad
1779 2164 1911 2202 Moysen,

1118 2214 1212 2243 dicens
1228 2224 1235 2242 :
1251 2215 1375 2249 Loquere
1394 2214 1427 2240 ad
1442 2210 1547 2245 ‘Aaron,
1565 2219 1591 2240 et
1606 2214 1638 2240 ad
1659 2214 1728 2240 ﬁlios
1743 2214 1811 2248 ejus.
1831 2219 1859 2241 et
1875 2215 1911 2241 ad

277 2255 387 2280 sensus,
402 2254 430 2276 et
444 2257 499 2276 non
511 2251 599 2278 solum
622 2256 747 2279 nostrum
761 2256 869 2288 gustum
880 2255 1017 2289 producit
1033 2257 1065 2283 ad
1082 2247 1104 2281 l)
1118 2260 1217 2286 ontncs‘
1227 2259 1296 2286 ﬁlios
1309 2259 1403 2289 Israel,
1413 2259 1544 2292 dicesque
1558 2258 1591 2285 ad
1606 2266 1653 2284 eos
1666 2266 1672 2284 :
1687 2257 1813 2285 llomode
1828 2259 1913 2286 domo

276 2295 448 2329 mysterium,
475 2296 522 2323 sed
536 2302 563 2324 et
576 2298 710 2330 auditum,
736 2303 763 2325 et
787 2299 884 2330 vis'um,
902 2305 928 2327 et
950 2301 1063 2334 tactum,

270 2345 305 2367 tet
316 2340 469 2372 odoratum,
486 2342 523 2369 ita
538 2347 569 2369 ut
583 2343 620 2369 nil
643 2343 669 2369 in
684 2344 723 2370 cis
739 2344 835 2371 minori
853 2346 962 2378 rationi,
977 2347 1004 2373 et
1020 2347 1064 2374 in-

270 2385 361 2413 .ﬁmue
378 2386 462 2414 menti
479 2388 643 2422 proximum,
663 2388 697 2415 de
711 2389 753 2416 his
768 2390 901 2422 videlieet,
916 2399 975 2425 qua:
987 2392 1064 2420 valde

275 2439 393 2465 superna
409 2437 484 2464 sunt,
500 2433 684 2468 suspicemur.
697 2434 861 2470 Quicunque
882 2437 1063 2471 ergo'sancti—

272 2477 353 2504 licata
375 2486 424 2513 per
434 2479 616 2514 ignorantiam
633 2481 798 2514 comederit,
823 2483 952 2518 ignorans
970 2484 1064 2512 eorum

274 2521 412 2554 virtutem,
433 2523 505 2551 sicut
521 2524 658 2553 diximus:

310 2567 393 2594 Addet
419 2570 537 2603 quintam
560 2571 617 2605 ejus
642 2580 720 2606 super
742 2581 780 2605 eo,
798 2578 821 2600 et
840 2574 912 2601 dalrit
935 2576 1065 2602 sacerdoti

272 2612 302 2640 in
323 2614 518 2641 sanctuarium.
539 2615 790 2646 Sanctiﬁcationem
806 2620 878 2646 enim
898 2621 1003 2655 mystici
1019 2629 1063 2649 sa-

272 2658 379 2691 criﬁcii,
400 2665 428 2686 et
455 2667 471 2687 a
495 2661 673 2689 sensibilibus
690 2664 722 2690 ad
741 2665 920 2700 intelliglbilia
947 2667 1063 2694 transla-

273 2703 393 2737 tionem,
417 2704 476 2732 sive
504 2708 763 2741 commutationem,
790 2710 814 2736 ei
844 2711 890 2745 qui
915 2711 996 2738 verus
1023 2717 1064 2739 cst

270 2751 410 2783 sacerdos,
438 2751 566 2779 videlicet
593 2753 713 2786 Christo,
740 2760 850 2790 oportet
876 2757 945 2789 dari,
971 2757 996 2785 id
1022 2762 1064 2785 est

269 2796 323 2832 ipsi
347 2797 382 2825 de
404 2797 445 2825 eis
464 2798 625 2825 miraculum
651 2800 748 2828 cedere
772 2807 801 2828 et
823 2801 958 2838 imputare
976 2813 981 2831 :
999 2804 1061 2839 quia

305 2880 330 2897 ⁸⁸
343 2885 436 2914 Matth.
451 2897 497 2921 vn,
514 2888 540 2916 6.
578 2889 600 2905 ⁸⁵
613 2889 676 2917 Luc.
693 2898 710 2923 ι,
727 2890 772 2918 52.
811 2891 832 2908 ⁸⁵
847 2893 928 2920 Prov.
945 2901 1005 2926 χιιι,
1027 2894 1049 2920 l.

1118 2304 1212 2336 Israel,
1232 2310 1258 2331 et
1275 2304 1308 2332 de
1331 2304 1454 2337 advenis,
1472 2304 1518 2339 qui
1540 2304 1664 2331 habitant
1689 2305 1760 2339 apud
1785 2313 1844 2337 vos,
1862 2305 1911 2340 qui

1118 2350 1249 2377 obtulerit
1273 2350 1439 2377 oblationem
1462 2357 1551 2382 suam,
1575 2350 1617 2377 vel
1640 2347 1702 2377 vota
1727 2348 1846 2381 solvens.
1866 2351 1911 2377 vel

1117 2401 1213 2431 sponte
1239 2396 1367 2428 oli‘erens.
1386 2396 1517 2431 quidquid
1541 2396 1606 2423 illud
1630 2396 1759 2424 obtulerit
1780 2395 1806 2423 in
1830 2397 1911 2423 holoc

1116 2446 1240 2469 caustum
1268 2442 1387 2472 Domini.
1407 2447 1438 2469 ut
1462 2442 1594 2469 olleratur
1617 2451 1666 2477 per
1687 2451 1745 2474 vos,
1769 2443 1911 2471 masculus

1115 2487 1304 2515 immaculatus
1319 2496 1351 2515 ex
1369 2487 1465 2520 bobus,
1483 2493 1511 2515 et
1529 2497 1562 2515 ex
1578 2489 1675 2516 Ovibus
1690 2493 1718 2515 et
1737 2497 1770 2516 ex
1792 2489 1883 2524 capris
1900 2499 1908 2516 :

1114 2534 1135 2560 si
1153 2534 1285 2560 maculam
1303 2533 1442 2567 habuerit,
1464 2543 1517 2562 non
1536 2534 1668 2567 oﬂ'eretis,
1689 2543 1778 2570 neque
1793 2536 1846 2563 erit
1862 2545 1910 2563 ac-

1113 2579 1257 2614 ceptaltile.
1283 2579 1369 2606 llonto
1392 2580 1437 2614 q'ui
1463 2580 1593 2607 obtulerit
1616 2577 1752 2607 \ictitnatn
1778 2582 1909 2615 paciﬁco—

1116 2632 1174 2650 rum
1191 2616 1317 2656 nomina,
1333 2625 1375 2651 vel
1391 2626 1457 2651 vota
1468 2625 1588 2656 solvens,
1604 2626 1647 2652 vel
1663 2631 1759 2660 sponte
1775 2625 1906 2657 ederetis,

1117 2675 1169 2697 tam
1184 2671 1217 2697 de
1236 2671 1324 2698 bobus
1344 2680 1424 2705 quam
1445 2671 1479 2698 de
1496 2670 1603 2702 ovibus,
1619 2670 1822 2699 immaculatum
1838 2674 1907 2699 otii--

1115 2720 1172 2748 ret,
1199 2722 1228 2743 ut
1255 2717 1420 2752 acceptabile
1445 2717 1489 2744 sit.
1516 2718 1611 2745 ()nntis
1638 2717 1742 2744 macula
1768 2726 1823 2745 non
1854 2721 1907 2745 erit

1115 2769 1141 2787 In
1159 2769 1201 2788 ΩΟ.
1223 2771 1232 2786 Ι

1150 2807 1208 2835 Non
1227 2809 1314 2837 solum
1331 2810 1486 2837 sacerdotes
1499 2817 1514 2837 a
1533 2809 1683 2844 pollutione
1701 2810 1817 2838 mundos
1832 2817 1904 2843 esse,
