2056 3148
157 190 225 224 1073

721 196 762 226 IN
778 195 999 227 LEVITICUM.
1018 207 1053 213 --
1070 196 1144 226 LIB.
1161 197 1210 226 Vl.

1730 197 1797 231 1-074

155 248 202 275 sed
216 251 246 275 et
259 247 422 286 oblationes,
438 257 498 286 qua;
514 257 528 277 a
543 251 645 286 populo
661 251 827 284 offeruntur,
843 260 948 288 prmee-
1001 251 1145 280 discimus.
1166 252 1357 291 Verumtamen
1373 258 1400 281 ct
1416 261 1494 282 ovem
1510 255 1668 296 sensibilem
1685 255 1708 283 si
1723 257 1796 284 ot't'e-

156 293 196 328 pit
210 294 219 319 ξ
235 298 266 320 ut
288 296 319 319 tu
342 300 502 328 cognoscas,
527 295 573 330 qui
600 303 630 323 es
652 295 738 324 ﬁdelis
764 296 830 330 Deo,
853 303 880 324 et
901 297 948 332 qui

155 338 257 366 oblatio
275 338 302 366 ei
322 347 372 375 per
398 340 591 371 holocaustum
619 342 796 379 intelligibilis
822 343 947 371 sacriﬁcii

155 385 244 421 factus
261 392 302 417 es,
318 386 383 423 quia
395 386 470 417 omni
487 387 637 421 pollutione
652 389 780 416 mundam
800 397 862 417 esse
881 397 949 422 con—

155 431 342 462 versationem
374 437 452 470 tuam
478 438 602 468 oportet,
637 439 665 462 et
697 435 856 470 impollutus
888 444 948 464 esse

156 477 385 515 quemadmodum
406 479 571 512 sacerdotes,
594 481 716 512 studeas,
732 481 795 517 quia
817 486 845 509 et
866 482 947 509 Chri-

156 526 226 555 stus,
241 530 302 559 qua
315 526 347 561 ut
359 528 472 563 agerent
488 526 614 560 apostoli,
627 527 765 562 pra-cepit.
783 527 846 555 llarc
858 527 948 555 omnia

156 576 203 599 eos
218 568 502 607 traderediscentibus
511 572 640 607 pra-cepit
654 573 790 608 gentibus,
803 574 840 600 ait
854 573 926 601 enim
940 583 946 601 :

157 612 256 653 Eant"
275 614 364 646 docete
385 623 474 642 omnes
497 621 596 654 gentes,
613 617 777 651 baptizantes
793 626 837 644 eas
853 619 880 645 in
901 612 948 645 no-

157 660 227 698 utine
243 659 343 697 Patris,
361 666 386 688 et
401 661 474 694 Filii,
492 667 517 689 et
532 662 648 697 Spiritus
665 665 761 697 sam-ti,
774 664 894 692 docentes
906 674 948 692 eos

157 707 289 746 custodire
317 715 479 743 quacunque
504 710 629 736 mam/avi
655 710 725 737 vobis
744 711 778 736 ⁸⁷.
799 709 862 737 Sive
884 719 948 746 ergo

157 752 218 789 quis
235 750 387 790 secundum
409 745 620 787 confessionem,
638 756 696 793 sive
719 757 869 785 secundum
890 765 948 784 οη)-

157 794 220 836 nem
239 799 426 835 conditionem
442 808 518 839 suam
536 801 725 830 holocaustum
741 803 797 830 Deo
813 804 945 845 promisit,

156 843 239 881 vitam
265 844 394 872 videlicet
419 845 578 882 perfectam,
606 848 659 875 hoc
683 853 724 875 est
750 843 847 886 verum
871 849 948 876 holo-

156 894 291 927 caustum,
308 898 323 917 a
338 891 489 927 pollutione
502 893 602 921 munda
622 894 704 922 debet
719 885 779 922 esse
793 895 853 930 ejus
870 896 945 923 obla-

157 936 211 970 tio;
237 944 326 974 neque
349 938 423 965 enim
444 939 523 975 aliter
547 941 704 976 suscipitur.
726 940 829 969 Otreret
853 947 944 970 autem

156 989 205 1017 per
221 983 436 1017 confessionem,
456 985 527 1012 sicut
548 985 618 1012 LXX
637 986 745 1019 dit-unt,
763 989 809 1023 qui
832 988 857 1015 iu
877 996 946 1024 qua-

155 1036 263 1066 cunque
273 1029 437 1057 necessitate
445 1032 622 1064 constitutus,
630 1038 656 1059 et
666 1041 698 1060 ex
709 1041 741 1060 ea
752 1038 944 1069 compunctus,

155 1075 393 1110 conversationem
407 1077 551 1112 quamdam
561 1078 615 1105 Deo
630 1087 679 1114 per
690 1084 782 1114 votum
790 1080 943 1115 pollicetur.

155 1117 313 1154 Secundum
325 1122 545 1156 supradictorum
561 1128 652 1150 autem
662 1125 820 1157 editionem,
833 1126 946 1161 electio-

154 1172 217 1192 nem
234 1165 393 1203 invenimus
414 1168 528 1200 dictam,
555 1169 598 1196 ubi
624 1178 674 1197 nos
691 1176 801 1206 sponte,
818 1172 944 1205 dicimus.

156 1210 308 1247 L'trumquc
315 1213 387 1247 enim
399 1214 470 1241 hanc
482 1215 646 1243 oblationem
657 1211 781 1244 sive'eam
792 1226 852 1252 qua:
861 1226 894 1253 ex
903 1228 946 1248 nt.-

153 1256 292 1294 cessitate,
308 1257 366 1285 sive
380 1266 440 1292 eam
452 1267 513 1294 qua:
528 1261 674 1296 spoujelit,
684 1263 819 1298 proponit,
832 1264 943 1292 dicens:

154 1301 274 1340 Reddam
288 1303 403 1338 tibivota
417 1299 475 1332 mea
495 1315 554 1343 qna'
569 1307 743 1335 distinxerunt
753 1309 822 1337 labia
835 1319 904 1342 mea,
922 1317 946 1339 et

154 1355 212 1382 qua:
227 1347 346 1376 locutum
361 1355 399 1376 est
413 1358 441 1377 os
457 1359 542 1378 meum
558 1352 585 1378 in
601 1354 771 1382 tribulatione
787 1364 844 1383 utea
858 1357 893 1384 ⁸³.
912 1358 946 1385 Et

154 1400 249 1425 rursus
274 1403 281 1420 :
309 1393 466 1424 Voluntaria
496 1399 549 1424 oris
573 1399 623 1425 ηιρί
643 1400 806 1435 beneplacita
820 1403 872 1438 fac,
890 1404 945 1432 Do-

154 1439 224 1478 mine
239 1440 273 1467 ⁸⁸.
299 1440 402 1479 Horum
428 1443 546 1478 primum
575 1445 697 1480 quidem,
718 1448 876 1481 praedictum
896 1459 946 1479 vo-

155 1490 224 1519 tum,
245 1486 304 1514 sive
320 1487 534 1522 confessionem,
553 1491 614 1517 sine
635 1492 724 1527 aliqua
743 1493 882 1523 dubietate
902 1496 945 1524 in-

154 1532 312 1574 telligimus.
345 1533 512 1564 Electionem
541 1542 652 1570 autem,
681 1539 738 1566 sive
766 1545 944 1578 spontaneam

153 1572 331 1614 oblationem,
360 1580 411 1608 hoc
437 1582 510 1617 quod
537 1584 659 1611 secundo
683 1584 743 1612 loco
764 1572 874 1614 dictum.
891 1594 942 1618 est.
957 1597 979 1625 ο

154 1623 269 1662 Oportet
283 1631 388 1662 autem,
402 1626 458 1654 sive
475 1633 604 1663 operator
625 1630 743 1658 mandati
762 1632 797 1660 sit
813 1633 858 1667 qui
876 1634 945 1664 otia-

155 1666 197 1697 ret
219 1670 420 1705 holocaustum,
440 1673 486 1701 hic
506 1679 548 1702 est
569 1676 642 1702 enim
665 1684 698 1703 ex
720 1666 853 1706 armentis
874 1671 944 1716 olfe-

154 1722 230 1748 rens,
251 1716 309 1744 sive
323 1718 450 1754 simplex,
467 1720 531 1756 quia
550 1721 593 1748 hic
608 1727 695 1757 estex
707 1724 804 1752 ovibus
819 1733 826 1752 :
842 1726 899 1762 sive
911 1734 944 1754 ex

155 1763 355 1798 peccatoribus,
378 1764 422 1792 hic
443 1769 485 1793 est
507 1767 579 1804 enim
604 1767 637 1795 de
662 1770 775 1806 capris:
793 1771 944 1811 masculum

153 1815 215 1836 esse
231 1809 304 1844 quod
319 1810 429 1844 offeret,
442 1812 468 1840 id
485 1817 526 1839 est
541 1821 602 1849 cum
620 1820 711 1845 mente
730 1816 809 1850 virili,
825 1823 852 1846 et
868 1818 943 1852 forti,

153 1855 307 1890 et‘stabili,
330 1861 440 1885 etcum
466 1859 567 1887 valenti
593 1861 655 1894 (ide,
675 1867 757 1897 atque
780 1864 944 1895 inconcussa

153 1899 255 1941 offerre
272 1903 314 1936 vel
331 1902 435 1935 offerri,
453 1909 483 1941 ut
502 1905 624 1934 offerens
643 1907 704 1934 talis
719 1909 755 1936 sit
772 1910 861 1943 qualis
887 1910 943 1944 ille,

152 1955 234 1992 quem
251 1948 380 1982 Salomon
399 1950 424 1986 in
444 1950 601 1980 Proverbiis
623 1953 751 1981 diccbat:
769 1948 858 1983 Virum
877 1957 944 1992 [ide-

152 1986 204 2034 [ςηι
216 1993 292 2026 labor
306 1999 344 2029 est
358 1996 474 2029 invenire
489 1997 523 2024 ‘°.
541 1997 615 2029 [dem
637 2004 677 2026 est
698 2005 726 2027 et
741 2000 762 2027 si
778 1986 943 2036 sacriﬁcium

151 2039 330 2087 paciﬁcorum
347 2042 447 2072 offeret
461 2043 533 2078 quis,
543 2044 570 2072 id
584 2050 637 2078 est,
648 2053 701 2073 non
719 2046 790 2074 illam
805 2056 864 2085 qua:
880 2057 943 2087 per-

151 2085 223 2119 fecta
241 2090 286 2117 est
303 2087 330 2114 in
350 2088 520 2124 philosophia
532 2090 626 2121 vitam.
641 2092 721 2119 veluti
735 2100 805 2125 earn,
823 2102 883 2128 qua:
901 2100 945 2122 est

153 2132 182 2159 in
209 2140 265 2160 non
292 2135 468 2174 possidendo,
491 2136 533 2164 vel
561 2136 588 2163 in
604 2136 770 2172 virginitate,
792 2139 825 2166 de
845 2139 943 2174 quibus

154 2174 289 2213 Dominus
305 2179 410 2217 dicebat
425 2189 433 2207 :
451 2180 511 2208 Non
533 2189 622 2209 omnes
643 2184 751 2218 capiunt
764 2184 797 2217 “,
815 2185 861 2212 sed
887 2193 944 2213 me-

153 2224 288 2259 diocrem,
307 2233 368 2266 quae
387 2226 467 2254 nobis
487 2232 616 2262 procurat
638 2228 796 2261 omnimodo
815 2230 941 2264 salutem,

1000 309 1045 328 ras
1069 300 1136 333 Deo,
1155 305 1202 328 aut
1224 301 1333 334 bovem,
1352 305 1398 328 aut
1413 309 1534 337 capram,
1550 292 1597 329 aut
1617 292 1719 338 aliquid
1742 303 1794 331 hu-

998 346 1137 386 iusmodi,
1165 351 1195 374 ut
1217 346 1294 374 verbi
1322 347 1426 384 gratia,
1452 342 1639 383 sacerdotibus
1666 344 1794 385 primitiae

999 393 1110 431 dentur,
1131 398 1180 421 aut
1200 402 1334 429 pauperes
1348 402 1381 421 ex
1398 402 1431 421 eo
1447 399 1603 434 pascantur,
1625 389 1675 423 aut
1690 396 1794 434 sanctis

999 439 1103 475 aliquot
1130 440 1313 467 ministerium
1338 439 1400 472 liat,
1427 432 1474 467 aut
1498 434 1582 467 divini
1610 441 1703 476 templi
1725 432 1792 469 con-

1000 485 1127 518 structio,
1155 486 1195 525 vel
1215 486 1326 526 aliquod
1348 486 1422 514 aliud
1449 494 1519 522 opus
1546 487 1618 522 quod
1644 487 1676 526 ad
1694 479 1792 522 ipsum

1000 533 1121 571 pertinet
1139 532 1234 571 Deum,
1255 524 1284 567 et
1299 536 1442 568 propterea
1464 524 1656 570 holocaustum
1676 526 1791 565 dicitur,

1000 568 1153 616 pollutione
1166 568 1266 606 careat
1289 578 1370 616 etiam
1394 578 1452 606 btec
1474 578 1586 606 oblatio.
1608 569 1660 607 Sed
1678 587 1739 614 qua:
1755 579 1791 606 sit

1000 623 1058 650 haec
1076 614 1214 661 pollutio,
1241 614 1412 662 lex'tacuit,
1438 624 1518 653 nobis
1543 623 1612 651 dans
1637 623 1790 664 intelligere

999 676 1091 696 veram
1117 669 1309 708 pollutionem,
1331 674 1360 696 et
1381 677 1488 709 cavere.
1508 669 1557 697 Est
1573 671 1664 708 autem
1683 667 1741 708 hau";
1756 677 1789 696 ex

999 714 1104 755 rapina,
1121 719 1148 743 et
1169 714 1315 753 iniustitia,
1335 715 1421 754 aliave
1443 714 1559 755 avaritia
1581 715 1697 755 oilerre;
1721 714 1788 755 abo-

999 751 1130 789 minabile
1153 765 1196 798 est
1213 760 1288 800 enim
1310 751 1388 799 apud"
1405 751 1622 801 Deum,ctino'n
1646 751 1786 800 acceptum

999 803 1088 839 ei,'ita
1107 811 1137 834 ut
1157 806 1239 834 nimis
1257 815 1306 842 per
1326 807 1487 842 prophetam
1505 807 1614 844 Judzeos
1628 807 1662 834 de
1677 807 1729 834 hoc
1744 814 1787 834 re—

999 851 1193 890 prehendi-ret.
1215 851 1266 884 Qui
1284 851 1422 891 wdiﬁratis
1438 851 1502 879 Sion
1516 843 1547 883 in
1567 845 1747 888 sanguinibus,
1763 856 1787 878 et

998 887 1146 924 Jerusalem
1170 898 1197 933 in
1216 897 1356 932 iniquitate
1370 887 1403 924 νδ.
1424 897 1470 925 sic
1494 898 1568 924 enim
1596 892 1684 924 littera
1705 897 1787 932 hujus

976 927 1148 971 isanctionis
1174 931 1202 970 et
1228 943 1342 978 spiritus
1370 935 1558 971 conservatur.
1582 943 1610 970 Si
1634 934 1744 982 quidem
1770 953 1786 970 ιι

996 988 1076 1015 nobis
1102 988 1186 1016 semel
1213 988 1415 1024 exponentibus
1437 990 1567 1022 audistis,
1589 989 1653 1026 quia
1678 988 1788 1024 quando

996 1033 1062 1071 dicit
1081 1034 1124 1060 lex
1144 1042 1150 1060 :
1169 1032 1266 1065 Homo,
1291 1033 1377 1066 Itomo,
1404 1037 1514 1069 oportet
1537 1041 1600 1061 cum
1627 1034 1787 1061 considera-

997 1079 1071 1106 tione
1087 1079 1210 1115 spiritus,
1229 1084 1256 1107 et
1274 1079 1394 1107 mandati
1415 1080 1534 1107 litteram
1551 1079 1664 1107 intueri.

1033 1123 1114 1152 Vens.
1136 1117 1232 1163 22-25.
1253 1134 1262 1150 ι
1284 1124 1312 1151 Si
1330 1133 1432 1152 ca'cum
1460 1125 1552 1163 fuerit,
1573 1125 1595 1153 si
1619 1120 1746 1160 fractum,
1764 1125 1787 1152 si

996 1170 1153 1197 cicatricem
1182 1171 1297 1202 habens,
1317 1171 1339 1197 si
1365 1164 1492 1206 papulam
1518 1175 1566 1198 aut
1590 1171 1721 1204 scabiem,
1745 1172 1787 1199 vel

997 1215 1197 1250 impetiginem,
1214 1223 1268 1243 non
1285 1207 1408 1242 offeratis
1425 1224 1456 1242 ca
1474 1216 1598 1249 Domino,
1615 1224 1703 1250 neque
1720 1217 1787 1244 ado-

997 1251 1087 1287 lel:itis
1103 1268 1136 1287 ex
1152 1261 1191 1287 eis
1206 1268 1288 1295 super
1300 1261 1386 1288 altare
1400 1260 1517 1287 Domini.
1532 1261 1642 1294 Bovem,
1654 1267 1682 1289 et
1695 1270 1786 1295 ovem,

996 1314 1072 1339 aure,
1088 1312 1116 1335 et
1129 1307 1215 1335 cauda
1228 1308 1387 1343 amputatis,
1401 1308 1554 1335 voluntarie
1569 1307 1668 1335 offerre
1685 1313 1785 1343 potest,

997 1344 1090 1390 votum
1106 1343 1139 1380 ex
1157 1353 1199 1380 his
1214 1350 1280 1380 solvi
1298 1361 1352 1380 non
1369 1358 1471 1389 potest.
1484 1344 1570 1380 Durae
1585 1353 1696 1387 animal,
1714 1354 1787 1389 quod

996 1399 1038 1426 vel
1053 1399 1190 1432 contritis,
1207 1399 1249 1427 vel
1262 1399 1362 1432 tonsis,
1376 1399 1418 1426 vel
1434 1399 1526 1431 sectis,
1545 1399 1696 1434 ablatisque
1711 1399 1787 1428 testi-

996 1444 1066 1471 culis
1080 1448 1133 1477 est,
1150 1452 1206 1471 non
1227 1442 1351 1471 offeretis
1374 1443 1498 1477 Domino,
1515 1449 1543 1470 et
1557 1444 1583 1470 in
1603 1449 1674 1471 terra
1695 1449 1787 1472 vestra

996 1491 1049 1517 hoc
1065 1490 1178 1517 omnino
1193 1498 1248 1517 non
1267 1489 1384 1517 facietis.
1401 1489 1438 1517 De
1458 1497 1540 1516 manu
1556 1489 1714 1526 alienigena:
1730 1498 1787 1517 non

996 1525 1119 1562 offeratis
1142 1542 1228 1570 panes
1257 1534 1371 1562 Domino
1396 1534 1452 1562 Deo
1477 1540 1578 1568 vestro,
1604 1539 1632 1562 ct
1655 1535 1786 1571 quidquid

996 1581 1069 1620 aliud
1083 1575 1151 1608 dare
1159 1580 1295 1623 voluerint
1307 1581 1371 1616 quia
1385 1585 1512 1616 corrupta
1528 1585 1556 1609 ct
1571 1581 1705 1609 maculata
1723 1587 1787 1610 sunt

996 1627 1099 1659 omnia,
1117 1635 1171 1654 non
1189 1622 1347 1661 suscipiatis
1363 1635 1405 1654 ea.
1423 1637 1432 1653 ν
1744 1622 1747 1625 ’

1031 1673 1112 1701 Aliud
1129 1673 1173 1701 hic
1188 1673 1297 1701 videtur
1316 1673 1454 1709 legislator
1476 1674 1602 1707 innuere,
1620 1675 1704 1702 multa
1719 1683 1787 1702 con-

996 1721 1163 1748 sideratione
1178 1720 1301 1755 dignum.
1319 1721 1356 1748 De
1374 1721 1416 1748 his
1430 1729 1491 1756 qua:
1505 1721 1660 1749 olTeruntur
1680 1722 1786 1756 altario,

995 1777 1049 1796 non
1065 1768 1090 1796 ei
1105 1775 1195 1796 sermo
1209 1771 1261 1800 est,
1275 1772 1340 1795 sunt
1351 1773 1443 1795 autem
1457 1768 1503 1803 qui
1519 1769 1662 1807 mysticum
1677 1773 1705 1796 et
1722 1777 1788 1797 san-

995 1819 1104 1841 ctorum
1126 1813 1244 1840 oilieium
1269 1813 1432 1841 sortiuntur.
1456 1814 1507 1841 Per
1531 1815 1700 1842 sanctionem
1723 1823 1788 1851 ergo

995 1861 1174 1893 auterioretn,
1189 1859 1318 1888 mundam
1332 1868 1394 1888 esse
1407 1868 1421 1887 a
1437 1859 1587 1896 pollutione
1601 1862 1695 1900 popqli
1710 1861 1786 1896 obla-

996 1907 1098 1944 tionem
1111 1906 1284 1941 praecipiens,
1296 1907 1369 1941 quod
1385 1907 1542 1942 necessarie
1556 1907 1639 1934 nimis
1653 1907 1679 1933 in
1694 1906 1787 1934 unius-

995 1953 1129 1987 cujusque
1148 1952 1357 1980 conversatione
1379 1953 1548 1988 intellectum
1569 1957 1618 1986 est.
1646 1952 1724 1981 Nunc
1743 1951 1785 1987 di-

995 2001 1123 2024 numerat
1138 2005 1144 2021 .-
1159 2005 1228 2035 quos
1243 2005 1297 2029 non
1316 2001 1440 2032 oporteat
1454 1989 1552 2039 altario
1566 1997 1671 2038 offerri,
1686 1989 1713 2026 et
1730 1997 1785 2032 pri—

995 2050 1070 2070 mum
1094 2037 1216 2074 dicit'cx
1240 2043 1281 2070 eis
1304 2050 1418 2075 Caicum.
1436 2042 1488 2076 Qui
1508 2041 1581 2070 enim
1604 2041 1785 2081 ignorantiam

995 2089 1076 2127 habet
1107 2088 1173 2122 Dei,
1197 2088 1335 2123 quomodo
1357 2088 1524 2116 ministrabit
1555 2082 1622 2121 Deo,
1650 2080 1701 2123 nec
1726 2089 1784 2125 ipso

995 2134 1156 2171 dignitatem
1172 2135 1262 2167 sciens
1277 2135 1347 2170 ejus,
1367 2135 1400 2162 ad
1416 2135 1494 2170 cujus
1509 2134 1688 2170 ministerium
1704 2143 1786 2163 voca-

995 2187 1051 2214 tur,
1070 2189 1122 2208 nce
1137 2181 1197 2208 aliis
1212 2181 1306 2208 valens
1328 2181 1483 2217 exponere?
1502 2180 1578 2209 Unde
1597 2187 1625 2209 ct
1646 2182 1787 2219 negligens

996 2229 1068 2256 circa
1094 2236 1141 2255 eos
1167 2228 1218 2255 erit
1237 2237 1243 2254 2
1262 2228 1388 2256 nesciens
1413 2219 1585 2269 divinorum,
1611 2230 1710 2265 quibus
1736 2231 1787 2258 mi-

153 2270 205 2303 etsi
229 2279 286 2306 nep
312 2273 469 2307 assequitur
492 2281 534 2306 ea,
550 2281 612 2308 qua:
635 2275 668 2303 ad
693 2275 889 2310 prophetarum
916 2282 944 2304 ct
960 2276 982 2304 Ι)
996 2274 1105 2307 nistrat,
1121 2274 1250 2302 virtutem
1266 2283 1272 2301 :
1288 2274 1383 2310 quales
1398 2268 1477 2313 erant
1493 2268 1603 2315 quidam
1618 2275 1786 2316 Judazorum,

152 2315 341 2359 apostolorum
369 2325 526 2345 mensuram
556 2319 682 2346 tendunt.
709 2319 792 2348 Stella
825 2323 894 2349 enim
927 2331 944 2349 a
988 2321 1031 2349 «lc
1050 2321 1150 2356 quibus
1165 2321 1236 2348 Deus
1259 2321 1286 2348 in
1310 2321 1379 2350 Isaia
1398 2322 1527 2359 dicebat:
1547 2322 1643 2359 Videte,
1660 2323 1786 2359 quoniam

152 2358 230 2389 stella
245 2361 332 2398 aifert
351 2362 380 2389 in
397 2362 520 2400 claritate
534 2363 568 2397 ",
586 2365 737 2397 secundum
753 2367 824 2400 quod
846 2367 945 2395 Paulus

153 2405 273 2442 dicebat.
294 2406 348 2434 Sed
368 2412 396 2434 et
410 2407 456 2443 hic
478 2409 630 2437 masculum
656 2417 770 2437 necesse
789 2416 830 2439 cst
847 2411 945 2440 ot‘l'erat

153 2452 361 2491 intutaculatum
376 2463 384 2481 :
400 2453 460 2492 haec
475 2458 503 2482 et
518 2454 563 2491 ﬁlii
579 2454 675 2494 lsrael,
695 2460 723 2482 et
739 2457 851 2484 advena:
868 2458 945 2486 vide-

152 2499 229 2536 licet,
247 2503 275 2527 et
297 2500 344 2535 qui
367 2508 442 2528 nunc
461 2501 495 2529 ad
520 2501 603 2538 ﬁdem
624 2508 771 2538 venerunt,
791 2504 944 2540 adjectique

153 2550 220 2581 sunt
232 2546 313 2583 nobis
327 2547 362 2581 ab
376 2555 470 2576 errore
483 2550 623 2583 eateriori,
638 2550 764 2582 similiter
776 2551 944 2585 custodiant.

153 2592 194 2627 Eg
216 2600 274 2628 quo
293 2593 369 2628 enim
395 2594 495 2630 aliquis
518 2596 602 2629 vitam
629 2597 785 2631 promiserit
805 2597 861 2625 Deo
882 2606 945 2632 per-

154 2637 254 2671 fectam
277 2643 307 2673 et
331 2646 567 2675 consummatam,
593 2650 647 2682 nup
671 2643 727 2678 jam
755 2644 943 2678 pnetendere,

155 2684 230 2718 quod
243 2688 354 2728 tempus
370 2686 486 2719 multum
501 2688 528 2714 in
543 2696 638 2718 errore
654 2688 746 2721 fuerit,
760 2690 869 2724 poterit,
881 2691 944 2725 quia

155 2737 208 2758 nec
228 2735 352 2766 tempore
376 2733 465 2761 virtus
489 2738 560 2768 eget,
582 2738 612 2765 ut
633 2734 768 2767 discatur;
791 2743 854 2762 mox
872 2736 944 2763 enim

155 2781 185 2806 ut
211 2784 272 2812 eam
303 2778 541 2812 affectaverimus,
575 2781 805 2815 quemadmodum
837 2787 944 2813 utamur

198 2878 331 2915 "Matth.
347 2887 444 2911 xxvnt,
463 2880 505 2911 t9.
523 2879 568 2907 20.
606 2880 629 2906 β’
645 2879 716 2911 Psal.
733 2888 793 2910 txv,
809 2880 849 2907 l4.
876 2877 885 2889 ’
898 2881 920 2896 "
936 2880 1005 2910 Psal.
1022 2889 1115 2914 cxvnt,
1133 2880 1194 2915 108.

158 2908 273 2942 "Icor.
289 2915 389 2948 mn.
427 2908 450 2932 vi
466 2908 547 2943 ni'ch.
563 2916 652 2949 ιιι,ιο.
675 2908 843 2949 Nisam,
866 2916 906 2943 ιο.

997 2376 1085 2395 omnes
1107 2369 1265 2399 nescierunt,
1282 2368 1396 2396 universi
1416 2377 1494 2408 canes
1507 2369 1583 2401 muti,
1599 2377 1650 2407 non
1672 2369 1786 2397 valente:

998 2414 1098 2442 latrare
1115 2414 1150 2441 ⁸⁸.
1166 2414 1342 2445 Coniractutu
1362 2414 1405 2441 vel
1422 2415 1570 2449 contritum
1591 2414 1711 2448 secundo
1727 2415 1787 2442 loco

997 2460 1099 2495 posuit,
1114 2460 1193 2495 cujus
1213 2460 1286 2488 enim
1300 2468 1398 2492 manus
1408 2468 1439 2488 ac
1457 2461 1553 2495 pedes,
1573 2461 1696 2499 actiones
1711 2460 1787 2491 vide-

997 2506 1070 2538 licet,
1082 2510 1109 2533 et
1124 2506 1157 2540 ad
1170 2506 1256 2533 Deum
1276 2506 1374 2541 itinera
1389 2507 1530 2535 contracta
1545 2506 1696 2535 wntritave
1710 2512 1785 2544 sunt,

996 2560 1032 2580 ue
1059 2552 1104 2579 hic
1127 2552 1238 2587 quidem
1258 2551 1338 2579 altari
1359 2552 1517 2586 ministrare
1537 2553 1637 2589 dignus
1653 2557 1696 2586 est
1718 2561 1725 2581 :
1742 2553 1787 2580 cui

996 2597 1126 2631 convenit
1142 2597 1206 2624 illud
1222 2597 1294 2632 quod
1313 2596 1418 2625 Psaltes
1439 2598 1477 2625 ait
1493 2606 1500 2624 :
1518 2597 1658 2631 Contritio,
1673 2602 1697 2624 et
1719 2597 1787 2633 infa-

996 2643 1082 2670 licitas
1097 2643 1126 2670 in
1139 2643 1188 2670 viis
1206 2651 1306 2679 eoi-unt.
1323 2642 1377 2674 Sed
1395 2651 1446 2671 uec
1460 2643 1506 2680 qui
1523 2643 1642 2679 linguam
1662 2642 1786 2682 incisam,

996 2689 1147 2722 secundum
1170 2687 1240 2717 LXX
1261 2689 1354 2723 habet,
1369 2689 1395 2716 id
1414 2694 1457 2717 est
1472 2690 1495 2717 si
1513 2690 1575 2726 quis
1589 2698 1637 2726 per
1649 2689 1786 2728 sordidam

997 2735 1092 2766 vitam,
1110 2734 1238 2762 tidueiam
1258 2733 1374 2769 docendi
1399 2733 1528 2772 perdidit,
1547 2734 1591 2763 cui
1617 2735 1655 2762 ait
1677 2733 1760 2770 David
1778 2742 1786 2760 :

999 2778 1137 2814 Peccatori
1155 2782 1243 2815 autem
1270 2778 1337 2806 dixit
1350 2778 1418 2806 Deus
1433 2787 1441 2806 :
1455 2771 1544 2817 Quare
1566 2785 1594 2806 tu
1615 2787 1727 2807 enarra:
1743 2778 1787 2813 iu-

1245 2880 1268 2896 ”
1284 2879 1363 2919 Prov.
1378 2888 1422 2912 xx,
1434 2878 1462 2912 6.
1525 2879 1546 2895 ⁹¹
1561 2878 1659 2907 Matth.
1673 2885 1730 2909 xxx.
1743 2877 1787 2906 Η.
