  <div class='ocr_page' id='page_1' title='image "/cluster/home/n/w/nwhite01/storage/ocr_20150623/93/njp.32101077772836/607.png"; bbox 0 0 2056 3148; ppageno 0'>
   <div class='ocr_carea' id='block_1_1' title="bbox 259 222 326 257">
    <p class='ocr_par' dir='ltr' id='par_1_1' title="bbox 259 222 326 257">
     <span class='ocr_line' id='line_1_1' title="bbox 259 222 326 257; baseline 0.045 -3"><span class='ocrx_word' id='word_1_1' title='bbox 259 222 326 257; x_wconf 78' lang='lat'><strong>1075</strong></span> 
     </span>
    </p>
   </div>
   <div class='ocr_carea' id='block_1_2' title="bbox 847 223 1288 254">
    <p class='ocr_par' dir='ltr' id='par_1_2' title="bbox 847 223 1288 254">
     <span class='ocr_line' id='line_1_2' title="bbox 847 223 1288 254; baseline -0.005 0"><span class='ocrx_word' id='word_1_2' title='bbox 847 224 994 254; x_wconf 73' lang='lat' dir='ltr'><strong>HESYCH</strong></span> <span class='ocrx_word' id='word_1_3' title='bbox 1001 224 1027 253; x_wconf 86' lang='grc' dir='ltr'><strong>ΙΙ</strong></span> <span class='ocrx_word' id='word_1_4' title='bbox 1051 223 1288 254; x_wconf 72' lang='lat' dir='ltr'><strong>PRESBYTER!</strong></span> 
     </span>
    </p>
   </div>
   <div class='ocr_carea' id='block_1_3' title="bbox 1816 216 1884 252">
    <p class='ocr_par' dir='ltr' id='par_1_3' title="bbox 1816 216 1884 252">
     <span class='ocr_line' id='line_1_3' title="bbox 1816 216 1884 252; baseline 0 -3"><span class='ocrx_word' id='word_1_5' title='bbox 1816 216 1884 252; x_wconf 78' lang='lat'><strong>10.7.6</strong></span> 
     </span>
    </p>
   </div>
   <div class='ocr_carea' id='block_1_4' title="bbox 258 276 1887 318">
    <p class='ocr_par' dir='ltr' id='par_1_4' title="bbox 258 276 1887 318">
     <span class='ocr_line' id='line_1_4' title="bbox 258 276 1887 318; baseline -0.002 -8"><span class='ocrx_word' id='word_1_6' title='bbox 258 285 345 312; x_wconf 81' lang='lat' dir='ltr'><strong>stitias</strong></span> <span class='ocrx_word' id='word_1_7' title='bbox 357 283 618 311; x_wconf 76' lang='lat' dir='ltr'><strong>meas&quot;?Similiter</strong></span> <span class='ocrx_word' id='word_1_8' title='bbox 631 284 780 311; x_wconf 88' lang='lat' dir='ltr'><strong>secuttdum</strong></span> <span class='ocrx_word' id='word_1_9' title='bbox 791 283 872 316; x_wconf 77' lang='lat' dir='ltr'><strong>LXX,</strong></span> <span class='ocrx_word' id='word_1_10' title='bbox 887 288 913 311; x_wconf 74' lang='lat' dir='ltr'><strong>et</strong></span> <span class='ocrx_word' id='word_1_11' title='bbox 924 283 1047 318; x_wconf 85' lang='lat' dir='ltr'><strong>formicu-</strong></span> <span class='ocrx_word' id='word_1_12' title='bbox 1061 287 1085 315; x_wconf 85' lang='grc' dir='ltr'>Λ</span> <span class='ocrx_word' id='word_1_13' title='bbox 1098 282 1168 310; x_wconf 81' lang='lat' dir='ltr'><strong>culis</strong></span> <span class='ocrx_word' id='word_1_14' title='bbox 1187 286 1238 314; x_wconf 89' lang='lat' dir='ltr'><strong>est,</strong></span> <span class='ocrx_word' id='word_1_15' title='bbox 1261 280 1308 315; x_wconf 89' lang='lat' dir='ltr'><strong>qui</strong></span> <span class='ocrx_word' id='word_1_16' title='bbox 1330 279 1413 307; x_wconf 88' lang='lat' dir='ltr'><strong>illatis</strong></span> <span class='ocrx_word' id='word_1_17' title='bbox 1433 278 1484 306; x_wconf 86' lang='lat' dir='ltr'><strong>sibi</strong></span> <span class='ocrx_word' id='word_1_18' title='bbox 1516 276 1712 305; x_wconf 85' lang='lat' dir='ltr'><strong>tentationibus</strong></span> <span class='ocrx_word' id='word_1_19' title='bbox 1731 277 1887 307; x_wconf 81' lang='lat' dir='ltr'><strong>tribulatio-</strong></span> 
     </span>
    </p>
   </div>
   <div class='ocr_carea' id='block_1_5' title="bbox 257 329 1047 365">
    <p class='ocr_par' dir='ltr' id='par_1_5' title="bbox 257 329 1047 365">
     <span class='ocr_line' id='line_1_5' title="bbox 257 329 1047 365; baseline -0.001 -8"><span class='ocrx_word' id='word_1_20' title='bbox 257 331 351 361; x_wconf 72' lang='lat' dir='ltr'><strong>locum,</strong></span> <span class='ocrx_word' id='word_1_21' title='bbox 370 329 436 357; x_wconf 85' lang='lat' dir='ltr'><strong>dicit</strong></span> <span class='ocrx_word' id='word_1_22' title='bbox 455 334 546 357; x_wconf 84' lang='lat' dir='ltr'><strong>autem</strong></span> <span class='ocrx_word' id='word_1_23' title='bbox 569 337 632 356; x_wconf 91' lang='lat' dir='ltr'><strong>eum</strong></span> <span class='ocrx_word' id='word_1_24' title='bbox 651 329 697 364; x_wconf 90' lang='lat' dir='ltr'><strong>qui</strong></span> <span class='ocrx_word' id='word_1_25' title='bbox 715 334 863 365; x_wconf 87' lang='lat' dir='ltr'><strong>occupatus</strong></span> <span class='ocrx_word' id='word_1_26' title='bbox 883 334 926 357; x_wconf 92' lang='lat' dir='ltr'><strong>est</strong></span> <span class='ocrx_word' id='word_1_27' title='bbox 940 329 967 356; x_wconf 89' lang='lat' dir='ltr'><strong>itt</strong></span> <span class='ocrx_word' id='word_1_28' title='bbox 981 336 1047 364; x_wconf 91' lang='lat' dir='ltr'><strong>ope-</strong></span> 
     </span>
    </p>
   </div>
   <div class='ocr_carea' id='block_1_6' title="bbox 257 373 1047 410">
    <p class='ocr_par' dir='ltr' id='par_1_6' title="bbox 257 373 1047 410">
     <span class='ocr_line' id='line_1_6' title="bbox 257 373 1047 410; baseline 0 -9"><span class='ocrx_word' id='word_1_29' title='bbox 257 375 334 402; x_wconf 84' lang='lat' dir='ltr'><strong>ribus</strong></span> <span class='ocrx_word' id='word_1_30' title='bbox 352 374 469 401; x_wconf 79' lang='lat' dir='ltr'><strong>terrenis</strong></span> <span class='ocrx_word' id='word_1_31' title='bbox 483 379 512 402; x_wconf 87' lang='lat' dir='ltr'><strong>et</strong></span> <span class='ocrx_word' id='word_1_32' title='bbox 526 375 713 408; x_wconf 68' lang='lat' dir='ltr'><strong>saecularibus,</strong></span> <span class='ocrx_word' id='word_1_33' title='bbox 728 375 774 410; x_wconf 89' lang='lat' dir='ltr'><strong>qui</strong></span> <span class='ocrx_word' id='word_1_34' title='bbox 791 375 966 410; x_wconf 88' lang='lat' dir='ltr'><strong>setnetipsutu</strong></span> <span class='ocrx_word' id='word_1_35' title='bbox 983 373 1047 401; x_wconf 90' lang='lat' dir='ltr'><strong>huic</strong></span> 
     </span>
    </p>
   </div>
   <div class='ocr_carea' id='block_1_7' title="bbox 257 419 1048 455">
    <p class='ocr_par' dir='ltr' id='par_1_7' title="bbox 257 419 1048 455">
     <span class='ocr_line' id='line_1_7' title="bbox 257 419 1048 455; baseline 0.001 -10"><span class='ocrx_word' id='word_1_36' title='bbox 257 419 415 455; x_wconf 83' lang='lat' dir='ltr'><strong>cogitationi</strong></span> <span class='ocrx_word' id='word_1_37' title='bbox 435 420 558 455; x_wconf 88' lang='lat' dir='ltr'><strong>deputat,</strong></span> <span class='ocrx_word' id='word_1_38' title='bbox 576 420 602 447; x_wconf 91' lang='lat' dir='ltr'><strong>id</strong></span> <span class='ocrx_word' id='word_1_39' title='bbox 623 424 665 448; x_wconf 89' lang='lat' dir='ltr'><strong>est</strong></span> <span class='ocrx_word' id='word_1_40' title='bbox 681 421 726 455; x_wconf 86' lang='lat' dir='ltr'><strong>qui</strong></span> <span class='ocrx_word' id='word_1_41' title='bbox 744 420 868 448; x_wconf 84' lang='lat' dir='ltr'><strong>comedat</strong></span> <span class='ocrx_word' id='word_1_42' title='bbox 880 425 907 447; x_wconf 89' lang='lat' dir='ltr'><strong>et</strong></span> <span class='ocrx_word' id='word_1_43' title='bbox 921 420 1006 450; x_wconf 82' lang='lat' dir='ltr'><strong>bibat,</strong></span> <span class='ocrx_word' id='word_1_44' title='bbox 1020 424 1048 446; x_wconf 90' lang='lat' dir='ltr'><strong>et</strong></span> 
     </span>
    </p>
   </div>
   <div class='ocr_carea' id='block_1_8' title="bbox 256 465 1046 501">
    <p class='ocr_par' dir='ltr' id='par_1_8' title="bbox 256 465 1046 501">
     <span class='ocr_line' id='line_1_8' title="bbox 256 465 1046 501; baseline 0.001 -10"><span class='ocrx_word' id='word_1_45' title='bbox 256 465 304 499; x_wconf 87' lang='lat' dir='ltr'><strong>qui</strong></span> <span class='ocrx_word' id='word_1_46' title='bbox 316 465 368 492; x_wconf 85' lang='lat' dir='ltr'><strong>alia</strong></span> <span class='ocrx_word' id='word_1_47' title='bbox 383 465 481 493; x_wconf 79' lang='lat' dir='ltr'><strong>similia</strong></span> <span class='ocrx_word' id='word_1_48' title='bbox 495 466 606 501; x_wconf 81' lang='lat' dir='ltr'><strong>cogitat,</strong></span> <span class='ocrx_word' id='word_1_49' title='bbox 619 470 646 493; x_wconf 87' lang='lat' dir='ltr'><strong>et</strong></span> <span class='ocrx_word' id='word_1_50' title='bbox 661 466 706 501; x_wconf 91' lang='lat' dir='ltr'><strong>qui</strong></span> <span class='ocrx_word' id='word_1_51' title='bbox 723 466 899 499; x_wconf 84' lang='lat' dir='ltr'><strong>thezaurizat,</strong></span> <span class='ocrx_word' id='word_1_52' title='bbox 915 465 1046 500; x_wconf 86' lang='lat' dir='ltr'><strong>quoniam</strong></span> 
     </span>
    </p>
   </div>
   <div class='ocr_carea' id='block_1_9' title="bbox 257 511 1046 547">
    <p class='ocr_par' dir='ltr' id='par_1_9' title="bbox 257 511 1046 547">
     <span class='ocr_line' id='line_1_9' title="bbox 257 511 1046 547; baseline 0.001 -10"><span class='ocrx_word' id='word_1_53' title='bbox 257 511 317 538; x_wconf 71' lang='lat' dir='ltr'><strong>haec</strong></span> <span class='ocrx_word' id='word_1_54' title='bbox 329 511 384 538; x_wconf 85' lang='lat' dir='ltr'><strong>vita</strong></span> <span class='ocrx_word' id='word_1_55' title='bbox 398 511 575 539; x_wconf 80' lang='lat' dir='ltr'><strong>formicarum</strong></span> <span class='ocrx_word' id='word_1_56' title='bbox 586 517 746 547; x_wconf 87' lang='lat' dir='ltr'><strong>estsemper</strong></span> <span class='ocrx_word' id='word_1_57' title='bbox 758 512 807 539; x_wconf 88' lang='lat' dir='ltr'><strong>sibi</strong></span> <span class='ocrx_word' id='word_1_58' title='bbox 821 519 986 546; x_wconf 72' lang='lat' dir='ltr'><strong>congregare</strong></span> <span class='ocrx_word' id='word_1_59' title='bbox 1003 519 1046 543; x_wconf 86' lang='lat' dir='ltr'><strong>ea.</strong></span> 
     </span>
    </p>
   </div>
   <div class='ocr_carea' id='block_1_10' title="bbox 256 555 1047 591">
    <p class='ocr_par' dir='ltr' id='par_1_10' title="bbox 256 555 1047 591">
     <span class='ocr_line' id='line_1_10' title="bbox 256 555 1047 591; baseline 0 -9"><span class='ocrx_word' id='word_1_60' title='bbox 256 563 317 588; x_wconf 72' lang='lat' dir='ltr'><strong>quae</strong></span> <span class='ocrx_word' id='word_1_61' title='bbox 340 555 373 582; x_wconf 89' lang='lat' dir='ltr'><strong>ad</strong></span> <span class='ocrx_word' id='word_1_62' title='bbox 394 560 518 583; x_wconf 80' lang='lat' dir='ltr'><strong>ventrem</strong></span> <span class='ocrx_word' id='word_1_63' title='bbox 542 556 692 590; x_wconf 83' lang='lat' dir='ltr'><strong>pertinent,</strong></span> <span class='ocrx_word' id='word_1_64' title='bbox 709 557 844 591; x_wconf 83' lang='lat' dir='ltr'><strong>siquidem</strong></span> <span class='ocrx_word' id='word_1_65' title='bbox 869 561 896 584; x_wconf 89' lang='lat' dir='ltr'><strong>et</strong></span> <span class='ocrx_word' id='word_1_66' title='bbox 918 555 1047 583; x_wconf 85' lang='lat' dir='ltr'><strong>Salomon</strong></span> 
     </span>
    </p>
   </div>
   <div class='ocr_carea' id='block_1_11' title="bbox 257 599 1047 636">
    <p class='ocr_par' dir='ltr' id='par_1_11' title="bbox 257 599 1047 636">
     <span class='ocr_line' id='line_1_11' title="bbox 257 599 1047 636; baseline 0.001 -10"><span class='ocrx_word' id='word_1_67' title='bbox 257 599 284 626; x_wconf 90' lang='lat' dir='ltr'><strong>itt</strong></span> <span class='ocrx_word' id='word_1_68' title='bbox 304 599 459 627; x_wconf 84' lang='lat' dir='ltr'><strong>Proverbiis</strong></span> <span class='ocrx_word' id='word_1_69' title='bbox 478 600 562 627; x_wconf 86' lang='lat' dir='ltr'><strong>dicit:</strong></span> <span class='ocrx_word' id='word_1_70' title='bbox 579 601 648 628; x_wconf 82' lang='lat' dir='ltr'><strong>Vade</strong></span> <span class='ocrx_word' id='word_1_71' title='bbox 670 602 705 628; x_wconf 89' lang='lat' dir='ltr'><strong>ad</strong></span> <span class='ocrx_word' id='word_1_72' title='bbox 726 602 875 636; x_wconf 79' lang='lat' dir='ltr'><strong>formicam,</strong></span> <span class='ocrx_word' id='word_1_73' title='bbox 891 609 905 628; x_wconf 88' lang='grc' dir='ltr'><strong>ο</strong></span> <span class='ocrx_word' id='word_1_74' title='bbox 925 602 1006 636; x_wconf 84' lang='lat' dir='ltr'><strong>piger,</strong></span> <span class='ocrx_word' id='word_1_75' title='bbox 1023 605 1047 628; x_wconf 86' lang='lat' dir='ltr'><strong>et</strong></span> 
     </span>
    </p>
   </div>
   <div class='ocr_carea' id='block_1_12' title="bbox 257 645 1047 686">
    <p class='ocr_par' dir='ltr' id='par_1_12' title="bbox 257 645 1047 686">
     <span class='ocr_line' id='line_1_12' title="bbox 257 645 1047 686; baseline 0.005 -16"><span class='ocrx_word' id='word_1_76' title='bbox 257 645 394 672; x_wconf 77' lang='lat' dir='ltr'><strong>cottsidcra</strong></span> <span class='ocrx_word' id='word_1_77' title='bbox 419 647 476 673; x_wconf 84' lang='lat' dir='ltr'><strong>vias</strong></span> <span class='ocrx_word' id='word_1_78' title='bbox 498 646 555 686; x_wconf 72' lang='lat' dir='ltr'><strong>ejus</strong></span> <span class='ocrx_word' id='word_1_79' title='bbox 573 647 605 674; x_wconf 82' lang='lat'><strong>&quot;.</strong></span> <span class='ocrx_word' id='word_1_80' title='bbox 632 647 700 680; x_wconf 83' lang='lat' dir='ltr'><strong>Quia</strong></span> <span class='ocrx_word' id='word_1_81' title='bbox 726 647 799 674; x_wconf 89' lang='lat' dir='ltr'><strong>enim</strong></span> <span class='ocrx_word' id='word_1_82' title='bbox 824 647 857 674; x_wconf 84' lang='lat' dir='ltr'><strong>ad</strong></span> <span class='ocrx_word' id='word_1_83' title='bbox 879 647 1047 682; x_wconf 89' lang='lat' dir='ltr'><strong>operandunt</strong></span> 
     </span>
    </p>
   </div>
   <div class='ocr_carea' id='block_1_13' title="bbox 257 692 1046 727">
    <p class='ocr_par' dir='ltr' id='par_1_13' title="bbox 257 692 1046 727">
     <span class='ocr_line' id='line_1_13' title="bbox 257 692 1046 727; baseline 0.003 -11"><span class='ocrx_word' id='word_1_84' title='bbox 257 692 364 726; x_wconf 82' lang='lat' dir='ltr'><strong>pigrum</strong></span> <span class='ocrx_word' id='word_1_85' title='bbox 385 692 561 726; x_wconf 83' lang='lat' dir='ltr'><strong>provocabat,</strong></span> <span class='ocrx_word' id='word_1_86' title='bbox 575 698 720 727; x_wconf 78' lang='lat' dir='ltr'><strong>propterea</strong></span> <span class='ocrx_word' id='word_1_87' title='bbox 744 692 946 720; x_wconf 81' lang='lat' dir='ltr'><strong>transmittebat</strong></span> <span class='ocrx_word' id='word_1_88' title='bbox 966 700 1046 726; x_wconf 85' lang='lat' dir='ltr'><strong>eum,</strong></span> 
     </span>
    </p>
   </div>
   <div class='ocr_carea' id='block_1_14' title="bbox 258 737 1047 772">
    <p class='ocr_par' dir='ltr' id='par_1_14' title="bbox 258 737 1047 772">
     <span class='ocr_line' id='line_1_14' title="bbox 258 737 1047 772; baseline 0.001 -9"><span class='ocrx_word' id='word_1_89' title='bbox 258 737 330 764; x_wconf 75' lang='lat' dir='ltr'><strong>situt</strong></span> <span class='ocrx_word' id='word_1_90' title='bbox 343 737 377 764; x_wconf 90' lang='lat' dir='ltr'><strong>ad</strong></span> <span class='ocrx_word' id='word_1_91' title='bbox 393 737 573 772; x_wconf 83' lang='lat' dir='ltr'><strong>operatricem</strong></span> <span class='ocrx_word' id='word_1_92' title='bbox 592 738 743 770; x_wconf 80' lang='lat' dir='ltr'><strong>formicam,</strong></span> <span class='ocrx_word' id='word_1_93' title='bbox 762 746 815 765; x_wconf 93' lang='lat' dir='ltr'><strong>non</strong></span> <span class='ocrx_word' id='word_1_94' title='bbox 834 743 864 765; x_wconf 89' lang='lat' dir='ltr'><strong>ut</strong></span> <span class='ocrx_word' id='word_1_95' title='bbox 881 738 942 764; x_wconf 90' lang='lat' dir='ltr'><strong>talia</strong></span> <span class='ocrx_word' id='word_1_96' title='bbox 958 738 1047 772; x_wconf 87' lang='lat' dir='ltr'><strong>qualia</strong></span> 
     </span>
    </p>
   </div>
   <div class='ocr_carea' id='block_1_15' title="bbox 259 784 1046 819">
    <p class='ocr_par' dir='ltr' id='par_1_15' title="bbox 259 784 1046 819">
     <span class='ocr_line' id='line_1_15' title="bbox 259 784 1046 819; baseline 0.001 -10"><span class='ocrx_word' id='word_1_97' title='bbox 259 784 373 810; x_wconf 77' lang='lat' dir='ltr'><strong>formica</strong></span> <span class='ocrx_word' id='word_1_98' title='bbox 389 789 560 819; x_wconf 88' lang='lat' dir='ltr'><strong>operaretur,</strong></span> <span class='ocrx_word' id='word_1_99' title='bbox 577 785 624 812; x_wconf 86' lang='lat' dir='ltr'><strong>sed</strong></span> <span class='ocrx_word' id='word_1_100' title='bbox 648 790 679 812; x_wconf 87' lang='lat' dir='ltr'><strong>ut</strong></span> <span class='ocrx_word' id='word_1_101' title='bbox 695 785 871 812; x_wconf 69' lang='lat' dir='ltr'><strong>aemularetur</strong></span> <span class='ocrx_word' id='word_1_102' title='bbox 895 784 1046 817; x_wconf 81' lang='lat' dir='ltr'><strong>formicam,</strong></span> 
     </span>
    </p>
   </div>
   <div class='ocr_carea' id='block_1_16' title="bbox 258 829 1047 865">
    <p class='ocr_par' dir='ltr' id='par_1_16' title="bbox 258 829 1047 865">
     <span class='ocr_line' id='line_1_16' title="bbox 258 829 1047 865; baseline 0.001 -11"><span class='ocrx_word' id='word_1_103' title='bbox 258 837 327 864; x_wconf 85' lang='lat' dir='ltr'><strong>opus</strong></span> <span class='ocrx_word' id='word_1_104' title='bbox 342 829 375 856; x_wconf 89' lang='lat' dir='ltr'><strong>ad</strong></span> <span class='ocrx_word' id='word_1_105' title='bbox 394 830 496 864; x_wconf 83' lang='lat' dir='ltr'><strong>majora</strong></span> <span class='ocrx_word' id='word_1_106' title='bbox 517 830 674 862; x_wconf 83' lang='lat' dir='ltr'><strong>transferre,</strong></span> <span class='ocrx_word' id='word_1_107' title='bbox 692 831 719 858; x_wconf 91' lang='lat' dir='ltr'><strong>id</strong></span> <span class='ocrx_word' id='word_1_108' title='bbox 741 834 782 858; x_wconf 86' lang='lat' dir='ltr'><strong>est</strong></span> <span class='ocrx_word' id='word_1_109' title='bbox 802 830 834 857; x_wconf 85' lang='lat' dir='ltr'><strong>ad</strong></span> <span class='ocrx_word' id='word_1_110' title='bbox 853 829 972 865; x_wconf 83' lang='lat' dir='ltr'><strong>agendas</strong></span> <span class='ocrx_word' id='word_1_111' title='bbox 991 829 1047 855; x_wconf 86' lang='lat' dir='ltr'><strong>vir-</strong></span> 
     </span>
    </p>
   </div>
   <div class='ocr_carea' id='block_1_17' title="bbox 260 875 1047 911">
    <p class='ocr_par' dir='ltr' id='par_1_17' title="bbox 260 875 1047 911">
     <span class='ocr_line' id='line_1_17' title="bbox 260 875 1047 911; baseline 0.001 -11"><span class='ocrx_word' id='word_1_112' title='bbox 260 880 341 902; x_wconf 82' lang='lat' dir='ltr'><strong>tutes.</strong></span> <span class='ocrx_word' id='word_1_113' title='bbox 355 875 434 903; x_wconf 85' lang='lat' dir='ltr'><strong>Unde</strong></span> <span class='ocrx_word' id='word_1_114' title='bbox 447 876 514 903; x_wconf 78' lang='lat' dir='ltr'><strong>LXX</strong></span> <span class='ocrx_word' id='word_1_115' title='bbox 531 877 677 904; x_wconf 83' lang='lat' dir='ltr'><strong>ediderunt</strong></span> <span class='ocrx_word' id='word_1_116' title='bbox 693 886 699 903; x_wconf 93' lang='lat'>:</span> <span class='ocrx_word' id='word_1_117' title='bbox 715 877 750 904; x_wconf 86' lang='lat' dir='ltr'><strong>Et</strong></span> <span class='ocrx_word' id='word_1_118' title='bbox 765 877 862 911; x_wconf 79' lang='lat' dir='ltr'><strong>efficere</strong></span> <span class='ocrx_word' id='word_1_119' title='bbox 879 875 926 902; x_wconf 78' lang='lat' dir='ltr'><strong>illa</strong></span> <span class='ocrx_word' id='word_1_120' title='bbox 942 875 1047 910; x_wconf 84' lang='lat' dir='ltr'><strong>sapien-</strong></span> 
     </span>
    </p>
   </div>
   <div class='ocr_carea' id='block_1_18' title="bbox 259 917 1048 955">
    <p class='ocr_par' dir='ltr' id='par_1_18' title="bbox 259 917 1048 955">
     <span class='ocr_line' id='line_1_18' title="bbox 259 917 1048 955; baseline 0 -9"><span class='ocrx_word' id='word_1_121' title='bbox 259 920 320 947; x_wconf 88' lang='lat' dir='ltr'><strong>tior.</strong></span> <span class='ocrx_word' id='word_1_122' title='bbox 334 920 378 947; x_wconf 82' lang='lat' dir='ltr'><strong>Sic</strong></span> <span class='ocrx_word' id='word_1_123' title='bbox 398 928 461 955; x_wconf 82' lang='lat' dir='ltr'><strong>ergo</strong></span> <span class='ocrx_word' id='word_1_124' title='bbox 476 921 568 952; x_wconf 89' lang='lat' dir='ltr'><strong>homo,</strong></span> <span class='ocrx_word' id='word_1_125' title='bbox 592 929 652 948; x_wconf 89' lang='lat' dir='ltr'><strong>cum</strong></span> <span class='ocrx_word' id='word_1_126' title='bbox 671 921 760 948; x_wconf 77' lang='lat' dir='ltr'><strong>divitia</strong></span> <span class='ocrx_word' id='word_1_127' title='bbox 779 917 887 953; x_wconf 59' lang='lat' dir='ltr'><strong>studet,</strong></span> <span class='ocrx_word' id='word_1_128' title='bbox 899 920 1048 955; x_wconf 89' lang='lat' dir='ltr'><strong>sapietttior</strong></span> 
     </span>
    </p>
   </div>
   <div class='ocr_carea' id='block_1_19' title="bbox 1096 323 1886 361">
    <p class='ocr_par' dir='ltr' id='par_1_19' title="bbox 1096 323 1886 361">
     <span class='ocr_line' id='line_1_19' title="bbox 1096 323 1886 361; baseline -0.004 -7"><span class='ocrx_word' id='word_1_129' title='bbox 1096 327 1232 361; x_wconf 87' lang='lat' dir='ltr'><strong>nibusque</strong></span> <span class='ocrx_word' id='word_1_130' title='bbox 1249 326 1342 359; x_wconf 88' lang='lat' dir='ltr'><strong>cessit,</strong></span> <span class='ocrx_word' id='word_1_131' title='bbox 1359 325 1513 359; x_wconf 64' lang='lat' dir='ltr'><strong>animmque</strong></span> <span class='ocrx_word' id='word_1_132' title='bbox 1537 331 1593 350; x_wconf 72' lang='lat' dir='ltr'><strong>suae.</strong></span> <span class='ocrx_word' id='word_1_133' title='bbox 1614 323 1806 354; x_wconf 58' lang='lat' dir='ltr'><strong>fortitudinem,</strong></span> <span class='ocrx_word' id='word_1_134' title='bbox 1823 332 1886 358; x_wconf 88' lang='lat' dir='ltr'><strong>per-</strong></span> 
     </span>
    </p>
   </div>
   <div class='ocr_carea' id='block_1_20' title="bbox 1097 369 1886 406">
    <p class='ocr_par' dir='ltr' id='par_1_20' title="bbox 1097 369 1886 406">
     <span class='ocr_line' id='line_1_20' title="bbox 1097 369 1886 406; baseline -0.005 -6"><span class='ocrx_word' id='word_1_135' title='bbox 1097 372 1167 400; x_wconf 89' lang='lat' dir='ltr'><strong>didit</strong></span> <span class='ocrx_word' id='word_1_136' title='bbox 1181 381 1188 399; x_wconf 88' lang='lat'><strong>:</strong></span> <span class='ocrx_word' id='word_1_137' title='bbox 1204 380 1259 399; x_wconf 88' lang='lat' dir='ltr'><strong>tton</strong></span> <span class='ocrx_word' id='word_1_138' title='bbox 1274 372 1346 399; x_wconf 88' lang='lat' dir='ltr'><strong>ettittt</strong></span> <span class='ocrx_word' id='word_1_139' title='bbox 1369 374 1477 405; x_wconf 87' lang='lat' dir='ltr'><strong>oportet</strong></span> <span class='ocrx_word' id='word_1_140' title='bbox 1501 370 1553 396; x_wconf 85' lang='lat' dir='ltr'><strong>hoc</strong></span> <span class='ocrx_word' id='word_1_141' title='bbox 1574 369 1688 404; x_wconf 82' lang='lat' dir='ltr'><strong>perpeti,</strong></span> <span class='ocrx_word' id='word_1_142' title='bbox 1705 376 1756 406; x_wconf 89' lang='lat' dir='ltr'><strong>nec</strong></span> <span class='ocrx_word' id='word_1_143' title='bbox 1774 370 1886 397; x_wconf 86' lang='lat' dir='ltr'><strong>omnino</strong></span> 
     </span>
    </p>
   </div>
   <div class='ocr_carea' id='block_1_21' title="bbox 1096 413 1887 450">
    <p class='ocr_par' dir='ltr' id='par_1_21' title="bbox 1096 413 1887 450">
     <span class='ocr_line' id='line_1_21' title="bbox 1096 413 1887 450; baseline -0.004 -6"><span class='ocrx_word' id='word_1_144' title='bbox 1096 418 1196 445; x_wconf 83' lang='lat' dir='ltr'><strong>cedere</strong></span> <span class='ocrx_word' id='word_1_145' title='bbox 1211 415 1365 450; x_wconf 84' lang='lat' dir='ltr'><strong>imtnineuti</strong></span> <span class='ocrx_word' id='word_1_146' title='bbox 1384 414 1465 445; x_wconf 75' lang='lat' dir='ltr'><strong>hosti.</strong></span> <span class='ocrx_word' id='word_1_147' title='bbox 1482 419 1563 448; x_wconf 87' lang='lat' dir='ltr'><strong>atque</strong></span> <span class='ocrx_word' id='word_1_148' title='bbox 1583 413 1722 448; x_wconf 81' lang='lat' dir='ltr'><strong>aflligettti.</strong></span> <span class='ocrx_word' id='word_1_149' title='bbox 1740 413 1817 440; x_wconf 87' lang='lat' dir='ltr'><strong>Unde</strong></span> <span class='ocrx_word' id='word_1_150' title='bbox 1833 413 1887 441; x_wconf 90' lang='lat' dir='ltr'><strong>Da-</strong></span> 
     </span>
    </p>
   </div>
   <div class='ocr_carea' id='block_1_22' title="bbox 1097 460 1886 495">
    <p class='ocr_par' dir='ltr' id='par_1_22' title="bbox 1097 460 1886 495">
     <span class='ocr_line' id='line_1_22' title="bbox 1097 460 1886 495; baseline -0.006 -4"><span class='ocrx_word' id='word_1_151' title='bbox 1097 463 1140 491; x_wconf 87' lang='lat' dir='ltr'><strong>vid</strong></span> <span class='ocrx_word' id='word_1_152' title='bbox 1155 463 1193 490; x_wconf 87' lang='lat' dir='ltr'><strong>ait</strong></span> <span class='ocrx_word' id='word_1_153' title='bbox 1210 472 1216 489; x_wconf 78' lang='lat'><strong>2</strong></span> <span class='ocrx_word' id='word_1_154' title='bbox 1235 462 1266 490; x_wconf 81' lang='lat' dir='ltr'><strong>Ut</strong></span> <span class='ocrx_word' id='word_1_155' title='bbox 1281 462 1344 495; x_wconf 86' lang='lat' dir='ltr'><strong>quid</strong></span> <span class='ocrx_word' id='word_1_156' title='bbox 1365 462 1447 488; x_wconf 75' lang='lat' dir='ltr'><strong>tristis</strong></span> <span class='ocrx_word' id='word_1_157' title='bbox 1473 461 1574 493; x_wconf 81' lang='lat' dir='ltr'><strong>incedo,</strong></span> <span class='ocrx_word' id='word_1_158' title='bbox 1593 460 1655 486; x_wconf 85' lang='lat' dir='ltr'><strong>dum</strong></span> <span class='ocrx_word' id='word_1_159' title='bbox 1670 460 1759 495; x_wconf 79' lang='lat' dir='ltr'><strong>affligit</strong></span> <span class='ocrx_word' id='word_1_160' title='bbox 1777 469 1817 487; x_wconf 88' lang='lat' dir='ltr'><strong>me</strong></span> <span class='ocrx_word' id='word_1_161' title='bbox 1833 461 1886 487; x_wconf 89' lang='lat' dir='ltr'><strong>ini-</strong></span> 
     </span>
    </p>
   </div>
   <div class='ocr_carea' id='block_1_23' title="bbox 1097 505 1885 543">
    <p class='ocr_par' dir='ltr' id='par_1_23' title="bbox 1097 505 1885 543">
     <span class='ocr_line' id='line_1_23' title="bbox 1097 505 1885 543; baseline -0.006 -7"><span class='ocrx_word' id='word_1_162' title='bbox 1097 509 1179 536; x_wconf 83' lang='lat' dir='ltr'><strong>micus</strong></span> <span class='ocrx_word' id='word_1_163' title='bbox 1196 508 1224 535; x_wconf 79' lang='lat'><strong>‘?</strong></span> <span class='ocrx_word' id='word_1_164' title='bbox 1248 507 1371 543; x_wconf 87' lang='lat' dir='ltr'><strong>Oportet,</strong></span> <span class='ocrx_word' id='word_1_165' title='bbox 1388 507 1486 541; x_wconf 87' lang='lat' dir='ltr'><strong>inquit,</strong></span> <span class='ocrx_word' id='word_1_166' title='bbox 1503 513 1546 532; x_wconf 89' lang='lat' dir='ltr'><strong>ttte</strong></span> <span class='ocrx_word' id='word_1_167' title='bbox 1564 505 1682 540; x_wconf 78' lang='lat' dir='ltr'><strong>gaudere</strong></span> <span class='ocrx_word' id='word_1_168' title='bbox 1696 509 1725 532; x_wconf 88' lang='lat' dir='ltr'><strong>et</strong></span> <span class='ocrx_word' id='word_1_169' title='bbox 1736 505 1885 537; x_wconf 85' lang='lat' dir='ltr'><strong>exsultare,</strong></span> 
     </span>
    </p>
   </div>
   <div class='ocr_carea' id='block_1_24' title="bbox 1097 550 1886 590">
    <p class='ocr_par' dir='ltr' id='par_1_24' title="bbox 1097 550 1886 590">
     <span class='ocr_line' id='line_1_24' title="bbox 1097 550 1886 590; baseline -0.006 -8"><span class='ocrx_word' id='word_1_170' title='bbox 1097 559 1192 590; x_wconf 88' lang='lat' dir='ltr'><strong>utpote</strong></span> <span class='ocrx_word' id='word_1_171' title='bbox 1206 554 1251 588; x_wconf 93' lang='lat' dir='ltr'><strong>qui</strong></span> <span class='ocrx_word' id='word_1_172' title='bbox 1268 553 1301 580; x_wconf 86' lang='lat' dir='ltr'><strong>ad</strong></span> <span class='ocrx_word' id='word_1_173' title='bbox 1316 558 1454 580; x_wconf 86' lang='lat' dir='ltr'><strong>certamen</strong></span> <span class='ocrx_word' id='word_1_174' title='bbox 1475 559 1566 583; x_wconf 87' lang='lat' dir='ltr'><strong>vocor,</strong></span> <span class='ocrx_word' id='word_1_175' title='bbox 1589 551 1616 578; x_wconf 91' lang='lat' dir='ltr'><strong>in</strong></span> <span class='ocrx_word' id='word_1_176' title='bbox 1632 559 1686 585; x_wconf 91' lang='lat' dir='ltr'><strong>quo</strong></span> <span class='ocrx_word' id='word_1_177' title='bbox 1707 550 1794 578; x_wconf 88' lang='lat' dir='ltr'><strong>victor</strong></span> <span class='ocrx_word' id='word_1_178' title='bbox 1808 550 1886 578; x_wconf 79' lang='lat' dir='ltr'><strong>exsi-</strong></span> 
     </span>
    </p>
   </div>
   <div class='ocr_carea' id='block_1_25' title="bbox 1098 597 1887 632">
    <p class='ocr_par' dir='ltr' id='par_1_25' title="bbox 1098 597 1887 632">
     <span class='ocr_line' id='line_1_25' title="bbox 1098 597 1887 632; baseline -0.006 -4"><span class='ocrx_word' id='word_1_179' title='bbox 1098 605 1167 628; x_wconf 86' lang='lat' dir='ltr'><strong>stam</strong></span> <span class='ocrx_word' id='word_1_180' title='bbox 1186 610 1192 627; x_wconf 88' lang='lat'>:</span> <span class='ocrx_word' id='word_1_181' title='bbox 1210 608 1272 627; x_wconf 89' lang='lat' dir='ltr'><strong>nam</strong></span> <span class='ocrx_word' id='word_1_182' title='bbox 1288 603 1316 627; x_wconf 92' lang='lat' dir='ltr'><strong>et</strong></span> <span class='ocrx_word' id='word_1_183' title='bbox 1332 598 1454 626; x_wconf 75' lang='lat' dir='ltr'><strong>victoria:</strong></span> <span class='ocrx_word' id='word_1_184' title='bbox 1469 598 1580 625; x_wconf 87' lang='lat' dir='ltr'><strong>modum</strong></span> <span class='ocrx_word' id='word_1_185' title='bbox 1598 597 1721 624; x_wconf 84' lang='lat' dir='ltr'><strong>subdidit</strong></span> <span class='ocrx_word' id='word_1_186' title='bbox 1737 606 1743 624; x_wconf 85' lang='lat'>:</span> <span class='ocrx_word' id='word_1_187' title='bbox 1760 597 1844 632; x_wconf 84' lang='lat' dir='ltr'><strong>Spera</strong></span> <span class='ocrx_word' id='word_1_188' title='bbox 1859 598 1887 624; x_wconf 84' lang='lat' dir='ltr'><strong>in</strong></span> 
     </span>
    </p>
   </div>
   <div class='ocr_carea' id='block_1_26' title="bbox 1097 643 1886 685">
    <p class='ocr_par' dir='ltr' id='par_1_26' title="bbox 1097 643 1886 685">
     <span class='ocr_line' id='line_1_26' title="bbox 1097 643 1886 685; baseline -0.006 -11"><span class='ocrx_word' id='word_1_189' title='bbox 1097 648 1218 678; x_wconf 88' lang='lat' dir='ltr'><strong>Domino,</strong></span> <span class='ocrx_word' id='word_1_190' title='bbox 1233 646 1357 685; x_wconf 75' lang='lat' dir='ltr'><strong>quoniam</strong></span> <span class='ocrx_word' id='word_1_191' title='bbox 1373 644 1513 678; x_wconf 87' lang='lat' dir='ltr'><strong>confitebor</strong></span> <span class='ocrx_word' id='word_1_192' title='bbox 1530 643 1579 675; x_wconf 84' lang='lat' dir='ltr'><strong>illi,</strong></span> <span class='ocrx_word' id='word_1_193' title='bbox 1593 644 1710 670; x_wconf 75' lang='lat' dir='ltr'><strong>salutare</strong></span> <span class='ocrx_word' id='word_1_194' title='bbox 1725 643 1810 670; x_wconf 78' lang='lat' dir='ltr'><strong>vultus</strong></span> <span class='ocrx_word' id='word_1_195' title='bbox 1825 645 1886 677; x_wconf 85' lang='lat' dir='ltr'><strong>mei,</strong></span> 
     </span>
    </p>
   </div>
   <div class='ocr_carea' id='block_1_27' title="bbox 1098 689 1887 724">
    <p class='ocr_par' dir='ltr' id='par_1_27' title="bbox 1098 689 1887 724">
     <span class='ocr_line' id='line_1_27' title="bbox 1098 689 1887 724; baseline -0.006 -4"><span class='ocrx_word' id='word_1_196' title='bbox 1098 699 1121 721; x_wconf 89' lang='lat' dir='ltr'><strong>et</strong></span> <span class='ocrx_word' id='word_1_197' title='bbox 1139 693 1206 720; x_wconf 79' lang='lat' dir='ltr'><strong>Deus</strong></span> <span class='ocrx_word' id='word_1_198' title='bbox 1221 701 1292 720; x_wconf 84' lang='lat' dir='ltr'><strong>meus</strong></span> <span class='ocrx_word' id='word_1_199' title='bbox 1307 692 1329 720; x_wconf 87' lang='grc'><strong>¹.</strong></span> <span class='ocrx_word' id='word_1_200' title='bbox 1353 691 1442 719; x_wconf 80' lang='lat' dir='ltr'><strong>Sectis</strong></span> <span class='ocrx_word' id='word_1_201' title='bbox 1457 690 1608 724; x_wconf 86' lang='lat' dir='ltr'><strong>ablatisquc</strong></span> <span class='ocrx_word' id='word_1_202' title='bbox 1625 689 1757 716; x_wconf 84' lang='lat' dir='ltr'><strong>testiculis</strong></span> <span class='ocrx_word' id='word_1_203' title='bbox 1773 694 1823 721; x_wconf 83' lang='lat' dir='ltr'><strong>est,</strong></span> <span class='ocrx_word' id='word_1_204' title='bbox 1839 690 1887 724; x_wconf 77' lang='lat' dir='ltr'><strong>qui</strong></span> 
     </span>
    </p>
   </div>
   <div class='ocr_carea' id='block_1_28' title="bbox 1097 736 1889 771">
    <p class='ocr_par' dir='ltr' id='par_1_28' title="bbox 1097 736 1889 771">
     <span class='ocr_line' id='line_1_28' title="bbox 1097 736 1889 771; baseline -0.006 -4"><span class='ocrx_word' id='word_1_205' title='bbox 1097 747 1151 766; x_wconf 90' lang='lat' dir='ltr'><strong>una</strong></span> <span class='ocrx_word' id='word_1_206' title='bbox 1168 739 1275 766; x_wconf 87' lang='lat' dir='ltr'><strong>actione</strong></span> <span class='ocrx_word' id='word_1_207' title='bbox 1292 746 1387 770; x_wconf 87' lang='lat' dir='ltr'><strong>prava,</strong></span> <span class='ocrx_word' id='word_1_208' title='bbox 1403 737 1542 771; x_wconf 82' lang='lat' dir='ltr'><strong>animique</strong></span> <span class='ocrx_word' id='word_1_209' title='bbox 1564 736 1702 771; x_wconf 88' lang='lat' dir='ltr'><strong>itupietate</strong></span> <span class='ocrx_word' id='word_1_210' title='bbox 1725 740 1753 763; x_wconf 89' lang='lat' dir='ltr'><strong>et</strong></span> <span class='ocrx_word' id='word_1_211' title='bbox 1777 740 1889 763; x_wconf 89' lang='lat' dir='ltr'><strong>secante</strong></span> 
     </span>
    </p>
   </div>
   <div class='ocr_carea' id='block_1_29' title="bbox 1098 780 1888 815">
    <p class='ocr_par' dir='ltr' id='par_1_29' title="bbox 1098 780 1888 815">
     <span class='ocr_line' id='line_1_29' title="bbox 1098 780 1888 815; baseline -0.006 -4"><span class='ocrx_word' id='word_1_212' title='bbox 1098 784 1169 811; x_wconf 88' lang='lat' dir='ltr'><strong>sicut</strong></span> <span class='ocrx_word' id='word_1_213' title='bbox 1189 783 1318 813; x_wconf 86' lang='lat' dir='ltr'><strong>cultrum.</strong></span> <span class='ocrx_word' id='word_1_214' title='bbox 1332 787 1359 810; x_wconf 92' lang='lat' dir='ltr'><strong>et</strong></span> <span class='ocrx_word' id='word_1_215' title='bbox 1378 781 1532 814; x_wconf 84' lang='lat' dir='ltr'><strong>auferente,</strong></span> <span class='ocrx_word' id='word_1_216' title='bbox 1551 780 1780 815; x_wconf 87' lang='lat' dir='ltr'><strong>quemadmodum</strong></span> <span class='ocrx_word' id='word_1_217' title='bbox 1805 780 1888 807; x_wconf 85' lang='lat' dir='ltr'><strong>nimis</strong></span> 
     </span>
    </p>
   </div>
   <div class='ocr_carea' id='block_1_30' title="bbox 1098 826 1888 863">
    <p class='ocr_par' dir='ltr' id='par_1_30' title="bbox 1098 826 1888 863">
     <span class='ocr_line' id='line_1_30' title="bbox 1098 826 1888 863; baseline -0.006 -6"><span class='ocrx_word' id='word_1_218' title='bbox 1098 830 1191 861; x_wconf 78' lang='lat' dir='ltr'><strong>effera,</strong></span> <span class='ocrx_word' id='word_1_219' title='bbox 1212 834 1240 856; x_wconf 90' lang='lat' dir='ltr'><strong>et</strong></span> <span class='ocrx_word' id='word_1_220' title='bbox 1259 828 1392 863; x_wconf 82' lang='lat' dir='ltr'><strong>direptrix</strong></span> <span class='ocrx_word' id='word_1_221' title='bbox 1406 835 1504 854; x_wconf 87' lang='lat' dir='ltr'><strong>manus</strong></span> <span class='ocrx_word' id='word_1_222' title='bbox 1518 827 1695 861; x_wconf 81' lang='lat' dir='ltr'><strong>semetipsum</strong></span> <span class='ocrx_word' id='word_1_223' title='bbox 1711 826 1888 859; x_wconf 78' lang='lat' dir='ltr'><strong>absoindetts,</strong></span> 
     </span>
    </p>
   </div>
   <div class='ocr_carea' id='block_1_31' title="bbox 1098 871 1882 908">
    <p class='ocr_par' dir='ltr' id='par_1_31' title="bbox 1098 871 1882 908">
     <span class='ocr_line' id='line_1_31' title="bbox 1098 871 1882 908; baseline -0.004 -7"><span class='ocrx_word' id='word_1_224' title='bbox 1098 878 1126 901; x_wconf 88' lang='lat' dir='ltr'><strong>et</strong></span> <span class='ocrx_word' id='word_1_225' title='bbox 1140 874 1269 901; x_wconf 85' lang='lat' dir='ltr'><strong>auferens</strong></span> <span class='ocrx_word' id='word_1_226' title='bbox 1291 881 1306 900; x_wconf 86' lang='lat' dir='ltr'><strong>a</strong></span> <span class='ocrx_word' id='word_1_227' title='bbox 1328 872 1523 908; x_wconf 88' lang='lat' dir='ltr'><strong>conjunctione</strong></span> <span class='ocrx_word' id='word_1_228' title='bbox 1543 871 1601 904; x_wconf 86' lang='lat' dir='ltr'><strong>Dei,</strong></span> <span class='ocrx_word' id='word_1_229' title='bbox 1618 879 1677 906; x_wconf 55' lang='lat' dir='ltr'><strong>quas</strong></span> <span class='ocrx_word' id='word_1_230' title='bbox 1693 876 1735 898; x_wconf 87' lang='lat' dir='ltr'><strong>est</strong></span> <span class='ocrx_word' id='word_1_231' title='bbox 1754 871 1782 898; x_wconf 91' lang='lat' dir='ltr'><strong>in</strong></span> <span class='ocrx_word' id='word_1_232' title='bbox 1799 871 1882 898; x_wconf 85' lang='lat' dir='ltr'><strong>virtu-</strong></span> 
     </span>
    </p>
   </div>
   <div class='ocr_carea' id='block_1_32' title="bbox 1098 917 1886 953">
    <p class='ocr_par' dir='ltr' id='par_1_32' title="bbox 1098 917 1886 953">
     <span class='ocr_line' id='line_1_32' title="bbox 1098 917 1886 953; baseline -0.006 -6"><span class='ocrx_word' id='word_1_233' title='bbox 1098 921 1182 952; x_wconf 83' lang='lat' dir='ltr'><strong>tibus,</strong></span> <span class='ocrx_word' id='word_1_234' title='bbox 1198 920 1349 947; x_wconf 88' lang='lat' dir='ltr'><strong>secundum</strong></span> <span class='ocrx_word' id='word_1_235' title='bbox 1374 919 1447 953; x_wconf 91' lang='lat' dir='ltr'><strong>quod</strong></span> <span class='ocrx_word' id='word_1_236' title='bbox 1470 917 1599 950; x_wconf 80' lang='lat' dir='ltr'><strong>diximus,</strong></span> <span class='ocrx_word' id='word_1_237' title='bbox 1616 917 1738 952; x_wconf 85' lang='lat' dir='ltr'><strong>privatus</strong></span> <span class='ocrx_word' id='word_1_238' title='bbox 1759 917 1843 952; x_wconf 86' lang='lat' dir='ltr'><strong>prole,</strong></span> <span class='ocrx_word' id='word_1_239' title='bbox 1861 923 1886 944; x_wconf 85' lang='lat' dir='ltr'><strong>et</strong></span> 
     </span>
    </p>
   </div>
   <div class='ocr_carea' id='block_1_33' title="bbox 258 963 1887 1002">
    <p class='ocr_par' dir='ltr' id='par_1_33' title="bbox 258 963 1887 1002">
     <span class='ocr_line' id='line_1_33' title="bbox 258 963 1887 1002; baseline -0.001 -10"><span class='ocrx_word' id='word_1_240' title='bbox 258 965 383 998; x_wconf 69' lang='lat' dir='ltr'><strong>a-llieitur,</strong></span> <span class='ocrx_word' id='word_1_241' title='bbox 410 966 444 993; x_wconf 88' lang='lat' dir='ltr'><strong>ab</strong></span> <span class='ocrx_word' id='word_1_242' title='bbox 474 967 520 992; x_wconf 87' lang='lat' dir='ltr'><strong>illo</strong></span> <span class='ocrx_word' id='word_1_243' title='bbox 545 967 592 1001; x_wconf 89' lang='lat' dir='ltr'><strong>qui</strong></span> <span class='ocrx_word' id='word_1_244' title='bbox 622 972 730 994; x_wconf 90' lang='lat' dir='ltr'><strong>terrena</strong></span> <span class='ocrx_word' id='word_1_245' title='bbox 756 971 895 1002; x_wconf 87' lang='lat' dir='ltr'><strong>operatur.</strong></span> <span class='ocrx_word' id='word_1_246' title='bbox 920 966 1048 1001; x_wconf 83' lang='lat' dir='ltr'><strong>Papulam</strong></span> <span class='ocrx_word' id='word_1_247' title='bbox 1064 965 1085 992; x_wconf 74' lang='lat' dir='ltr'><strong>ll</strong></span> <span class='ocrx_word' id='word_1_248' title='bbox 1100 966 1185 1001; x_wconf 77' lang='lat' dir='ltr'><strong>signis</strong></span> <span class='ocrx_word' id='word_1_249' title='bbox 1207 965 1293 992; x_wconf 86' lang='lat' dir='ltr'><strong>virilis</strong></span> <span class='ocrx_word' id='word_1_250' title='bbox 1318 964 1495 1000; x_wconf 89' lang='lat' dir='ltr'><strong>cognitionis,</strong></span> <span class='ocrx_word' id='word_1_251' title='bbox 1513 971 1630 998; x_wconf 89' lang='lat' dir='ltr'><strong>quorum</strong></span> <span class='ocrx_word' id='word_1_252' title='bbox 1655 963 1755 990; x_wconf 87' lang='lat' dir='ltr'><strong>danmo</strong></span> <span class='ocrx_word' id='word_1_253' title='bbox 1775 963 1833 998; x_wconf 87' lang='lat' dir='ltr'><strong>ipse</strong></span> <span class='ocrx_word' id='word_1_254' title='bbox 1859 970 1887 991; x_wconf 79' lang='lat' dir='ltr'><strong>se</strong></span> 
     </span>
    </p>
   </div>
   <div class='ocr_carea' id='block_1_34' title="bbox 260 1012 1048 1048">
    <p class='ocr_par' dir='ltr' id='par_1_34' title="bbox 260 1012 1048 1048">
     <span class='ocr_line' id='line_1_34' title="bbox 260 1012 1048 1048; baseline 0.004 -11"><span class='ocrx_word' id='word_1_255' title='bbox 260 1012 374 1045; x_wconf 83' lang='lat' dir='ltr'><strong>habens,</strong></span> <span class='ocrx_word' id='word_1_256' title='bbox 400 1013 443 1038; x_wconf 92' lang='lat' dir='ltr'><strong>vel</strong></span> <span class='ocrx_word' id='word_1_257' title='bbox 466 1012 604 1045; x_wconf 79' lang='lat' dir='ltr'><strong>scabiem,</strong></span> <span class='ocrx_word' id='word_1_258' title='bbox 633 1013 771 1040; x_wconf 87' lang='lat' dir='ltr'><strong>detractor</strong></span> <span class='ocrx_word' id='word_1_259' title='bbox 796 1012 965 1048; x_wconf 80' lang='lat' dir='ltr'><strong>intelligitur,</strong></span> <span class='ocrx_word' id='word_1_260' title='bbox 985 1012 1048 1047; x_wconf 83' lang='lat' dir='ltr'><strong>quia</strong></span> 
     </span>
    </p>
   </div>
   <div class='ocr_carea' id='block_1_35' title="bbox 259 1058 1050 1094">
    <p class='ocr_par' dir='ltr' id='par_1_35' title="bbox 259 1058 1050 1094">
     <span class='ocr_line' id='line_1_35' title="bbox 259 1058 1050 1094; baseline 0.001 -10"><span class='ocrx_word' id='word_1_261' title='bbox 259 1058 397 1093; x_wconf 79' lang='lat' dir='ltr'><strong>pessimus</strong></span> <span class='ocrx_word' id='word_1_262' title='bbox 418 1059 478 1094; x_wconf 86' lang='lat' dir='ltr'><strong>ejus</strong></span> <span class='ocrx_word' id='word_1_263' title='bbox 500 1059 619 1089; x_wconf 82' lang='lat' dir='ltr'><strong>morbus,</strong></span> <span class='ocrx_word' id='word_1_264' title='bbox 635 1063 663 1086; x_wconf 83' lang='lat' dir='ltr'><strong>et</strong></span> <span class='ocrx_word' id='word_1_265' title='bbox 683 1059 861 1093; x_wconf 89' lang='lat' dir='ltr'><strong>asperrimum</strong></span> <span class='ocrx_word' id='word_1_266' title='bbox 875 1059 936 1093; x_wconf 90' lang='lat' dir='ltr'><strong>ejus</strong></span> <span class='ocrx_word' id='word_1_267' title='bbox 950 1058 1050 1085; x_wconf 82' lang='lat' dir='ltr'><strong>vulnus</strong></span> 
     </span>
    </p>
   </div>
   <div class='ocr_carea' id='block_1_36' title="bbox 259 1103 1048 1139">
    <p class='ocr_par' dir='ltr' id='par_1_36' title="bbox 259 1103 1048 1139">
     <span class='ocr_line' id='line_1_36' title="bbox 259 1103 1048 1139; baseline -0.001 -8"><span class='ocrx_word' id='word_1_268' title='bbox 259 1108 325 1132; x_wconf 88' lang='lat' dir='ltr'><strong>est:</strong></span> <span class='ocrx_word' id='word_1_269' title='bbox 346 1105 421 1132; x_wconf 89' lang='lat' dir='ltr'><strong>nttllo</strong></span> <span class='ocrx_word' id='word_1_270' title='bbox 447 1105 521 1132; x_wconf 87' lang='lat' dir='ltr'><strong>enim</strong></span> <span class='ocrx_word' id='word_1_271' title='bbox 548 1104 729 1132; x_wconf 87' lang='lat' dir='ltr'><strong>medicamine</strong></span> <span class='ocrx_word' id='word_1_272' title='bbox 757 1104 837 1131; x_wconf 85' lang='lat' dir='ltr'><strong>facile</strong></span> <span class='ocrx_word' id='word_1_273' title='bbox 859 1108 951 1139; x_wconf 87' lang='lat' dir='ltr'><strong>potest</strong></span> <span class='ocrx_word' id='word_1_274' title='bbox 975 1103 1048 1130; x_wconf 85' lang='lat' dir='ltr'><strong>utili-</strong></span> 
     </span>
    </p>
   </div>
   <div class='ocr_carea' id='block_1_37' title="bbox 259 1150 1050 1186">
    <p class='ocr_par' dir='ltr' id='par_1_37' title="bbox 259 1150 1050 1186">
     <span class='ocr_line' id='line_1_37' title="bbox 259 1150 1050 1186; baseline 0 -9"><span class='ocrx_word' id='word_1_275' title='bbox 259 1151 328 1185; x_wconf 78' lang='lat' dir='ltr'><strong>gari.</strong></span> <span class='ocrx_word' id='word_1_276' title='bbox 355 1150 521 1186; x_wconf 78' lang='lat' dir='ltr'><strong>Impetiginis</strong></span> <span class='ocrx_word' id='word_1_277' title='bbox 547 1151 660 1184; x_wconf 89' lang='lat' dir='ltr'><strong>ltabens,</strong></span> <span class='ocrx_word' id='word_1_278' title='bbox 683 1151 832 1178; x_wconf 84' lang='lat' dir='ltr'><strong>fornicator</strong></span> <span class='ocrx_word' id='word_1_279' title='bbox 854 1155 906 1182; x_wconf 87' lang='lat' dir='ltr'><strong>est,</strong></span> <span class='ocrx_word' id='word_1_280' title='bbox 931 1150 1050 1178; x_wconf 87' lang='lat' dir='ltr'><strong>maculat</strong></span> 
     </span>
    </p>
   </div>
   <div class='ocr_carea' id='block_1_38' title="bbox 260 1195 1047 1232">
    <p class='ocr_par' dir='ltr' id='par_1_38' title="bbox 260 1195 1047 1232">
     <span class='ocr_line' id='line_1_38' title="bbox 260 1195 1047 1232; baseline 0 -10"><span class='ocrx_word' id='word_1_281' title='bbox 260 1195 333 1223; x_wconf 84' lang='lat' dir='ltr'><strong>enim</strong></span> <span class='ocrx_word' id='word_1_282' title='bbox 348 1204 428 1223; x_wconf 91' lang='lat' dir='ltr'><strong>suttttt</strong></span> <span class='ocrx_word' id='word_1_283' title='bbox 447 1204 558 1232; x_wconf 90' lang='lat' dir='ltr'><strong>corptts,</strong></span> <span class='ocrx_word' id='word_1_284' title='bbox 582 1201 692 1231; x_wconf 83' lang='lat' dir='ltr'><strong>propter</strong></span> <span class='ocrx_word' id='word_1_285' title='bbox 709 1197 782 1231; x_wconf 91' lang='lat' dir='ltr'><strong>qttod</strong></span> <span class='ocrx_word' id='word_1_286' title='bbox 801 1196 900 1223; x_wconf 83' lang='lat' dir='ltr'><strong>Paulus</strong></span> <span class='ocrx_word' id='word_1_287' title='bbox 916 1196 1022 1223; x_wconf 85' lang='lat' dir='ltr'><strong>dicebat</strong></span> <span class='ocrx_word' id='word_1_288' title='bbox 1040 1204 1047 1222; x_wconf 89' lang='lat'><strong>:</strong></span> 
     </span>
    </p>
   </div>
   <div class='ocr_carea' id='block_1_39' title="bbox 260 1241 1047 1277">
    <p class='ocr_par' dir='ltr' id='par_1_39' title="bbox 260 1241 1047 1277">
     <span class='ocr_line' id='line_1_39' title="bbox 260 1241 1047 1277; baseline -0.001 -8"><span class='ocrx_word' id='word_1_289' title='bbox 260 1243 311 1274; x_wconf 80' lang='lat' dir='ltr'><strong>Qui</strong></span> <span class='ocrx_word' id='word_1_290' title='bbox 340 1247 429 1270; x_wconf 83' lang='lat' dir='ltr'><strong>autent</strong></span> <span class='ocrx_word' id='word_1_291' title='bbox 456 1243 613 1277; x_wconf 76' lang='lat' dir='ltr'><strong>fornicatur,</strong></span> <span class='ocrx_word' id='word_1_292' title='bbox 637 1244 663 1269; x_wconf 87' lang='lat' dir='ltr'><strong>in</strong></span> <span class='ocrx_word' id='word_1_293' title='bbox 689 1250 781 1277; x_wconf 82' lang='lat' dir='ltr'><strong>corpus</strong></span> <span class='ocrx_word' id='word_1_294' title='bbox 806 1250 883 1269; x_wconf 77' lang='lat' dir='ltr'><strong>situm</strong></span> <span class='ocrx_word' id='word_1_295' title='bbox 907 1246 995 1276; x_wconf 79' lang='lat' dir='ltr'><strong>peccat</strong></span> <span class='ocrx_word' id='word_1_296' title='bbox 1014 1241 1047 1268; x_wconf 76' lang='lat'><strong>’7.</strong></span> 
     </span>
    </p>
   </div>
   <div class='ocr_carea' id='block_1_40' title="bbox 259 1286 1048 1322">
    <p class='ocr_par' dir='ltr' id='par_1_40' title="bbox 259 1286 1048 1322">
     <span class='ocr_line' id='line_1_40' title="bbox 259 1286 1048 1322; baseline 0 -8"><span class='ocrx_word' id='word_1_297' title='bbox 259 1287 368 1314; x_wconf 86' lang='lat' dir='ltr'><strong>Nullum</strong></span> <span class='ocrx_word' id='word_1_298' title='bbox 387 1295 451 1322; x_wconf 84' lang='lat' dir='ltr'><strong>ergo</strong></span> <span class='ocrx_word' id='word_1_299' title='bbox 467 1288 564 1314; x_wconf 91' lang='lat' dir='ltr'><strong>horttttt</strong></span> <span class='ocrx_word' id='word_1_300' title='bbox 581 1287 704 1322; x_wconf 88' lang='lat' dir='ltr'><strong>deputari</strong></span> <span class='ocrx_word' id='word_1_301' title='bbox 723 1287 756 1314; x_wconf 93' lang='lat' dir='ltr'><strong>ad</strong></span> <span class='ocrx_word' id='word_1_302' title='bbox 777 1286 959 1314; x_wconf 84' lang='lat' dir='ltr'><strong>ministerium</strong></span> <span class='ocrx_word' id='word_1_303' title='bbox 979 1286 1048 1314; x_wconf 87' lang='lat' dir='ltr'><strong>alta-</strong></span> 
     </span>
    </p>
   </div>
   <div class='ocr_carea' id='block_1_41' title="bbox 259 1330 1049 1367">
    <p class='ocr_par' dir='ltr' id='par_1_41' title="bbox 259 1330 1049 1367">
     <span class='ocr_line' id='line_1_41' title="bbox 259 1330 1049 1367; baseline 0 -9"><span class='ocrx_word' id='word_1_304' title='bbox 259 1332 298 1359; x_wconf 67' lang='lat' dir='ltr'><strong>ris</strong></span> <span class='ocrx_word' id='word_1_305' title='bbox 321 1331 434 1367; x_wconf 88' lang='lat' dir='ltr'><strong>spiritus</strong></span> <span class='ocrx_word' id='word_1_306' title='bbox 459 1331 622 1366; x_wconf 83' lang='lat' dir='ltr'><strong>Iegislatoris</strong></span> <span class='ocrx_word' id='word_1_307' title='bbox 647 1332 716 1358; x_wconf 74' lang='lat' dir='ltr'><strong>vult.</strong></span> <span class='ocrx_word' id='word_1_308' title='bbox 740 1331 889 1366; x_wconf 81' lang='lat' dir='ltr'><strong>Propterea</strong></span> <span class='ocrx_word' id='word_1_309' title='bbox 908 1332 969 1358; x_wconf 89' lang='lat' dir='ltr'><strong>ait:</strong></span> <span class='ocrx_word' id='word_1_310' title='bbox 989 1330 1049 1358; x_wconf 82' lang='lat' dir='ltr'><strong>Non</strong></span> 
     </span>
    </p>
   </div>
   <div class='ocr_carea' id='block_1_42' title="bbox 260 1376 1048 1412">
    <p class='ocr_par' dir='ltr' id='par_1_42' title="bbox 260 1376 1048 1412">
     <span class='ocr_line' id='line_1_42' title="bbox 260 1376 1048 1412; baseline -0.001 -9"><span class='ocrx_word' id='word_1_311' title='bbox 260 1377 370 1412; x_wconf 77' lang='lat' dir='ltr'><strong>offeretis</strong></span> <span class='ocrx_word' id='word_1_312' title='bbox 385 1385 414 1404; x_wconf 86' lang='lat' dir='ltr'><strong>eo</strong></span> <span class='ocrx_word' id='word_1_313' title='bbox 433 1377 554 1410; x_wconf 86' lang='lat' dir='ltr'><strong>Domino,</strong></span> <span class='ocrx_word' id='word_1_314' title='bbox 567 1385 612 1404; x_wconf 75' lang='lat' dir='ltr'><strong>nec</strong></span> <span class='ocrx_word' id='word_1_315' title='bbox 625 1377 762 1404; x_wconf 81' lang='lat' dir='ltr'><strong>adolebitis</strong></span> <span class='ocrx_word' id='word_1_316' title='bbox 776 1385 807 1403; x_wconf 72' lang='lat' dir='ltr'><strong>ea;</strong></span> <span class='ocrx_word' id='word_1_317' title='bbox 820 1377 856 1403; x_wconf 85' lang='lat' dir='ltr'><strong>eis</strong></span> <span class='ocrx_word' id='word_1_318' title='bbox 872 1385 949 1411; x_wconf 82' lang='lat' dir='ltr'><strong>super</strong></span> <span class='ocrx_word' id='word_1_319' title='bbox 962 1376 1048 1403; x_wconf 85' lang='lat' dir='ltr'><strong>altare</strong></span> 
     </span>
    </p>
   </div>
   <div class='ocr_carea' id='block_1_43' title="bbox 259 1422 1048 1457">
    <p class='ocr_par' dir='ltr' id='par_1_43' title="bbox 259 1422 1048 1457">
     <span class='ocr_line' id='line_1_43' title="bbox 259 1422 1048 1457; baseline -0.003 -7"><span class='ocrx_word' id='word_1_320' title='bbox 259 1423 376 1450; x_wconf 80' lang='lat' dir='ltr'><strong>Domini.</strong></span> <span class='ocrx_word' id='word_1_321' title='bbox 402 1423 465 1450; x_wconf 84' lang='lat' dir='ltr'><strong>Sive</strong></span> <span class='ocrx_word' id='word_1_322' title='bbox 491 1423 641 1451; x_wconf 88' lang='lat' dir='ltr'><strong>secundum</strong></span> <span class='ocrx_word' id='word_1_323' title='bbox 667 1422 736 1450; x_wconf 69' lang='lat' dir='ltr'><strong>LXX</strong></span> <span class='ocrx_word' id='word_1_324' title='bbox 757 1432 764 1451; x_wconf 91' lang='lat'><strong>:</strong></span> <span class='ocrx_word' id='word_1_325' title='bbox 784 1422 844 1449; x_wconf 86' lang='lat' dir='ltr'><strong>Non</strong></span> <span class='ocrx_word' id='word_1_326' title='bbox 866 1423 971 1457; x_wconf 77' lang='lat' dir='ltr'><strong>offerent</strong></span> <span class='ocrx_word' id='word_1_327' title='bbox 994 1422 1048 1449; x_wconf 77' lang='lat' dir='ltr'><strong>lure</strong></span> 
     </span>
    </p>
   </div>
   <div class='ocr_carea' id='block_1_44' title="bbox 261 1468 1049 1502">
    <p class='ocr_par' dir='ltr' id='par_1_44' title="bbox 261 1468 1049 1502">
     <span class='ocr_line' id='line_1_44' title="bbox 261 1468 1049 1502; baseline 0.001 -9"><span class='ocrx_word' id='word_1_328' title='bbox 261 1468 382 1498; x_wconf 77' lang='lat' dir='ltr'><strong>Domino.</strong></span> <span class='ocrx_word' id='word_1_329' title='bbox 400 1473 424 1495; x_wconf 86' lang='lat' dir='ltr'><strong>et</strong></span> <span class='ocrx_word' id='word_1_330' title='bbox 443 1477 521 1502; x_wconf 80' lang='lat' dir='ltr'><strong>super</strong></span> <span class='ocrx_word' id='word_1_331' title='bbox 546 1469 633 1495; x_wconf 86' lang='lat' dir='ltr'><strong>altare</strong></span> <span class='ocrx_word' id='word_1_332' title='bbox 658 1476 710 1495; x_wconf 83' lang='lat' dir='ltr'><strong>non</strong></span> <span class='ocrx_word' id='word_1_333' title='bbox 733 1469 840 1495; x_wconf 86' lang='lat' dir='ltr'><strong>dabitur</strong></span> <span class='ocrx_word' id='word_1_334' title='bbox 860 1468 892 1494; x_wconf 76' lang='lat' dir='ltr'><strong>de</strong></span> <span class='ocrx_word' id='word_1_335' title='bbox 914 1468 951 1494; x_wconf 83' lang='lat' dir='ltr'><strong>eis</strong></span> <span class='ocrx_word' id='word_1_336' title='bbox 971 1476 1049 1501; x_wconf 83' lang='lat' dir='ltr'><strong>super</strong></span> 
     </span>
    </p>
   </div>
   <div class='ocr_carea' id='block_1_45' title="bbox 258 1512 1047 1547">
    <p class='ocr_par' dir='ltr' id='par_1_45' title="bbox 258 1512 1047 1547">
     <span class='ocr_line' id='line_1_45' title="bbox 258 1512 1047 1547; baseline -0.003 -7"><span class='ocrx_word' id='word_1_337' title='bbox 258 1514 345 1540; x_wconf 87' lang='lat' dir='ltr'><strong>altare</strong></span> <span class='ocrx_word' id='word_1_338' title='bbox 361 1513 483 1541; x_wconf 87' lang='lat' dir='ltr'><strong>Domino.</strong></span> <span class='ocrx_word' id='word_1_339' title='bbox 502 1513 674 1541; x_wconf 83' lang='lat' dir='ltr'><strong>Sacrificium</strong></span> <span class='ocrx_word' id='word_1_340' title='bbox 694 1518 784 1540; x_wconf 87' lang='lat' dir='ltr'><strong>autettt</strong></span> <span class='ocrx_word' id='word_1_341' title='bbox 803 1512 975 1547; x_wconf 79' lang='lat' dir='ltr'><strong>pacificorum</strong></span> <span class='ocrx_word' id='word_1_342' title='bbox 993 1520 1047 1539; x_wconf 88' lang='lat' dir='ltr'><strong>tton</strong></span> 
     </span>
    </p>
   </div>
   <div class='ocr_carea' id='block_1_46' title="bbox 258 1558 1047 1594">
    <p class='ocr_par' dir='ltr' id='par_1_46' title="bbox 258 1558 1047 1594">
     <span class='ocr_line' id='line_1_46' title="bbox 258 1558 1047 1594; baseline 0 -10"><span class='ocrx_word' id='word_1_343' title='bbox 258 1559 344 1587; x_wconf 80' lang='lat' dir='ltr'><strong>addit.</strong></span> <span class='ocrx_word' id='word_1_344' title='bbox 362 1559 592 1593; x_wconf 86' lang='lat' dir='ltr'><strong>quemadmodum</strong></span> <span class='ocrx_word' id='word_1_345' title='bbox 615 1559 758 1594; x_wconf 88' lang='lat' dir='ltr'><strong>superius;</strong></span> <span class='ocrx_word' id='word_1_346' title='bbox 775 1559 848 1585; x_wconf 88' lang='lat' dir='ltr'><strong>omni</strong></span> <span class='ocrx_word' id='word_1_347' title='bbox 871 1559 951 1585; x_wconf 88' lang='lat' dir='ltr'><strong>tuodo</strong></span> <span class='ocrx_word' id='word_1_348' title='bbox 965 1558 1047 1585; x_wconf 90' lang='lat' dir='ltr'><strong>intel-</strong></span> 
     </span>
    </p>
   </div>
   <div class='ocr_carea' id='block_1_47' title="bbox 259 1602 1045 1639">
    <p class='ocr_par' dir='ltr' id='par_1_47' title="bbox 259 1602 1045 1639">
     <span class='ocr_line' id='line_1_47' title="bbox 259 1602 1045 1639; baseline -0.001 -9"><span class='ocrx_word' id='word_1_349' title='bbox 259 1604 336 1638; x_wconf 83' lang='lat' dir='ltr'><strong>ligas.</strong></span> <span class='ocrx_word' id='word_1_350' title='bbox 349 1604 382 1630; x_wconf 91' lang='lat' dir='ltr'><strong>de</strong></span> <span class='ocrx_word' id='word_1_351' title='bbox 396 1604 438 1631; x_wconf 90' lang='lat' dir='ltr'><strong>his</strong></span> <span class='ocrx_word' id='word_1_352' title='bbox 449 1604 495 1638; x_wconf 90' lang='lat' dir='ltr'><strong>qui</strong></span> <span class='ocrx_word' id='word_1_353' title='bbox 507 1605 643 1639; x_wconf 77' lang='lat' dir='ltr'><strong>mysteriis</strong></span> <span class='ocrx_word' id='word_1_354' title='bbox 656 1603 822 1636; x_wconf 87' lang='lat' dir='ltr'><strong>ministrant,</strong></span> <span class='ocrx_word' id='word_1_355' title='bbox 838 1603 901 1630; x_wconf 89' lang='lat' dir='ltr'><strong>dici.</strong></span> <span class='ocrx_word' id='word_1_356' title='bbox 917 1602 949 1629; x_wconf 87' lang='lat' dir='ltr'><strong>lli</strong></span> <span class='ocrx_word' id='word_1_357' title='bbox 964 1602 1045 1630; x_wconf 89' lang='lat' dir='ltr'><strong>ctiatn</strong></span> 
     </span>
    </p>
   </div>
   <div class='ocr_carea' id='block_1_48' title="bbox 260 1647 1046 1683">
    <p class='ocr_par' dir='ltr' id='par_1_48' title="bbox 260 1647 1046 1683">
     <span class='ocr_line' id='line_1_48' title="bbox 260 1647 1046 1683; baseline 0.001 -9"><span class='ocrx_word' id='word_1_358' title='bbox 260 1648 450 1675; x_wconf 83' lang='lat' dir='ltr'><strong>holocaustum</strong></span> <span class='ocrx_word' id='word_1_359' title='bbox 473 1656 534 1676; x_wconf 84' lang='lat' dir='ltr'><strong>esse</strong></span> <span class='ocrx_word' id='word_1_360' title='bbox 556 1656 626 1683; x_wconf 91' lang='lat' dir='ltr'><strong>opus</strong></span> <span class='ocrx_word' id='word_1_361' title='bbox 647 1648 759 1680; x_wconf 82' lang='lat' dir='ltr'><strong>habent,</strong></span> <span class='ocrx_word' id='word_1_362' title='bbox 790 1648 874 1675; x_wconf 87' lang='lat' dir='ltr'><strong>vitam</strong></span> <span class='ocrx_word' id='word_1_363' title='bbox 898 1647 1046 1682; x_wconf 85' lang='lat' dir='ltr'><strong>perfectam</strong></span> 
     </span>
    </p>
   </div>
   <div class='ocr_carea' id='block_1_49' title="bbox 257 1694 1048 1731">
    <p class='ocr_par' dir='ltr' id='par_1_49' title="bbox 257 1694 1048 1731">
     <span class='ocr_line' id='line_1_49' title="bbox 257 1694 1048 1731; baseline -0.001 -9"><span class='ocrx_word' id='word_1_364' title='bbox 257 1700 286 1722; x_wconf 83' lang='lat' dir='ltr'><strong>et</strong></span> <span class='ocrx_word' id='word_1_365' title='bbox 313 1699 529 1722; x_wconf 84' lang='lat' dir='ltr'><strong>consummatam</strong></span> <span class='ocrx_word' id='word_1_366' title='bbox 560 1700 681 1731; x_wconf 82' lang='lat' dir='ltr'><strong>agentes.</strong></span> <span class='ocrx_word' id='word_1_367' title='bbox 711 1695 782 1729; x_wconf 89' lang='lat' dir='ltr'><strong>Quid</strong></span> <span class='ocrx_word' id='word_1_368' title='bbox 808 1700 899 1722; x_wconf 86' lang='lat' dir='ltr'><strong>autem</strong></span> <span class='ocrx_word' id='word_1_369' title='bbox 929 1694 971 1721; x_wconf 90' lang='lat' dir='ltr'><strong>his</strong></span> <span class='ocrx_word' id='word_1_370' title='bbox 998 1694 1048 1722; x_wconf 89' lang='lat' dir='ltr'><strong>ad-</strong></span> 
     </span>
    </p>
   </div>
   <div class='ocr_carea' id='block_1_50' title="bbox 258 1741 348 1769">
    <p class='ocr_par' dir='ltr' id='par_1_50' title="bbox 258 1741 348 1769">
     <span class='ocr_line' id='line_1_50' title="bbox 258 1741 348 1769; baseline -0.022 0"><span class='ocrx_word' id='word_1_371' title='bbox 258 1741 348 1769; x_wconf 77' lang='lat' dir='ltr'><strong>didit?</strong></span> 
     </span>
    </p>
   </div>
   <div class='ocr_carea' id='block_1_51' title="bbox 295 1785 1045 1823">
    <p class='ocr_par' dir='ltr' id='par_1_51' title="bbox 295 1785 1045 1823">
     <span class='ocr_line' id='line_1_51' title="bbox 295 1785 1045 1823; baseline 0.004 -10"><span class='ocrx_word' id='word_1_372' title='bbox 295 1785 391 1813; x_wconf 81' lang='lat' dir='ltr'><strong>Bovem</strong></span> <span class='ocrx_word' id='word_1_373' title='bbox 407 1792 431 1814; x_wconf 80' lang='lat' dir='ltr'><strong>et</strong></span> <span class='ocrx_word' id='word_1_374' title='bbox 448 1795 531 1819; x_wconf 81' lang='lat' dir='ltr'><strong>avem,</strong></span> <span class='ocrx_word' id='word_1_375' title='bbox 551 1796 616 1814; x_wconf 87' lang='lat' dir='ltr'><strong>aure</strong></span> <span class='ocrx_word' id='word_1_376' title='bbox 632 1793 656 1814; x_wconf 84' lang='lat' dir='ltr'><strong>et</strong></span> <span class='ocrx_word' id='word_1_377' title='bbox 676 1789 761 1815; x_wconf 82' lang='lat' dir='ltr'><strong>cauda</strong></span> <span class='ocrx_word' id='word_1_378' title='bbox 782 1790 938 1823; x_wconf 82' lang='lat' dir='ltr'><strong>amputatis,</strong></span> <span class='ocrx_word' id='word_1_379' title='bbox 953 1789 1045 1816; x_wconf 79' lang='lat' dir='ltr'><strong>volun-</strong></span> 
     </span>
    </p>
   </div>
   <div class='ocr_carea' id='block_1_52' title="bbox 260 1833 1048 1868">
    <p class='ocr_par' dir='ltr' id='par_1_52' title="bbox 260 1833 1048 1868">
     <span class='ocr_line' id='line_1_52' title="bbox 260 1833 1048 1868; baseline 0.004 -10"><span class='ocrx_word' id='word_1_380' title='bbox 260 1833 330 1859; x_wconf 86' lang='lat' dir='ltr'><strong>tarie</strong></span> <span class='ocrx_word' id='word_1_381' title='bbox 352 1833 443 1867; x_wconf 76' lang='lat' dir='ltr'><strong>offerre</strong></span> <span class='ocrx_word' id='word_1_382' title='bbox 465 1837 549 1868; x_wconf 84' lang='lat' dir='ltr'><strong>potest</strong></span> <span class='ocrx_word' id='word_1_383' title='bbox 565 1841 576 1861; x_wconf 77' lang='lat'><strong><em>;</em></strong></span> <span class='ocrx_word' id='word_1_384' title='bbox 591 1838 678 1859; x_wconf 81' lang='lat' dir='ltr'><strong>votum</strong></span> <span class='ocrx_word' id='word_1_385' title='bbox 698 1839 786 1860; x_wconf 81' lang='lat' dir='ltr'><strong>autent</strong></span> <span class='ocrx_word' id='word_1_386' title='bbox 805 1842 837 1860; x_wconf 72' lang='lat' dir='ltr'><strong>ex</strong></span> <span class='ocrx_word' id='word_1_387' title='bbox 854 1835 893 1861; x_wconf 79' lang='lat' dir='ltr'><strong>Itis</strong></span> <span class='ocrx_word' id='word_1_388' title='bbox 913 1835 977 1861; x_wconf 84' lang='lat' dir='ltr'><strong>solvi</strong></span> <span class='ocrx_word' id='word_1_389' title='bbox 996 1842 1048 1861; x_wconf 82' lang='lat' dir='ltr'><strong>non</strong></span> 
     </span>
    </p>
   </div>
   <div class='ocr_carea' id='block_1_53' title="bbox 258 1877 1045 1912">
    <p class='ocr_par' dir='ltr' id='par_1_53' title="bbox 258 1877 1045 1912">
     <span class='ocr_line' id='line_1_53' title="bbox 258 1877 1045 1912; baseline 0.004 -10"><span class='ocrx_word' id='word_1_390' title='bbox 258 1881 351 1911; x_wconf 77' lang='lat' dir='ltr'><strong>potest.</strong></span> <span class='ocrx_word' id='word_1_391' title='bbox 375 1877 457 1905; x_wconf 88' lang='lat' dir='ltr'><strong>Omne</strong></span> <span class='ocrx_word' id='word_1_392' title='bbox 477 1877 580 1904; x_wconf 81' lang='lat' dir='ltr'><strong>anintal</strong></span> <span class='ocrx_word' id='word_1_393' title='bbox 599 1878 668 1912; x_wconf 83' lang='lat' dir='ltr'><strong>quod</strong></span> <span class='ocrx_word' id='word_1_394' title='bbox 691 1877 731 1904; x_wconf 79' lang='lat' dir='ltr'><strong>vel</strong></span> <span class='ocrx_word' id='word_1_395' title='bbox 749 1879 876 1911; x_wconf 82' lang='lat' dir='ltr'><strong>contritis,</strong></span> <span class='ocrx_word' id='word_1_396' title='bbox 894 1880 933 1905; x_wconf 78' lang='lat' dir='ltr'><strong>vel</strong></span> <span class='ocrx_word' id='word_1_397' title='bbox 955 1880 1045 1910; x_wconf 77' lang='lat' dir='ltr'><strong>tonsis,</strong></span> 
     </span>
    </p>
   </div>
   <div class='ocr_carea' id='block_1_54' title="bbox 258 1923 1047 1958">
    <p class='ocr_par' dir='ltr' id='par_1_54' title="bbox 258 1923 1047 1958">
     <span class='ocr_line' id='line_1_54' title="bbox 258 1923 1047 1958; baseline 0.003 -9"><span class='ocrx_word' id='word_1_398' title='bbox 258 1923 299 1949; x_wconf 78' lang='lat' dir='ltr'><strong>vel</strong></span> <span class='ocrx_word' id='word_1_399' title='bbox 320 1923 395 1949; x_wconf 85' lang='lat' dir='ltr'><strong>sectis</strong></span> <span class='ocrx_word' id='word_1_400' title='bbox 415 1923 562 1958; x_wconf 83' lang='lat' dir='ltr'><strong>ablatisque</strong></span> <span class='ocrx_word' id='word_1_401' title='bbox 583 1923 708 1950; x_wconf 68' lang='lat' dir='ltr'><strong>ttsticulis</strong></span> <span class='ocrx_word' id='word_1_402' title='bbox 728 1928 775 1955; x_wconf 84' lang='lat' dir='ltr'><strong>est,</strong></span> <span class='ocrx_word' id='word_1_403' title='bbox 792 1932 842 1950; x_wconf 88' lang='lat' dir='ltr'><strong>non</strong></span> <span class='ocrx_word' id='word_1_404' title='bbox 859 1924 969 1958; x_wconf 73' lang='lat' dir='ltr'><strong>affet-etis</strong></span> <span class='ocrx_word' id='word_1_405' title='bbox 993 1925 1047 1952; x_wconf 85' lang='lat' dir='ltr'><strong>Da-</strong></span> 
     </span>
    </p>
   </div>
   <div class='ocr_carea' id='block_1_55' title="bbox 258 1968 1047 2005">
    <p class='ocr_par' dir='ltr' id='par_1_55' title="bbox 258 1968 1047 2005">
     <span class='ocr_line' id='line_1_55' title="bbox 258 1968 1047 2005; baseline 0.004 -11"><span class='ocrx_word' id='word_1_406' title='bbox 258 1968 341 1994; x_wconf 84' lang='lat' dir='ltr'><strong>mino.</strong></span> <span class='ocrx_word' id='word_1_407' title='bbox 359 1968 506 2002; x_wconf 86' lang='lat' dir='ltr'><strong>Disciplina</strong></span> <span class='ocrx_word' id='word_1_408' title='bbox 517 1975 582 2003; x_wconf 81' lang='lat' dir='ltr'><strong>ergo</strong></span> <span class='ocrx_word' id='word_1_409' title='bbox 594 1968 688 2000; x_wconf 87' lang='lat' dir='ltr'><strong>multa,</strong></span> <span class='ocrx_word' id='word_1_410' title='bbox 701 1972 728 1995; x_wconf 94' lang='lat' dir='ltr'><strong>et</strong></span> <span class='ocrx_word' id='word_1_411' title='bbox 740 1976 801 2002; x_wconf 73' lang='lat' dir='ltr'><strong>quae</strong></span> <span class='ocrx_word' id='word_1_412' title='bbox 812 1968 926 1996; x_wconf 85' lang='lat' dir='ltr'><strong>decebat</strong></span> <span class='ocrx_word' id='word_1_413' title='bbox 939 1969 1047 2005; x_wconf 85' lang='lat' dir='ltr'><strong>legisla-</strong></span> 
     </span>
    </p>
   </div>
   <div class='ocr_carea' id='block_1_56' title="bbox 259 2012 1046 2048">
    <p class='ocr_par' dir='ltr' id='par_1_56' title="bbox 259 2012 1046 2048">
     <span class='ocr_line' id='line_1_56' title="bbox 259 2012 1046 2048; baseline 0.004 -9"><span class='ocrx_word' id='word_1_414' title='bbox 259 2017 359 2045; x_wconf 89' lang='lat' dir='ltr'><strong>torem,</strong></span> <span class='ocrx_word' id='word_1_415' title='bbox 373 2013 406 2040; x_wconf 89' lang='lat' dir='ltr'><strong>ad</strong></span> <span class='ocrx_word' id='word_1_416' title='bbox 430 2013 512 2048; x_wconf 86' lang='lat' dir='ltr'><strong>hujus</strong></span> <span class='ocrx_word' id='word_1_417' title='bbox 532 2012 738 2041; x_wconf 86' lang='lat' dir='ltr'><strong>distinctionem</strong></span> <span class='ocrx_word' id='word_1_418' title='bbox 761 2013 895 2042; x_wconf 86' lang='lat' dir='ltr'><strong>sermonis</strong></span> <span class='ocrx_word' id='word_1_419' title='bbox 914 2023 979 2043; x_wconf 88' lang='lat' dir='ltr'><strong>usus</strong></span> <span class='ocrx_word' id='word_1_420' title='bbox 995 2020 1046 2047; x_wconf 84' lang='lat' dir='ltr'><strong>est,</strong></span> 
     </span>
    </p>
   </div>
   <div class='ocr_carea' id='block_1_57' title="bbox 258 2058 1046 2094">
    <p class='ocr_par' dir='ltr' id='par_1_57' title="bbox 258 2058 1046 2094">
     <span class='ocr_line' id='line_1_57' title="bbox 258 2058 1046 2094; baseline 0.003 -10"><span class='ocrx_word' id='word_1_421' title='bbox 258 2066 340 2093; x_wconf 86' lang='lat' dir='ltr'><strong>quant</strong></span> <span class='ocrx_word' id='word_1_422' title='bbox 361 2062 389 2085; x_wconf 90' lang='lat' dir='ltr'><strong>et</strong></span> <span class='ocrx_word' id='word_1_423' title='bbox 406 2058 433 2085; x_wconf 91' lang='lat' dir='ltr'><strong>itt</strong></span> <span class='ocrx_word' id='word_1_424' title='bbox 457 2059 644 2093; x_wconf 83' lang='lat' dir='ltr'><strong>superioribus</strong></span> <span class='ocrx_word' id='word_1_425' title='bbox 663 2059 795 2087; x_wconf 89' lang='lat' dir='ltr'><strong>custodiri</strong></span> <span class='ocrx_word' id='word_1_426' title='bbox 810 2064 928 2094; x_wconf 79' lang='lat' dir='ltr'><strong>Oportet.</strong></span> <span class='ocrx_word' id='word_1_427' title='bbox 946 2060 1046 2087; x_wconf 84' lang='lat' dir='ltr'><strong>Aurem</strong></span> 
     </span>
    </p>
   </div>
   <div class='ocr_carea' id='block_1_58' title="bbox 258 2104 1047 2140">
    <p class='ocr_par' dir='ltr' id='par_1_58' title="bbox 258 2104 1047 2140">
     <span class='ocr_line' id='line_1_58' title="bbox 258 2104 1047 2140; baseline 0.003 -10"><span class='ocrx_word' id='word_1_428' title='bbox 258 2108 350 2131; x_wconf 87' lang='lat' dir='ltr'><strong>autent</strong></span> <span class='ocrx_word' id='word_1_429' title='bbox 373 2108 540 2139; x_wconf 87' lang='lat' dir='ltr'><strong>amputatam</strong></span> <span class='ocrx_word' id='word_1_430' title='bbox 558 2104 652 2138; x_wconf 85' lang='lat' dir='ltr'><strong>habet,</strong></span> <span class='ocrx_word' id='word_1_431' title='bbox 668 2105 714 2140; x_wconf 91' lang='lat' dir='ltr'><strong>qui</strong></span> <span class='ocrx_word' id='word_1_432' title='bbox 738 2105 931 2133; x_wconf 69' lang='lat' dir='ltr'><strong>inobedientiae</strong></span> <span class='ocrx_word' id='word_1_433' title='bbox 952 2105 1047 2132; x_wconf 90' lang='lat' dir='ltr'><strong>morbo</strong></span> 
     </span>
    </p>
   </div>
   <div class='ocr_carea' id='block_1_59' title="bbox 259 2149 1048 2186">
    <p class='ocr_par' dir='ltr' id='par_1_59' title="bbox 259 2149 1048 2186">
     <span class='ocr_line' id='line_1_59' title="bbox 259 2149 1048 2186; baseline 0.001 -11"><span class='ocrx_word' id='word_1_434' title='bbox 259 2149 381 2185; x_wconf 79' lang='lat' dir='ltr'><strong>languet,</strong></span> <span class='ocrx_word' id='word_1_435' title='bbox 398 2150 443 2184; x_wconf 92' lang='lat' dir='ltr'><strong>qui</strong></span> <span class='ocrx_word' id='word_1_436' title='bbox 466 2150 682 2178; x_wconf 88' lang='lat' dir='ltr'><strong>detractionibus</strong></span> <span class='ocrx_word' id='word_1_437' title='bbox 703 2151 813 2186; x_wconf 81' lang='lat' dir='ltr'><strong>gaudet,</strong></span> <span class='ocrx_word' id='word_1_438' title='bbox 831 2150 876 2185; x_wconf 94' lang='lat' dir='ltr'><strong>qui</strong></span> <span class='ocrx_word' id='word_1_439' title='bbox 897 2150 1048 2177; x_wconf 84' lang='lat' dir='ltr'><strong>delectatur</strong></span> 
     </span>
    </p>
   </div>
   <div class='ocr_carea' id='block_1_60' title="bbox 259 2195 1045 2231">
    <p class='ocr_par' dir='ltr' id='par_1_60' title="bbox 259 2195 1045 2231">
     <span class='ocr_line' id='line_1_60' title="bbox 259 2195 1045 2231; baseline 0.001 -10"><span class='ocrx_word' id='word_1_440' title='bbox 259 2195 387 2229; x_wconf 86' lang='lat' dir='ltr'><strong>turpibus</strong></span> <span class='ocrx_word' id='word_1_441' title='bbox 403 2195 553 2228; x_wconf 89' lang='lat' dir='ltr'><strong>auditibus,</strong></span> <span class='ocrx_word' id='word_1_442' title='bbox 568 2197 615 2231; x_wconf 92' lang='lat' dir='ltr'><strong>qui</strong></span> <span class='ocrx_word' id='word_1_443' title='bbox 633 2197 717 2224; x_wconf 87' lang='lat' dir='ltr'><strong>bottos</strong></span> <span class='ocrx_word' id='word_1_444' title='bbox 739 2204 880 2223; x_wconf 71' lang='lat' dir='ltr'><strong>sermones</strong></span> <span class='ocrx_word' id='word_1_445' title='bbox 895 2201 1045 2223; x_wconf 84' lang='lat' dir='ltr'><strong>aversatur.</strong></span> 
     </span>
    </p>
   </div>
   <div class='ocr_carea' id='block_1_61' title="bbox 259 2240 1047 2276">
    <p class='ocr_par' dir='ltr' id='par_1_61' title="bbox 259 2240 1047 2276">
     <span class='ocr_line' id='line_1_61' title="bbox 259 2240 1047 2276; baseline 0 -8"><span class='ocrx_word' id='word_1_446' title='bbox 259 2240 381 2268; x_wconf 85' lang='lat' dir='ltr'><strong>Caudam</strong></span> <span class='ocrx_word' id='word_1_447' title='bbox 398 2245 564 2275; x_wconf 73' lang='lat' dir='ltr'><strong>amputatum</strong></span> <span class='ocrx_word' id='word_1_448' title='bbox 581 2242 673 2274; x_wconf 87' lang='lat' dir='ltr'><strong>habet,</strong></span> <span class='ocrx_word' id='word_1_449' title='bbox 689 2242 734 2276; x_wconf 91' lang='lat' dir='ltr'><strong>qui</strong></span> <span class='ocrx_word' id='word_1_450' title='bbox 753 2242 786 2268; x_wconf 93' lang='lat' dir='ltr'><strong>de</strong></span> <span class='ocrx_word' id='word_1_451' title='bbox 800 2241 958 2269; x_wconf 83' lang='lat' dir='ltr'><strong>norissituis</strong></span> <span class='ocrx_word' id='word_1_452' title='bbox 973 2241 1047 2276; x_wconf 81' lang='lat' dir='ltr'><strong>cogi-</strong></span> 
     </span>
    </p>
   </div>
   <div class='ocr_carea' id='block_1_62' title="bbox 1100 1009 1886 1046">
    <p class='ocr_par' dir='ltr' id='par_1_62' title="bbox 1100 1009 1886 1046">
     <span class='ocr_line' id='line_1_62' title="bbox 1100 1009 1886 1046; baseline -0.003 -8"><span class='ocrx_word' id='word_1_453' title='bbox 1100 1011 1227 1046; x_wconf 87' lang='lat' dir='ltr'><strong>subjecit.</strong></span> <span class='ocrx_word' id='word_1_454' title='bbox 1249 1011 1325 1038; x_wconf 83' lang='lat' dir='ltr'><strong>Alter</strong></span> <span class='ocrx_word' id='word_1_455' title='bbox 1340 1015 1382 1038; x_wconf 88' lang='lat' dir='ltr'><strong>est</strong></span> <span class='ocrx_word' id='word_1_456' title='bbox 1399 1010 1533 1045; x_wconf 88' lang='lat' dir='ltr'><strong>siquident</strong></span> <span class='ocrx_word' id='word_1_457' title='bbox 1550 1009 1596 1044; x_wconf 87' lang='lat' dir='ltr'><strong>qui</strong></span> <span class='ocrx_word' id='word_1_458' title='bbox 1617 1009 1747 1044; x_wconf 88' lang='lat' dir='ltr'><strong>paulatim</strong></span> <span class='ocrx_word' id='word_1_459' title='bbox 1767 1010 1886 1036; x_wconf 85' lang='lat' dir='ltr'><strong>conteri-</strong></span> 
     </span>
    </p>
   </div>
   <div class='ocr_carea' id='block_1_63' title="bbox 1100 1055 1888 1091">
    <p class='ocr_par' dir='ltr' id='par_1_63' title="bbox 1100 1055 1888 1091">
     <span class='ocr_line' id='line_1_63' title="bbox 1100 1055 1888 1091; baseline -0.004 -6"><span class='ocrx_word' id='word_1_460' title='bbox 1100 1063 1155 1090; x_wconf 88' lang='lat' dir='ltr'><strong>tur,</strong></span> <span class='ocrx_word' id='word_1_461' title='bbox 1176 1063 1204 1085; x_wconf 87' lang='lat' dir='ltr'><strong>et</strong></span> <span class='ocrx_word' id='word_1_462' title='bbox 1229 1057 1308 1089; x_wconf 90' lang='lat' dir='ltr'><strong>alter,</strong></span> <span class='ocrx_word' id='word_1_463' title='bbox 1329 1056 1376 1091; x_wconf 91' lang='lat' dir='ltr'><strong>qui</strong></span> <span class='ocrx_word' id='word_1_464' title='bbox 1400 1055 1491 1083; x_wconf 88' lang='lat' dir='ltr'><strong>subito</strong></span> <span class='ocrx_word' id='word_1_465' title='bbox 1515 1055 1704 1090; x_wconf 77' lang='lat' dir='ltr'><strong>semetipsum,</strong></span> <span class='ocrx_word' id='word_1_466' title='bbox 1731 1060 1812 1090; x_wconf 89' lang='lat' dir='ltr'><strong>atque</strong></span> <span class='ocrx_word' id='word_1_467' title='bbox 1835 1063 1888 1082; x_wconf 88' lang='lat' dir='ltr'><strong>una</strong></span> 
     </span>
    </p>
   </div>
   <div class='ocr_carea' id='block_1_64' title="bbox 1100 1100 1888 1136">
    <p class='ocr_par' dir='ltr' id='par_1_64' title="bbox 1100 1100 1888 1136">
     <span class='ocr_line' id='line_1_64' title="bbox 1100 1100 1888 1136; baseline -0.004 -7"><span class='ocrx_word' id='word_1_468' title='bbox 1100 1103 1170 1130; x_wconf 90' lang='lat' dir='ltr'><strong>mala</strong></span> <span class='ocrx_word' id='word_1_469' title='bbox 1179 1102 1286 1129; x_wconf 82' lang='lat' dir='ltr'><strong>actione</strong></span> <span class='ocrx_word' id='word_1_470' title='bbox 1300 1101 1377 1136; x_wconf 88' lang='lat' dir='ltr'><strong>prole</strong></span> <span class='ocrx_word' id='word_1_471' title='bbox 1393 1101 1525 1128; x_wconf 87' lang='lat' dir='ltr'><strong>virtutum</strong></span> <span class='ocrx_word' id='word_1_472' title='bbox 1543 1100 1642 1134; x_wconf 85' lang='lat' dir='ltr'><strong>privat,</strong></span> <span class='ocrx_word' id='word_1_473' title='bbox 1658 1100 1888 1134; x_wconf 69' lang='lat' dir='ltr'><strong>quemadmodum</strong></span> 
     </span>
    </p>
   </div>
   <div class='ocr_carea' id='block_1_65' title="bbox 1100 1144 1887 1182">
    <p class='ocr_par' dir='ltr' id='par_1_65' title="bbox 1100 1144 1887 1182">
     <span class='ocr_line' id='line_1_65' title="bbox 1100 1144 1887 1182; baseline -0.003 -8"><span class='ocrx_word' id='word_1_474' title='bbox 1100 1148 1204 1180; x_wconf 84' lang='lat' dir='ltr'><strong>Simon,</strong></span> <span class='ocrx_word' id='word_1_475' title='bbox 1221 1147 1347 1182; x_wconf 84' lang='lat' dir='ltr'><strong>pecuniis</strong></span> <span class='ocrx_word' id='word_1_476' title='bbox 1363 1154 1455 1174; x_wconf 87' lang='lat' dir='ltr'><strong>emere</strong></span> <span class='ocrx_word' id='word_1_477' title='bbox 1475 1145 1577 1173; x_wconf 88' lang='lat' dir='ltr'><strong>donum</strong></span> <span class='ocrx_word' id='word_1_478' title='bbox 1594 1145 1639 1173; x_wconf 86' lang='lat' dir='ltr'><strong>Dei</strong></span> <span class='ocrx_word' id='word_1_479' title='bbox 1657 1144 1796 1173; x_wconf 64' lang='lat' dir='ltr'><strong>aestimans</strong></span> <span class='ocrx_word' id='word_1_480' title='bbox 1812 1147 1832 1179; x_wconf 86' lang='grc'><strong>³,</strong></span> <span class='ocrx_word' id='word_1_481' title='bbox 1847 1152 1887 1173; x_wconf 85' lang='lat' dir='ltr'><strong>est</strong></span> 
     </span>
    </p>
   </div>
   <div class='ocr_carea' id='block_1_66' title="bbox 1099 1191 1888 1227">
    <p class='ocr_par' dir='ltr' id='par_1_66' title="bbox 1099 1191 1888 1227">
     <span class='ocr_line' id='line_1_66' title="bbox 1099 1191 1888 1227; baseline -0.003 -7"><span class='ocrx_word' id='word_1_482' title='bbox 1099 1193 1214 1220; x_wconf 75' lang='lat' dir='ltr'><strong>effectus</strong></span> <span class='ocrx_word' id='word_1_483' title='bbox 1239 1201 1254 1219; x_wconf 87' lang='lat' dir='ltr'><strong>a</strong></span> <span class='ocrx_word' id='word_1_484' title='bbox 1279 1198 1352 1220; x_wconf 90' lang='lat' dir='ltr'><strong>sorte</strong></span> <span class='ocrx_word' id='word_1_485' title='bbox 1377 1192 1437 1227; x_wconf 89' lang='lat' dir='ltr'><strong>ejus</strong></span> <span class='ocrx_word' id='word_1_486' title='bbox 1463 1192 1578 1219; x_wconf 90' lang='lat' dir='ltr'><strong>alienus.</strong></span> <span class='ocrx_word' id='word_1_487' title='bbox 1604 1191 1657 1218; x_wconf 85' lang='lat' dir='ltr'><strong>Sed</strong></span> <span class='ocrx_word' id='word_1_488' title='bbox 1685 1199 1767 1218; x_wconf 90' lang='lat' dir='ltr'><strong>unam</strong></span> <span class='ocrx_word' id='word_1_489' title='bbox 1791 1192 1888 1219; x_wconf 88' lang='lat' dir='ltr'><strong>harum</strong></span> 
     </span>
    </p>
   </div>
   <div class='ocr_carea' id='block_1_67' title="bbox 1098 1237 1889 1273">
    <p class='ocr_par' dir='ltr' id='par_1_67' title="bbox 1098 1237 1889 1273">
     <span class='ocr_line' id='line_1_67' title="bbox 1098 1237 1889 1273; baseline -0.001 -7"><span class='ocrx_word' id='word_1_490' title='bbox 1098 1239 1268 1266; x_wconf 89' lang='lat' dir='ltr'><strong>macularum</strong></span> <span class='ocrx_word' id='word_1_491' title='bbox 1290 1238 1438 1273; x_wconf 85' lang='lat' dir='ltr'><strong>quispiam,</strong></span> <span class='ocrx_word' id='word_1_492' title='bbox 1453 1238 1495 1264; x_wconf 88' lang='lat' dir='ltr'><strong>vel</strong></span> <span class='ocrx_word' id='word_1_493' title='bbox 1515 1245 1589 1264; x_wconf 90' lang='lat' dir='ltr'><strong>nttttc</strong></span> <span class='ocrx_word' id='word_1_494' title='bbox 1608 1237 1754 1270; x_wconf 88' lang='lat' dir='ltr'><strong>dictarutn,</strong></span> <span class='ocrx_word' id='word_1_495' title='bbox 1768 1237 1811 1264; x_wconf 88' lang='lat' dir='ltr'><strong>vel</strong></span> <span class='ocrx_word' id='word_1_496' title='bbox 1827 1246 1889 1272; x_wconf 73' lang='lat' dir='ltr'><strong>qure</strong></span> 
     </span>
    </p>
   </div>
   <div class='ocr_carea' id='block_1_68' title="bbox 1098 1283 1888 1319">
    <p class='ocr_par' dir='ltr' id='par_1_68' title="bbox 1098 1283 1888 1319">
     <span class='ocr_line' id='line_1_68' title="bbox 1098 1283 1888 1319; baseline 0 -8"><span class='ocrx_word' id='word_1_497' title='bbox 1098 1285 1205 1319; x_wconf 89' lang='lat' dir='ltr'><strong>pridetn</strong></span> <span class='ocrx_word' id='word_1_498' title='bbox 1228 1283 1462 1311; x_wconf 87' lang='lat' dir='ltr'><strong>dinumeravintus</strong></span> <span class='ocrx_word' id='word_1_499' title='bbox 1484 1283 1605 1316; x_wconf 86' lang='lat' dir='ltr'><strong>habens,</strong></span> <span class='ocrx_word' id='word_1_500' title='bbox 1627 1288 1674 1310; x_wconf 92' lang='lat' dir='ltr'><strong>aut</strong></span> <span class='ocrx_word' id='word_1_501' title='bbox 1697 1283 1888 1311; x_wconf 87' lang='lat' dir='ltr'><strong>mandatorum</strong></span> 
     </span>
    </p>
   </div>
   <div class='ocr_carea' id='block_1_69' title="bbox 1098 1329 1887 1364">
    <p class='ocr_par' dir='ltr' id='par_1_69' title="bbox 1098 1329 1887 1364">
     <span class='ocr_line' id='line_1_69' title="bbox 1098 1329 1887 1364; baseline -0.003 -7"><span class='ocrx_word' id='word_1_502' title='bbox 1098 1334 1141 1357; x_wconf 88' lang='lat' dir='ltr'><strong>est</strong></span> <span class='ocrx_word' id='word_1_503' title='bbox 1163 1333 1301 1364; x_wconf 81' lang='lat' dir='ltr'><strong>operator,</strong></span> <span class='ocrx_word' id='word_1_504' title='bbox 1327 1334 1354 1356; x_wconf 86' lang='lat' dir='ltr'><strong>ct</strong></span> <span class='ocrx_word' id='word_1_505' title='bbox 1378 1333 1522 1364; x_wconf 86' lang='lat' dir='ltr'><strong>propterea</strong></span> <span class='ocrx_word' id='word_1_506' title='bbox 1546 1329 1648 1356; x_wconf 85' lang='lat' dir='ltr'><strong>vitulus</strong></span> <span class='ocrx_word' id='word_1_507' title='bbox 1667 1337 1674 1355; x_wconf 89' lang='lat'>:</span> <span class='ocrx_word' id='word_1_508' title='bbox 1694 1333 1742 1356; x_wconf 85' lang='lat' dir='ltr'><strong>aut</strong></span> <span class='ocrx_word' id='word_1_509' title='bbox 1760 1330 1887 1364; x_wconf 78' lang='lat' dir='ltr'><strong>simplex,</strong></span> 
     </span>
    </p>
   </div>
   <div class='ocr_carea' id='block_1_70' title="bbox 1098 1371 1887 1410">
    <p class='ocr_par' dir='ltr' id='par_1_70' title="bbox 1098 1371 1887 1410">
     <span class='ocr_line' id='line_1_70' title="bbox 1098 1371 1887 1410; baseline -0.001 -7"><span class='ocrx_word' id='word_1_510' title='bbox 1098 1381 1126 1403; x_wconf 89' lang='lat' dir='ltr'><strong>et</strong></span> <span class='ocrx_word' id='word_1_511' title='bbox 1149 1376 1208 1403; x_wconf 82' lang='lat' dir='ltr'><strong>Ovis</strong></span> <span class='ocrx_word' id='word_1_512' title='bbox 1229 1375 1382 1410; x_wconf 87' lang='lat' dir='ltr'><strong>appellatur</strong></span> <span class='ocrx_word' id='word_1_513' title='bbox 1405 1383 1437 1402; x_wconf 85' lang='lat' dir='ltr'><strong>ex</strong></span> <span class='ocrx_word' id='word_1_514' title='bbox 1462 1375 1524 1406; x_wconf 87' lang='lat' dir='ltr'><strong>hoc,</strong></span> <span class='ocrx_word' id='word_1_515' title='bbox 1548 1371 1698 1402; x_wconf 87' lang='lat' dir='ltr'><strong>secundum</strong></span> <span class='ocrx_word' id='word_1_516' title='bbox 1721 1376 1792 1409; x_wconf 89' lang='lat' dir='ltr'><strong>quod</strong></span> <span class='ocrx_word' id='word_1_517' title='bbox 1818 1375 1887 1402; x_wconf 75' lang='lat' dir='ltr'><strong>LXX</strong></span> 
     </span>
    </p>
   </div>
   <div class='ocr_carea' id='block_1_71' title="bbox 1098 1421 1885 1456">
    <p class='ocr_par' dir='ltr' id='par_1_71' title="bbox 1098 1421 1885 1456">
     <span class='ocr_line' id='line_1_71' title="bbox 1098 1421 1885 1456; baseline 0 -8"><span class='ocrx_word' id='word_1_518' title='bbox 1098 1421 1194 1454; x_wconf 87' lang='lat' dir='ltr'><strong>edunt,</strong></span> <span class='ocrx_word' id='word_1_519' title='bbox 1219 1429 1268 1456; x_wconf 89' lang='lat' dir='ltr'><strong>pro</strong></span> <span class='ocrx_word' id='word_1_520' title='bbox 1289 1429 1322 1448; x_wconf 89' lang='lat' dir='ltr'><strong>eo</strong></span> <span class='ocrx_word' id='word_1_521' title='bbox 1343 1421 1414 1455; x_wconf 91' lang='lat' dir='ltr'><strong>qttod</strong></span> <span class='ocrx_word' id='word_1_522' title='bbox 1438 1425 1532 1448; x_wconf 85' lang='lat' dir='ltr'><strong>nostra</strong></span> <span class='ocrx_word' id='word_1_523' title='bbox 1553 1421 1695 1448; x_wconf 84' lang='lat' dir='ltr'><strong>translatio</strong></span> <span class='ocrx_word' id='word_1_524' title='bbox 1716 1421 1797 1448; x_wconf 86' lang='lat' dir='ltr'><strong>habet</strong></span> <span class='ocrx_word' id='word_1_525' title='bbox 1816 1431 1822 1448; x_wconf 91' lang='lat'><strong>:</strong></span> <span class='ocrx_word' id='word_1_526' title='bbox 1841 1421 1885 1448; x_wconf 81' lang='lat' dir='ltr'><strong>Vo-</strong></span> 
     </span>
    </p>
   </div>
   <div class='ocr_carea' id='block_1_72' title="bbox 1099 1466 1888 1502">
    <p class='ocr_par' dir='ltr' id='par_1_72' title="bbox 1099 1466 1888 1502">
     <span class='ocr_line' id='line_1_72' title="bbox 1099 1466 1888 1502; baseline 0 -8"><span class='ocrx_word' id='word_1_527' title='bbox 1099 1467 1215 1494; x_wconf 87' lang='lat' dir='ltr'><strong>luntarie</strong></span> <span class='ocrx_word' id='word_1_528' title='bbox 1239 1467 1326 1502; x_wconf 73' lang='lat' dir='ltr'><strong>offerri</strong></span> <span class='ocrx_word' id='word_1_529' title='bbox 1346 1471 1439 1501; x_wconf 76' lang='lat' dir='ltr'><strong>potest.</strong></span> <span class='ocrx_word' id='word_1_530' title='bbox 1466 1466 1579 1494; x_wconf 90' lang='lat' dir='ltr'><strong>Occides</strong></span> <span class='ocrx_word' id='word_1_531' title='bbox 1603 1474 1635 1493; x_wconf 89' lang='lat' dir='ltr'><strong>ea</strong></span> <span class='ocrx_word' id='word_1_532' title='bbox 1658 1466 1836 1502; x_wconf 76' lang='lat' dir='ltr'><strong>tibimetipsi;</strong></span> <span class='ocrx_word' id='word_1_533' title='bbox 1859 1471 1888 1494; x_wconf 88' lang='lat' dir='ltr'><strong>ut</strong></span> 
     </span>
    </p>
   </div>
   <div class='ocr_carea' id='block_1_73' title="bbox 1098 1513 1888 1548">
    <p class='ocr_par' dir='ltr' id='par_1_73' title="bbox 1098 1513 1888 1548">
     <span class='ocr_line' id='line_1_73' title="bbox 1098 1513 1888 1548; baseline -0.001 -8"><span class='ocrx_word' id='word_1_534' title='bbox 1098 1521 1153 1540; x_wconf 91' lang='lat' dir='ltr'><strong>non</strong></span> <span class='ocrx_word' id='word_1_535' title='bbox 1169 1513 1241 1540; x_wconf 89' lang='lat' dir='ltr'><strong>omni</strong></span> <span class='ocrx_word' id='word_1_536' title='bbox 1263 1513 1344 1540; x_wconf 92' lang='lat' dir='ltr'><strong>tuodo</strong></span> <span class='ocrx_word' id='word_1_537' title='bbox 1365 1513 1425 1540; x_wconf 89' lang='lat' dir='ltr'><strong>illos</strong></span> <span class='ocrx_word' id='word_1_538' title='bbox 1439 1521 1609 1544; x_wconf 84' lang='lat' dir='ltr'><strong>aversemur,</strong></span> <span class='ocrx_word' id='word_1_539' title='bbox 1628 1520 1679 1540; x_wconf 91' lang='lat' dir='ltr'><strong>nec</strong></span> <span class='ocrx_word' id='word_1_540' title='bbox 1700 1513 1726 1539; x_wconf 89' lang='lat' dir='ltr'><strong>in</strong></span> <span class='ocrx_word' id='word_1_541' title='bbox 1743 1517 1820 1548; x_wconf 88' lang='lat' dir='ltr'><strong>parte</strong></span> <span class='ocrx_word' id='word_1_542' title='bbox 1835 1513 1888 1539; x_wconf 88' lang='lat' dir='ltr'><strong>ini-</strong></span> 
     </span>
    </p>
   </div>
   <div class='ocr_carea' id='block_1_74' title="bbox 1098 1559 1886 1593">
    <p class='ocr_par' dir='ltr' id='par_1_74' title="bbox 1098 1559 1886 1593">
     <span class='ocr_line' id='line_1_74' title="bbox 1098 1559 1886 1593; baseline -0.001 -7"><span class='ocrx_word' id='word_1_543' title='bbox 1098 1559 1162 1586; x_wconf 88' lang='lat' dir='ltr'><strong>mici</strong></span> <span class='ocrx_word' id='word_1_544' title='bbox 1177 1559 1351 1593; x_wconf 84' lang='lat' dir='ltr'><strong>deputemus,</strong></span> <span class='ocrx_word' id='word_1_545' title='bbox 1364 1559 1410 1586; x_wconf 87' lang='lat' dir='ltr'><strong>sed</strong></span> <span class='ocrx_word' id='word_1_546' title='bbox 1423 1559 1571 1586; x_wconf 86' lang='lat' dir='ltr'><strong>doceamus</strong></span> <span class='ocrx_word' id='word_1_547' title='bbox 1582 1566 1639 1589; x_wconf 90' lang='lat' dir='ltr'><strong>eos,</strong></span> <span class='ocrx_word' id='word_1_548' title='bbox 1652 1563 1678 1586; x_wconf 89' lang='lat' dir='ltr'><strong>et</strong></span> <span class='ocrx_word' id='word_1_549' title='bbox 1692 1559 1886 1586; x_wconf 76' lang='lat' dir='ltr'><strong>exhortetuur:</strong></span> 
     </span>
    </p>
   </div>
   <div class='ocr_carea' id='block_1_75' title="bbox 1098 1605 1888 1641">
    <p class='ocr_par' dir='ltr' id='par_1_75' title="bbox 1098 1605 1888 1641">
     <span class='ocr_line' id='line_1_75' title="bbox 1098 1605 1888 1641; baseline 0 -10"><span class='ocrx_word' id='word_1_550' title='bbox 1098 1605 1224 1640; x_wconf 82' lang='lat' dir='ltr'><strong>Nunquid</strong></span> <span class='ocrx_word' id='word_1_551' title='bbox 1236 1605 1281 1639; x_wconf 82' lang='lat' dir='ltr'><strong>qui</strong></span> <span class='ocrx_word' id='word_1_552' title='bbox 1296 1605 1375 1635; x_wconf 85' lang='lat' dir='ltr'><strong>cadit,</strong></span> <span class='ocrx_word' id='word_1_553' title='bbox 1391 1613 1441 1631; x_wconf 88' lang='lat' dir='ltr'><strong>non</strong></span> <span class='ocrx_word' id='word_1_554' title='bbox 1458 1605 1565 1639; x_wconf 69' lang='lat' dir='ltr'><strong>adficiet</strong></span> <span class='ocrx_word' id='word_1_555' title='bbox 1584 1610 1612 1631; x_wconf 89' lang='lat' dir='ltr'><strong>ut</strong></span> <span class='ocrx_word' id='word_1_556' title='bbox 1628 1610 1757 1641; x_wconf 76' lang='lat' dir='ltr'><strong>resurgat,</strong></span> <span class='ocrx_word' id='word_1_557' title='bbox 1776 1610 1822 1631; x_wconf 88' lang='lat' dir='ltr'><strong>aut</strong></span> <span class='ocrx_word' id='word_1_558' title='bbox 1843 1605 1888 1639; x_wconf 83' lang='lat' dir='ltr'><strong>qui</strong></span> 
     </span>
    </p>
   </div>
   <div class='ocr_carea' id='block_1_76' title="bbox 1099 1650 1890 1678">
    <p class='ocr_par' dir='ltr' id='par_1_76' title="bbox 1099 1650 1890 1678">
     <span class='ocr_line' id='line_1_76' title="bbox 1099 1650 1890 1678; baseline -0.001 0"><span class='ocrx_word' id='word_1_559' title='bbox 1099 1659 1205 1678; x_wconf 78' lang='lat' dir='ltr'><strong>aversus</strong></span> <span class='ocrx_word' id='word_1_560' title='bbox 1226 1656 1264 1678; x_wconf 73' lang='lat' dir='ltr'><strong>est</strong></span> <span class='ocrx_word' id='word_1_561' title='bbox 1287 1659 1339 1678; x_wconf 85' lang='lat' dir='ltr'><strong>non</strong></span> <span class='ocrx_word' id='word_1_562' title='bbox 1354 1655 1497 1677; x_wconf 82' lang='lat' dir='ltr'><strong>revertetur</strong></span> <span class='ocrx_word' id='word_1_563' title='bbox 1511 1650 1540 1677; x_wconf 71' lang='grc' dir='ltr'><strong>δῖ)</strong></span> <span class='ocrx_word' id='word_1_564' title='bbox 1559 1650 1651 1678; x_wconf 87' lang='lat' dir='ltr'><strong>Occidi</strong></span> <span class='ocrx_word' id='word_1_565' title='bbox 1673 1656 1764 1678; x_wconf 87' lang='lat' dir='ltr'><strong>autent</strong></span> <span class='ocrx_word' id='word_1_566' title='bbox 1789 1651 1890 1678; x_wconf 84' lang='lat' dir='ltr'><strong>dicun-</strong></span> 
     </span>
    </p>
   </div>
   <div class='ocr_carea' id='block_1_77' title="bbox 1099 1698 1890 1735">
    <p class='ocr_par' dir='ltr' id='par_1_77' title="bbox 1099 1698 1890 1735">
     <span class='ocr_line' id='line_1_77' title="bbox 1099 1698 1890 1735; baseline -0.004 -8"><span class='ocrx_word' id='word_1_567' title='bbox 1099 1704 1144 1727; x_wconf 89' lang='lat' dir='ltr'><strong>tur</strong></span> <span class='ocrx_word' id='word_1_568' title='bbox 1168 1699 1322 1727; x_wconf 87' lang='lat' dir='ltr'><strong>mortilicati</strong></span> <span class='ocrx_word' id='word_1_569' title='bbox 1341 1704 1452 1735; x_wconf 68' lang='lat' dir='ltr'><strong>peceato</strong></span> <span class='ocrx_word' id='word_1_570' title='bbox 1475 1706 1534 1735; x_wconf 84' lang='lat' dir='ltr'><strong>per</strong></span> <span class='ocrx_word' id='word_1_571' title='bbox 1561 1699 1785 1729; x_wconf 84' lang='lat' dir='ltr'><strong>admonitionem,</strong></span> <span class='ocrx_word' id='word_1_572' title='bbox 1801 1703 1830 1724; x_wconf 93' lang='lat' dir='ltr'><strong>ut</strong></span> <span class='ocrx_word' id='word_1_573' title='bbox 1843 1698 1890 1732; x_wconf 91' lang='lat' dir='ltr'><strong>ju-</strong></span> 
     </span>
    </p>
   </div>
   <div class='ocr_carea' id='block_1_78' title="bbox 1099 1744 1890 1777">
    <p class='ocr_par' dir='ltr' id='par_1_78' title="bbox 1099 1744 1890 1777">
     <span class='ocr_line' id='line_1_78' title="bbox 1099 1744 1890 1777; baseline -0.003 -5"><span class='ocrx_word' id='word_1_574' title='bbox 1099 1746 1181 1773; x_wconf 59' lang='lat' dir='ltr'><strong>stitia;</strong></span> <span class='ocrx_word' id='word_1_575' title='bbox 1211 1746 1312 1773; x_wconf 87' lang='lat' dir='ltr'><strong>vivant.</strong></span> <span class='ocrx_word' id='word_1_576' title='bbox 1342 1744 1388 1772; x_wconf 67' lang='lat' dir='ltr'><strong>Hae</strong></span> <span class='ocrx_word' id='word_1_577' title='bbox 1409 1749 1499 1771; x_wconf 85' lang='lat' dir='ltr'><strong>autem</strong></span> <span class='ocrx_word' id='word_1_578' title='bbox 1533 1744 1695 1777; x_wconf 81' lang='lat' dir='ltr'><strong>occisiones,</strong></span> <span class='ocrx_word' id='word_1_579' title='bbox 1724 1744 1805 1771; x_wconf 87' lang='lat' dir='ltr'><strong>ttobis</strong></span> <span class='ocrx_word' id='word_1_580' title='bbox 1836 1744 1890 1770; x_wconf 90' lang='lat' dir='ltr'><strong>illis</strong></span> 
     </span>
    </p>
   </div>
   <div class='ocr_carea' id='block_1_79' title="bbox 1099 1790 1891 1825">
    <p class='ocr_par' dir='ltr' id='par_1_79' title="bbox 1099 1790 1891 1825">
     <span class='ocr_line' id='line_1_79' title="bbox 1099 1790 1891 1825; baseline -0.004 -6"><span class='ocrx_word' id='word_1_581' title='bbox 1099 1792 1164 1819; x_wconf 89' lang='lat' dir='ltr'><strong>licet</strong></span> <span class='ocrx_word' id='word_1_582' title='bbox 1183 1791 1366 1821; x_wconf 79' lang='lat' dir='ltr'><strong>commisceri,</strong></span> <span class='ocrx_word' id='word_1_583' title='bbox 1390 1790 1438 1817; x_wconf 89' lang='lat' dir='ltr'><strong>sed</strong></span> <span class='ocrx_word' id='word_1_584' title='bbox 1453 1798 1503 1825; x_wconf 88' lang='lat' dir='ltr'><strong>pro</strong></span> <span class='ocrx_word' id='word_1_585' title='bbox 1517 1795 1580 1817; x_wconf 91' lang='lat' dir='ltr'><strong>voto</strong></span> <span class='ocrx_word' id='word_1_586' title='bbox 1602 1798 1654 1817; x_wconf 91' lang='lat' dir='ltr'><strong>non</strong></span> <span class='ocrx_word' id='word_1_587' title='bbox 1679 1790 1828 1817; x_wconf 89' lang='lat' dir='ltr'><strong>offeramus</strong></span> <span class='ocrx_word' id='word_1_588' title='bbox 1842 1797 1891 1817; x_wconf 80' lang='lat' dir='ltr'><strong>eas</strong></span> 
     </span>
    </p>
   </div>
   <div class='ocr_carea' id='block_1_80' title="bbox 1098 1835 1890 1870">
    <p class='ocr_par' dir='ltr' id='par_1_80' title="bbox 1098 1835 1890 1870">
     <span class='ocr_line' id='line_1_80' title="bbox 1098 1835 1890 1870; baseline -0.001 -7"><span class='ocrx_word' id='word_1_589' title='bbox 1098 1836 1166 1869; x_wconf 86' lang='lat' dir='ltr'><strong>Deo,</strong></span> <span class='ocrx_word' id='word_1_590' title='bbox 1182 1837 1207 1863; x_wconf 89' lang='lat' dir='ltr'><strong>id</strong></span> <span class='ocrx_word' id='word_1_591' title='bbox 1223 1841 1265 1864; x_wconf 86' lang='lat' dir='ltr'><strong>est</strong></span> <span class='ocrx_word' id='word_1_592' title='bbox 1280 1837 1312 1863; x_wconf 88' lang='lat' dir='ltr'><strong>ad</strong></span> <span class='ocrx_word' id='word_1_593' title='bbox 1330 1835 1511 1863; x_wconf 86' lang='lat' dir='ltr'><strong>ministerium</strong></span> <span class='ocrx_word' id='word_1_594' title='bbox 1529 1836 1589 1869; x_wconf 88' lang='lat' dir='ltr'><strong>ejus</strong></span> <span class='ocrx_word' id='word_1_595' title='bbox 1608 1836 1751 1870; x_wconf 69' lang='lat' dir='ltr'><strong>mysticum</strong></span> <span class='ocrx_word' id='word_1_596' title='bbox 1769 1843 1824 1862; x_wconf 89' lang='lat' dir='ltr'><strong>non</strong></span> <span class='ocrx_word' id='word_1_597' title='bbox 1843 1843 1890 1862; x_wconf 86' lang='lat' dir='ltr'><strong>eas</strong></span> 
     </span>
    </p>
   </div>
   <div class='ocr_carea' id='block_1_81' title="bbox 1099 1881 1891 1916">
    <p class='ocr_par' dir='ltr' id='par_1_81' title="bbox 1099 1881 1891 1916">
     <span class='ocr_line' id='line_1_81' title="bbox 1099 1881 1891 1916; baseline -0.003 -7"><span class='ocrx_word' id='word_1_598' title='bbox 1099 1883 1269 1910; x_wconf 90' lang='lat' dir='ltr'><strong>ordinemtts.</strong></span> <span class='ocrx_word' id='word_1_599' title='bbox 1296 1882 1367 1916; x_wconf 83' lang='lat' dir='ltr'><strong>Ergo</strong></span> <span class='ocrx_word' id='word_1_600' title='bbox 1388 1881 1535 1916; x_wconf 87' lang='lat' dir='ltr'><strong>quamlibet</strong></span> <span class='ocrx_word' id='word_1_601' title='bbox 1557 1881 1746 1916; x_wconf 61' lang='lat' dir='ltr'><strong>pratdietarum</strong></span> <span class='ocrx_word' id='word_1_602' title='bbox 1770 1881 1891 1908; x_wconf 77' lang='lat' dir='ltr'><strong>macula-</strong></span> 
     </span>
    </p>
   </div>
   <div class='ocr_carea' id='block_1_82' title="bbox 1100 1927 1890 1962">
    <p class='ocr_par' dir='ltr' id='par_1_82' title="bbox 1100 1927 1890 1962">
     <span class='ocr_line' id='line_1_82' title="bbox 1100 1927 1890 1962; baseline -0.001 -8"><span class='ocrx_word' id='word_1_603' title='bbox 1100 1935 1159 1954; x_wconf 88' lang='lat' dir='ltr'><strong>runt</strong></span> <span class='ocrx_word' id='word_1_604' title='bbox 1176 1928 1320 1960; x_wconf 87' lang='lat' dir='ltr'><strong>habentes,</strong></span> <span class='ocrx_word' id='word_1_605' title='bbox 1338 1927 1360 1954; x_wconf 85' lang='lat' dir='ltr'><strong>si</strong></span> <span class='ocrx_word' id='word_1_606' title='bbox 1379 1927 1568 1962; x_wconf 78' lang='lat' dir='ltr'><strong>paenitentiam</strong></span> <span class='ocrx_word' id='word_1_607' title='bbox 1588 1927 1694 1962; x_wconf 83' lang='lat' dir='ltr'><strong>egerint</strong></span> <span class='ocrx_word' id='word_1_608' title='bbox 1709 1934 1791 1961; x_wconf 88' lang='lat' dir='ltr'><strong>super</strong></span> <span class='ocrx_word' id='word_1_609' title='bbox 1803 1934 1846 1958; x_wconf 88' lang='lat' dir='ltr'><strong>ea,</strong></span> <span class='ocrx_word' id='word_1_610' title='bbox 1861 1931 1890 1953; x_wconf 87' lang='lat' dir='ltr'><strong>et</strong></span> 
     </span>
    </p>
   </div>
   <div class='ocr_carea' id='block_1_83' title="bbox 1099 1972 1890 2007">
    <p class='ocr_par' dir='ltr' id='par_1_83' title="bbox 1099 1972 1890 2007">
     <span class='ocr_line' id='line_1_83' title="bbox 1099 1972 1890 2007; baseline -0.003 -7"><span class='ocrx_word' id='word_1_611' title='bbox 1099 1973 1183 2000; x_wconf 88' lang='lat' dir='ltr'><strong>occisi</strong></span> <span class='ocrx_word' id='word_1_612' title='bbox 1210 1973 1314 2000; x_wconf 91' lang='lat' dir='ltr'><strong>fuerittt</strong></span> <span class='ocrx_word' id='word_1_613' title='bbox 1340 1972 1549 2000; x_wconf 83' lang='lat' dir='ltr'><strong>tuortifieatione</strong></span> <span class='ocrx_word' id='word_1_614' title='bbox 1574 1972 1679 2007; x_wconf 86' lang='lat' dir='ltr'><strong>peccati</strong></span> <span class='ocrx_word' id='word_1_615' title='bbox 1707 1972 1890 2007; x_wconf 79' lang='lat' dir='ltr'><strong>suscipiamus</strong></span> 
     </span>
    </p>
   </div>
   <div class='ocr_carea' id='block_1_84' title="bbox 1098 2017 1890 2054">
    <p class='ocr_par' dir='ltr' id='par_1_84' title="bbox 1098 2017 1890 2054">
     <span class='ocr_line' id='line_1_84' title="bbox 1098 2017 1890 2054; baseline -0.004 -8"><span class='ocrx_word' id='word_1_616' title='bbox 1098 2019 1208 2054; x_wconf 88' lang='lat' dir='ltr'><strong>quidem</strong></span> <span class='ocrx_word' id='word_1_617' title='bbox 1231 2026 1290 2049; x_wconf 87' lang='lat' dir='ltr'><strong>eos,</strong></span> <span class='ocrx_word' id='word_1_618' title='bbox 1313 2022 1340 2044; x_wconf 91' lang='lat' dir='ltr'><strong>et</strong></span> <span class='ocrx_word' id='word_1_619' title='bbox 1361 2018 1515 2044; x_wconf 90' lang='lat' dir='ltr'><strong>membrum</strong></span> <span class='ocrx_word' id='word_1_620' title='bbox 1533 2017 1685 2045; x_wconf 91' lang='lat' dir='ltr'><strong>communis</strong></span> <span class='ocrx_word' id='word_1_621' title='bbox 1700 2017 1824 2052; x_wconf 88' lang='lat' dir='ltr'><strong>corporis</strong></span> <span class='ocrx_word' id='word_1_622' title='bbox 1840 2017 1890 2044; x_wconf 84' lang='lat' dir='ltr'><strong>ha-</strong></span> 
     </span>
    </p>
   </div>
   <div class='ocr_carea' id='block_1_85' title="bbox 1098 2061 1889 2097">
    <p class='ocr_par' dir='ltr' id='par_1_85' title="bbox 1098 2061 1889 2097">
     <span class='ocr_line' id='line_1_85' title="bbox 1098 2061 1889 2097; baseline -0.003 -7"><span class='ocrx_word' id='word_1_623' title='bbox 1098 2063 1212 2090; x_wconf 82' lang='lat' dir='ltr'><strong>beamus</strong></span> <span class='ocrx_word' id='word_1_624' title='bbox 1227 2071 1233 2089; x_wconf 87' lang='lat'>:</span> <span class='ocrx_word' id='word_1_625' title='bbox 1250 2062 1313 2097; x_wconf 84' lang='lat' dir='ltr'><strong>quia</strong></span> <span class='ocrx_word' id='word_1_626' title='bbox 1328 2061 1448 2089; x_wconf 80' lang='lat' dir='ltr'><strong>Christus</strong></span> <span class='ocrx_word' id='word_1_627' title='bbox 1462 2063 1531 2089; x_wconf 76' lang='lat' dir='ltr'><strong>venit</strong></span> <span class='ocrx_word' id='word_1_628' title='bbox 1546 2063 1573 2088; x_wconf 89' lang='lat' dir='ltr'><strong>in</strong></span> <span class='ocrx_word' id='word_1_629' title='bbox 1589 2063 1658 2089; x_wconf 86' lang='lat' dir='ltr'><strong>[tunc</strong></span> <span class='ocrx_word' id='word_1_630' title='bbox 1677 2063 1812 2094; x_wconf 85' lang='lat' dir='ltr'><strong>mundum,</strong></span> <span class='ocrx_word' id='word_1_631' title='bbox 1826 2069 1889 2096; x_wconf 80' lang='lat' dir='ltr'><strong>pec-</strong></span> 
     </span>
    </p>
   </div>
   <div class='ocr_carea' id='block_1_86' title="bbox 1098 2107 1890 2142">
    <p class='ocr_par' dir='ltr' id='par_1_86' title="bbox 1098 2107 1890 2142">
     <span class='ocr_line' id='line_1_86' title="bbox 1098 2107 1890 2142; baseline 0 -8"><span class='ocrx_word' id='word_1_632' title='bbox 1098 2113 1199 2134; x_wconf 76' lang='lat' dir='ltr'><strong>catores</strong></span> <span class='ocrx_word' id='word_1_633' title='bbox 1222 2107 1308 2134; x_wconf 79' lang='lat' dir='ltr'><strong>salvos</strong></span> <span class='ocrx_word' id='word_1_634' title='bbox 1334 2108 1421 2142; x_wconf 84' lang='lat' dir='ltr'><strong>facere</strong></span> <span class='ocrx_word' id='word_1_635' title='bbox 1435 2108 1455 2140; x_wconf 83' lang='lat'><strong>&#39;;</strong></span> <span class='ocrx_word' id='word_1_636' title='bbox 1481 2108 1576 2134; x_wconf 88' lang='lat' dir='ltr'><strong>altario</strong></span> <span class='ocrx_word' id='word_1_637' title='bbox 1602 2113 1694 2135; x_wconf 85' lang='lat' dir='ltr'><strong>autem</strong></span> <span class='ocrx_word' id='word_1_638' title='bbox 1717 2107 1810 2135; x_wconf 87' lang='lat' dir='ltr'><strong>offerri</strong></span> <span class='ocrx_word' id='word_1_639' title='bbox 1834 2116 1890 2135; x_wconf 94' lang='lat' dir='ltr'><strong>non</strong></span> 
     </span>
    </p>
   </div>
   <div class='ocr_carea' id='block_1_87' title="bbox 1098 2152 1890 2187">
    <p class='ocr_par' dir='ltr' id='par_1_87' title="bbox 1098 2152 1890 2187">
     <span class='ocr_line' id='line_1_87' title="bbox 1098 2152 1890 2187; baseline 0.003 -8"><span class='ocrx_word' id='word_1_640' title='bbox 1098 2153 1170 2180; x_wconf 87' lang='lat' dir='ltr'><strong>licet.</strong></span> <span class='ocrx_word' id='word_1_641' title='bbox 1191 2152 1255 2184; x_wconf 88' lang='lat' dir='ltr'><strong>llac,</strong></span> <span class='ocrx_word' id='word_1_642' title='bbox 1281 2157 1310 2179; x_wconf 91' lang='lat' dir='ltr'><strong>ut</strong></span> <span class='ocrx_word' id='word_1_643' title='bbox 1331 2157 1409 2187; x_wconf 89' lang='lat' dir='ltr'><strong>puto,</strong></span> <span class='ocrx_word' id='word_1_644' title='bbox 1434 2153 1612 2181; x_wconf 89' lang='lat' dir='ltr'><strong>distinctione</strong></span> <span class='ocrx_word' id='word_1_645' title='bbox 1631 2159 1659 2181; x_wconf 92' lang='lat' dir='ltr'><strong>et</strong></span> <span class='ocrx_word' id='word_1_646' title='bbox 1681 2154 1790 2187; x_wconf 86' lang='lat' dir='ltr'><strong>Paulus,</strong></span> <span class='ocrx_word' id='word_1_647' title='bbox 1820 2154 1890 2181; x_wconf 89' lang='lat' dir='ltr'><strong>scri-</strong></span> 
     </span>
    </p>
   </div>
   <div class='ocr_carea' id='block_1_88' title="bbox 1099 2197 1890 2233">
    <p class='ocr_par' dir='ltr' id='par_1_88' title="bbox 1099 2197 1890 2233">
     <span class='ocr_line' id='line_1_88' title="bbox 1099 2197 1890 2233; baseline 0.001 -8"><span class='ocrx_word' id='word_1_648' title='bbox 1099 2199 1167 2225; x_wconf 89' lang='lat' dir='ltr'><strong>betts</strong></span> <span class='ocrx_word' id='word_1_649' title='bbox 1200 2198 1234 2225; x_wconf 89' lang='lat' dir='ltr'><strong>ad</strong></span> <span class='ocrx_word' id='word_1_650' title='bbox 1262 2197 1431 2229; x_wconf 86' lang='lat' dir='ltr'><strong>Cutiuthios,</strong></span> <span class='ocrx_word' id='word_1_651' title='bbox 1459 2207 1526 2226; x_wconf 86' lang='lat' dir='ltr'><strong>usus</strong></span> <span class='ocrx_word' id='word_1_652' title='bbox 1554 2204 1618 2226; x_wconf 86' lang='lat' dir='ltr'><strong>est:</strong></span> <span class='ocrx_word' id='word_1_653' title='bbox 1641 2200 1742 2233; x_wconf 78' lang='lat' dir='ltr'><strong>Scripsi</strong></span> <span class='ocrx_word' id='word_1_654' title='bbox 1767 2200 1838 2226; x_wconf 76' lang='lat' dir='ltr'><strong>vobis</strong></span> <span class='ocrx_word' id='word_1_655' title='bbox 1861 2201 1890 2226; x_wconf 86' lang='lat' dir='ltr'><strong>in</strong></span> 
     </span>
    </p>
   </div>
   <div class='ocr_carea' id='block_1_89' title="bbox 1099 2242 1889 2279">
    <p class='ocr_par' dir='ltr' id='par_1_89' title="bbox 1099 2242 1889 2279">
     <span class='ocr_line' id='line_1_89' title="bbox 1099 2242 1889 2279; baseline 0.001 -10"><span class='ocrx_word' id='word_1_656' title='bbox 1099 2242 1220 2277; x_wconf 84' lang='lat' dir='ltr'><strong>epistola,</strong></span> <span class='ocrx_word' id='word_1_657' title='bbox 1239 2251 1289 2269; x_wconf 86' lang='lat' dir='ltr'><strong>non</strong></span> <span class='ocrx_word' id='word_1_658' title='bbox 1303 2244 1466 2270; x_wconf 76' lang='lat' dir='ltr'><strong>commisceri</strong></span> <span class='ocrx_word' id='word_1_659' title='bbox 1482 2244 1642 2279; x_wconf 83' lang='lat' dir='ltr'><strong>fornicariis,</strong></span> <span class='ocrx_word' id='word_1_660' title='bbox 1659 2252 1710 2271; x_wconf 84' lang='lat' dir='ltr'><strong>non</strong></span> <span class='ocrx_word' id='word_1_661' title='bbox 1725 2245 1816 2277; x_wconf 84' lang='lat' dir='ltr'><strong>utique</strong></span> <span class='ocrx_word' id='word_1_662' title='bbox 1835 2245 1889 2279; x_wconf 85' lang='lat' dir='ltr'><strong>for-</strong></span> 
     </span>
    </p>
   </div>
   <div class='ocr_carea' id='block_1_90' title="bbox 259 2285 1890 2324">
    <p class='ocr_par' dir='ltr' id='par_1_90' title="bbox 259 2285 1890 2324">
     <span class='ocr_line' id='line_1_90' title="bbox 259 2285 1890 2324; baseline 0.002 -12"><span class='ocrx_word' id='word_1_663' title='bbox 259 2290 310 2317; x_wconf 72' lang='grc' dir='ltr'><strong>ωε,</strong></span> <span class='ocrx_word' id='word_1_664' title='bbox 327 2286 389 2319; x_wconf 89' lang='lat' dir='ltr'><strong>quia</strong></span> <span class='ocrx_word' id='word_1_665' title='bbox 412 2286 496 2313; x_wconf 84' lang='lat' dir='ltr'><strong>cauda</strong></span> <span class='ocrx_word' id='word_1_666' title='bbox 522 2291 564 2314; x_wconf 88' lang='lat' dir='ltr'><strong>est</strong></span> <span class='ocrx_word' id='word_1_667' title='bbox 589 2292 710 2314; x_wconf 79' lang='lat' dir='ltr'><strong>extrema</strong></span> <span class='ocrx_word' id='word_1_668' title='bbox 735 2295 797 2321; x_wconf 91' lang='lat' dir='ltr'><strong>pars</strong></span> <span class='ocrx_word' id='word_1_669' title='bbox 819 2286 952 2321; x_wconf 88' lang='lat' dir='ltr'><strong>corporis.</strong></span> <span class='ocrx_word' id='word_1_670' title='bbox 977 2285 1047 2313; x_wconf 89' lang='lat' dir='ltr'><strong>Sunt</strong></span> <span class='ocrx_word' id='word_1_671' title='bbox 1063 2297 1083 2324; x_wconf 78' lang='grc' dir='ltr'><strong>ο</strong></span> <span class='ocrx_word' id='word_1_672' title='bbox 1100 2288 1209 2315; x_wconf 84' lang='lat' dir='ltr'><strong>nicariis</strong></span> <span class='ocrx_word' id='word_1_673' title='bbox 1222 2288 1313 2314; x_wconf 76' lang='lat' dir='ltr'><strong>mundi</strong></span> <span class='ocrx_word' id='word_1_674' title='bbox 1332 2288 1421 2322; x_wconf 78' lang='lat' dir='ltr'><strong>huius,</strong></span> <span class='ocrx_word' id='word_1_675' title='bbox 1437 2294 1484 2315; x_wconf 84' lang='lat' dir='ltr'><strong>aut</strong></span> <span class='ocrx_word' id='word_1_676' title='bbox 1499 2290 1597 2321; x_wconf 68' lang='lat' dir='ltr'><strong>aratris,</strong></span> <span class='ocrx_word' id='word_1_677' title='bbox 1613 2295 1659 2316; x_wconf 89' lang='lat' dir='ltr'><strong>aut</strong></span> <span class='ocrx_word' id='word_1_678' title='bbox 1676 2291 1826 2324; x_wconf 75' lang='lat' dir='ltr'><strong>rapacibus,</strong></span> <span class='ocrx_word' id='word_1_679' title='bbox 1841 2295 1890 2316; x_wconf 84' lang='lat' dir='ltr'><strong>aut</strong></span> 
     </span>
    </p>
   </div>
   <div class='ocr_carea' id='block_1_91' title="bbox 258 2331 1045 2367">
    <p class='ocr_par' dir='ltr' id='par_1_91' title="bbox 258 2331 1045 2367">
     <span class='ocr_line' id='line_1_91' title="bbox 258 2331 1045 2367; baseline -0.001 -8"><span class='ocrx_word' id='word_1_680' title='bbox 258 2339 325 2366; x_wconf 75' lang='lat' dir='ltr'><strong>ergo</strong></span> <span class='ocrx_word' id='word_1_681' title='bbox 344 2331 452 2366; x_wconf 91' lang='lat' dir='ltr'><strong>proprie</strong></span> <span class='ocrx_word' id='word_1_682' title='bbox 468 2332 581 2359; x_wconf 89' lang='lat' dir='ltr'><strong>caudam</strong></span> <span class='ocrx_word' id='word_1_683' title='bbox 598 2336 764 2367; x_wconf 83' lang='lat' dir='ltr'><strong>amputatum</strong></span> <span class='ocrx_word' id='word_1_684' title='bbox 787 2332 928 2364; x_wconf 89' lang='lat' dir='ltr'><strong>ltabetttes,</strong></span> <span class='ocrx_word' id='word_1_685' title='bbox 945 2331 992 2366; x_wconf 92' lang='lat' dir='ltr'><strong>qui</strong></span> <span class='ocrx_word' id='word_1_686' title='bbox 1013 2339 1045 2358; x_wconf 86' lang='lat' dir='ltr'><strong>ea</strong></span> 
     </span>
    </p>
   </div>
   <div class='ocr_carea' id='block_1_92' title="bbox 258 2377 1045 2413">
    <p class='ocr_par' dir='ltr' id='par_1_92' title="bbox 258 2377 1045 2413">
     <span class='ocr_line' id='line_1_92' title="bbox 258 2377 1045 2413; baseline -0.004 -7"><span class='ocrx_word' id='word_1_687' title='bbox 258 2386 320 2413; x_wconf 67' lang='lat' dir='ltr'><strong>qua:</strong></span> <span class='ocrx_word' id='word_1_688' title='bbox 341 2383 405 2405; x_wconf 87' lang='lat' dir='ltr'><strong>sunt</strong></span> <span class='ocrx_word' id='word_1_689' title='bbox 431 2378 591 2410; x_wconf 87' lang='lat' dir='ltr'><strong>novissima,</strong></span> <span class='ocrx_word' id='word_1_690' title='bbox 612 2378 717 2412; x_wconf 85' lang='lat' dir='ltr'><strong>abjecta</strong></span> <span class='ocrx_word' id='word_1_691' title='bbox 741 2385 773 2404; x_wconf 90' lang='lat' dir='ltr'><strong>ac</strong></span> <span class='ocrx_word' id='word_1_692' title='bbox 799 2378 871 2408; x_wconf 88' lang='lat' dir='ltr'><strong>vilia,</strong></span> <span class='ocrx_word' id='word_1_693' title='bbox 886 2382 913 2404; x_wconf 88' lang='lat' dir='ltr'><strong>et</strong></span> <span class='ocrx_word' id='word_1_694' title='bbox 934 2377 1045 2404; x_wconf 87' lang='lat' dir='ltr'><strong>tninima</strong></span> 
     </span>
    </p>
   </div>
   <div class='ocr_carea' id='block_1_93' title="bbox 258 2423 1044 2459">
    <p class='ocr_par' dir='ltr' id='par_1_93' title="bbox 258 2423 1044 2459">
     <span class='ocr_line' id='line_1_93' title="bbox 258 2423 1044 2459; baseline -0.001 -8"><span class='ocrx_word' id='word_1_695' title='bbox 258 2424 392 2458; x_wconf 80' lang='lat' dir='ltr'><strong>pendunt,</strong></span> <span class='ocrx_word' id='word_1_696' title='bbox 414 2425 459 2459; x_wconf 91' lang='lat' dir='ltr'><strong>qui</strong></span> <span class='ocrx_word' id='word_1_697' title='bbox 482 2424 549 2451; x_wconf 93' lang='lat' dir='ltr'><strong>nihil</strong></span> <span class='ocrx_word' id='word_1_698' title='bbox 569 2425 679 2451; x_wconf 88' lang='lat' dir='ltr'><strong>sibimet</strong></span> <span class='ocrx_word' id='word_1_699' title='bbox 698 2424 725 2450; x_wconf 89' lang='lat' dir='ltr'><strong>itt</strong></span> <span class='ocrx_word' id='word_1_700' title='bbox 742 2423 841 2450; x_wconf 90' lang='lat' dir='ltr'><strong>futuris</strong></span> <span class='ocrx_word' id='word_1_701' title='bbox 860 2423 965 2451; x_wconf 66' lang='lat' dir='ltr'><strong>saeculis</strong></span> <span class='ocrx_word' id='word_1_702' title='bbox 984 2423 1044 2450; x_wconf 89' lang='lat' dir='ltr'><strong>the-</strong></span> 
     </span>
    </p>
   </div>
   <div class='ocr_carea' id='block_1_94' title="bbox 259 2468 1043 2505">
    <p class='ocr_par' dir='ltr' id='par_1_94' title="bbox 259 2468 1043 2505">
     <span class='ocr_line' id='line_1_94' title="bbox 259 2468 1043 2505; baseline -0.001 -8"><span class='ocrx_word' id='word_1_703' title='bbox 259 2470 409 2499; x_wconf 80' lang='lat' dir='ltr'><strong>saurizant.</strong></span> <span class='ocrx_word' id='word_1_704' title='bbox 423 2471 469 2505; x_wconf 92' lang='lat' dir='ltr'><strong>qui</strong></span> <span class='ocrx_word' id='word_1_705' title='bbox 492 2471 590 2497; x_wconf 84' lang='lat' dir='ltr'><strong>futuris</strong></span> <span class='ocrx_word' id='word_1_706' title='bbox 611 2478 665 2496; x_wconf 95' lang='lat' dir='ltr'><strong>non</strong></span> <span class='ocrx_word' id='word_1_707' title='bbox 685 2469 840 2504; x_wconf 90' lang='lat' dir='ltr'><strong>provident,</strong></span> <span class='ocrx_word' id='word_1_708' title='bbox 861 2469 907 2503; x_wconf 92' lang='lat' dir='ltr'><strong>qui</strong></span> <span class='ocrx_word' id='word_1_709' title='bbox 924 2468 1018 2496; x_wconf 88' lang='lat' dir='ltr'><strong>dicunt</strong></span> <span class='ocrx_word' id='word_1_710' title='bbox 1035 2477 1043 2496; x_wconf 88' lang='lat'><strong>:</strong></span> 
     </span>
    </p>
   </div>
   <div class='ocr_carea' id='block_1_95' title="bbox 259 2514 1043 2547">
    <p class='ocr_par' dir='ltr' id='par_1_95' title="bbox 259 2514 1043 2547">
     <span class='ocr_line' id='line_1_95' title="bbox 259 2514 1043 2547; baseline -0.001 -5"><span class='ocrx_word' id='word_1_711' title='bbox 259 2515 446 2543; x_wconf 78' lang='lat' dir='ltr'><strong>Munducentns</strong></span> <span class='ocrx_word' id='word_1_712' title='bbox 467 2520 492 2542; x_wconf 85' lang='lat' dir='ltr'><strong>ct</strong></span> <span class='ocrx_word' id='word_1_713' title='bbox 517 2515 646 2547; x_wconf 85' lang='lat' dir='ltr'><strong>bibamus,</strong></span> <span class='ocrx_word' id='word_1_714' title='bbox 676 2523 735 2542; x_wconf 83' lang='lat' dir='ltr'><strong>cras</strong></span> <span class='ocrx_word' id='word_1_715' title='bbox 758 2515 827 2541; x_wconf 85' lang='lat' dir='ltr'><strong>enim</strong></span> <span class='ocrx_word' id='word_1_716' title='bbox 848 2515 989 2541; x_wconf 85' lang='lat' dir='ltr'><strong>moriemur</strong></span> <span class='ocrx_word' id='word_1_717' title='bbox 1009 2514 1043 2541; x_wconf 84' lang='lat'><strong>&quot;.</strong></span> 
     </span>
    </p>
   </div>
   <div class='ocr_carea' id='block_1_96' title="bbox 258 2561 1045 2595">
    <p class='ocr_par' dir='ltr' id='par_1_96' title="bbox 258 2561 1045 2595">
     <span class='ocr_line' id='line_1_96' title="bbox 258 2561 1045 2595; baseline -0.001 -7"><span class='ocrx_word' id='word_1_718' title='bbox 258 2562 392 2589; x_wconf 84' lang='lat' dir='ltr'><strong>Contritis</strong></span> <span class='ocrx_word' id='word_1_719' title='bbox 409 2561 541 2588; x_wconf 88' lang='lat' dir='ltr'><strong>testiculis</strong></span> <span class='ocrx_word' id='word_1_720' title='bbox 555 2565 607 2593; x_wconf 89' lang='lat' dir='ltr'><strong>est,</strong></span> <span class='ocrx_word' id='word_1_721' title='bbox 623 2561 668 2595; x_wconf 91' lang='lat' dir='ltr'><strong>qui</strong></span> <span class='ocrx_word' id='word_1_722' title='bbox 687 2561 816 2595; x_wconf 88' lang='lat' dir='ltr'><strong>paulatim</strong></span> <span class='ocrx_word' id='word_1_723' title='bbox 832 2565 973 2588; x_wconf 84' lang='lat' dir='ltr'><strong>crescente</strong></span> <span class='ocrx_word' id='word_1_724' title='bbox 987 2568 1045 2587; x_wconf 85' lang='lat' dir='ltr'><strong>ma-</strong></span> 
     </span>
    </p>
   </div>
   <div class='ocr_carea' id='block_1_97' title="bbox 258 2606 1045 2641">
    <p class='ocr_par' dir='ltr' id='par_1_97' title="bbox 258 2606 1045 2641">
     <span class='ocr_line' id='line_1_97' title="bbox 258 2606 1045 2641; baseline -0.003 -7"><span class='ocrx_word' id='word_1_725' title='bbox 258 2607 328 2639; x_wconf 89' lang='lat' dir='ltr'><strong>litia,</strong></span> <span class='ocrx_word' id='word_1_726' title='bbox 346 2606 462 2634; x_wconf 88' lang='lat' dir='ltr'><strong>conterit</strong></span> <span class='ocrx_word' id='word_1_727' title='bbox 481 2613 558 2633; x_wconf 86' lang='lat' dir='ltr'><strong>suam</strong></span> <span class='ocrx_word' id='word_1_728' title='bbox 576 2606 603 2633; x_wconf 93' lang='lat' dir='ltr'><strong>in</strong></span> <span class='ocrx_word' id='word_1_729' title='bbox 620 2607 766 2634; x_wconf 89' lang='lat' dir='ltr'><strong>virtutibus</strong></span> <span class='ocrx_word' id='word_1_730' title='bbox 784 2606 900 2641; x_wconf 86' lang='lat' dir='ltr'><strong>prolem,</strong></span> <span class='ocrx_word' id='word_1_731' title='bbox 915 2610 943 2632; x_wconf 91' lang='lat' dir='ltr'><strong>et</strong></span> <span class='ocrx_word' id='word_1_732' title='bbox 957 2606 1045 2641; x_wconf 83' lang='lat' dir='ltr'><strong>signa,</strong></span> 
     </span>
    </p>
   </div>
   <div class='ocr_carea' id='block_1_98' title="bbox 257 2651 1047 2686">
    <p class='ocr_par' dir='ltr' id='par_1_98' title="bbox 257 2651 1047 2686">
     <span class='ocr_line' id='line_1_98' title="bbox 257 2651 1047 2686; baseline 0.001 -9"><span class='ocrx_word' id='word_1_733' title='bbox 257 2659 309 2686; x_wconf 87' lang='lat' dir='ltr'><strong>per</strong></span> <span class='ocrx_word' id='word_1_734' title='bbox 324 2659 384 2685; x_wconf 73' lang='lat' dir='ltr'><strong>quae</strong></span> <span class='ocrx_word' id='word_1_735' title='bbox 401 2651 441 2678; x_wconf 84' lang='lat' dir='ltr'><strong>vir</strong></span> <span class='ocrx_word' id='word_1_736' title='bbox 459 2651 548 2686; x_wconf 88' lang='lat' dir='ltr'><strong>possit</strong></span> <span class='ocrx_word' id='word_1_737' title='bbox 569 2651 690 2686; x_wconf 79' lang='lat' dir='ltr'><strong>agnosci.</strong></span> <span class='ocrx_word' id='word_1_738' title='bbox 706 2652 757 2683; x_wconf 90' lang='lat' dir='ltr'><strong>Qui</strong></span> <span class='ocrx_word' id='word_1_739' title='bbox 776 2656 804 2679; x_wconf 94' lang='lat' dir='ltr'><strong>et</strong></span> <span class='ocrx_word' id='word_1_740' title='bbox 822 2657 895 2679; x_wconf 85' lang='lat' dir='ltr'><strong>recte</strong></span> <span class='ocrx_word' id='word_1_741' title='bbox 918 2651 1047 2686; x_wconf 89' lang='lat' dir='ltr'><strong>reproba—</strong></span> 
     </span>
    </p>
   </div>
   <div class='ocr_carea' id='block_1_99' title="bbox 260 2695 1048 2732">
    <p class='ocr_par' dir='ltr' id='par_1_99' title="bbox 260 2695 1048 2732">
     <span class='ocr_line' id='line_1_99' title="bbox 260 2695 1048 2732; baseline 0.001 -9"><span class='ocrx_word' id='word_1_742' title='bbox 260 2702 314 2727; x_wconf 77' lang='lat' dir='ltr'><strong>tur,</strong></span> <span class='ocrx_word' id='word_1_743' title='bbox 340 2696 403 2730; x_wconf 89' lang='lat' dir='ltr'><strong>quia</strong></span> <span class='ocrx_word' id='word_1_744' title='bbox 432 2695 594 2732; x_wconf 89' lang='lat' dir='ltr'><strong>sibimetipsi</strong></span> <span class='ocrx_word' id='word_1_745' title='bbox 620 2697 647 2724; x_wconf 93' lang='lat' dir='ltr'><strong>in</strong></span> <span class='ocrx_word' id='word_1_746' title='bbox 673 2698 774 2725; x_wconf 84' lang='lat' dir='ltr'><strong>talibus</strong></span> <span class='ocrx_word' id='word_1_747' title='bbox 796 2698 909 2729; x_wconf 90' lang='lat' dir='ltr'><strong>nocuit,</strong></span> <span class='ocrx_word' id='word_1_748' title='bbox 936 2697 970 2724; x_wconf 91' lang='lat' dir='ltr'><strong>de</strong></span> <span class='ocrx_word' id='word_1_749' title='bbox 994 2705 1048 2731; x_wconf 89' lang='lat' dir='ltr'><strong>qtto</strong></span> 
     </span>
    </p>
   </div>
   <div class='ocr_carea' id='block_1_100' title="bbox 259 2742 1045 2780">
    <p class='ocr_par' dir='ltr' id='par_1_100' title="bbox 259 2742 1045 2780">
     <span class='ocr_line' id='line_1_100' title="bbox 259 2742 1045 2780; baseline 0.001 -12"><span class='ocrx_word' id='word_1_750' title='bbox 259 2742 327 2769; x_wconf 79' lang='lat' dir='ltr'><strong>dixit</strong></span> <span class='ocrx_word' id='word_1_751' title='bbox 346 2742 430 2770; x_wconf 83' lang='lat' dir='ltr'><strong>David</strong></span> <span class='ocrx_word' id='word_1_752' title='bbox 448 2753 453 2770; x_wconf 92' lang='lat'>:</span> <span class='ocrx_word' id='word_1_753' title='bbox 471 2743 540 2771; x_wconf 91' lang='lat' dir='ltr'><strong>Dum</strong></span> <span class='ocrx_word' id='word_1_754' title='bbox 563 2745 776 2780; x_wconf 84' lang='lat' dir='ltr'><strong>confringuntur&#39;</strong></span> <span class='ocrx_word' id='word_1_755' title='bbox 788 2744 876 2770; x_wconf 85' lang='lat' dir='ltr'><strong>omnia</strong></span> <span class='ocrx_word' id='word_1_756' title='bbox 899 2751 957 2770; x_wconf 79' lang='lat' dir='ltr'><strong>ossa</strong></span> <span class='ocrx_word' id='word_1_757' title='bbox 976 2751 1045 2776; x_wconf 84' lang='lat' dir='ltr'><strong>utea,</strong></span> 
     </span>
    </p>
   </div>
   <div class='ocr_carea' id='block_1_101' title="bbox 261 2787 1047 2825">
    <p class='ocr_par' dir='ltr' id='par_1_101' title="bbox 261 2787 1047 2825">
     <span class='ocr_line' id='line_1_101' title="bbox 261 2787 1047 2825; baseline 0.004 -12"><span class='ocrx_word' id='word_1_758' title='bbox 261 2787 485 2821; x_wconf 71' lang='lat' dir='ltr'><strong>exprobrauerunt</strong></span> <span class='ocrx_word' id='word_1_759' title='bbox 496 2798 536 2818; x_wconf 87' lang='lat' dir='ltr'><strong>me</strong></span> <span class='ocrx_word' id='word_1_760' title='bbox 548 2790 592 2825; x_wconf 86' lang='lat' dir='ltr'><strong>qui</strong></span> <span class='ocrx_word' id='word_1_761' title='bbox 610 2790 736 2817; x_wconf 84' lang='lat' dir='ltr'><strong>tribulam</strong></span> <span class='ocrx_word' id='word_1_762' title='bbox 749 2790 793 2816; x_wconf 86' lang='lat' dir='ltr'><strong>‘me</strong></span> <span class='ocrx_word' id='word_1_763' title='bbox 804 2789 838 2816; x_wconf 87' lang='lat'><strong>”.</strong></span> <span class='ocrx_word' id='word_1_764' title='bbox 854 2789 953 2816; x_wconf 81' lang='lat' dir='ltr'><strong>Tonsis</strong></span> <span class='ocrx_word' id='word_1_765' title='bbox 969 2789 1047 2816; x_wconf 86' lang='lat' dir='ltr'><strong>testi-</strong></span> 
     </span>
    </p>
   </div>
   <div class='ocr_carea' id='block_1_102' title="bbox 298 2893 549 2930">
    <p class='ocr_par' dir='ltr' id='par_1_102' title="bbox 298 2893 549 2930">
     <span class='ocr_line' id='line_1_102' title="bbox 298 2893 549 2930; baseline 0.016 -6"><span class='ocrx_word' id='word_1_766' title='bbox 298 2893 322 2909; x_wconf 84' lang='grc'><strong>’⁵</strong></span> <span class='ocrx_word' id='word_1_767' title='bbox 337 2898 406 2926; x_wconf 75' lang='lat' dir='ltr'><strong>l’sal.</strong></span> <span class='ocrx_word' id='word_1_768' title='bbox 419 2908 491 2930; x_wconf 77' lang='lat' dir='ltr'><strong>thx.</strong></span> <span class='ocrx_word' id='word_1_769' title='bbox 509 2901 549 2928; x_wconf 82' lang='lat' dir='ltr'><strong>l6.</strong></span> 
     </span>
    </p>
   </div>
   <div class='ocr_carea' id='block_1_103' title="bbox 262 2933 436 2964">
    <p class='ocr_par' dir='ltr' id='par_1_103' title="bbox 262 2933 436 2964">
     <span class='ocr_line' id='line_1_103' title="bbox 262 2933 436 2964; baseline 0.006 -2"><span class='ocrx_word' id='word_1_770' title='bbox 262 2933 306 2963; x_wconf 75' lang='grc'><strong>15.</strong></span> <span class='ocrx_word' id='word_1_771' title='bbox 344 2935 354 2950; x_wconf 91' lang='grc'>¹</span> <span class='ocrx_word' id='word_1_772' title='bbox 371 2935 436 2964; x_wconf 79' lang='lat' dir='ltr'><strong>ibid.</strong></span> 
     </span>
    </p>
   </div>
   <div class='ocr_carea' id='block_1_104' title="bbox 604 2901 809 2931">
    <p class='ocr_par' dir='ltr' id='par_1_104' title="bbox 604 2901 809 2931">
     <span class='ocr_line' id='line_1_104' title="bbox 604 2901 809 2931; baseline 0 -3"><span class='ocrx_word' id='word_1_773' title='bbox 604 2902 626 2917; x_wconf 84' lang='lat'>&quot;</span> <span class='ocrx_word' id='word_1_774' title='bbox 639 2901 718 2928; x_wconf 81' lang='lat' dir='ltr'><strong>Prov.</strong></span> <span class='ocrx_word' id='word_1_775' title='bbox 735 2910 772 2931; x_wconf 86' lang='lat' dir='ltr'><strong>vt.</strong></span> <span class='ocrx_word' id='word_1_776' title='bbox 783 2901 809 2929; x_wconf 88' lang='lat'><strong>6.</strong></span> 
     </span>
    </p>
   </div>
   <div class='ocr_carea' id='block_1_105' title="bbox 478 2936 909 2972">
    <p class='ocr_par' dir='ltr' id='par_1_105' title="bbox 478 2936 909 2972">
     <span class='ocr_line' id='line_1_105' title="bbox 478 2936 909 2972; baseline 0 -8"><span class='ocrx_word' id='word_1_777' title='bbox 478 2937 487 2951; x_wconf 75' lang='grc'>³</span> <span class='ocrx_word' id='word_1_778' title='bbox 504 2937 563 2964; x_wconf 69' lang='lat' dir='ltr'><strong>Act.</strong></span> <span class='ocrx_word' id='word_1_779' title='bbox 583 2942 638 2972; x_wconf 77' lang='lat' dir='ltr'><strong>\‘ll‘l,</strong></span> <span class='ocrx_word' id='word_1_780' title='bbox 651 2937 696 2965; x_wconf 69' lang='lat'><strong>20.</strong></span> <span class='ocrx_word' id='word_1_781' title='bbox 735 2936 802 2964; x_wconf 69' lang='lat' dir='ltr'><strong>“Ps.</strong></span> <span class='ocrx_word' id='word_1_782' title='bbox 818 2945 861 2970; x_wconf 83' lang='lat' dir='ltr'><strong>xt,</strong></span> <span class='ocrx_word' id='word_1_783' title='bbox 884 2937 909 2965; x_wconf 87' lang='lat'><strong>9.</strong></span> 
     </span>
    </p>
   </div>
   <div class='ocr_carea' id='block_1_106' title="bbox 862 2900 1097 2933">
    <p class='ocr_par' dir='ltr' id='par_1_106' title="bbox 862 2900 1097 2933">
     <span class='ocr_line' id='line_1_106' title="bbox 862 2900 1097 2933; baseline -0.004 -4"><span class='ocrx_word' id='word_1_784' title='bbox 862 2902 884 2917; x_wconf 75' lang='grc'>⁸⁷</span> <span class='ocrx_word' id='word_1_785' title='bbox 897 2901 905 2928; x_wconf 99' lang='grc' dir='ltr'><strong>Ι</strong></span> <span class='ocrx_word' id='word_1_786' title='bbox 920 2901 983 2929; x_wconf 83' lang='lat' dir='ltr'><strong>Cor.</strong></span> <span class='ocrx_word' id='word_1_787' title='bbox 1002 2909 1039 2933; x_wconf 89' lang='lat' dir='ltr'><strong>vt,</strong></span> <span class='ocrx_word' id='word_1_788' title='bbox 1055 2900 1097 2928; x_wconf 73' lang='grc'><strong>18.</strong></span> 
     </span>
    </p>
   </div>
   <div class='ocr_carea' id='block_1_107' title="bbox 948 2935 1169 2971">
    <p class='ocr_par' dir='ltr' id='par_1_107' title="bbox 948 2935 1169 2971">
     <span class='ocr_line' id='line_1_107' title="bbox 948 2935 1169 2971; baseline -0.005 -6"><span class='ocrx_word' id='word_1_789' title='bbox 948 2937 958 2953; x_wconf 84' lang='grc'><strong><em>⁵</em></strong></span> <span class='ocrx_word' id='word_1_790' title='bbox 973 2936 994 2965; x_wconf 87' lang='lat' dir='ltr'><strong>ll</strong></span> <span class='ocrx_word' id='word_1_791' title='bbox 1009 2936 1078 2965; x_wconf 85' lang='lat' dir='ltr'><strong>Tim.</strong></span> <span class='ocrx_word' id='word_1_792' title='bbox 1093 2944 1111 2971; x_wconf 85' lang='grc' dir='ltr'><strong>ι,</strong></span> <span class='ocrx_word' id='word_1_793' title='bbox 1127 2935 1169 2964; x_wconf 79' lang='lat' dir='ltr'><strong>l5.</strong></span> 
     </span>
    </p>
   </div>
   <div class='ocr_carea' id='block_1_108' title="bbox 1101 2333 1890 2365">
    <p class='ocr_par' dir='ltr' id='par_1_108' title="bbox 1101 2333 1890 2365">
     <span class='ocr_line' id='line_1_108' title="bbox 1101 2333 1890 2365; baseline -0.001 -4"><span class='ocrx_word' id='word_1_794' title='bbox 1101 2335 1178 2361; x_wconf 80' lang='lat' dir='ltr'><strong>idolis</strong></span> <span class='ocrx_word' id='word_1_795' title='bbox 1202 2333 1384 2365; x_wconf 85' lang='lat' dir='ltr'><strong>servientibus,</strong></span> <span class='ocrx_word' id='word_1_796' title='bbox 1408 2335 1555 2361; x_wconf 79' lang='lat' dir='ltr'><strong>debueratis</strong></span> <span class='ocrx_word' id='word_1_797' title='bbox 1578 2335 1647 2361; x_wconf 83' lang='lat' dir='ltr'><strong>enim</strong></span> <span class='ocrx_word' id='word_1_798' title='bbox 1669 2343 1701 2362; x_wconf 77' lang='lat' dir='ltr'><strong>ea:</strong></span> <span class='ocrx_word' id='word_1_799' title='bbox 1722 2335 1770 2361; x_wconf 83' lang='lat' dir='ltr'><strong>hoc</strong></span> <span class='ocrx_word' id='word_1_800' title='bbox 1792 2336 1890 2361; x_wconf 79' lang='lat' dir='ltr'><strong>munda</strong></span> 
     </span>
    </p>
   </div>
   <div class='ocr_carea' id='block_1_109' title="bbox 1101 2378 1890 2412">
    <p class='ocr_par' dir='ltr' id='par_1_109' title="bbox 1101 2378 1890 2412">
     <span class='ocr_line' id='line_1_109' title="bbox 1101 2378 1890 2412; baseline -0.001 -6"><span class='ocrx_word' id='word_1_801' title='bbox 1101 2380 1192 2406; x_wconf 65' lang='lat' dir='ltr'><strong>exisse.</strong></span> <span class='ocrx_word' id='word_1_802' title='bbox 1208 2379 1284 2406; x_wconf 84' lang='lat' dir='ltr'><strong>Nunc</strong></span> <span class='ocrx_word' id='word_1_803' title='bbox 1299 2384 1386 2405; x_wconf 81' lang='lat' dir='ltr'><strong>autem</strong></span> <span class='ocrx_word' id='word_1_804' title='bbox 1401 2379 1494 2412; x_wconf 81' lang='lat' dir='ltr'><strong>scripsi</strong></span> <span class='ocrx_word' id='word_1_805' title='bbox 1510 2379 1581 2406; x_wconf 79' lang='lat' dir='ltr'><strong>vobis</strong></span> <span class='ocrx_word' id='word_1_806' title='bbox 1599 2387 1649 2406; x_wconf 83' lang='lat' dir='ltr'><strong>non</strong></span> <span class='ocrx_word' id='word_1_807' title='bbox 1667 2378 1839 2405; x_wconf 81' lang='lat' dir='ltr'><strong>commisceri.</strong></span> <span class='ocrx_word' id='word_1_808' title='bbox 1861 2378 1890 2405; x_wconf 84' lang='lat' dir='ltr'><strong>Si</strong></span> 
     </span>
    </p>
   </div>
   <div class='ocr_carea' id='block_1_110' title="bbox 1101 2424 1890 2459">
    <p class='ocr_par' dir='ltr' id='par_1_110' title="bbox 1101 2424 1890 2459">
     <span class='ocr_line' id='line_1_110' title="bbox 1101 2424 1890 2459; baseline 0 -9"><span class='ocrx_word' id='word_1_809' title='bbox 1101 2425 1123 2451; x_wconf 79' lang='lat' dir='ltr'><strong>is</strong></span> <span class='ocrx_word' id='word_1_810' title='bbox 1137 2425 1182 2459; x_wconf 86' lang='lat' dir='ltr'><strong>qui</strong></span> <span class='ocrx_word' id='word_1_811' title='bbox 1195 2425 1277 2459; x_wconf 82' lang='lat' dir='ltr'><strong>frater</strong></span> <span class='ocrx_word' id='word_1_812' title='bbox 1290 2425 1450 2456; x_wconf 86' lang='lat' dir='ltr'><strong>nominatur,</strong></span> <span class='ocrx_word' id='word_1_813' title='bbox 1464 2429 1511 2451; x_wconf 83' lang='lat' dir='ltr'><strong>aut</strong></span> <span class='ocrx_word' id='word_1_814' title='bbox 1527 2425 1672 2459; x_wconf 79' lang='lat' dir='ltr'><strong>fornicator</strong></span> <span class='ocrx_word' id='word_1_815' title='bbox 1686 2429 1733 2455; x_wconf 84' lang='lat' dir='ltr'><strong>est,</strong></span> <span class='ocrx_word' id='word_1_816' title='bbox 1750 2429 1795 2450; x_wconf 88' lang='lat' dir='ltr'><strong>aut</strong></span> <span class='ocrx_word' id='word_1_817' title='bbox 1813 2424 1890 2450; x_wconf 78' lang='lat' dir='ltr'><strong>idolis</strong></span> 
     </span>
    </p>
   </div>
   <div class='ocr_carea' id='block_1_111' title="bbox 1101 2470 1890 2502">
    <p class='ocr_par' dir='ltr' id='par_1_111' title="bbox 1101 2470 1890 2502">
     <span class='ocr_line' id='line_1_111' title="bbox 1101 2470 1890 2502; baseline -0.004 -5"><span class='ocrx_word' id='word_1_818' title='bbox 1101 2470 1224 2502; x_wconf 79' lang='lat' dir='ltr'><strong>serviens,</strong></span> <span class='ocrx_word' id='word_1_819' title='bbox 1246 2474 1293 2496; x_wconf 85' lang='lat' dir='ltr'><strong>aut</strong></span> <span class='ocrx_word' id='word_1_820' title='bbox 1323 2478 1435 2502; x_wconf 83' lang='lat' dir='ltr'><strong>avarus,</strong></span> <span class='ocrx_word' id='word_1_821' title='bbox 1459 2472 1601 2502; x_wconf 83' lang='lat' dir='ltr'><strong>detractor,</strong></span> <span class='ocrx_word' id='word_1_822' title='bbox 1619 2475 1666 2496; x_wconf 87' lang='lat' dir='ltr'><strong>aut</strong></span> <span class='ocrx_word' id='word_1_823' title='bbox 1689 2470 1819 2501; x_wconf 79' lang='lat' dir='ltr'><strong>ebriosus,</strong></span> <span class='ocrx_word' id='word_1_824' title='bbox 1842 2474 1890 2495; x_wconf 82' lang='lat' dir='ltr'><strong>aut</strong></span> 
     </span>
    </p>
   </div>
   <div class='ocr_carea' id='block_1_112' title="bbox 1102 2515 1891 2550">
    <p class='ocr_par' dir='ltr' id='par_1_112' title="bbox 1102 2515 1891 2550">
     <span class='ocr_line' id='line_1_112' title="bbox 1102 2515 1891 2550; baseline 0 -8"><span class='ocrx_word' id='word_1_825' title='bbox 1102 2524 1198 2549; x_wconf 69' lang='lat' dir='ltr'><strong>rapax,</strong></span> <span class='ocrx_word' id='word_1_826' title='bbox 1214 2523 1274 2542; x_wconf 87' lang='lat' dir='ltr'><strong>cum</strong></span> <span class='ocrx_word' id='word_1_827' title='bbox 1291 2515 1442 2550; x_wconf 83' lang='lat' dir='ltr'><strong>ltujusmodi</strong></span> <span class='ocrx_word' id='word_1_828' title='bbox 1458 2523 1504 2542; x_wconf 80' lang='lat' dir='ltr'><strong>nec</strong></span> <span class='ocrx_word' id='word_1_829' title='bbox 1521 2516 1605 2542; x_wconf 83' lang='lat' dir='ltr'><strong>cibum</strong></span> <span class='ocrx_word' id='word_1_830' title='bbox 1622 2523 1726 2542; x_wconf 77' lang='lat' dir='ltr'><strong>sumere</strong></span> <span class='ocrx_word' id='word_1_831' title='bbox 1738 2517 1758 2542; x_wconf 81' lang='lat'><strong>&#39;.</strong></span> <span class='ocrx_word' id='word_1_832' title='bbox 1779 2515 1891 2541; x_wconf 75' lang='lat' dir='ltr'><strong>Fratres</strong></span> 
     </span>
    </p>
   </div>
   <div class='ocr_carea' id='block_1_113' title="bbox 1099 2560 1890 2595">
    <p class='ocr_par' dir='ltr' id='par_1_113' title="bbox 1099 2560 1890 2595">
     <span class='ocr_line' id='line_1_113' title="bbox 1099 2560 1890 2595; baseline -0.003 -7"><span class='ocrx_word' id='word_1_833' title='bbox 1099 2561 1246 2588; x_wconf 89' lang='lat' dir='ltr'><strong>nominans</strong></span> <span class='ocrx_word' id='word_1_834' title='bbox 1270 2561 1335 2594; x_wconf 90' lang='lat' dir='ltr'><strong>illic,</strong></span> <span class='ocrx_word' id='word_1_835' title='bbox 1359 2568 1407 2587; x_wconf 87' lang='lat' dir='ltr'><strong>eos</strong></span> <span class='ocrx_word' id='word_1_836' title='bbox 1432 2561 1479 2595; x_wconf 88' lang='lat' dir='ltr'><strong>qui</strong></span> <span class='ocrx_word' id='word_1_837' title='bbox 1505 2561 1602 2588; x_wconf 87' lang='lat' dir='ltr'><strong>altario</strong></span> <span class='ocrx_word' id='word_1_838' title='bbox 1630 2560 1796 2591; x_wconf 85' lang='lat' dir='ltr'><strong>ministrant,</strong></span> <span class='ocrx_word' id='word_1_839' title='bbox 1824 2560 1890 2594; x_wconf 86' lang='lat' dir='ltr'><strong>quia</strong></span> 
     </span>
    </p>
   </div>
   <div class='ocr_carea' id='block_1_114' title="bbox 1100 2605 1889 2640">
    <p class='ocr_par' dir='ltr' id='par_1_114' title="bbox 1100 2605 1889 2640">
     <span class='ocr_line' id='line_1_114' title="bbox 1100 2605 1889 2640; baseline 0 -8"><span class='ocrx_word' id='word_1_840' title='bbox 1100 2606 1217 2633; x_wconf 79' lang='lat' dir='ltr'><strong>maxime</strong></span> <span class='ocrx_word' id='word_1_841' title='bbox 1233 2612 1291 2636; x_wconf 83' lang='lat' dir='ltr'><strong>eos,</strong></span> <span class='ocrx_word' id='word_1_842' title='bbox 1307 2606 1353 2640; x_wconf 92' lang='lat' dir='ltr'><strong>qui</strong></span> <span class='ocrx_word' id='word_1_843' title='bbox 1375 2605 1508 2633; x_wconf 63' lang='lat' dir='ltr'><strong>doctrinae</strong></span> <span class='ocrx_word' id='word_1_844' title='bbox 1527 2606 1614 2633; x_wconf 90' lang='lat' dir='ltr'><strong>sortiti</strong></span> <span class='ocrx_word' id='word_1_845' title='bbox 1631 2610 1697 2633; x_wconf 87' lang='lat' dir='ltr'><strong>sunt</strong></span> <span class='ocrx_word' id='word_1_846' title='bbox 1716 2605 1889 2640; x_wconf 79' lang='lat' dir='ltr'><strong>dignitatem.</strong></span> 
     </span>
    </p>
   </div>
   <div class='ocr_carea' id='block_1_115' title="bbox 1100 2651 1891 2687">
    <p class='ocr_par' dir='ltr' id='par_1_115' title="bbox 1100 2651 1891 2687">
     <span class='ocr_line' id='line_1_115' title="bbox 1100 2651 1891 2687; baseline -0.003 -8"><span class='ocrx_word' id='word_1_847' title='bbox 1100 2656 1128 2680; x_wconf 90' lang='lat' dir='ltr'><strong>et</strong></span> <span class='ocrx_word' id='word_1_848' title='bbox 1148 2651 1248 2686; x_wconf 86' lang='lat' dir='ltr'><strong>quibus</strong></span> <span class='ocrx_word' id='word_1_849' title='bbox 1270 2659 1387 2686; x_wconf 63' lang='lat' dir='ltr'><strong>praeesse</strong></span> <span class='ocrx_word' id='word_1_850' title='bbox 1409 2652 1518 2687; x_wconf 92' lang='lat' dir='ltr'><strong>populis</strong></span> <span class='ocrx_word' id='word_1_851' title='bbox 1538 2652 1673 2679; x_wconf 88' lang='lat' dir='ltr'><strong>creditum</strong></span> <span class='ocrx_word' id='word_1_852' title='bbox 1690 2656 1742 2679; x_wconf 88' lang='lat' dir='ltr'><strong>est.</strong></span> <span class='ocrx_word' id='word_1_853' title='bbox 1763 2651 1795 2678; x_wconf 92' lang='lat' dir='ltr'><strong>Hi</strong></span> <span class='ocrx_word' id='word_1_854' title='bbox 1815 2651 1891 2678; x_wconf 88' lang='lat' dir='ltr'><strong>enim</strong></span> 
     </span>
    </p>
   </div>
   <div class='ocr_carea' id='block_1_116' title="bbox 1101 2697 1891 2732">
    <p class='ocr_par' dir='ltr' id='par_1_116' title="bbox 1101 2697 1891 2732">
     <span class='ocr_line' id='line_1_116' title="bbox 1101 2697 1891 2732; baseline -0.001 -8"><span class='ocrx_word' id='word_1_855' title='bbox 1101 2698 1122 2725; x_wconf 86' lang='lat' dir='ltr'><strong>si</strong></span> <span class='ocrx_word' id='word_1_856' title='bbox 1140 2697 1205 2732; x_wconf 88' lang='lat' dir='ltr'><strong>qttid</strong></span> <span class='ocrx_word' id='word_1_857' title='bbox 1223 2697 1276 2725; x_wconf 86' lang='lat' dir='ltr'><strong>tale</strong></span> <span class='ocrx_word' id='word_1_858' title='bbox 1298 2698 1453 2726; x_wconf 85' lang='lat' dir='ltr'><strong>habuerint.</strong></span> <span class='ocrx_word' id='word_1_859' title='bbox 1471 2698 1560 2725; x_wconf 90' lang='lat' dir='ltr'><strong>modis</strong></span> <span class='ocrx_word' id='word_1_860' title='bbox 1580 2697 1707 2725; x_wconf 89' lang='lat' dir='ltr'><strong>ontttihus</strong></span> <span class='ocrx_word' id='word_1_861' title='bbox 1722 2701 1829 2732; x_wconf 84' lang='lat' dir='ltr'><strong>oportet</strong></span> <span class='ocrx_word' id='word_1_862' title='bbox 1845 2705 1891 2724; x_wconf 79' lang='lat' dir='ltr'><strong>so—</strong></span> 
     </span>
    </p>
   </div>
   <div class='ocr_carea' id='block_1_117' title="bbox 1101 2743 1890 2779">
    <p class='ocr_par' dir='ltr' id='par_1_117' title="bbox 1101 2743 1890 2779">
     <span class='ocr_line' id='line_1_117' title="bbox 1101 2743 1890 2779; baseline -0.001 -9"><span class='ocrx_word' id='word_1_863' title='bbox 1101 2743 1229 2770; x_wconf 88' lang='lat' dir='ltr'><strong>cietatem</strong></span> <span class='ocrx_word' id='word_1_864' title='bbox 1258 2750 1353 2770; x_wconf 88' lang='lat' dir='ltr'><strong>eorum</strong></span> <span class='ocrx_word' id='word_1_865' title='bbox 1379 2743 1499 2770; x_wconf 83' lang='lat' dir='ltr'><strong>aversari</strong></span> <span class='ocrx_word' id='word_1_866' title='bbox 1523 2753 1530 2771; x_wconf 88' lang='lat'>:</span> <span class='ocrx_word' id='word_1_867' title='bbox 1556 2743 1620 2778; x_wconf 90' lang='lat' dir='ltr'><strong>quia</strong></span> <span class='ocrx_word' id='word_1_868' title='bbox 1648 2751 1731 2779; x_wconf 85' lang='lat' dir='ltr'><strong>super</strong></span> <span class='ocrx_word' id='word_1_869' title='bbox 1758 2743 1890 2778; x_wconf 85' lang='lat' dir='ltr'><strong>populum</strong></span> 
     </span>
    </p>
   </div>
   <div class='ocr_carea' id='block_1_118' title="bbox 1101 2789 1890 2825">
    <p class='ocr_par' dir='ltr' id='par_1_118' title="bbox 1101 2789 1890 2825">
     <span class='ocr_line' id='line_1_118' title="bbox 1101 2789 1890 2825; baseline -0.001 -9"><span class='ocrx_word' id='word_1_870' title='bbox 1101 2789 1239 2816; x_wconf 85' lang='lat' dir='ltr'><strong>abundare</strong></span> <span class='ocrx_word' id='word_1_871' title='bbox 1252 2789 1400 2816; x_wconf 84' lang='lat' dir='ltr'><strong>virtutibus</strong></span> <span class='ocrx_word' id='word_1_872' title='bbox 1413 2789 1442 2816; x_wconf 91' lang='lat' dir='ltr'><strong>hi</strong></span> <span class='ocrx_word' id='word_1_873' title='bbox 1452 2789 1497 2824; x_wconf 89' lang='lat' dir='ltr'><strong>qui</strong></span> <span class='ocrx_word' id='word_1_874' title='bbox 1509 2795 1639 2825; x_wconf 68' lang='lat' dir='ltr'><strong>praesunt,</strong></span> <span class='ocrx_word' id='word_1_875' title='bbox 1650 2797 1763 2817; x_wconf 84' lang='lat' dir='ltr'><strong>necesse</strong></span> <span class='ocrx_word' id='word_1_876' title='bbox 1776 2789 1890 2821; x_wconf 83' lang='lat' dir='ltr'><strong>habent,</strong></span> 
     </span>
    </p>
   </div>
   <div class='ocr_carea' id='block_1_119' title="bbox 1147 2899 1653 2934">
    <p class='ocr_par' dir='ltr' id='par_1_119' title="bbox 1147 2899 1653 2934">
     <span class='ocr_line' id='line_1_119' title="bbox 1147 2899 1653 2934; baseline 0 -6"><span class='ocrx_word' id='word_1_877' title='bbox 1147 2900 1262 2928; x_wconf 71' lang='lat' dir='ltr'><strong>“lCor.</strong></span> <span class='ocrx_word' id='word_1_878' title='bbox 1281 2909 1323 2932; x_wconf 82' lang='lat' dir='ltr'><strong>xv.</strong></span> <span class='ocrx_word' id='word_1_879' title='bbox 1337 2901 1382 2928; x_wconf 69' lang='lat'><strong>5‘2.</strong></span> <span class='ocrx_word' id='word_1_880' title='bbox 1434 2902 1456 2918; x_wconf 81' lang='lat'><strong>”</strong></span> <span class='ocrx_word' id='word_1_881' title='bbox 1471 2899 1515 2929; x_wconf 80' lang='lat' dir='ltr'><strong>Ps.</strong></span> <span class='ocrx_word' id='word_1_882' title='bbox 1539 2909 1593 2934; x_wconf 76' lang='lat' dir='ltr'><strong>xu,</strong></span> <span class='ocrx_word' id='word_1_883' title='bbox 1610 2900 1653 2928; x_wconf 76' lang='lat' dir='ltr'><strong>il.</strong></span> 
     </span>
    </p>
   </div>
   <div class='ocr_carea' id='block_1_120' title="bbox 1694 2899 1889 2934">
    <p class='ocr_par' dir='ltr' id='par_1_120' title="bbox 1694 2899 1889 2934">
     <span class='ocr_line' id='line_1_120' title="bbox 1694 2899 1889 2934; baseline -0.005 -5"><span class='ocrx_word' id='word_1_884' title='bbox 1694 2900 1703 2916; x_wconf 72' lang='grc' dir='ltr'>ί</span> <span class='ocrx_word' id='word_1_885' title='bbox 1719 2899 1763 2929; x_wconf 81' lang='lat' dir='ltr'><strong>Ps.</strong></span> <span class='ocrx_word' id='word_1_886' title='bbox 1780 2908 1847 2934; x_wconf 62' lang='grc' dir='ltr'>χιιι,</span> <span class='ocrx_word' id='word_1_887' title='bbox 1861 2900 1889 2934; x_wconf 76' lang='grc' dir='ltr'><strong>ει..</strong></span> 
     </span>
    </p>
   </div>
   <div class='ocr_carea' id='block_1_121' title="bbox 1208 2935 1458 2970">
    <p class='ocr_par' dir='ltr' id='par_1_121' title="bbox 1208 2935 1458 2970">
     <span class='ocr_line' id='line_1_121' title="bbox 1208 2935 1458 2970; baseline 0.004 -7"><span class='ocrx_word' id='word_1_888' title='bbox 1208 2936 1240 2963; x_wconf 74' lang='lat' dir='ltr'><strong>&#39;l</strong></span> <span class='ocrx_word' id='word_1_889' title='bbox 1259 2935 1321 2964; x_wconf 80' lang='lat' dir='ltr'><strong>Cor.</strong></span> <span class='ocrx_word' id='word_1_890' title='bbox 1338 2944 1364 2970; x_wconf 93' lang='lat' dir='ltr'><strong>v,</strong></span> <span class='ocrx_word' id='word_1_891' title='bbox 1382 2936 1458 2964; x_wconf 71' lang='lat' dir='ltr'><strong>9-l‘2.</strong></span> 
     </span>
    </p>
   </div>
  </div>
