2056 3148
164 190 231 224 1077

729 195 771 226 ΙΝ
790 191 1010 224 LEVITICUM.
1029 204 1063 210 —
1082 191 1156 222 LIB.
1171 190 1222 222 VI.

1737 187 1806 220 1018

162 255 190 278 et
211 251 267 286 ipsi
289 251 407 280 maxime
428 260 490 281 esse
509 253 570 281 sine
594 252 712 281 macula.
733 252 801 280 Nam
821 251 959 287 quomodo
974 254 995 282 Α
1011 259 1054 286 ges
1071 249 1165 276 matris
1180 254 1232 276 ture
1243 248 1275 280 ξι.
1288 247 1404 281 Quando
1421 254 1486 283 ergo
1500 246 1598 283 aliquis
1611 247 1697 283 gratia
1713 246 1805 276 Evan-

163 297 230 324 alias
246 298 396 326 emundare
412 307 427 325 a
445 299 644 334 pollutionibus
659 298 793 334 possunt?
810 299 845 326 de
859 298 958 333 quibus

164 343 223 370 hac
238 343 376 378 legislator
391 345 521 380 praecepit
536 354 542 372 :
559 345 593 372 Et
607 346 635 372 in
652 351 723 372 terra
739 350 824 372 vestra
839 345 886 371 hoc
901 353 959 370 ont-

164 389 227 415 nina
241 397 292 415 non
308 390 426 424 faciatis.
436 396 461 417 et
474 392 506 418 de
518 400 599 418 manu
613 391 768 426 alienigena:
782 400 832 418 non
848 391 959 426 oﬂ'eretis

164 443 246 469 partes
271 435 384 463 Domino
406 436 458 464 Deo
484 442 579 470 vestro,
597 444 621 464 et
644 438 772 473 quidquid
795 437 869 464 aliud
895 437 960 464 dare

166 481 306 512 uoluerint,
329 483 391 517 quia
417 489 544 517 corrupta
569 488 594 510 et
618 485 754 511 niaculula
778 488 838 510 sunt
859 483 959 516 omnia,

165 535 216 554 non
231 528 380 563 auscipietis
394 537 437 555 ea.

200 572 257 601 Nec
277 581 328 600 nos
347 582 412 610 ergo
431 574 458 601 in
479 578 553 602 terra
570 580 662 603 nostra
680 576 844 610 quibusdam
867 577 960 604 talioni

166 619 338 647 macularum
352 620 473 647 studium
489 621 595 648 demus.
610 621 659 648 Est
674 625 764 649 autem
780 627 850 649 terra
868 628 961 650 nostra

167 666 240 693 bona
267 667 453 699 conversatio,
479 675 540 702 (ιιιιε
563 673 698 703 praecepta
723 673 765 696 est
785 677 834 704 per
856 670 962 697 divinas

167 712 336 747 Seripturas,
349 719 430 746 quam
442 721 456 740 a
470 713 525 740 Deo
540 715 631 741 colere
644 715 828 749 percepimus.
842 714 897 742 Sed
912 723 963 743 nec

167 757 339 793 alienigenae,
357 759 487 786 videlicet
501 759 546 794 qui
563 759 662 786 doctus
678 764 731 792 est,
752 765 780 788 et
794 760 916 795 adjectus
929 761 964 788 de

167 803 245 835 foris,
262 804 326 832 talia
349 805 420 832 dona
444 805 499 832 Deo
520 804 648 832 offerenti
668 805 750 832 modii
773 807 859 833 simus
876 815 883 833 :
900 807 963 841 quia

169 851 310 885 corruptio
325 849 354 877 in
368 851 408 877 eis
424 855 476 883 est,
490 858 542 878 nos
555 855 648 878 autem
663 851 718 878 Deo
733 852 893 886 incorrupto
905 860 964 879 ser-

168 896 258 922 \imus
284 905 291 923 :
313 897 448 923 maculam
477 896 590 929 habent,
612 905 664 924 nos
685 901 777 924 autem
797 897 823 924 in
846 897 962 925 Ecclesia

169 942 364 974 ministramus,
377 943 422 970 cui
436 943 537 970 dictum
552 947 594 970 est
610 951 624 969 a
637 951 754 978 sponso:
768 944 831 970 Tota
849 943 958 977 pulchra

168 995 204 1019 es,
221 989 342 1021 proxima
361 997 431 1020 mea,
447 994 471 1016 et
489 989 594 1016 macula
611 995 712 1016 nonest
729 990 757 1016 iu
775 995 799 1016 te
813 990 833 1017 ".
856 990 892 1017 De
907 998 959 1024 qua

168 1033 269 1062 Pallills
289 1034 396 1063 dicebat
415 1045 422 1063 :
440 1036 470 1064 Ut
488 1036 616 1062 tax/liberet
639 1036 689 1063 sibi
703 1036 847 1071 gloriosam
868 1036 960 1063 Eccle-

167 1081 235 1106 siam
248 1089 298 1107 non
311 1081 448 1108 habentem
462 1081 605 1113 maculam,
622 1087 668 1108 aut
681 1090 785 1117 rugam,
798 1087 844 1109 aut
857 1082 960 1117 aliquid

167 1125 318 1160 hujusmodi
331 1127 351 1153 ⁸.
374 1126 488 1162 Propter
501 1128 574 1163 quod
589 1128 659 1155 nihil
673 1129 808 1156 maculam
827 1129 932 1156 habens
944 1137 959 1156 a

168 1172 247 1199 nobis
268 1173 323 1200 Deo
339 1173 483 1200 offeretur.

203 1219 284 1246 Vnus.
295 1219 386 1248 26-28.
401 1230 410 1245 ‹
423 1220 597 1256 Locutusque
607 1226 649 1248 est
661 1221 792 1248 Dominus
801 1221 835 1248 ad
848 1221 958 1256 Moysen

166 1264 262 1292 (licens
278 1274 285 1292 :
304 1265 365 1297 Bos,
389 1266 458 1298 ovis,
481 1272 510 1292 et
532 1274 624 1300 capra,
645 1274 706 1292 cum
729 1266 821 1301 genita
847 1267 958 1299 fuerint,

167 1315 273 1345 septem
298 1311 395 1338 diebus
416 1318 496 1339 erunt
524 1313 575 1338 sub
596 1312 680 1339 ubere
704 1313 800 1339 matris
824 1321 892 1339 sum.
912 1312 961 1340 Die

167 1361 261 1384 autem
274 1362 380 1390 octavo,
391 1363 418 1385 et
430 1359 572 1394 deinceps,
584 1359 678 1386 offerri
693 1364 821 1393 poterunt
835 1359 960 1392 Domino,

168 1401 227 1429 sive
241 1402 288 1429 ille
303 1403 363 1433 hos,
380 1403 438 1430 sive
455 1403 499 1430 illa
516 1404 585 1437 ovis,
600 1411 654 1431 non
670 1405 886 1432 immolabuutur
908 1414 962 1433 una

168 1447 214 1475 die
229 1455 292 1475 cum
309 1448 410 1476 fetibus
425 1448 493 1476 suis.
512 1458 522 1475 ι

205 1493 293 1521 Mater
305 1495 395 1522 omnis
409 1495 536 1522 animalis
552 1496 646 1531 utique
662 1502 758 1523 natura
777 1501 829 1527 est,
845 1497 897 1524 sub
912 1498 962 1525 hac

168 1548 252 1567 onme
277 1548 364 1575 genus
388 1541 541 1575 hominum,
568 1547 743 1578 peccatorum
763 1549 791 1570 et
814 1544 962 1578 iustorum,

151 1599 153 1601 -
169 1589 279 1620 septem
296 1586 393 1614 diebus
407 1592 458 1620 est,
476 1588 509 1615 ab
524 1593 618 1616 octava
636 1594 727 1616 autem
743 1589 797 1623 iam
816 1597 881 1616 non.
896 1589 963 1616 Nam

170 1631 222 1658 etsi
237 1637 366 1666 operator
378 1634 439 1668 quis
455 1634 491 1661 sit
505 1635 707 1668 mandatorum,
720 1635 763 1662 vel
779 1635 905 1670 simplex,
921 1636 964 1663 vel

170 1682 310 1712 peccator,
334 1683 381 1705 aut
399 1686 434 1706 ex
458 1685 612 1714 peccatore,
629 1684 735 1714 septem
755 1680 860 1713 diebus,
879 1680 906 1708 id
924 1685 966 1708 est

171 1730 255 1750 omne
282 1731 405 1758 praesens
431 1726 582 1758 saeculum,
609 1730 718 1761 oportet
741 1734 804 1754 eum
829 1727 966 1754 sustinere

171 1777 344 1805 quaecunque
372 1775 471 1799 natura
496 1773 652 1806 desiderat,
678 1774 911 1808 quemadmodum
939 1778 967 1800 et

172 1816 207 1842 de
221 1816 362 1844 Salvatore
379 1817 470 1846 dicere
486 1820 661 1854 pnesumpsit
677 1820 787 1851 Paulus,
803 1821 965 1854 ostendens,

172 1863 236 1896 quia
260 1871 292 1890 ex
320 1869 414 1892 nostra
438 1869 537 1892 natura
561 1867 712 1893 secundum
739 1875 850 1894 carnem
879 1867 967 1894 factus

172 1908 276 1943 absque
298 1914 422 1944 peccato,
439 1911 531 1938 omnia
550 1919 647 1946 passus
668 1917 711 1940 est
733 1921 793 1948 quae
813 1918 892 1940 erant
917 1922 967 1940 na-

174 1956 269 1982 tune’.
279 1955 346 1989 Quia
375 1960 466 1984 autem
498 1958 575 1992 pueri
602 1958 877 1986 communicaverunt
904 1966 968 1986 san-

173 2000 256 2035 guine
271 2005 299 2028 et
313 2009 407 2034 carne,
424 2002 551 2030 similiter
563 2008 591 2030 et
606 2003 651 2031 ille
666 2003 842 2039 participavit
857 2004 965 2031 iisdem.

173 2046 226 2073 Sed
242 2047 353 2081 quando
372 2048 455 2075 vitam
472 2054 637 2083 praesentem
657 2049 761 2085 egressi
781 2049 925 2082 fuerimus,
941 2055 969 2078 cl.

174 2091 202 2118 in
226 2092 270 2120 die
295 2094 366 2121 bona
392 2099 561 2122 mortuorum
588 2096 800 2124 resurrectionis
823 2097 967 2125 constituti

174 2137 319 2173 fuerimus,
335 2148 368 2167 ex
387 2145 462 2174 tunc,
476 2145 504 2168 et
520 2142 660 2177 deinceps,
679 2150 761 2170 omne
778 2142 907 2170 seculum
926 2142 969 2170 fu-

175 2190 267 2211 turum
285 2193 340 2212 non
353 2186 409 2220 jam
423 2187 473 2213 sub
493 2191 589 2220 matre,
605 2195 666 2222 qua:
684 2188 755 2216 dicta
769 2193 821 2220 est,
840 2188 944 2215 erimus
961 2197 967 2215 :

175 2239 266 2265 neque
289 2232 362 2259 enim
386 2232 432 2259 hic
453 2233 624 2261 naturalibus
646 2234 857 2262 necessitatibus
876 2234 968 2267 subia-

174 2277 309 2304 cebimus.
323 2277 421 2305 Octava
433 2284 521 2306 autent
532 2280 575 2306 die
587 2280 674 2315 σῇσι-τί
685 2281 789 2315 poterit.
803 2281 881 2313 Quod
896 2280 967 2308 LXX

175 2323 216 2350 sic
229 2323 316 2351 edunt
331 2334 337 2350 :
355 2324 430 2351 Dona
449 2330 537 2352 autem
554 2326 654 2354 hostias
671 2327 795 2358 Domina,
812 2327 838 2354 id
853 2332 895 2355 est
908 2336 971 2362 per-

176 2370 247 2397 fecta
264 2375 292 2397 et
312 2371 428 2405 integra.
447 2371 474 2398 hi
494 2371 541 2406 qui
562 2371 588 2398 in
606 2373 656 2399 hac
673 2372 729 2401 vita
746 2376 974 2408 praeparaverunt

175 2416 343 2444 oblationcm
364 2425 451 2444 suam.
468 2417 616 2445 Sciendum
636 2422 679 2445 est
694 2423 798 2450 autem,
814 2419 887 2453 quod
900 2427 970 2454 quo-

176 2463 250 2489 niam
281 2463 420 2490 mutabilis
448 2468 490 2490 est
521 2468 615 2491 nostra
645 2464 719 2496 vita,
750 2463 971 2499 mutationesque

177 2507 278 2534 multas
306 2512 333 2534 et
356 2509 513 2536 voluntates
538 2508 664 2544 suscipit,
685 2513 781 2536 octava
804 2509 848 2536 die
869 2509 971 2536 oblatio

176 2557 302 2588 accepta,
317 2554 344 2580 in
360 2555 459 2582 saeculo
474 2555 578 2582 scilicet
596 2555 689 2583 futuro
705 2556 751 2588 sit,
769 2559 881 2590 propter
897 2556 969 2590 quod

177 2600 246 2627 dixit
268 2599 395 2627 Salomon
413 2609 419 2628 :
440 2600 505 2627 Ante
523 2606 632 2628 mortem
649 2610 680 2628 ne
700 2601 791 2628 laudes
813 2609 970 2636 quemquam

177 2644 312 2670 hominum
323 2644 355 2671 ¹⁶.
369 2644 437 2672 Cum
448 2650 541 2673 autem
555 2646 612 2673 haec
622 2646 659 2673 ita
671 2654 700 2674 se
713 2646 842 2678 habeant,
857 2651 970 2673 matrem

178 2698 275 2717 rursus
289 2689 438 2718 Ecclesiam
460 2696 488 2718 et
502 2692 629 2726 gratiam,
655 2700 715 2727 qua‘
727 2692 754 2719 iu
771 2701 802 2719 ea
818 2697 871 2724 est,
890 2692 971 2719 intel—

178 2736 305 2770 ligamus,
335 2737 370 2764 de
401 2745 453 2772 qua
480 2737 607 2765 Salomon
640 2738 667 2765 in
699 2738 853 2766 Proverbiis
881 2739 968 2766 dicit:

178 2781 260 2814 Audi,
276 2781 326 2815 ﬁli,
339 2782 507 2816 disciplinam
528 2783 612 2818 patris
635 2783 724 2815 (uiget
744 2791 776 2810 ne
791 2783 922 2810 dimiseris
935 2783 970 2810 lc-

231 2883 241 2897 '
255 2882 335 2910 Cant.
353 2892 389 2911 IV.
403 2885 428 2910 7.

485 2883 495 2898 '
513 2883 611 2919 Ephes.
625 2894 651 2915 γ.
665 2885 710 2912 27.

182 2916 203 2931 ’³
215 2917 293 2945 Deut.
312 2920 412 2950 “1.2.

761 2886 770 2902 ⁸
788 2886 871 2914 "chr.
894 2895 930 2918 ιν,
948 2887 990 2914 lli.

451 2919 470 2935 "'
486 2919 536 2946 lsa.
554 2928 589 2952 ix,
608 2920 634 2947 6.

1010 296 1071 331 ιζρίἰί
1085 299 1231 332 generatus
1248 295 1340 328 fuerit,
1361 295 1512 322 secundum
1532 294 1604 329 quod
1619 295 1657 322 ait
1682 294 1782 321 Paulus
1800 304 1807 323 :

1009 342 1042 370 In
1059 342 1162 370 Christo
1175 342 1245 369 enim
1252 341 1314 369 Jesu
1331 349 1378 376 per
1392 340 1565 376 Evangelium
1574 348 1620 376 ego
1631 349 1675 367 vos
1685 340 1762 375 genui
1772 340 1810 377 ",g

1010 388 1062 415 sub
1093 386 1258 422 intelligibili
1277 390 1365 413 matre
1381 385 1513 416 Ecclesia,
1527 384 1570 412 vel
1588 384 1674 419 gratia
1700 387 1806 418 septem

1010 434 1080 466 dies,
1112 438 1197 461 totam
1225 432 1354 460 videlicet
1381 435 1544 466 praesentem
1571 430 1667 461 vitam,
1687 437 1749 464 qua:
1778 429 1806 455 in

1011 485 1116 516 septem
1127 479 1185 508 dies
1196 479 1323 509 volvitur.
1335 478 1388 505 erit
1401 477 1505 512 legibus
1512 477 1572 511 ejus
1580 481 1608 504 et
1616 476 1806 504 sanctionibus

1010 527 1152 554 obediens.
1168 525 1215 553 Sic
1236 525 1312 553 enim
1334 528 1430 552 octava
1447 523 1502 555 die,
1515 524 1543 550 in
1565 527 1689 558 tempore
1711 530 1807 550 resur-

1015 572 1165 604 rectionis,
1190 572 1293 598 donum
1320 571 1374 598 erit
1397 574 1425 597 et
1450 570 1538 597 hostia
1569 568 1685 596 Domino
1710 576 1718 595 :
1743 568 1806 603 quia

1013 618 1167 653 huiusmodi
1188 625 1244 645 non
1259 617 1346 644 solum
1362 616 1477 648 animas,
1495 615 1544 643 sed
1557 619 1585 642 ct
1594 622 1708 650 corpora
1723 614 1806 641 sacri-

1014 664 1104 691 ﬁcium
1140 667 1265 690 sanctum
1289 662 1473 697 placitumque
1492 660 1621 695 suscepit.
1649 659 1691 687 Tu
1713 662 1804 686 autem

1013 714 1124 744 propter
1135 709 1187 736 hoc
1203 708 1275 744 quod
1295 708 1419 743 sequitur
1431 707 1505 735 disce
1518 716 1524 733 :
1537 706 1597 734 Siue
1617 706 1663 733 ille
1677 706 1739 741 bos,
1755 705 1808 732 sive

1013 755 1060 782 illa
1077 755 1143 787 ovis,
1157 763 1207 782 non
1221 754 1428 781 immolabantur
1440 762 1493 780 una
1507 753 1549 780 die
1560 760 1619 779 cum
1636 752 1730 787 fetibus
1741 752 1806 778 suis.

1050 800 1099 829 Hic
1114 800 1272 827 nominibus
1288 799 1355 835 ipsis
1370 799 1443 826 aliud
1465 806 1562 825 rursus
1586 797 1717 825 ostendit.
1748 796 1807 823 Non

1014 851 1121 882 oportet
1145 846 1219 874 enim
1245 854 1304 879 eos,
1331 845 1378 880 qui
1398 845 1503 872 Pascha
1524 844 1713 879 evangelicum
1736 843 1809 870 cele-

1016 894 1105 925 brant,
1122 892 1196 927 quod
1221 892 1301 920 nobis
1316 891 1435 918 Ecclesia
1456 890 1577 923 tradidit,
1603 889 1687 925 legale
1706 888 1809 916 Pascha

980 935 1000 962 Β
1015 946 1153 974 peragere,
1169 939 1241 974 quod
1254 939 1351 966 bovem
1370 942 1398 965 et
1408 945 1487 965 ovem
1499 937 1637 972 legislator
1657 936 1752 963 dicens
1772 935 1809 962 si-

1011 985 1120 1021 gniﬁcat
1134 994 1141 1012 :
1156 985 1219 1021 quia
1235 985 1293 1013 haec
1306 985 1438 1021 przecepit
1454 984 1559 1020 Moyses
1574 983 1602 1010 in
1620 983 1664 1010 die
1684 982 1808 1014 Paschze,

1010 1032 1083 1067 quod
1096 1032 1227 1059 traditum
1249 1036 1292 1059 est
1315 1031 1418 1060 Iudaeis
1441 1030 1593 1062 immolare,
1609 1029 1647 1056 ait
1665 1028 1758 1056 enim:
1775 1027 1809 1054 Et

1011 1078 1161 1105 immolabis
1176 1077 1279 1104 Pascha
1295 1076 1409 1104 Domino
1423 1076 1478 1103 Deo
1498 1083 1552 1108 tuo,
1567 1083 1625 1102 oves
1644 1078 1666 1100 et
1680 1074 1754 1100 boues
1767 1073 1788 1088 “
1801 1080 1807 1099 :

1011 1124 1082 1150 sicut
1108 1122 1314 1150 Deuteronomii
1341 1122 1410 1150 liber
1440 1121 1586 1149 ostendere
1600 1124 1700 1154 potest.
1726 1119 1810 1146 Fetus

1010 1173 1102 1196 autem
1129 1169 1238 1199 horum,
1259 1168 1371 1196 Paschte
1392 1168 1485 1202 hujus,
1517 1167 1575 1194 sive
1595 1166 1700 1194 Veteris
1713 1165 1810 1193 Testa-

1012 1216 1107 1247 menti.
1124 1220 1152 1243 et
1174 1215 1234 1251 ejus
1246 1224 1307 1250 quae
1332 1216 1358 1242 in
1376 1215 1468 1251 ﬁguris
1492 1220 1536 1242 est
1547 1214 1701 1241 traditionis
1716 1222 1723 1240 :
1736 1213 1810 1242 dixit

1011 1263 1085 1290 enim
1103 1262 1175 1289 fetus
1187 1262 1257 1296 ejus,
1273 1261 1442 1289 Dominicum
1468 1261 1551 1296 igitur
1566 1260 1682 1290 Pascha.
1698 1264 1812 1295 propter

1012 1308 1162 1335 novitatem
1172 1308 1312 1342 temporis,
1329 1312 1356 1335 et
1369 1308 1432 1342 quia
1447 1307 1481 1334 ad
1501 1307 1737 1334 conﬁrmationem
1759 1314 1810 1333 ve-

1014 1354 1101 1381 ritatis
1120 1354 1233 1388 ﬁguram
1258 1354 1426 1388 prarcedcns,
1452 1353 1538 1380 multo
1565 1360 1627 1380 eum
1654 1352 1811 1387 signiﬁcans

1015 1405 1138 1434 tempore
1160 1399 1389 1434 quemadmodum
1415 1399 1582 1434 parturiens.
1608 1402 1682 1425 recte
1713 1404 1810 1432 parere

1014 1445 1123 1473 dicitur.
1135 1445 1195 1473 Non
1210 1453 1276 1480 ergo
1295 1449 1424 1480 oportere
1439 1453 1489 1471 nos
1507 1444 1641 1471 habentes
1664 1444 1692 1470 in
1721 1443 1809 1470 mani-

1015 1491 1077 1524 hus,
1093 1496 1120 1519 et
1133 1495 1357 1519 consummantes
1372 1499 1465 1518 verum
1487 1490 1657 1525 mysterium,
1676 1490 1752 1524 sequi
1778 1491 1810 1516 li-

1015 1546 1108 1573 guras,
1121 1546 1183 1573 qua:
1194 1537 1321 1572 prmdicta
1337 1541 1401 1564 sunt
1417 1538 1624 1564 demonstrant:
1637 1544 1725 1571 neque
1737 1536 1809 1562 enim

1016 1586 1058 1611 est
1070 1583 1195 1618 ejusdem
1211 1583 1343 1616 temporis
1359 1591 1366 1609 :
1383 1583 1430 1610 sed
1445 1583 1517 1610 aliud
1538 1582 1648 1617 quidem
1674 1582 1811 1616 pertinere

1016 1629 1050 1656 ad
1067 1629 1192 1664 ﬁguram,
1211 1629 1283 1656 aliud
1299 1634 1390 1656 autem
1408 1629 1439 1656 ad
1459 1629 1614 1660 veritatem,
1631 1627 1677 1662 qui
1696 1631 1812 1661 utraque

1016 1675 1131 1702 sancivit
1141 1676 1280 1710 przecepit.
1297 1675 1411 1710 Propter
1424 1675 1496 1709 quod
1511 1679 1539 1701 ct
1552 1673 1678 1701 Christus
1693 1673 1810 1708 primum

1017 1720 1166 1747 celebravit
1198 1720 1345 1756 ﬁgurarum
1361 1720 1465 1747 Pascha
1483 1729 1488 1747 :
1504 1724 1565 1755 post
1588 1727 1695 1747 comam
1708 1725 1810 1748 autem.

1018 1765 1216 1801 intelligibilem
1233 1766 1323 1800 tradit,
1338 1771 1366 1794 et
1377 1771 1541 1802 angustante
1556 1774 1616 1794 eam
1630 1771 1751 1801 tempore
1763 1773 1813 1800 pro

1018 1813 1062 1839 die
1083 1813 1178 1840 horam
1205 1813 1370 1845 immutavit,
1383 1814 1425 1840 vel
1445 1814 1531 1848 magis
1558 1813 1640 1840 etiam
1666 1811 1749 1843 diem,
1773 1811 1812 1838 sic

1017 1859 1090 1885 enim
1103 1859 1138 1886 ad
1158 1866 1312 1894 vesperam,
1326 1865 1430 1894 quarta:
1453 1859 1566 1886 decimae
1581 1858 1645 1890 diei,
1659 1865 1738 1885 cinna
1761 1856 1810 1883 Ju-

1018 1904 1103 1932 daicze
1117 1905 1252 1939 paschalis
1268 1905 1422 1932 festivitatis
1438 1905 1594 1932 celebratur
1606 1913 1612 1930 :
1627 1906 1689 1938 post
1703 1903 1754 1929 hoc
1765 1909 1810 1928 au-

1020 1953 1073 1975 tem
1094 1947 1219 1974 Christus
1234 1948 1370 1982 propriam
1389 1947 1499 1974 tradidit
1513 1954 1618 1974 comam
1639 1954 1645 1972 :
1661 1948 1723 1979 post
1747 1951 1810 1971 ves-

1020 1997 1113 2025 peram
1130 1998 1194 2026 ergo
1207 1995 1311 2025 quarta:
1324 1991 1437 2018 decimae
1451 1991 1503 2018 dici
1519 1990 1640 2018 tradidit.
1658 1988 1737 2021 Quod
1760 1994 1811 2014 au-

1020 2041 1073 2064 tem
1088 2041 1150 2071 post
1164 2045 1308 2072 vesperum
1317 2042 1358 2065 est
1376 2042 1492 2072 tempus,
1504 2037 1616 2064 alterius
1633 2035 1687 2063 diei
1705 2035 1812 2062 initium

1019 2082 1178 2109 omnimodo
1193 2086 1236 2109 est
1250 2092 1256 2109 :
1275 2082 1419 2117 oportebat
1438 2082 1510 2108 enim
1530 2082 1583 2109 hoc
1596 2081 1654 2108 ﬁeri
1671 2080 1704 2107 ad
1724 2087 1814 2108 osten-

1020 2127 1123 2154 sioncm
1149 2127 1278 2163 temporis
1294 2127 1357 2162 quia
1381 2128 1491 2163 quando
1513 2127 1598 2154 Vetus
1613 2127 1694 2154 ﬁnem
1719 2128 1811 2160 sumit,

1021 2177 1086 2199 tunc
1097 2171 1203 2199 Novum
1216 2172 1323 2207 incipit.
1340 2172 1393 2199 Aut
1403 2172 1473 2199 forte
1488 2171 1560 2200 fetus
1577 2171 1638 2199 illos
1651 2171 1694 2199 lex
1709 2171 1813 2207 signiﬁ-

1021 2222 1074 2249 cat,
1089 2217 1122 2244 de
1134 2217 1235 2252 quibus
1246 2217 1328 2244 Isaias
1341 2217 1448 2245 dicebat
1463 2226 1470 2244 ;
1489 2217 1559 2244 Puer
1576 2207 1661 2245 iratus:
1673 2223 1710 2244 est
1730 2218 1813 2249 nobis,

987 2271 1006 2298 υ
1021 2264 1092 2298 ﬁlius
1104 2264 1183 2291 (latus
1197 2269 1234 2291 est
1247 2264 1320 2290 nobis
1335 2264 1367 2290 “.
1381 2264 1411 2291 In
1424 2264 1564 2291 Christum
1576 2265 1650 2292 enim
1668 2265 1726 2292 lucc
1754 2273 1813 2299 qua:

1023 2315 1174 2345 sequuntur
1194 2310 1265 2338 dicta
1290 2315 1365 2338 sunt.
1386 2310 1434 2338 Hic
1447 2319 1513 2345 ergo
1529 2311 1610 2344 fetus,
1629 2312 1686 2339 sive
1713 2319 1814 2338 sccun--

1023 2357 1087 2384 dum
1103 2357 1184 2388 LXX,
1200 2357 1270 2384 ﬁlius
1282 2365 1337 2384 non
1363 2358 1457 2384 eadem
1475 2357 1519 2384 die
1543 2356 1570 2384 in
1586 2365 1638 2391 qua
1664 2357 1765 2383 vitulus
1788 2363 1815 2384 et

1022 2403 1081 2429 ovis
1095 2402 1216 2430 Judaicae
1231 2403 1385 2430 festivitatis
1393 2402 1579 2429 occidebatur.
1593 2401 1694 2434 Quarta
1707 2402 1813 2428 decima

1022 2448 1095 2475 enim
1116 2447 1160 2475 die
1178 2447 1283 2475 Pascha
1311 2449 1490 2480 celebrantes,
1506 2448 1532 2474 in
1546 2447 1696 2474 crastinum
1721 2447 1813 2474 Jesum

1023 2494 1228 2521 cruciﬁxerunt.

1059 2550 1141 2578 Vens.
1157 2551 1253 2578 29.52.
1270 2561 1278 2576 I
1292 2550 1543 2589 Siimmolavcritis
1555 2550 1673 2576 hostiam
1688 2557 1738 2585 pro
1753 2557 1816 2586 gra-

1024 2597 1123 2624 tiarum
1139 2597 1245 2624 actione
1261 2596 1375 2624 Dotuiuo
1391 2601 1418 2624 ut
1431 2597 1517 2632 possit
1530 2604 1592 2625 esse
1606 2595 1757 2632 placabilis,
1769 2604 1817 2624 eo~

1023 2645 1085 2673 dem
1097 2645 1141 2673 die
1158 2645 1302 2673 comeditis
1320 2652 1391 2677 eam,
1407 2653 1460 2672 non
1487 2644 1642 2672 remanebit
1669 2643 1815 2680 quidquam

1025 2692 1051 2719 iu
1068 2700 1147 2719 mane
1161 2691 1274 2719 alterius
1287 2691 1351 2719 diei.
1366 2691 1423 2727 Ego
1437 2692 1579 2719 Dominus.
1591 2691 1731 2719 Custodite
1743 2699 1819 2718 man-

1024 2737 1086 2764 data
1113 2744 1183 2767 mea,
1197 2740 1224 2764 et
1244 2736 1325 2764 facite.
1336 2743 1378 2763 ea.
1390 2735 1446 2772 Ego
1465 2736 1608 2763 Dominus.
1627 2735 1667 2764 Ne
1688 2734 1816 2771 polluatis

1024 2791 1125 2810 nomen
1140 2787 1265 2810 sanctum
1280 2790 1372 2810 meum
1389 2787 1418 2810 ut
1431 2782 1587 2810 sanctiﬁcer
1603 2783 1630 2809 in
1643 2782 1733 2809 medio
1748 2780 1816 2808 ﬁlio-

1048 2886 1068 2901 ¹⁰
1081 2885 1155 2914 Eccl.
1170 2893 1198 2920 η,
1212 2886 1255 2914 50.
1313 2887 1333 2902 “
1349 2887 1429 2914 Prov.
1444 2894 1462 2919 ι,
1480 2886 1506 2913 8.
1564 2886 1585 2901 “
1612 2885 1619 2913 1
1635 2885 1697 2913 Cor.
1713 2894 1750 2920 iv,
1772 2886 1816 2913 £5.
