2056 3148
228 172 296 204 1079

822 173 967 204 IIESYCII
973 174 1003 204 ΙΙ
1027 175 1262 207 PHESBYTERI

1795 176 1862 209 1080

227 228 449 264 τιξιιιῐεηιθιΕεο
460 228 591 255 Dominus
602 227 1020 262 quisanetiﬁcovoseteduxide
1037 234 1139 261 Ausus
1167 236 1220 263 est,
1245 231 1396 266 planiorem
1432 232 1492 267 ejus
1523 231 1645 259 efﬁciens
1678 232 1861 261 intellectum.

227 280 300 302 terra
308 274 415 311 [Egypti
425 280 548 302 utessem
557 274 634 301 vobis
648 274 674 300 in
691 268 849 309 Deum.Ego
858 275 1014 303 Dominus.»

262 321 340 347 Sicut
355 319 632 347 satisfactiom-mnon
649 318 733 346 habet
759 319 781 346 si
797 319 1017 354 quisinchoante

225 365 301 392 Novo
314 364 501 397 Testamento,
516 365 656 392 veteribus
682 365 837 400 serviat,et
857 367 1017 402 evangeliea

225 411 423 446 praedicatione
455 417 582 439 currente
609 411 761 438 secundum
782 411 901 439 litteram
926 413 1015 446 vivat;

224 457 324 491 injuria
335 462 376 484 est
389 458 462 485 enim
480 458 550 492 ejus,
566 458 610 492 qni
626 462 740 493 utraque
755 458 859 491 sanxil',
879 467 935 485 non
947 463 1017 485 lem-

224 503 338 537 poribus
351 503 385 530 ab
406 511 438 530 eo
453 503 590 530 distinctis
602 504 773 536 obediamus.
806 505 846 531 sic
874 505 935 532 sine
963 505 1018 532 ulla

223 549 304 575 venia
322 554 364 575 est
379 553 476 584 putare
488 550 655 583 quempiam,
672 549 716 576 vel
742 549 855 576 omnino
884 550 1016 585 cogitare,

225 595 288 628 quia
309 595 338 622 in
354 594 446 622 futuro
459 599 583 629 tempore
606 596 775 630 operandnm
791 596 896 630 aliquid
908 604 1016 629 eorum,

225 648 285 675 qua
296 649 370 668 nunc
382 641 460 668 nobis
476 642 509 669 ad
525 642 694 676 operandum
713 647 849 676 praecepta
870 647 1018 674 sunt,con-

224 690 361 713 servatur.
378 685 408 712 Si
423 694 484 721 ergo
498 687 675 713 immo/avaris
686 687 799 713 hostium
808 695 855 721 pro
866 688 1017 722 gratiarth

223 733 328 759 actione
348 733 472 759 Domino.
501 732 693 767 Evangelieam
724 733 749 760 ei
777 734 1016 761 conservationem

223 780 400 814 promittens,
413 780 471 806 haec
482 784 524 806 est
537 780 610 807 enim
624 780 773 815 gratiarum
789 780 906 807 actionis
926 780 1016 807 hostia

223 825 352 857 Domino.
373 825 435 860 quia
452 834 623 861 quotcunque
636 827 669 853 ad
694 826 803 853 Iaudem
828 826 887 860 ejus
901 830 928 854 et
957 827 1017 862 glo-

223 871 292 898 riam
303 872 454 906 pertinent,
471 872 585 907 peragit.
605 871 685 904 Quod
700 871 870 899 demonstrat
884 872 1017 900 Dominus

1073 276 1181 312 Egypti
1212 278 1286 304 enim
1313 277 1416 304 exitum
1444 285 1500 305 non
1519 277 1621 304 frustra
1639 283 1810 306 memoratus
1835 284 1868 306 et

1071 322 1138 349 illud
1149 323 1351 357 demonstrans,
1363 323 1426 359 quia
1443 324 1676 359 quemadmodum
1689 324 1736 359 qui
1759 325 1862 360 egressi

1071 374 1136 396 sunt
1153 370 1187 396 de
1213 370 1342 405 Egypto.
1357 379 1417 398 non»
1428 372 1484 406 jam
1510 379 1542 398 ea
1562 379 1623 406 qua:
1646 370 1766 406 Egyptii
1797 379 1862 405 age-

1071 416 1146 446 bant.
1163 416 1201 443 sic
1212 421 1240 444 et
1254 418 1365 452 quando
1378 425 1428 445 nos
1443 418 1515 445 Deus
1531 418 1605 453 cjicit
1615 419 1648 445 de
1661 419 1787 452 praesenti
1796 419 1861 450 vita,

1071 465 1190 499 nonjam
1205 472 1287 499 agere
1301 473 1333 492 ea
1345 473 1405 500 qum
1437 466 1463 492 in
1480 474 1511 493 ea
1537 472 1602 493 sunt
1630 474 1787 501 possumus.
1815 466 1864 493 Est

1071 510 1143 537 enim
1159 510 1292 546 [Egyptns
1307 511 1497 547 intelligibilis.
1515 519 1637 547 praesens
1652 513 1782 544 mundus,
1798 512 1862 546 quia

1070 555 1204 591 {Egyptus
1218 557 1428 584 contenebratio
1446 557 1654 592 interpretatur.
1672 554 1862 584 Tenebrisau-

1072 606 1137 634 teln,
1153 608 1181 630 et
1196 603 1348 630 secundum
1365 604 1438 638 quod
1447 603 1565 631 diximus
1585 603 1695 634 nebula,
1727 602 1766 629 vel
1795 603 1862 629 cali-

1071 648 1145 683 gine,
1158 649 1304 683 praesentia
1320 653 1384 676 sunt
1401 649 1515 683 repleta,
1532 649 1558 676 in
1575 653 1681 675 tantum
1697 653 1728 675 ut
1742 647 1863 676 Joannes

1070 694 1104 721 de
1125 693 1240 721 Domino
1260 695 1364 722 diceret
1381 703 1386 720 :
1405 694 1464 721 Lux
1479 695 1508 722 iu
1522 695 1633 722 tenebris
1652 695 1730 728 lucet,
1749 700 1774 722 et
1790 700 1862 722 tene-

1071 740 1124 767 lme
1139 748 1197 766 eam
1218 748 1269 766 non
1287 740 1583 774 compreltendermtt”.
1600 740 1715 775 Propter
1731 740 1864 774 quod-nos

1068 786 1203 818 Dominus
1215 785 1287 813 Deus
1301 787 1428 814 videlicet
1451 794 1483 813 ex
1496 785 1658 821 intelIigiItiIi
1675 786 1792 821 Egypto
1811 785 1864 813 hac

1070 831 1213 863 educit.ut
1231 832 1268 858 sit
1282 837 1378 858 noster
1396 831 1478 863 Deus,
1500 839 1556 858 non
1579 831 1643 865 quia
1661 839 1799 858 nunenon
1808 836 1862 863 est.

1071 877 1118 904 sed
1134 877 1262 912 quianon
1275 885 1371 905 omnes
1389 885 1450 904 eum
1462 878 1636 908 conﬁtemur.
1655 885 1745 912 neque
1759 885 1862 912 cogno-

224 917 365 952 npostolis.
382 917 608 944 dicenszLuceat
634 917 681 944 tua;
697 922 783 944 uestra
802 919 1020 945 coranzhomiui-
1036 924 1184 953 Bscimus,
1214 923 1292 951 Tunc
1321 928 1411 950 autem
1441 923 1646 956 conﬁtebimur,
1672 928 1738 950 tunc
1767 931 1863 950 omnes

224 964 282 995 bus,
301 967 329 990 ut
343 964 449 990 videant
464 963 531 989 bona
547 968 632 990 uestra
645 972 736 998 opera,
752 968 775 990 et
792 963 938 999 gloriﬁcent
962 964 1018 991 Pa-

226 1013 291 1035 trem
304 1013 418 1035 vestrum
431 1008 476 1043 qui
493 1009 521 1035 in
535 1008 604 1035 cazlis
616 1013 653 1036 est
668 1009 700 1036 ¹³.
718 1009 876 1037 Immolatur
893 1009 1017 1042 Domino,

226 1053 350 1088 utpossit
363 1061 425 1080 esse
445 1053 597 1088 placabilis,
609 1054 682 1088 quod
697 1053 769 1081 LXX
784 1054 929 1082 ediderunt
943 1063 949 1081 :
967 1055 1019 1081 Αιτ-

226 1104 301 1133 cepta
319 1099 583 1132 vobisimmolabitis,
599 1099 625 1126 id
636 1104 688 1132 est,
707 1100 739 1127 ad
758 1101 962 1135 suscipiendum
980 1100 1016 1127 di-

226 1153 278 1180 gne
290 1146 446 1180 praedictam
465 1146 702 1174 conversationem
732 1154 856 1181 agamus,
872 1146 1020 1181 perﬁcien-

227 1197 269 1219 tes
279 1199 349 1223 eam,
367 1196 394 1218 et
410 1199 465 1218 non
497 1192 670 1219 imminutam
690 1192 888 1226 relinquentes,
907 1195 1021 1227 propter

226 1238 300 1273 quod
311 1242 338 1265 et
349 1238 486 1265 subdidit:

264 1283 364 1310 Eodem
376 1284 418 1309 die
432 1283 572 1310 comedetis
589 1292 628 1315 ea,
644 1291 696 1310 non
717 1284 861 1310 remanebit
874 1284 1021 1318 quidquam

227 1329 256 1354 in
273 1337 351 1355 mane
366 1328 475 1355 alterius
493 1329 554 1357 diei.
581 1329 609 1356 In
623 1334 746 1363 tempore
762 1329 835 1357 enim
850 1330 912 1360 hoc,
929 1329 955 1356 in
967 1338 1022 1365 quo

227 1374 281 1400 hoc
292 1373 365 1408 quod
382 1374 484 1401 dictum
501 1379 554 1406 est,
578 1375 740 1402 sacriﬁcium
754 1375 954 1409 promittimus,
972 1383 1022 1402 co-

199 1432 205 1437 -
228 1419 339 1446 medere
356 1419 432 1451 iliud,
449 1420 475 1447 id
489 1424 532 1447 est
542 1420 649 1455 operari
674 1424 702 1446 et
719 1421 857 1455 complere
879 1421 1021 1448 debemus.

227 1464 301 1492 Nihil
321 1469 412 1491 autem
436 1465 470 1492 de
490 1465 530 1492 eis
544 1465 570 1492 in
588 1473 668 1492 mane
684 1465 851 1500 relinquere,
867 1470 897 1492 ut
921 1466 1024 1500 aliquid

228 1515 371 1538 remaneat
384 1511 561 1546 reliquiarum
575 1516 677 1538 nostra:
703 1511 924 1538 conversationis
936 1512 1023 1539 incor-

229 1561 347 1588 rectum,
364 1565 454 1591 ncqne
468 1557 692 1592 inconsumptum
708 1558 741 1584 de
764 1557 923 1589 virtutibus,
935 1563 964 1584 et
983 1558 1023 1584 in-

1070 969 1258 1003 subjicicmur,
1269 969 1339 996 Tunc
1348 970 1398 996 erit
1408 969 1477 997 Deus
1487 969 1577 996 omnia
1590 970 1618 996 in
1629 969 1862 1003 omnibus.quem-

1071 1015 1217 1044 admodum
1233 1016 1334 1043 Paulus
1345 1015 1454 1050 scripsit
1467 1013 1497 1038 “‘-

1352 1082 1466 1111 CAPUT
1486 1082 1582 1110 XXIII.

1108 1141 1190 1168 Vens.
1210 1141 1269 1168 1-5.
1295 1151 1304 1167 ε
1321 1141 1441 1169 Locntns
1455 1145 1497 1168 est
1519 1141 1650 1168 Dominus
1674 1140 1708 1167 ad
1732 1139 1841 1174 Moysen
1854 1159 1862 1169 .

1072 1187 1167 1214 dicens
1181 1195 1188 1213 ε
1204 1187 1329 1221 Loquere
1350 1187 1413 1214 ﬁliis
1433 1187 1527 1217 Israel.
1542 1191 1570 1213 et
1587 1187 1663 1214 dices
1678 1187 1711 1214 ad
1731 1194 1779 1213 eos
1793 1195 1799 1211 :
1817 1185 1864 1212 liae

1072 1238 1137 1260 sunt
1154 1233 1229 1261 ferire
1242 1233 1363 1264 Domini.
1376 1241 1445 1269 quas
1456 1233 1589 1261 vocabitis
1598 1238 1718 1260 sanctas.
1736 1232 1788 1259 Sev
1801 1232 1865 1259 die-

1072 1278 1124 1306 bus
1132 1278 1238 1306 facietis
1253 1287 1322 1314 opus
1336 1288 1341 1305 :
1357 1279 1415 1306 dies
1443 1281 1586 1314 septimus.
1597 1278 1660 1314 quia
1678 1279 1787 1305 Sabbati
1820 1285 1865 1304 re-

1073 1326 1151 1360 quies
1165 1329 1216 1356 est.
1234 1325 1378 1352 vocabitur
1398 1330 1519 1356 sanctus,
1538 1333 1620 1352 Olllllt‘.
1649 1333 1718 1360 opus
1746 1333 1801 1351 non
1826 1323 1867 1350 fa-

1074 1372 1153 1398 cietis
1175 1372 1254 1398 ineo.
1277 1371 1428 1397 Sabbatum
1441 1369 1549 1396 Domini
1567 1375 1609 1397 est
1624 1371 1651 1396 in
1665 1370 1771 1397 cunctis
1788 1369 1867 1396 babi-

1076 1417 1225 1445 tationibus
1242 1416 1350 1444 vestris.
1357 1425 1366 1441 ι

1111 1462 1141 1490 Si
1166 1461 1440 1489 subtiliterattendas
1469 1461 1527 1488 lucc
1542 1469 1603 1496 quae
1634 1461 1705 1488 dicta
1737 1465 1803 1488 sunt
1839 1461 1867 1486 in

1075 1508 1260 1543 prmsenlibus
1274 1507 1441 1541 Iegislatoris
1462 1508 1563 1540 verbis,
1591 1508 1715 1534 invenies
1732 1516 1795 1534 eum
1812 1516 1868 1534 non

1077 1553 1164 1580 solum
1192 1551 1419 1586 contemplationi
1450 1552 1529 1587 legis,
1543 1552 1591 1579 sed
1606 1557 1634 1580 et
1653 1553 1680 1579 in
1693 1552 1782 1578 littera
1811 1552 1869 1587 ipsa

229 1609 374 1638 operatum
385 1604 411 1630 in
424 1603 518 1630 futuro
526 1604 627 1631 s:eculo
635 1604 832 1635 custodiamus,
848 1603 1021 1638 quandojam

1077 1593 1258 1626 intentionem
1268 1598 1382 1633 spiritus
1399 1598 1621 1633 interponentem
1640 1607 1647 1625 :
1664 1598 1760 1625 dicens
1774 1598 1868 1625 enim:

229 1656 285 1675 non
299 1652 341 1675 est
357 1649 462 1676 licitum
480 1650 599 1684 operari.
626 1649 704 1681 Quod
721 1655 797 1677 recte
813 1658 894 1678 mane
909 1650 1020 1682 dicitur,

231 1693 323 1725 idest,
351 1694 415 1728 quia
434 1702 489 1721 nox
505 1703 627 1729 prmsens
648 1695 702 1722 vita
714 1700 825 1730 propter
837 1703 898 1723 eam
909 1703 970 1731 quae
995 1695 1022 1722 in

232 1747 264 1766 ea
281 1747 356 1766 nunc
367 1745 410 1766 est
426 1740 524 1767 nebula
538 1740 710 1768 nominatur.
740 1740 797 1776 Ego
812 1741 949 1774 Dominus,
975 1750 1022 1768 cu-

231 1785 327 1812 stodite
339 1786 465 1812 mandata
478 1794 535 1812 mea
549 1791 573 1812 et
581 1786 661 1821 facile
672 1794 716 1814 ea.

271 1826 326 1864 Ego
342 1829 482 1863 Dominus,
496 1830 541 1865 qui
561 1831 606 1858 hic
620 1831 730 1866 quidem
757 1831 842 1867 legem
875 1834 1024 1869 constituo,

233 1876 269 1904 ibi
286 1880 377 1903 autent
392 1876 497 1911 judico,
507 1877 554 1912 qui
568 1877 749 1914 intelligibilia
765 1880 866 1906 talenta
880 1881 949 1908 meis
966 1890 1026 1909 scr-

233 1923 276 1950 vis
292 1923 331 1938 ”'
343 1923 369 1949 in
387 1924 514 1958 praesenti
541 1925 641 1951 saeculo
660 1925 693 1951 ad
708 1926 876 1960 operandum
897 1927 970 1957 dedi.
997 1929 1025 1954 in

234 1967 358 1994 futurum
371 1969 491 1996 rationes
505 1977 566 1996 cum
581 1969 621 1996 eis
634 1978 718 2005 pono,
734 1976 761 1998 et
783 1972 946 2000 talentorum
959 1982 1026 2008 ope-

233 2013 369 2040 rationem
384 2013 473 2048 exigo.

272 2059 329 2094 Ego
348 2059 497 2087 Dominus:
511 2069 542 2088 ne
554 2061 679 2096 polluatis
691 2070 783 2089 nomen
795 2071 880 2090 meum
893 2068 1026 2090 sanctum.

235 2105 355 2132 Pollutio
372 2106 445 2133 enim
469 2111 512 2133 cst
532 2106 682 2139 Creatoris,
698 2112 725 2134 et
742 2107 921 2143 blasphemia,
952 2110 973 2137 si
999 2110 1027 2137 in

236 2151 333 2178 eodem
347 2158 398 2177 nos
413 2151 521 2183 ordine,
536 2152 579 2179 vel
591 2158 664 2184 actu.
693 2161 747 2188 quo
757 2161 831 2182 nunc
857 2162 954 2182 sumus
983 2163 1028 2182 re-

236 2196 365 2222 snsritet.
382 2196 453 2228 Quid
467 2198 540 2224 enim
554 2203 703 2226 commutat
723 2200 856 2227 mundum
873 2201 989 2234 hunc,si
1001 2202 1026 2228 in

237 2241 340 2269 eisdem
356 2241 496 2269 doloribus
513 2247 541 2270 et
555 2243 694 2271 laboribus
707 2245 833 2272 erimus?

277 2286 310 2314 Ut
321 2288 472 2322 suncti/irer
482 2288 509 2314 in
528 2289 613 2316 medio
624 2289 740 2323 ﬁliorum
758 2291 852 2318 Israel.
873 2292 931 2319 Non
948 2293 1027 2325 dixit,

237 2333 404 2363 sanctiﬁeor,
437 2333 485 2360 sed
530 2332 696 2368 Sauctiﬁcer,
731 2334 852 2362 futurum
882 2338 1030 2366 ostendens

239 2384 358 2414 tempus.
376 2379 405 2406 in
425 2387 479 2414 quo
492 2373 519 2406 in
539 2379 631 2406 medio
645 2380 766 2407 virorum
796 2382 914 2410 ﬁliorum
945 2383 1029 2412 Israel

239 2425 436 2452 sanctiﬁcatum
451 2425 512 2452 Non
526 2425 599 2452 enim
621 2433 717 2453 omnes
743 2427 789 2461 qui
823 2436 857 2455 ex
883 2428 976 2463 Israel,
1002 2431 1031 2458 hi

238 2476 304 2498 aunt
321 2471 416 2504 Israel,
431 2472 480 2499 sed
497 2472 657 2507 quicunque
675 2472 755 2500 Israel
771 2475 963 2509 cognationem
984 2484 1030 2504 so-

238 2517 339 2544 cietate
349 2517 482 2544 virtutum
500 2518 561 2552 ejus
575 2523 696 2549 servant.
721 2518 772 2551 Qui
784 2527 888 2553 pacem,
907 2521 1030 2550 sicutait

239 2562 350 2594 Paulus,
367 2567 392 2589 et
406 2564 612 2591 sanctimoniam
623 2564 785 2596 custodiunt,
803 2566 860 2592 sine
879 2575 932 2600 qua
956 2575 1031 2594 nemo

239 2607 336 2635 videbit
362 2607 652 2642 Deum".QnIautem
685 2611 854 2643 custodiunt.
885 2611 1030 2647 videbunt,

241 2659 355 2690 propter
363 2655 436 2690 quod
448 2655 485 2682 ait
498 2664 504 2682 :
519 2654 676 2690 Sanctiﬁcer
704 2657 732 2683 in
753 2657 839 2683 medio
858 2666 958 2686 eorum.
974 2658 1031 2694 Ego

245 2701 371 2729 Dominus
384 2702 429 2736 qui
448 2701 582 2736 sancti/ica
595 2709 649 2735 vos,
663 2707 687 2729 et
697 2703 776 2730 eduxi
787 2703 818 2730 de
830 2709 900 2730 terra
910 2703 1033 2740 Λίςχῃριί,

245 2749 272 2775 1t
289 2755 370 2775 essem
390 2748 460 2774 rubis
479 2748 506 2774 in
525 2747 617 2776 Deum.
648 2748 701 2776 Sed
716 2749 824 2777 etbono
836 2750 889 2777 ﬁne
909 2751 943 2778 ad
973 2760 1031 2779 rem

280 2849 301 2865 "
318 2849 413 2878 Matth.
436 2860 462 2884 γ,
493 2850 534 2879 I6.

243 2896 266 2915 υ
278 2897 361 2926 Hebr.
375 2906 411 2933 Iv,
429 2900 453 2928 1,

602 2853 634 2868 ”‘
648 2851 741 2881 Matth.
772 2860 849 2886 xvlu,
878 2851 914 2881 ‘25
946 2861 1004 2889 seq.

1059 2853 1080 2870 "
1089 2851 1171 2881 IIebr.
1196 2861 1234 2887 χι,
1254 2854 1295 2882 1-1.

1074 1646 1132 1673 Illae
1146 1650 1207 1672 sunt
1223 1647 1296 1681 ferite
1325 1645 1431 1672 Domini
1443 1653 1508 1680 quas
1525 1639 1649 1671 voc’ubilis
1674 1650 1791 1671 sanctas.
1823 1644 1870 1671 [Ite

1074 1697 1134 1719 sunt
1150 1693 1304 1728 festivitates
1322 1699 1387 1719 mea:
1401 1700 1409 1719 :
1425 1699 1487 1719 mox
1508 1691 1630 1718 subdidit
1654 1699 1661 1717 :
1700 1690 1753 1718 Sea:
1780 1691 1872 1717 diebus

1075 1739 1178 1774 facietis
1195 1747 1270 1774 opus.
1767 1733 1772 1737 ’

1111 1784 1225 1820 Oportet
1239 1785 1350 1820 quidem
1366 1783 1420 1811 hoc
1445 1788 1546 1813 tacere.
1576 1782 1669 1810 dicere
1695 1787 1786 1809 autem
1810 1789 1871 1817 qua!

1075 1836 1231 1866 sequuntur
1248 1841 1254 1858 :
1270 1831 1330 1858 Dies
1341 1831 1476 1864 septimus.
1498 1831 1561 1864 quia
1581 1828 1693 1856 Sabbati
1706 1829 1807 1864 requies
1823 1834 1870 1859 est,

1077 1877 1211 1905 vocabitur
1220 1882 1338 1904 sanctus.
1357 1876 1409 1904 Sed
1426 1877 1500 1904 feriis
1515 1881 1694 1908 connectens,
1713 1875 1764 1903 Sex
1779 1876 1872 1903 diebus

1080 1924 1184 1960 facietis
1200 1932 1274 1958 opus.
1290 1922 1411 1950 ostendit
1421 1923 1484 1957 quia
1504 1923 1598 1957 prima:
1619 1922 1703 1954 ierim,
1718 1923 1775 1949 sive
1792 1921 1871 1948 festi-

1079 1971 1148 1997 vitas
1164 1971 1236 2005 apud
1249 1970 1333 2004 legem
1350 1969 1460 2004 operari
1477 1973 1529 1999 est.
1545 1967 1653 2002 operari
1669 1971 1762 1994 autem
1788 1967 1872 1999 bona,

1079 2020 1222 2051 propterea
1238 2015 1311 2042 enim
1328 2015 1366 2041 ait
1383 2023 1389 2041 :
1411 2014 1463 2041 Sea:
1487 2015 1577 2041 diebus
1593 2014 1698 2049 facietis
1709 2022 1782 2048 opus.

1114 2062 1183 2094 Quia
1201 2061 1293 2088 omnia
1305 2058 1384 2088 valde
1397 2059 1552 2091 snnthona.
1570 2067 1744 2095 qnmcnnque
1759 2058 1832 2086 Deus
1845 2059 1872 2086 in

1079 2114 1127 2136 sex
1151 2107 1249 2135 diebus
1274 2106 1428 2134 constituit.
1456 2105 1585 2134 Secunda
1611 2111 1702 2133 autem
1728 2105 1873 2138 festivitas,

1079 2152 1301 2188 praecedentibus
1321 2153 1363 2180 his
1374 2152 1515 2188 operibus,
1540 2152 1665 2186 septimae
1678 2151 1730 2178 dici
1763 2150 1875 2185 requies

1079 2204 1122 2228 est
1156 2208 1162 2226 :
1186 2207 1266 2234 quam
1291 2199 1465 2226 festivitatem
1490 2205 1573 2225 nemo
1589 2198 1740 2230 celebrare,
1757 2197 1803 2231 qui
1817 2204 1875 2224 non

1080 2251 1209 2282 operatus
1241 2248 1283 2273 est
1308 2246 1378 2272 bona
1407 2253 1490 2280 opera
1521 2250 1549 2272 et
1574 2245 1655 2280 digna
1671 2244 1734 2276 Deo.
1761 2244 1873 2280 poterit.

1083 2292 1151 2319 Nam
1161 2299 1214 2318 nec
1229 2290 1341 2323 frustra,
1359 2290 1431 2317 Dens
1449 2290 1551 2325 quippe
1565 2289 1682 2324 eratqni
1699 2289 1874 2324 loquebatur,

1083 2338 1128 2373 qui
1149 2337 1217 2364 nihil
1232 2337 1333 2364 frustra
1347 2337 1479 2371 loquitur,
1492 2336 1568 2371 prius
1593 2336 1631 2363 ait
1642 2344 1649 2362 :
1660 2335 1713 2363 Sex
1728 2335 1818 2362 diebus
1831 2335 1875 2370 fa—

1082 2385 1155 2411 cietis
1169 2390 1243 2418 opus,
1256 2389 1284 2410 et
1295 2387 1357 2418 post
1372 2382 1424 2410 hoc
1438 2391 1444 2409 τ

1122 2430 1181 2457 Dies
1196 2431 1331 2464 septimus,
1346 2430 1391 2465 qui
1413 2429 1524 2456 Subboti
1548 2430 1650 2464 requies
1665 2434 1714 2460 est.
1741 2429 1878 2456 voc-alitur

1083 2482 1201 2504 sanctus.
1221 2477 1274 2504 Sed
1287 2477 1320 2504 ad
1337 2477 1534 2508 ostensionem,
1551 2481 1582 2503 nt
1598 2477 1619 2503 si
1646 2476 1707 2511 quis
1729 2475 1762 2502 ad
1786 2476 1877 2502 imita-

1086 2523 1188 2550 tionem
1219 2523 1265 2550 Dci
1304 2523 1375 2549 bona
1400 2522 1456 2557 agit
1473 2527 1501 2549 et
1515 2522 1704 2556 consequitur,
1718 2521 1770 2548 hoc
1784 2525 1826 2547 est
1846 2520 1878 2547 in

1085 2576 1133 2595 sex
1145 2569 1240 2595 diebus
1253 2567 1360 2602 operari
1379 2576 1385 2594 :
1400 2567 1444 2594 hic
1460 2566 1623 2602 intelligibili
1641 2566 1791 2601 requiescit
1807 2565 1878 2592 Sab-

1084 2614 1159 2647 bato,
1176 2614 1210 2641 de
1225 2622 1279 2648 quo
1295 2613 1397 2641 Paulus
1406 2613 1533 2641 dicebat:
1555 2613 1717 2645 Timeamus.
1751 2621 1782 2639 ne
1809 2613 1878 2648 forte

1086 2660 1176 2687 relicta
1185 2659 1375 2694 pollicitatione
1397 2660 1546 2687 introeundi
1564 2660 1591 2686 in
1604 2660 1720 2693 requiem
1735 2659 1827 2694 ipsius,
1839 2658 1879 2685 ιιὶ-

1090 2707 1187 2733 deatur
1199 2715 1231 2733 ex
1242 2706 1315 2734 nobis
1329 2706 1426 2741 aliquis
1443 2707 1528 2733 deesse
1544 2707 1579 2734 ’³.
1609 2706 1691 2733 Caret
1705 2706 1776 2733 enim
1803 2713 1878 2746 nunc

1088 2752 1133 2780 illa
1149 2752 1253 2788 requie,
1268 2753 1313 2788 qui
1329 2761 1382 2790 non
1400 2757 1539 2788 operatur.
1570 2753 1636 2787 Quae
1652 2758 1679 2779 et
1691 2758 1784 2780 vocata
1812 2759 1878 2779 san-

1341 2854 1361 2870 ¹⁷
1379 2852 1457 2881 Joan.
1485 2861 1503 2887 ι,
1534 2853 1559 2881 5.
1611 2848 1735 2880 "lCor.
1761 2858 1806 2883 xv,
1831 2848 1877 2877 28.
