2056 3148
254 197 324 231 1083

864 195 1044 226 HESYCHII
1068 195 1306 226 PRESBYTERI

1822 190 1890 224 1034

254 260 349 281 verum
371 253 541 280 celebramus
554 252 667 285 Pascha.
684 253 790 288 peccati
804 253 947 280 servitium
956 252 1044 288 fugia—
1060 255 1083 282 Α,
1097 252 1197 279 mentis
1215 252 1282 284 suis,
1296 251 1324 279 in
1338 250 1451 278 olorem
1467 249 1661 278 suavissimum
1690 247 1815 274 Domino.
1838 246 1890 275 Fa-

254 307 316 327 mus
332 308 339 326 :
355 299 418 334 quia
434 299 569 331 Christus.
600 300 647 335 qui
660 307 710 335 pro
730 300 809 327 nobis
829 307 926 335 passus
951 304 1004 332 est,
1030 306 1046 325 a

255 350 371 380 peccato
383 354 433 373 nos
448 349 476 373 et
488 346 620 373 servitute
634 347 695 381 ejus
716 346 845 373 liberavit
860 355 866 372 :
891 354 946 373 non
982 347 1045 381 quia

254 390 344 424 prima
358 389 403 417 die
418 397 500 417 omne
512 398 582 425 opus
597 391 698 419 servile
723 399 779 418 non
808 391 867 419 ﬁeri
898 392 1044 427 praecepit,

254 436 316 463 aliis
331 440 421 464 autem
433 437 531 464 diebus
552 437 612 464 ideo
624 445 707 472 opera
715 438 756 473 agi
764 438 878 465 servilia
896 438 1046 473 praecepit:

255 481 317 509 vide
329 490 395 517 ergo
415 483 480 517 quid
496 483 619 511 subdidit
637 493 643 511 :

288 528 339 555 Sed
356 529 469 564 oﬁ'eretis
495 530 657 564 sacriﬁcium
672 531 700 558 in
715 534 774 567 igne
791 532 914 559 Domino.
925 532 989 559 Sive
1016 536 1047 559 ut

256 573 327 600 LXX
346 583 351 600 :
367 574 486 610 0/]‘cretis
513 576 726 604 Iiolocaulomata
741 577 853 605 Domino
865 583 963 613 septem
990 579 1047 606 dic—

257 621 313 648 bus.
331 621 392 649 Dies
405 627 496 650 autem
514 623 649 657 septimus
663 624 717 651 erit
727 624 861 652 celebrior
872 629 900 652 et
914 625 1047 658 sanctior,

257 668 417 702 nullumque
432 676 502 703 opus
532 669 630 696 servile
647 669 754 698 facietis
775 670 802 697 in
822 678 865 697 eo.
883 671 1048 698 Holocauto-

258 718 330 741 mata
345 722 409 750 ergo
423 719 527 749 septem
540 715 636 742 diebus
654 715 747 743 oﬁ‘erri
777 717 950 752 praecipiens,
962 717 1049 744 absti—

258 768 325 791 nere
340 761 422 788 etiam
432 761 466 788 ab
479 761 608 788 erunibus
621 762 751 796 operibus
778 763 925 790 servilibus
955 763 981 790 in
1008 763 1050 790 eis

258 807 397 841 praecepit.
410 807 552 840 Quomodo
563 808 637 835 enim
651 808 711 842 quis
722 808 914 836 holocaustum
936 809 992 836 Deo
1004 809 1050 836 of-

258 852 337 885 feret,
365 853 475 880 diabolo
488 853 598 889 dignus,
627 859 675 881 aut
698 855 807 882 servilia
823 855 924 890 agens?
948 855 1050 883 Deinde

258 906 314 924 non
328 898 417 925 solum
433 899 562 933 primam,
574 900 623 927 sed
640 905 668 927 et
683 900 827 935 septimam
840 905 984 936 propterea
1001 909 1051 928 no-

258 942 384 975 minavit,
399 947 428 970 ut
439 943 466 970 in
493 943 579 978 prima
602 949 630 972 et
653 945 682 972 in
696 945 811 980 septima
825 950 907 972 totam
923 953 1050 980 compre-

259 989 485 1017 henderetvitam
499 990 658 1018 humanam.
687 990 733 1018 llla
750 991 823 1019 enim
854 992 973 1023 initium,
1001 992 1052 1019 ista

258 1038 350 1062 autem
366 1034 446 1062 ﬁnem
462 1035 544 1063 habet
571 1036 598 1063 in
614 1044 666 1071 qua
694 1037 786 1064 omnia
811 1037 1051 1072 comprehendun-

258 1084 313 1106 tur.
335 1078 449 1107 Videtur
462 1085 554 1108 autem
574 1086 602 1108 et
615 1082 667 1109 hoc
685 1082 843 1117 praecipere,
856 1087 885 1109 ut
901 1082 924 1109 is
938 1083 984 1117 qui
1000 1083 1052 1109 im—

258 1123 361 1157 buitur,
376 1124 435 1152 sive
454 1124 579 1152 initiatur
593 1126 734 1161 mysterio,
747 1126 853 1153 nullum
871 1134 942 1161 opus
953 1126 1052 1154 servile

258 1173 345 1205 agat:
369 1174 478 1205 oportet
500 1171 603 1206 quippe
623 1171 699 1198 illum
716 1180 808 1207 agere,
836 1181 897 1208 qua:
920 1173 1053 1201 libertatis

258 1220 332 1248 sunt,
350 1216 413 1250 quia
428 1224 479 1243 nos
498 1216 629 1244 Dominus
641 1217 764 1245 liberavit
782 1226 831 1252 per
844 1225 907 1245 eum
923 1219 968 1254 qui
979 1219 1003 1246 ei
1015 1219 1054 1246 si-

259 1266 358 1297 gnatus
371 1266 422 1289 est.
435 1263 463 1288 Si
477 1266 568 1288 autem
581 1263 681 1297 aliquid
693 1268 754 1297 post
763 1264 815 1291 hoc
828 1265 1003 1299 egerit,quod
1019 1266 1053 1292 ad

259 1307 418 1334 servitutem
431 1307 560 1341 pertinet,
576 1315 698 1342 peccans
710 1313 741 1336 ut
753 1309 845 1340 homo,
869 1310 965 1336 saltem
981 1311 1052 1345 ejus,

259 1361 320 1387 qum
347 1353 380 1380 ad
406 1352 488 1380 ﬁnem
504 1357 557 1385 est,
587 1353 899 1390 libertatisdiligentiam
911 1361 997 1390 gerat,
1026 1361 1054 1384 et

259 1398 386 1426 intendat
411 1407 466 1434 quo
488 1398 569 1426 modo
592 1404 687 1426 noster
711 1400 774 1427 ﬁnis
797 1400 887 1428 bonus
909 1400 1051 1435 efficiatur,

259 1444 399 1478 quomodo
417 1445 533 1480 septima
547 1444 617 1477 dies,
644 1449 755 1480 tempus
784 1446 922 1479 videlicet,
946 1447 972 1474 in
999 1456 1055 1483 quo

261 1491 419 1524 transimus,
435 1499 516 1518 omne
543 1499 612 1526 opus
637 1492 739 1519 servile
757 1500 812 1519 non
830 1492 939 1520 habeat.
967 1493 994 1520 In
1020 1502 1055 1520 eo

261 1538 334 1564 enim
350 1538 377 1564 in
390 1546 444 1572 quo
456 1545 506 1565 nos
519 1537 591 1564 Deus
608 1537 756 1570 invenerit,
778 1538 805 1565 in
824 1539 883 1573 ipso
894 1539 1055 1573 etjudicare

1098 297 1176 328 cictis
1189 302 1218 324 et
1230 298 1336 324 hircum
1352 306 1401 332 pro
1413 300 1536 332 peccato,
1563 296 1687 330 duosque
1706 302 1790 329 agnos
1810 295 1890 321 anni-

1097 344 1185 376 culos,
1202 344 1305 371 hostias
1316 344 1502 378 paciﬁcorum.
1518 343 1642 377 Cumque
1657 341 1809 368 elevaverit
1840 349 1888 368 cas

1071 398 1073 401 '
1098 391 1225 418 sacerdos
1237 397 1300 418 cum
1315 390 1430 424 panibus
1446 389 1627 423 primitiarum
1647 395 1739 415 coram
1763 387 1890 419 Domino,

1099 435 1197 462 cedent
1209 435 1237 462 in
1255 443 1334 462 usum
1352 435 1423 469 ejus.
1440 434 1474 461 Et
1501 432 1634 460 vocabitis
1645 433 1719 460 hunc
1736 432 1808 459 diem
1820 432 1892 459 cclc-

1098 482 1259 514 berrimum,
1278 486 1360 516 atque
1374 480 1589 511 sanctissimum,
1605 487 1688 506 ornue
1700 487 1769 514 opus
1789 478 1891 505 servile

1099 535 1154 553 non
1175 526 1282 553 facietis
1310 526 1337 552 in
1362 533 1406 552 eo.
1425 524 1590 560 Legitimum
1619 524 1816 558 sempiternum
1840 523 1893 550 erit

1100 573 1127 600 in
1157 572 1265 600 cunctis
1300 571 1473 603 habitaculis,
1516 574 1544 597 et
1577 570 1803 606 generationibus
1846 578 1894 596 ve-

1100 619 1173 647 stris.
1188 628 1198 645 ι

1136 665 1204 698 Quia
1222 665 1302 699 longe
1318 673 1333 690 ιι
1352 663 1481 699 praesenti
1509 664 1569 698 lege
1584 663 1704 698 populus
1729 661 1889 689 Jud:eurum

1101 715 1153 742 est,
1163 710 1329 744 ipsa’docere
1341 717 1392 736 nos
1405 709 1488 736 verba
1498 712 1613 743 possunt
1623 708 1758 735 discussa.
1770 707 1895 743 Arguun-

1101 760 1146 782 tur
1162 760 1266 786 autem,
1282 762 1372 789 neque
1385 754 1538 781 secundum
1555 754 1673 781 litteram
1689 754 1835 788 impleutes
1850 762 1892 786 ea,

1101 809 1152 828 nee
1172 801 1300 836 spiritum
1324 800 1488 836 intelligere.
1505 800 1552 835 qui
1575 800 1602 827 in
1627 801 1669 827 eis
1681 804 1734 831 est,
1759 800 1894 826 valentes.

1100 847 1195 874 Altero
1210 847 1254 875 die
1268 846 1357 882 prima
1379 846 1508 873 videlicet
1524 853 1681 881 azymorum
1697 845 1795 872 offerre
1808 845 1897 872 mani-

1102 893 1207 928 pulum,
1226 897 1254 920 et
1269 900 1348 929 ovem
1371 892 1514 918 immolare
1531 899 1614 926 super
1627 899 1690 918 eum
1717 893 1855 926 praecepit.
1873 891 1903 919 Δ.

1102 937 1147 964 die
1170 940 1273 969 autem,
1303 935 1330 962 iu
1359 943 1413 970 quo
1442 936 1494 962 hoc
1517 936 1555 967 ﬁt,
1580 940 1685 970 septem
1710 935 1898 962 hebdomadas

1102 983 1252 1015 numerari,
1268 987 1296 1009 et
1311 982 1429 1010 alterum
1443 982 1515 1009 diem
1530 981 1633 1008 ultima?
1646 981 1836 1012 hebdomadas,
1856 981 1898 1007 sic

1102 1029 1280 1057 Pentecostes
1319 1028 1459 1056 celebrare
1486 1027 1663 1055 festivitatem
1690 1027 1718 1054 in
1754 1027 1806 1058 his,
1835 1034 1898 1061 qua:

1103 1084 1177 1104 nunc
1191 1076 1259 1104 dixit
1271 1075 1413 1110 pra-cepit.
1429 1074 1546 1108 Quidam
1557 1079 1648 1101 autem
1660 1075 1699 1101 sic
1718 1073 1900 1100 inveniuntur

1103 1120 1280 1148 Pentecostcs
1306 1120 1484 1147 festivitatem
1507 1119 1660 1147 celebrare.
1675 1120 1694 1145 A
1719 1119 1805 1153 prima
1823 1119 1898 1145 enim

1103 1174 1275 1202 azymorum,
1291 1174 1347 1193 non
1370 1171 1462 1193 autem
1474 1174 1488 1193 a
1503 1166 1558 1197 die,
1575 1165 1602 1192 in
1633 1172 1686 1200 qua
1714 1164 1898 1199 manipulum.

1103 1220 1164 1247 qua:
1173 1212 1261 1247 prima
1273 1220 1432 1247 azymorum
1451 1212 1478 1238 in
1494 1211 1646 1238 crastinum
1663 1210 1784 1237 secunda
1799 1209 1899 1236 videli-

1103 1263 1148 1287 cet
1167 1259 1237 1291 dies,
1257 1263 1450 1293 computantcs
1476 1258 1609 1285 celebrari
1626 1257 1735 1284 sibimet
1762 1255 1898 1283 Penteco-

1104 1308 1173 1330 stcm
1191 1303 1353 1338 praedicant.
1372 1301 1489 1337 Propter
1498 1301 1572 1337 quod
1587 1301 1628 1328 cis
1645 1300 1779 1327 Dominus
1796 1300 1897 1335 impro-

1105 1356 1204 1383 perans
1229 1348 1303 1382 quod
1331 1348 1485 1375 secundum
1508 1348 1629 1375 litteram
1671 1354 1727 1373 non
1752 1347 1900 1382 implerent

1105 1395 1191 1426 legem
1219 1395 1327 1422 dicebat
1345 1403 1352 1420 :
1369 1393 1402 1421 Et
1430 1402 1507 1421 nemo
1534 1402 1566 1421 ex
1584 1393 1655 1420 vobis
1683 1393 1748 1428 facit
1772 1393 1898 1429 legem".

1105 1441 1227 1471 Ecclesia
1238 1446 1329 1469 autem
1339 1441 1405 1468 facit
1419 1441 1490 1468 sicut
1504 1448 1578 1468 nunc
1594 1440 1760 1468 ostenditur.

1141 1501 1303 1534 Locutusque
1332 1504 1370 1527 est
1398 1487 1527 1527 Dominus
1561 1500 1597 1527 ad
1637 1499 1751 1535 Moysen:
1782 1499 1873 1525 direns
1890 1505 1902 1524 :

1106 1546 1223 1582 Loquere
1235 1546 1298 1580 ﬁliis
1313 1545 1408 1577 Israel.
1420 1551 1445 1572 et
1461 1546 1530 1572 dices
1560 1547 1597 1573 ad
1619 1554 1676 1573 eos:
1706 1546 1770 1573 Cum
1791 1544 1902 1579 ingressi

260 1582 406 1617 promittit.
423 1583 535 1618 Propter
549 1583 620 1618 quod
631 1588 659 1611 et
675 1583 769 1616 David,
780 1584 811 1611 In
819 1585 883 1618 ﬁne,
895 1592 926 1611 ne
939 1593 1054 1611 currunt-

1109 1592 1211 1618 I'ucritt's
1227 1597 1337 1624 terram,
1358 1599 1439 1626 quam
1453 1599 1499 1626 ego
1522 1591 1590 1618 dabo
1604 1591 1677 1618 vobis
1691 1596 1715 1618 cl
1740 1591 1903 1618 messuen'lis

261 1636 321 1662 pas,
334 1629 466 1663 plurimos
486 1629 654 1657 Psalmorum
671 1630 835 1664 praescribit.

298 1674 381 1702 Vens.
394 1675 472 1702 9-H.
487 1685 496 1701 ‹
514 1675 688 1711 Locutusque
701 1681 743 1703 est
758 1676 891 1704 Dominus
902 1677 936 1704 ad
946 1676 1055 1712 Moysen

262 1721 358 1748 dicens
373 1729 379 1748 :
399 1721 524 1756 Loquere
532 1721 595 1748 ﬁliis
605 1722 698 1756 Israel,
716 1727 744 1750 et
760 1722 837 1750 dices
848 1723 883 1750 ad
899 1731 947 1751 eos
965 1732 971 1750 :
988 1723 1056 1751 Cum

264 1767 378 1803 ingressi
391 1768 498 1795 fueritis
515 1773 614 1796 terram
635 1777 716 1804 quam
741 1777 793 1804 ego
819 1770 888 1796 dabo
918 1770 1004 1802 vobis,
1030 1774 1058 1797 et

264 1812 433 1840 messueritis
447 1817 553 1848 segetes
570 1818 648 1841 terra:
672 1818 781 1845 vestras,
798 1813 893 1841 feretis
905 1815 1058 1850 manipulos

265 1859 412 1893 spicarum,
429 1859 564 1894 primitias
576 1859 672 1887 messis
693 1864 801 1892 vestrm,
825 1860 857 1888 ad
875 1861 1056 1888 sacerdotem.

265 1903 316 1936 Qui
342 1904 442 1931 levabit
464 1903 624 1931 fasciculum
650 1911 741 1931 coram
763 1905 1057 1940 Dominoutaccepta-

265 1949 330 1977 bilis
343 1950 379 1977 sit
393 1958 442 1984 pro
454 1950 541 1978 vobis.
558 1950 653 1977 Altero
668 1950 712 1978 die
733 1951 862 1984 Sabbato,
877 1952 1059 1980 sanetiﬁcabit

267 1995 353 2028 illum,
365 2001 446 2031 atque
465 1996 492 2022 in
511 1996 607 2023 eodem
616 1995 660 2023 die
670 2004 725 2031 quo
744 1997 900 2032 manipulus
911 2005 1059 2025 consecra-

267 2048 322 2076 tur,
339 2043 460 2070 caedetur
470 2050 556 2078 agnus
569 2043 762 2070 immaculatus
787 2043 933 2070 anniculus
944 2043 970 2070 in
983 2044 1060 2070 holo-

267 2095 392 2117 caustum
406 2089 532 2122 Domino,
547 2094 576 2116 et
592 2089 740 2117 libamenta
758 2089 909 2116 ollerentur
936 2097 999 2116 cum
1027 2097 1060 2116 eo

268 2135 330 2161 dure
347 2134 461 2162 decium
481 2135 577 2162 simila;
599 2142 755 2169 conspersa:
779 2135 840 2162 oleo
866 2135 892 2161 in
917 2135 1060 2162 incensum

270 2179 385 2205 Domino
396 2179 563 2215 odoremque
575 2180 779 2212 suavissimum,
797 2180 851 2207 liba
866 2188 976 2215 quoque
993 2181 1060 2211 vini.

269 2229 365 2259 quarta
376 2233 439 2260 pars
448 2225 507 2253 hin.
522 2226 623 2254 Panem
641 2231 670 2254 et
682 2226 832 2262 polentam,
854 2231 883 2254 et
896 2227 984 2261 pultes
1006 2234 1062 2253 non

1107 1642 1205 1671 segetes
1221 1642 1298 1663 terra:
1315 1642 1418 1668 vestrm,
1444 1637 1557 1671 oﬂ'erctis
1586 1635 1732 1669 manipulos
1753 1638 1902 1669 spicarum,

1107 1683 1241 1716 primitias
1255 1683 1347 1709 messis
1366 1687 1458 1710 vestrm
1478 1683 1512 1708 (ιιι
1532 1682 1704 1709 sacerdotem.
1730 1681 1781 1713 Qui
1807 1682 1904 1708 levabit

1108 1728 1264 1763 fasciculum
1293 1736 1383 1754 coram
1409 1727 1532 1758 Domina,
1556 1732 1583 1753 ut
1600 1726 1770 1760 nm’plalnilis
1793 1727 1826 1752 sit
1856 1734 1905 1759 pro

1108 1775 1188 1801 vobis.
1206 1774 1317 1801 Terram
1333 1781 1348 1800 a
1365 1774 1419 1800 Deo
1429 1774 1532 1805 datam,
1545 1772 1733 1807 evangelicum
1751 1770 1905 1798 doctrinam

1109 1825 1136 1848 et
1151 1821 1388 1848 conversationem
1403 1819 1567 1854 frequenter
1582 1818 1740 1845 docuimus.
1754 1816 1816 1851 lpsa
1828 1816 1906 1843 enim

1110 1872 1183 1894 terra
1201 1866 1312 1900 dicitur,
1338 1870 1452 1901 propter
1479 1866 1585 1893 fructus
1602 1864 1736 1892 virtutum
1752 1862 1799 1898 qui
1825 1870 1859 1889 ex
1873 1870 1907 1889 ea

1109 1912 1247 1938 oriuntur.
1265 1911 1306 1938 Ab
1326 1910 1386 1946 ipso
1398 1916 1490 1938 autem
1506 1909 1563 1937 Deo
1579 1909 1644 1936 data
1659 1914 1710 1940 est,
1731 1915 1820 1942 neque
1832 1906 1907 1934 enim

1111 1956 1263 1982 mcdiatore
1273 1955 1306 1982 ad
1323 1955 1395 1982 hanc
1410 1962 1478 1981 usus
1489 1958 1542 1985 est,
1564 1953 1611 1980 sed
1625 1952 1734 1987 proprio
1748 1959 1780 1978 ea
1797 1958 1910 1978 annum

1111 2001 1259 2028 tiavitore.
1279 2000 1395 2034 Quando
1420 2007 1486 2035 ergo
1504 1999 1619 2034 ingressi
1636 2003 1711 2029 sunt.
1734 2002 1761 2025 et
1782 2005 1909 2025 messue-

1112 2052 1178 2074 runt
1204 2052 1312 2082 segetes
1346 2047 1417 2081 ejus.
1451 2045 1480 2073 hi
1504 2045 1550 2080 qui
1578 2048 1762 2079 susceperunt
1786 2044 1908 2070 salutare

1111 2092 1237 2119 verbum.
1261 2091 1301 2119 llli
1321 2092 1394 2118 enim
1407 2095 1474 2118 sunt
1491 2095 1519 2118 et
1533 2098 1681 2123 messores,
1706 2095 1734 2117 et
1748 2088 1910 2123 intelligibi-

1113 2139 1151 2165 les
1168 2143 1273 2174 segetes
1280 2138 1313 2165 ad
1324 2145 1393 2172 quos
1410 2137 1542 2165 Dominus
1553 2137 1677 2165 dicebat:
1690 2136 1784 2164 Messi:
1799 2136 1909 2170 quidem

1113 2184 1210 2217 multa,
1227 2184 1344 2219 operarii
1361 2188 1451 2210 autem
1468 2184 1560 2219 pauci,
1576 2187 1667 2218 rogate
1680 2179 1824 2210 Dominum
1840 2190 1908 2208 mes-

1113 2231 1160 2261 sis.
1185 2235 1213 2257 ut
1234 2231 1323 2257 mittat
1345 2231 1482 2265 operarios
1513 2231 1542 2256 in
1562 2229 1796 2260 messemsuam“,
1807 2227 1912 2262 quibus

270 2270 419 2298 comedetis
432 2279 464 2298 ex
473 2277 574 2307 segete,
585 2280 673 2307 usque
687 2272 722 2300 ad
739 2271 813 2299 diem
826 2279 881 2306 quo
896 2271 1019 2298 offeratis
1027 2279 1056 2298 ex

1119 2277 1203 2304 etiam
1225 2276 1301 2304 verbi
1325 2277 1489 2312 mysterium
1510 2275 1636 2308 credidit,
1654 2280 1722 2302 tunc
1744 2274 1843 2302 messis
1869 2274 1912 2300 sic

270 2323 301 2343 ea
315 2315 369 2343 Deo
379 2321 480 2350 vestro,
497 2323 664 2352 praeceptum
675 2322 717 2344 est
728 2317 925 2352 sempiternum
942 2316 968 2343 in
978 2324 1061 2351 gene-

271 2363 434 2397 rationibus,
451 2364 614 2399 cugctisque
637 2363 799 2391 habitaculis
829 2363 937 2390 vestris.
962 2363 1063 2389 Nume-

273 2410 368 2438 rabitis
382 2419 447 2446 ergo
460 2411 495 2438 ab
510 2412 596 2438 altero
605 2411 652 2438 die
665 2410 788 2443 Sabbati,
808 2410 835 2437 in
858 2418 913 2445 quo
926 2409 1063 2437 obtulistis

273 2458 441 2493 manipulum
458 2459 650 2494 primitiarum,
663 2463 766 2493 septem
775 2458 959 2486 hebdomadas
969 2458 1064 2493 plenas

275 2512 361 2539 usque
376 2504 409 2532 ad
424 2504 496 2532 diem
511 2504 625 2532 alteram
645 2504 810 2539 expletionis
826 2503 1005 2531 hebdomadas
1021 2511 1066 2530 sc-

274 2551 378 2586 ptimm,
400 2551 426 2578 id
437 2556 479 2579 est
502 2552 700 2587 quinquaginta
727 2552 786 2579 dies
803 2559 809 2577 :
829 2555 857 2578 et
874 2551 916 2578 sic
944 2551 1067 2578 oll‘cretis

274 2596 438 2624 sacriﬁcium
453 2605 553 2625 novum
570 2599 696 2632 Domino,
709 2605 744 2626 ex
761 2598 889 2625 omnibus
903 2597 1067 2624 habitaculis

274 2643 384 2669 vestris.
400 2642 488 2671 Panes
499 2644 681 2679 primitiarum
702 2645 770 2673 duos
781 2645 815 2672 de
829 2644 937 2672 duabus
952 2644 1068 2672 decimis

277 2688 373 2716 simila:
389 2689 570 2723 fermentatae,
586 2699 656 2725 quos
673 2691 797 2726 coquetis
814 2691 842 2718 in
860 2690 997 2725 primitias
1013 2689 1067 2717 Do-

277 2735 357 2761 mini.
371 2735 553 2770 Oﬁ‘crelisquc
566 2744 629 2763 cum
645 2737 763 2771 panibus
774 2741 878 2771 septem
912 2743 998 2770 agnos
1018 2735 1070 2762 im-

278 2781 428 2808 maculatos
444 2781 596 2814 anniculos,
611 2786 638 2808 et
650 2782 766 2809 vitulum
780 2782 815 2809 de
826 2787 953 2816 armento
970 2789 1066 2814 unum,

279 2831 306 2854 ct
320 2827 419 2855 arietes
436 2827 514 2860 duos,
525 2831 553 2855 et
572 2832 653 2854 erunt
678 2827 705 2854 iu
722 2827 911 2854 holocaustum
926 2835 987 2854 cum
1001 2827 1069 2854 liba-

1116 2327 1223 2349 matura
1245 2326 1315 2354 erat,
1341 2325 1372 2348 ut
1397 2321 1530 2349 Dominus
1549 2320 1670 2348 diceret:
1698 2320 1794 2346 Leonte
1820 2318 1912 2345 oculos

1117 2372 1227 2399 vestras,
1238 2367 1322 2394 videte
1335 2367 1463 2402 regiones,
1485 2367 1548 2402 quia
1562 2366 1632 2393 alba:
1646 2370 1706 2392 sunt
1719 2365 1778 2399 jam
1794 2365 1829 2391 ad
1853 2372 1913 2391 mc-

1118 2412 1268 2438 tendum“.
1295 2411 1464 2447 Manipulum
1483 2416 1574 2438 autem
1598 2410 1793 2446 primitiarum,
1809 2409 1914 2436 intelli-

1118 2457 1209 2492 gibilis
1226 2458 1355 2485 sacerdos
1373 2457 1502 2485 Christus
1521 2464 1622 2491 corpus
1638 2455 1782 2492 proprium
1806 2454 1913 2482 offere-

1120 2505 1176 2532 bat.
1208 2503 1277 2537 Quia
1302 2504 1376 2532 enim
1404 2503 1555 2539 capitulum
1585 2503 1643 2530 sive
1672 2509 1777 2529 summa
1801 2501 1912 2532 messis,

1120 2549 1199 2577 verbi
1223 2550 1352 2577 videlicet
1376 2549 1514 2582 salutaris,
1535 2554 1563 2576 et
1583 2549 1684 2576 divinae
1708 2547 1915 2583 praadicationis

1121 2600 1292 2622 mortuorum
1310 2599 1369 2622 erat
1397 2594 1573 2627 resurrectio,
1588 2594 1625 2622 ita
1641 2599 1671 2621 ut
1685 2593 1787 2621 Paulus
1811 2595 1915 2620 clama-

1123 2645 1180 2668 ret:
1201 2640 1254 2667 Viri
1269 2640 1411 2673 Phariswi,
1426 2641 1458 2667 de
1472 2648 1516 2675 spe
1532 2645 1556 2667 et
1588 2640 1779 2667 resurrectione
1794 2644 1914 2666 mortuo-

1121 2695 1180 2714 rum
1195 2695 1241 2722 ego
1261 2687 1371 2722 judicor
1394 2687 1469 2714 hodie
1478 2687 1511 2719 ³¹,
1528 2687 1673 2722 oportebat
1696 2685 1914 2714 satisfactionem

1121 2733 1199 2767 sequi
1222 2733 1435 2768 praedicationis.
1457 2741 1520 2760 nam
1543 2737 1571 2760 et
1583 2732 1730 2759 subsecuta
1752 2735 1804 2758 est.
1828 2729 1917 2756 Verus

1122 2778 1195 2805 enim
1213 2778 1382 2812 uianipulus,
1397 2782 1425 2805 ct
1438 2785 1509 2805 verre
1529 2776 1659 2812 primitiae
1681 2781 1782 2803 nostrae
1805 2773 1914 2804 messis.

1123 2833 1198 2853 nunc
1214 2825 1393 2861 intelligibilis
1415 2825 1545 2853 sacerdos
1562 2823 1699 2857 Christus,
1730 2828 1830 2857 corpus
1851 2827 1916 2855 pro-

329 2911 352 2926 "
363 2918 443 2946 Joan.
457 2927 504 2951 vn,
518 2919 559 2947 l9.
597 2916 725 2945 "Matth.
744 2925 780 2950 xx,
798 2916 842 2944 57.
881 2917 902 2931 ³ο
916 2916 992 2944 Joan.
1011 2924 1047 2948 l\',

1144 2916 1163 2931 “
1181 2915 1241 2943 Act.
1256 2906 1333 2947 ultr.
1350 2915 1376 2943 6.
