2056 3148
182 225 252 259 1085

741 226 781 255 ΙΝ
803 224 1022 255 LEVITICUM.
1039 237 1074 243 -
1094 226 1167 255 LIB.
1183 227 1233 257 VI.

1736 231 1804 266 1036

182 283 272 318 prium
286 289 302 309 a
316 282 431 310 mortuis
443 281 596 315 suscitavit,
612 282 646 310 de
661 290 716 318 quo
730 282 829 309 Paulus
845 282 966 309 dicebat:
983 286 1005 312 Α
1057 281 1089 308 Et
1110 283 1244 317 polentam
1263 287 1287 310 et
1310 283 1395 318 pulte:
1422 293 1473 311 non
1496 286 1636 313 comedetis
1650 294 1681 313 ea:
1705 294 1800 323 segete,

182 329 259 356 Nunc
273 334 362 356 autem
390 328 508 356 Christus
524 330 666 356 resurrexit
689 337 705 355 a
737 329 856 360 mortuis,
875 328 967 362 primi-

183 377 225 402 tite
256 375 441 402 dormientium
452 375 483 402 ³¹.
512 374 691 410 Sed~quando
716 375 767 402 ltoc
796 375 897 402 factum
913 378 965 405 est,

181 422 266 449 altera
277 420 322 448 die
339 420 436 448 oiferet
462 421 527 448 illud
541 421 678 448 sacerdos.
708 421 774 448 Esse
794 426 884 447 autem
910 420 967 454 pri-

182 475 252 494 mam
267 467 339 494 diem
351 467 499 494 Dominicze
527 466 673 502 passionis,
699 474 728 493 ea
743 474 802 500 quae
827 470 891 492 ante
914 466 966 492 hoc

181 513 310 545 diximus,
325 513 515 543 ostenderunt.
532 513 559 539 in
583 521 636 547 qua
657 513 788 539 Dominus
820 520 897 539 suam
917 512 967 538 ho-

180 558 260 585 stiam
275 566 328 585 non
343 558 402 585 sine
415 558 518 584 ratione
535 557 712 592 dispensavit.
735 558 787 584 Sed
801 558 863 591 quia
879 557 965 591 prima

179 611 337 639 azymorum
365 604 438 635 haec,
468 609 495 631 et
522 604 608 638 prima
637 603 776 630 Paschalis
809 602 965 629 festivitatis

178 649 331 680 dicebatur,
356 649 441 676 altera
466 649 524 676 dies
546 648 681 683 passionis
710 649 873 676 resurrectio
899 648 962 675 fuit:

179 695 261 729 hujus
283 695 321 721 rei
345 694 442 731 gratia,
469 702 531 722 cum
552 695 687 729 potuisset
714 695 815 726 dicere,
844 694 964 721 secunda

178 748 334 774 azymorum
348 739 446 767 oﬁ'eret
467 740 519 767 hoc
544 741 682 772 sacerdos,
697 748 750 767 non
768 740 809 767 sic
833 739 911 772 dixit,
935 745 965 767 ut

177 794 232 813 non
262 786 296 812 ad
324 786 538 820 subsequentem
564 786 635 813 diem
664 786 815 813 deduceret
841 791 962 813 nostram

176 831 381 866 cogitationem,
408 831 456 858 sed
483 835 510 858 et
531 831 557 858 itt
583 831 732 858 crastinum
760 832 865 867 primm.
895 831 964 859 Dicit

175 881 267 904 autem
285 877 527 910 resurrectionem,
543 878 607 912 quia
624 877 853 912 quemadmodum
867 877 963 904 crasti-

174 931 228 950 nus
253 923 313 950 dies
327 923 461 950 hodierno
481 923 614 955 succedit,
640 923 679 950 sic
705 924 838 951 successit
853 923 961 950 Domini

173 969 297 1004 passioni
316 969 492 996 resurrectio.
516 969 556 996 Tu
571 974 663 996 autem
678 969 788 996 attende
811 977 842 996 ea
855 977 914 1004 quae
934 969 961 996 in

174 1015 410 1049 subsequentibus
443 1015 584 1048 dicuntur,
618 1020 645 1042 et
677 1015 823 1042 verborum
856 1014 960 1042 custodi

173 1061 385 1088 districtionem.
401 1062 522 1089 Primum
538 1062 611 1088 enini
632 1061 803 1096 manipulum
829 1061 963 1095 primitia-

174 1116 247 1140 rum,
273 1107 446 1135 sacerdotem
475 1108 595 1135 ostendit
617 1107 790 1139 otferentem,
815 1113 876 1141 post
909 1107 962 1134 hoc

173 1158 265 1180 autem
280 1153 334 1179 ait:
350 1152 435 1186 Atque
451 1153 479 1178 in
500 1152 588 1179 eodem
608 1152 650 1178 die
674 1160 724 1186 quo
736 1152 886 1187 manipulus
902 1160 962 1178 con-

172 1203 304 1231 secratur,
323 1199 430 1225 certetur
453 1206 537 1233 agnus
561 1198 911 1237 immaculatus'anuiculus
934 1199 962 1225 iu

172 1244 355 1271 holocaustum
373 1243 495 1270 Domino.

208 1290 307 1317 Volens
322 1298 371 1318 nos
381 1293 408 1316 tn
422 1290 466 1317 die
478 1297 531 1324 qua
545 1290 715 1317 celebramus
745 1289 853 1317 Domini
869 1297 960 1316 resur-

172 1337 335 1369 rectionem,
363 1340 391 1363 et
417 1335 549 1369 manipuli
573 1335 772 1369 intelligihilem
796 1335 961 1362 oblationem

170 1382 354 1415 celebramus,
378 1390 432 1408 non
461 1381 583 1409 oblivisci
613 1381 746 1408 Dominici
773 1380 911 1412 sacriﬁcii,
929 1388 963 1407 cx

171 1436 228 1462 quo
245 1428 324 1454 nobis
340 1432 382 1455 est
397 1427 498 1455 oblatio
508 1427 640 1462 manipuli
653 1437 660 1454 :
673 1428 721 1454 sed
743 1427 843 1454 cedere
861 1434 961 1461 agnum

171 1473 377 1501 immaculatum
393 1474 553 1501 attniculum
569 1473 597 1500 in
621 1473 811 1500 holocaustum
835 1472 961 1499 Domino.

171 1520 374 1556 ltttelligibilem
403 1527 512 1555 agnum,
534 1519 644 1547 Domini
659 1519 835 1546 traditionem
861 1519 962 1545 immo-

169 1566 260 1593 lantes
284 1566 409 1601 mystice,
437 1570 464 1593 et
494 1565 670 1593 oﬁ‘erentes:
697 1565 782 1599 ipsius
802 1568 906 1598 autent,
933 1569 963 1591 ut

170 1611 336 1639 sacriﬁcium
354 1612 484 1639 cedentes
496 1611 657 1638 memoriam
670 1610 745 1638 fecit.
766 1609 862 1645 Neque
888 1611 960 1637 cnitn
976 1623 996 1651 ε

169 1658 260 1689 aliter,
276 1657 324 1684 sed
349 1665 398 1691 per
423 1657 483 1691 ejus
497 1657 702 1684 meditationem
731 1661 760 1684 et
788 1657 916 1685 virtutem
944 1666 959 1684 a

169 1703 320 1731 sensilibus
332 1703 364 1730 ad
381 1703 560 1738 intelligibilia
577 1703 781 1730 transferuntur
797 1711 829 1730 ea
851 1711 911 1738 quae
931 1703 958 1730 itt

170 1747 218 1773 illo
233 1747 367 1774 sacriﬁcio
382 1752 560 1782 peraguntur.
577 1747 611 1774 Et
625 1748 698 1782 quod
714 1747 766 1775 hoc
791 1752 832 1775 est
851 1748 957 1775 sacriﬁ—

169 1791 261 1819 cium?
276 1791 343 1819 Duw
361 1793 468 1819 decima:
482 1793 578 1819 simin
604 1801 751 1826 conspersa
764 1792 830 1820 oleo.
845 1793 959 1828 Oportet

169 1837 245 1864 enim
260 1839 332 1865 scire
357 1838 507 1873 perfectam
528 1839 738 1870 humanitatem,
754 1843 781 1866 et
809 1839 957 1874 perfectam

169 1883 341 1911 divinitatem
352 1889 571 1919 contemperare,
584 1884 610 1911 id
624 1889 665 1912 est
676 1885 703 1911 in
715 1893 800 1912 unum
811 1886 958 1914 convenire

170 1929 198 1956 in
215 1929 288 1961 oleo,
305 1929 331 1957 id
346 1935 388 1958 est
405 1938 453 1965 per
469 1938 529 1957 eam
543 1938 625 1964 quain
642 1930 714 1957 circa
727 1938 778 1957 nos
791 1931 874 1958 habet
884 1939 958 1958 com-

170 1976 325 2009 passionem
346 1977 408 2003 :sic
436 1976 509 2003 enim
525 1976 689 2003 sacriﬁcium
721 1976 789 2003 odor
816 1977 958 2004 suavitatis

171 2020 288 2048 Domino
318 2022 468 2054 invenitur,
497 2022 669 2057 sapientibus
694 2022 774 2049 nobis
795 2023 829 2049 de
851 2031 883 2050 eo
897 2031 957 2058 quae

171 2067 254 2102 digna
272 2073 346 2096 sunt.
368 2068 397 2095 ln
413 2069 513 2103 quibus
539 2074 631 2096 autem
658 2068 834 2101 sacriﬁcium,
863 2073 890 2096 et
909 2077 958 2104 per

168 2120 237 2148 quos
251 2114 350 2149 agitur,
362 2115 498 2149 quomodo
511 2114 666 2142 celebratur
692 2114 873 2150 intelligibilis
893 2116 956 2150 agni

167 2157 366 2193 oblatio,quod
392 2160 516 2192 sequitur
545 2159 675 2186 ostendit.
703 2159 798 2194 Neque
826 2160 900 2187 enim
929 2160 956 2187 in

167 2203 310 2238 sanguine.
325 2211 413 2238 neque
430 2212 478 2238 per
501 2203 697 2231 irrationabilia
717 2204 854 2236 animalia,
869 2205 955 2232 sacri-

167 2247 259 2275 ﬁcium
286 2257 301 2276 a
335 2249 414 2277 nobis
445 2249 517 2277 Deus
545 2249 671 2284 suscipit,
704 2250 855 2277 secuttdum
882 2250 954 2285 quod

166 2294 310 2329 sequentia
325 2293 507 2326 demonstrat,
524 2294 562 2321 ait
582 2294 671 2321 enim:

203 2339 267 2365 Libu
290 2347 390 2374 quoque
406 2339 472 2370 viui,
489 2343 587 2374 quarta
603 2346 666 2372 pars
680 2338 736 2371 Itin,
754 2346 850 2373 panem
868 2344 892 2365 et
907 2348 956 2373 po-

167 2386 278 2413 lentam.
291 2384 360 2418 Quia
377 2385 488 2412 dubium
508 2385 629 2412 futurunt
658 2390 718 2412 erat
733 2385 837 2417 forsan,
858 2393 873 2412 a
892 2386 955 2420 qui-

167 2429 218 2457 bus
232 2429 392 2464 mysterium
409 2428 545 2462 sacriﬁcii,
570 2429 641 2464 quod
666 2437 715 2464 per
736 2429 877 2456 Christum
900 2434 953 2461 est,

167 2476 239 2510 quod
270 2475 398 2510 superius
422 2475 540 2502 diximus
565 2475 747 2502 celebratur:
775 2475 859 2502 habes
889 2483 954 2502 ecce

167 2520 345 2556 intelligibilis
363 2519 544 2547 Melehisedec
557 2519 733 2549 oblationem.
751 2527 810 2554 qua:
833 2519 861 2545 in
883 2527 955 2554 pane

167 2571 196 2593 et
209 2566 273 2593 vino
287 2565 439 2601 perﬁcitur,
466 2566 492 2592 in
509 2573 561 2600 qua
579 2570 675 2600 quarta
691 2573 753 2599 pars
767 2565 813 2591 bin
832 2565 860 2591 in
878 2564 955 2591 libris

165 2613 222 2640 vini
235 2607 364 2644 oﬂ’ertur,
380 2617 411 2638 ut
426 2620 474 2647 per
489 2616 614 2647 quartam
623 2611 812 2648 Evangelicam
829 2611 955 2638 traditio-

170 2665 244 2690 nem,
270 2666 332 2693 quat
348 2657 376 2684 in
395 2657 472 2684 libris
489 2662 615 2692 jquatuor
630 2661 686 2684 est:
713 2664 762 2691 per
795 2656 954 2683 libationem

166 2711 233 2731 vero
248 2703 422 2731 Dominicutn
441 2709 596 2730 sermonem
611 2702 787 2738 signiﬁcaret,
807 2709 871 2728 cum
890 2701 929 2727 ait
946 2709 953 2727 :

169 2749 216 2775 llic
227 2754 265 2776 est
277 2757 350 2776 metu
366 2749 476 2783 sanguis
491 2749 535 2783 qui
560 2756 607 2782 pro
624 2748 694 2774 vobis
704 2748 828 2782 [trudetur
837 2747 876 2773 ":
894 2746 953 2774 sine

167 2795 360 2822 imminutione
380 2795 453 2821 enim
469 2794 622 2829 signiﬁcare
639 2793 784 2828 legislatori
807 2792 896 2820 visum
913 2798 954 2820 est

166 2840 269 2869 Christi
282 2840 454 2876 mysterium,
469 2844 579 2875 propter
594 2839 668 2873 quod
685 2843 712 2866 et
727 2838 864 2866 subdidit:

203 2927 225 2943 ³²
244 2927 328 2956 lCor.
343 2936 387 2961 xv,
405 2928 447 2955 l2.
488 2928 509 2945 ³³
522 2927 605 2955 Marc.
627 2936 682 2959 xiv,
702 2926 761 2954 lii.

801 2927 821 2943 "
834 2925 853 2954 ll
872 2926 934 2954 Cor.
948 2935 974 2960 v,
988 2926 1030 2953 l7.

1019 335 1099 362 usque
1113 328 1149 354 ad
1160 328 1228 354 diem
1244 337 1294 363 quo
1321 329 1436 364 oﬂ‘eratis
1452 339 1484 357 ea:
1497 339 1527 357 ea
1542 331 1595 358 Deo
1612 337 1707 360 vestro.
1724 333 1802 360 Prte-

1018 379 1118 408 ceptum
1133 378 1171 400 est
1185 374 1371 408 sempiternum
1384 376 1410 402 in
1429 378 1639 410 generationibus
1652 380 1803 414 mutatisque

1016 418 1175 446 habitaculis
1189 420 1291 446 vestris.
1312 420 1374 447 Sive
1393 423 1543 449 secundum
1559 422 1628 450 LXX
1642 433 1648 450 :
1673 424 1707 450 Et
1722 425 1802 459 fricta

1017 465 1138 501 cedrinea
1161 474 1212 492 non
1234 467 1439 500 manducabilis,
1458 477 1538 504 usque
1565 471 1593 496 in
1617 471 1691 497 illam
1717 472 1802 505 ipsum

1016 510 1084 537 diem
1100 519 1232 546 quousque
1258 512 1369 546 o/I‘eretis
1384 522 1493 540 munera
1522 514 1576 541 Deo
1591 521 1685 543 vestra.
1709 516 1802 552 Legiti-

1017 563 1088 581 mum
1100 561 1226 582 wternum
1242 557 1268 583 iu
1280 558 1414 592 progenies
1430 564 1538 586 vestras.
1556 560 1657 588 Noram
1684 569 1801 588 conver-

1016 599 1147 625 sationem
1173 600 1372 631 inchoabimus,
1401 602 1556 636 priusquam
1571 603 1629 630 dies
1649 604 1799 636 advenerit,

1015 648 1161 678 antequam
1177 645 1304 679 praedicta
1321 646 1393 673 bona
1412 646 1467 674 Deo
1486 647 1659 679 oﬁ‘errentur.
1674 656 1706 675 ex
1737 650 1799 684 qui—

1015 689 1066 716 bus
1085 690 1170 721 nobis.
1188 699 1249 725 qua:
1269 696 1309 718 est
1333 692 1359 718 in
1384 692 1493 720 Christo
1517 701 1587 721 nova
1621 699 1754 726 creatura,
1771 700 1801 723 ct

1015 744 1084 763 nova
1098 738 1272 764 conversatio
1288 739 1450 766 anttuntiata
1468 744 1519 771 est,
1539 741 1572 767 de
1597 749 1648 775 qua
1665 742 1702 768 ait
1729 741 1784 768 Pan

1014 782 1072 809 lus:
1087 782 1116 809 Si
1129 791 1181 818 qua
1197 784 1225 809 in
1240 783 1342 811 Christo
1356 793 1422 811 nova
1437 791 1570 817 creatura,
1587 793 1674 813 cetera
1689 787 1799 812 transie-

1014 832 1085 860 runt,
1102 836 1160 854 ecce
1173 822 1244 863 facta
1257 834 1316 855 sunt
1328 837 1393 856 nova
1405 830 1494 857 omnia
1513 839 1544 857 ea:
1559 831 1623 864 Deo,
1638 832 1683 866 qui
1711 838 1801 858 recon-

1014 873 1115 900 ciliavit
1146 882 1191 900 nas
1216 874 1266 900 sibi
1288 874 1330 901 ⁸⁵.
1359 875 1467 902 Oblatio
1503 876 1577 903 enim
1620 876 1795 910 praesentium

1013 919 1159 951 donorum,
1176 928 1256 954 quain
1269 928 1329 947 eSse
1350 921 1508 956 mysterium
1524 921 1659 956 Unigeniti
1674 921 1800 948 ostendi-

1015 973 1086 996 mus,
1102 966 1290 993 reconciliavit
1302 974 1352 992 nos
1372 966 1436 998 lico,
1460 972 1487 993 et
1506 966 1596 994 cibum
1618 966 1698 993 nobis
1721 973 1800 993 nova:

1015 1011 1132 1046 polenta:
1146 1016 1174 1039 et
1186 1012 1313 1047 pultiunt,
1332 1013 1390 1039 sive
1404 1016 1432 1039 ut
1449 1011 1529 1044 LXX,
1545 1016 1679 1046 cytrorum
1697 1011 1800 1046 praesti-

1015 1056 1057 1082 tit.
1081 1055 1139 1082 Non
1155 1056 1227 1082 enim
1252 1064 1322 1083 nova
1352 1056 1453 1089 solum,
1475 1056 1523 1083 sed
1545 1061 1573 1084 et
1588 1061 1673 1091 cytra,
1696 1054 1799 1082 Christi

1015 1107 1148 1136 praecepta
1163 1107 1228 1128 sttttt
1242 1103 1299 1128 sive
1314 1105 1342 1128 ut
1369 1103 1477 1129 mollia:
1497 1102 1535 1129 sic
1564 1103 1637 1129 enint
1657 1105 1731 1137 cytra
1753 1101 1798 1128 alii

1014 1147 1179 1181 interpretes
1203 1147 1359 1174 ediderunt.
1376 1148 1425 1174 Est
1445 1155 1509 1183 ergo
1523 1148 1613 1175 mollis
1637 1147 1798 1182 evangelica

1014 1193 1182 1227 praedicatio.
1196 1193 1322 1228 Accipite,
1336 1194 1409 1220 enim
1426 1195 1474 1226 ait,
1497 1195 1593 1229 jugum
1618 1202 1715 1225 meum,
1733 1193 1796 1228 quia

1012 1246 1092 1265 suave
1103 1243 1139 1265 est
1150 1239 1187 1264 ":
1203 1239 1259 1266 sive
1277 1243 1308 1265 ut
1325 1239 1452 1266 manibus
1473 1242 1591 1266 contrita
1609 1244 1636 1266 et
1650 1240 1796 1266 mundata:

1013 1289 1088 1319 t-ytra
1104 1284 1176 1312 enim
1193 1289 1221 1311 et
1236 1285 1288 1311 ltoc
1302 1284 1509 1318 interpretatur,
1527 1284 1590 1319 quia
1616 1284 1717 1311 Christi
1733 1284 1799 1318 dog-

1013 1334 1086 1356 mata
1126 1330 1262 1357 actionem
1292 1330 1405 1365 exigunt
1440 1335 1467 1357 et
1499 1330 1696 1357 correctionem
1725 1329 1798 1364 quod

1014 1383 1110 1401 titanas
1125 1375 1292 1409 signiﬁcant.
1317 1374 1484 1409 Praeceptum
1507 1381 1544 1401 est
1561 1375 1748 1409 seinpiternum
1770 1374 1799 1400 in

1013 1422 1233 1456 generationibus,
1262 1422 1414 1457 cunctisque
1434 1422 1590 1448 habitaculi:
1617 1421 1718 1448 vestris.
1741 1421 1798 1447 Nec

1013 1467 1086 1493 enim
1102 1467 1188 1497 locus,
1211 1475 1264 1494 nec
1281 1473 1388 1502 tempus
1415 1467 1539 1494 immutat
1563 1468 1663 1494 Christi
1697 1471 1798 1503 myste-

1013 1513 1095 1544 rium,
1114 1521 1163 1547 per
1186 1513 1258 1547 quod
1284 1512 1375 1540 ﬁoruit
1408 1516 1481 1540 totus
1505 1513 1634 1546 ntundus,
1667 1518 1695 1540 et
1716 1513 1798 1539 totius

1015 1563 1092 1585 terra:
1106 1558 1248 1589 habitatio,
1265 1558 1437 1585 concorditer
1452 1565 1483 1585 ea
1504 1566 1563 1593 qua:
1580 1559 1613 1585 ad
1628 1566 1690 1586 eum
1713 1559 1798 1593 perti—

1013 1610 1090 1637 nent,
1117 1606 1246 1632 custodit.
1269 1604 1338 1641 Vllzec
1362 1609 1452 1632 autern
1475 1604 1615 1639 legislator
1637 1605 1751 1637 dicens,
1771 1608 1799 1631 ct

1015 1651 1225 1678 resurrectionis
1241 1650 1411 1683 describens,
1423 1650 1573 1676 secundum
1586 1650 1695 1677 ntodum
1716 1657 1797 1684 quctn

1013 1697 1167 1732 opOrtebat,
1194 1697 1327 1732 gratiam,
1352 1696 1385 1723 ad
1407 1697 1612 1728 Pentecostem,
1638 1703 1720 1730 quam
1748 1703 1799 1723 nos

1013 1742 1194 1773 celebramus,
1215 1749 1369 1768 sermonem
1383 1741 1518 1768 convertit
1532 1741 1643 1768 dicens:

1047 1788 1225 1814 Numerabitis
1235 1795 1294 1822 ergo
1304 1787 1337 1812 ab
1350 1787 1434 1813 altero
1445 1787 1487 1813 die
1498 1787 1617 1820 Sabbati,
1630 1788 1658 1813 in
1669 1796 1719 1822 quo
1729 1787 1798 1818 obtu-

1013 1835 1080 1862 listis
1108 1834 1274 1869 manipulum
1291 1834 1481 1869 primitiarum,
1501 1839 1599 1868 septem
1623 1834 1798 1861 hebdomadas

1011 1881 1103 1916 plenas
1118 1889 1197 1915 usque
1209 1879 1244 1906 ad
1254 1880 1366 1905 alterutri
1380 1879 1448 1906 diem
1459 1879 1614 1914 expletionis
1627 1880 1797 1908 hebdomade

1011 1927 1138 1962 septimm,
1151 1926 1178 1952 id
1187 1930 1235 1957 ett,
1249 1926 1440 1960 quinquaginta
1453 1925 1517 1957 dies,
1537 1931 1561 1952 et
1575 1926 1611 1952 sic
1624 1926 1736 1960 oﬂ'eretis
1749 1933 1796 1952 sa-

1011 1973 1136 2006 cri/icium
1154 1980 1248 1998 novum
1270 1971 1391 1997 Domino.
1410 1971 1479 2003 Quia
1506 1971 1587 2005 hujus
1610 1970 1794 2005 Pentecostes,

1010 2024 1100 2051 neque
1118 2020 1226 2051 tempus
1242 2023 1331 2050 neque
1348 2023 1480 2042 numerus
1496 2023 1510 2042 a
1522 2015 1622 2050 populo
1636 2015 1794 2044 Judaeoruut

1010 2054 1350 2094 custoditur,sullicicnter
1359 2061 1384 2088 in
1394 2061 1581 2096 superioribus
1589 2066 1729 2089 ostensum
1740 2067 1793 2095 est,

1010 2109 1113 2136 anobis
1124 2113 1214 2135 autem
1229 2116 1290 2135 cuin
1305 2107 1547 2142 contemplatione,
1564 2113 1591 2135 et
1601 2109 1689 2136 littera
1705 2114 1795 2137 custo-

1009 2153 1092 2180 ditur.
1119 2152 1230 2179 Planius
1255 2159 1320 2187 ergo
1344 2152 1483 2188 legislator
1511 2152 1691 2179 itttentiunettt
1717 2161 1794 2181 suam

1009 2199 1195 2226 demonstrare
1206 2199 1311 2230 volens,
1324 2199 1357 2225 ab
1371 2198 1456 2226 altero
1469 2198 1513 2226 die
1530 2199 1638 2226 Sabbati
1655 2201 1795 2228 numerari

1009 2246 1137 2281 praecepit
1152 2245 1346 2281 quinquaginta
1363 2245 1432 2275 dies.
1453 2244 1622 2273 Dominicum
1639 2247 1710 2274 dietn
1730 2256 1795 2283 pro-

974 2298 994 2324 ι)
1010 2292 1053 2318 cul
1068 2291 1150 2318 dubio
1165 2291 1258 2318 volens
1275 2290 1388 2326 intelligi
1406 2300 1413 2316 :
1431 2290 1475 2317 hic
1487 2290 1560 2317 enim
1577 2296 1618 2318 est
1631 2292 1715 2319 altera
1736 2293 1795 2320 dies

1009 2336 1129 2363 Sabbati.
1161 2337 1189 2363 ln
1212 2336 1263 2363 hac
1293 2337 1367 2363 enim
1388 2336 1553 2363 resurrectio
1579 2337 1649 2364 facta
1666 2343 1717 2370 est,
1741 2346 1793 2372 qua

1007 2382 1184 2409 hebdomadsc
1198 2386 1379 2408 numerantur
1393 2386 1508 2416 septem,
1522 2389 1608 2416 usque
1626 2384 1658 2409 ad
1677 2384 1794 2411 alterum

1006 2426 1076 2452 diem
1091 2426 1256 2461 expletionis
1269 2427 1454 2453 hebdomadae.
1471 2426 1613 2454 Dominica
1627 2436 1721 2455 rursus
1738 2430 1793 2461 die.

1006 2471 1182 2499 Pentecostes
1199 2472 1369 2499 celebrantus
1380 2472 1566 2506 festivitatem,
1583 2474 1610 2500 in
1632 2483 1685 2509 qua
1707 2475 1794 2503 sancti

1007 2517 1126 2552 Spiritus
1138 2517 1284 2543 adventum
1298 2519 1458 2545 meruimus.
1467 2517 1526 2545 Non
1539 2519 1638 2546 frustra
1649 2529 1681 2547 eo
1690 2526 1794 2556 septem

1006 2563 1239 2590 hebdomadarum
1253 2563 1399 2590 adruntum
1415 2564 1611 2597 custodientes,
1627 2567 1674 2593 sed
1703 2572 1732 2594 ut
1745 2575 1795 2595 nos

1006 2616 1243 2644 cognosceremus,
1269 2609 1333 2644 quia
1358 2609 1427 2636 nihil
1451 2615 1542 2642 vetus,
1569 2612 1637 2638 nihil
1664 2614 1794 2641 saeculare

1007 2657 1136 2691 praecepit
1155 2657 1227 2683 Deus
1248 2665 1338 2691 agere,
1364 2657 1486 2692 nihilque
1509 2659 1680 2693 corruptiotti
1708 2659 1793 2687 veteri

1008 2699 1172 2733 proximum,
1186 2699 1231 2733 qui
1244 2707 1306 2725 eutn
1330 2700 1444 2734 cupiunt
1465 2701 1615 2735 percipere.
1634 2701 1667 2728 Et
1694 2710 1794 2729 novum

1008 2745 1172 2772 sacriﬁcium
1197 2745 1313 2773 Domino
1326 2750 1390 2773 tunc
1413 2745 1505 2772 offerri
1528 2747 1620 2781 jussit,
1646 2747 1794 2775 adveniens

1007 2791 1079 2818 enim
1092 2791 1209 2825 Spiritus
1224 2796 1306 2818 totam
1324 2797 1444 2818 nostram
1461 2794 1542 2819 vitam
1555 2793 1707 2826 renovavit,
1720 2793 1793 2828 quod

1007 2837 1177 2864 conﬁrmavit
1190 2837 1290 2864 Christi
1305 2837 1490 2871 traditionem,
1500 2842 1527 2866 et
1542 2838 1670 2866 stabilivit
1680 2847 1796 2867 conver-

1069 2925 1091 2941 ³⁵
1102 2924 1196 2952 Matth.
1219 2934 1256 2959 at,
1273 2926 1317 2954 50.
