2056 3148
255 185 325 218 1087

849 185 1029 223 ῌΕδΥΩΗΙΙ
1049 184 1286 215 PRESBYTERI

1810 181 1879 215 1088

258 245 391 274 lationem
414 251 495 279 quam
517 244 544 270 iu
562 243 614 270 illis
630 243 755 277 perfecit,
772 243 809 270 ait
825 244 916 270 enim:
932 244 968 270 De
981 252 1037 270 meo
1053 246 1074 271 Δ
1090 248 1179 277 potest
1193 244 1286 271 dicere
1303 243 1431 270 Christus
1445 240 1532 273 Jesus,
1547 241 1597 268 nisi
1616 241 1644 268 in
1655 240 1757 276 Spiritu
1771 247 1876 268 ςτιιιςιθ.

253 291 376 324 accipiet,
394 295 418 317 et
438 289 605 315 annuntitrbit
621 289 734 315 nobis“.
758 288 873 324 Propter
896 289 968 324 quod
983 297 1051 320 non,

254 335 306 362 alia
319 334 495 362 hebdomadis
510 334 554 361 die
570 335 689 366 advenit,
707 335 753 361 sed
766 335 792 361 in
808 343 860 370 qua
875 336 1039 363 resurrectio

254 381 324 408 facta
339 385 391 412 est,
407 385 434 407 et
446 380 602 414 manipulus
623 381 799 416 intelligibilis
813 381 919 408 oblatus
934 385 986 412 est,
1011 386 1040 408 ut

254 431 282 453 ct
299 426 350 453 hoc
366 426 503 460 probaret.
524 426 596 460 quod
616 433 685 452 nova
709 427 891 456 conversatio,
907 433 970 460 qum
989 433 1039 453 nos

256 471 408 503 renovavit,
422 471 562 498 liberanda
574 479 588 498 a
603 471 779 505 corruptione
793 472 934 499 vetustatis
947 477 1039 498 resur-

255 517 378 543 rectione
393 516 503 548 (Zbristi,
521 520 548 542 ct
558 516 645 543 sancti
661 516 780 550 Spiritus
789 517 907 544 adventu
917 522 1039 545 correcta

256 564 308 588 est.
326 556 484 588 Manifestat'
503 565 593 588 autem
609 560 711 599 oblatio
726 561 785 596 ipsa
804 561 923 596 speciem
944 561 1039 589 hostia:

255 613 336 640 quam
355 606 484 640 praecepit
501 605 567 631 ﬁeri.

292 651 323 677 Et
337 652 376 677 sic
389 651 501 685 o/fcretis
511 651 668 685 sacri/icium
684 659 778 677 novum
790 651 911 682 Domino,
936 659 968 678 ea:
983 659 1039 677 om-

255 696 330 722 nibus
344 696 552 722 habitationibus
565 697 668 723 vestris.
687 696 773 723 Panes
788 697 1039 730 primitiarumduos

260 751 291 768 cI
303 741 406 768 duabus
420 743 527 769 decimis
551 742 645 769 simi/tr
658 743 829 777 fermentalw,
851 751 912 776 quos
926 743 1039 777 coqttetis

256 787 281 812 iu
298 787 429 820 primitias
444 787 560 821 Domini,
579 792 603 814 et
619 788 730 822 offeratis
739 796 796 814 cum
816 789 928 822 panibus
942 794 1039 823 septem

257 840 338 867 agnos
362 832 560 864 immaculatos,
583 833 730 866 anniculos,
751 833 860 860 uitulum
875 835 907 866 de
922 840 1040 861 armento

255 887 347 910 unum,
372 882 396 904 et
413 879 507 905 arietes
522 879 597 905 duos.
622 878 725 906 Novum
755 880 917 906 sacrificium
946 881 1039 908 dicens

1092 289 1163 323 Ergo
1174 297 1228 315 non
1240 294 1317 315 extra
1331 288 1462 314 rationem
1475 294 1535 314 cum
1553 291 1657 320 septem
1672 286 1749 322 agnis
1762 286 1877 313 vitulum

1093 334 1126 361 de
1139 338 1267 360 armento
1283 340 1402 367 praesens
1418 333 1540 359 continet
1552 332 1664 363 oblatio,
1678 332 1724 359 sed
1737 332 1880 359 evidenter

1093 378 1230 413 signiﬁcat
1247 378 1323 404 illum
1339 386 1371 404 ex
1385 381 1509 403 armento
1525 377 1672 408 Abraham,
1686 375 1770 408 Isaac,
1782 376 1878 407 Jacob.

1092 427 1121 450 et
1141 423 1224 450 David
1245 423 1396 450 secundum
1420 430 1531 449 carnem
1546 421 1657 448 factum.
1684 421 1752 449 [luie
1780 422 1880 450 arietes

1093 469 1162 495 duos
1177 469 1366 495 itumaculalos
1384 467 1538 502 conjunxit,
1566 467 1726 494 excellentia
1753 468 1879 495 mandata

1092 518 1120 541 et
1137 514 1265 545 virtutes,
1285 522 1353 548 quas
1368 514 1444 548 sequi
1460 514 1526 540 alias
1540 513 1615 540 velut
1629 521 1695 540 oves
1712 519 1829 547 oportet.
1848 514 1879 540 lu

1094 559 1137 586 his
1150 561 1234 591 enim,
1248 564 1343 594 utpote
1359 559 1556 594 iutclligibilem
1569 558 1709 585 inimicum
1721 559 1880 586 ventilauti-

1092 605 1154 637 bus,
1172 605 1312 631 munimen
1329 605 1572 632 etimleuinitatem
1595 604 1705 630 habent.
1725 603 1790 636 Qua:
1815 609 1881 631 sunt

1092 655 1182 678 autem
1203 650 1278 677 lucc?
1291 649 1319 677 Si
1334 651 1371 677 vis
1385 651 1513 685 perfcclus
1527 658 1591 680 esse,
1607 649 1682 681 vade,
1699 650 1778 674 vetule
1791 650 1879 674 omnia

1093 705 1151 732 qua:
1170 697 1258 729 habes,
1275 701 1297 722 et
1314 696 1346 722 tia
1361 696 1531 730 pauperibus.
1550 699 1573 721 ct
1595 695 1666 726 veni,
1680 702 1786 729 sequere
1800 702 1838 720 me
1846 694 1878 721 ⁵⁵.

1092 742 1238 770 Maximum
1270 743 1372 777 quippe
1399 742 1555 768 mandatum
1590 745 1642 772 est,
1677 741 1793 767 \‘cutlcre
1820 748 1880 774 qu.e

1092 787 1176 822 habet
1191 793 1218 815 et
1236 789 1302 814 dare
1317 787 1496 823 pauperibus:
1522 786 1670 813 maximmu
1686 789 1775 812 anteiit
1803 785 1879 818 sequi

1092 833 1243 863 Christum,
1260 838 1288 860 ut
1305 841 1367 860 cum
1395 833 1524 867 despectu
1540 831 1679 866 quippiam
1711 830 1879 864 possidendi,

1093 879 1176 906 etiam
1208 879 1299 906 omnia
1327 886 1408 913 agere
1448 878 1598 904 secundum
1630 876 1796 902 voluntatem
1833 875 1878 901 ln-i

255 924 324 958 legis
351 924 484 951 sacriﬁcia
513 929 540 951 ut
566 928 658 951 vetera
684 926 815 958 excludit,
849 926 1039 962 Evangelicam
1059 918 1078 945 Β
1093 925 1201 952 Domini
1215 925 1385 951 Studeamus.
1404 923 1461 950 Hoc
1477 928 1518 949 est
1535 922 1609 948 cuitu
1630 929 1693 948 eum
1712 921 1799 955 sequi.
1815 920 1878 946 llam:

255 972 346 994 autem
361 976 409 1002 pro
423 968 477 995 illis
491 968 652 996 introduxit.
670 969 773 996 Deinde
788 970 901 1001 addens.
919 974 950 998 de
968 972 1041 998 habi-

256 1013 398 1041 tationibus
429 1014 533 1046 vestris,
571 1014 720 1042 Ecclesium
753 1015 935 1051 significavit,
963 1017 1042 1052 eique

255 1058 358 1090 otIt-rri,
373 1067 433 1094 qua:
453 1060 525 1088 dicta
539 1065 604 1087 sunt
624 1062 738 1096 aptavit.
754 1061 847 1097 Neque
867 1063 939 1091 enim
956 1063 1040 1091 dixit:

255 1103 292 1130 lix
308 1105 435 1132 omnibus
452 1106 623 1140 habitaculis,
638 1108 695 1139 sed,
715 1107 757 1135 Ea:
772 1110 890 1136 omnibus
908 1110 1041 1137 habitacu-

255 1150 288 1176 lis
304 1151 414 1179 vestris:
430 1157 459 1178 ut
472 1153 596 1180 absolute
609 1154 768 1181 ostenderet
781 1155 887 1189 aliquod
901 1156 1043 1184 habitacu-

255 1195 310 1222 lum
326 1197 506 1232 prazcipuum,
528 1199 561 1225 dc
577 1206 631 1233 quo
643 1199 679 1226 ait
704 1200 805 1227 David:
823 1201 900 1228 Beati
912 1203 956 1237 qui
971 1203 1042 1229 habi-

254 1244 310 1266 tant
326 1241 352 1267 in
367 1241 442 1267 domo
457 1246 501 1267 tua
509 1242 541 1268 ".
551 1242 582 1268 Et
598 1250 708 1270 rursus:
722 1244 805 1271 Unam
816 1246 878 1278 petii
888 1254 903 1271 (ι
918 1246 1039 1280 Domino,

254 1286 324 1312 hanc
334 1287 477 1321 requirant,
488 1291 515 1313 ut
526 1288 667 1315 ἰηΙιαὺίιεηι
680 1289 705 1314 in
721 1290 797 1316 domo
809 1290 914 1318 Domini
923 1293 1040 1320 omnibus

255 1331 344 1357 diebus
359 1333 420 1358 vitta
445 1333 547 1359 mete".
572 1333 605 1360 Et
618 1342 702 1368 panes
725 1335 834 1369 quidem
858 1338 1038 1371 primitiarutn

255 1376 335 1408 duos,
350 1377 436 1412 legem
448 1384 476 1406 et
494 1379 688 1414 Evangelium;
704 1389 788 1416 panes
807 1383 880 1409 enim
905 1388 969 1411 sunt
986 1385 1038 1412 cibi

254 1419 408 1448 animarum
425 1422 555 1457 ﬁdelium,
573 1425 747 1454 continentes
760 1432 823 1454 Slllll.
834 1433 925 1456 autem
937 1434 964 1456 et
981 1431 1039 1465 pri-

254 1465 405 1500 mitiarum,
432 1467 490 1496 sive
515 1475 544 1496 ut
560 1469 641 1504 LXX,
658 1473 775 1503 separati
790 1480 798 1499 :
815 1474 942 1508 quoniam
963 1476 1038 1503 onmi

254 1511 365 1545 quidem
384 1513 516 1548 sapientia
531 1520 594 1544 sunt
611 1517 742 1552 praecipui
760 1526 765 1545 :
782 1518 816 1546 ab
832 1526 862 1546 ea
874 1524 964 1547 autem
978 1529 1039 1555 qua:

254 1556 376 1583 exterior
389 1562 441 1589 est,
469 1561 587 1594 separati
613 1562 742 1590 videlicet
764 1568 792 1590 et
811 1565 939 1599 sejuncti.
970 1567 1041 1594 Sunt

255 1608 319 1636 ergo
335 1610 367 1629 ex
377 1603 482 1631 duabus
497 1606 610 1633 decimis
626 1608 720 1636 simila:
735 1609 914 1644 fermentataz,
928 1619 960 1639 ex
978 1613 1041 1640 doc-

255 1648 329 1675 trina
342 1657 402 1683 quin
426 1650 575 1684 perfectam
594 1653 641 1680 Dei
656 1654 824 1683 divinitatem
840 1661 868 1684 et
892 1658 1039 1692 perfectam

255 1692 455 1723 htunanitatem
472 1698 565 1729 tradit,
579 1706 629 1725 nec
642 1699 721 1726 aliter
732 1701 812 1736 coqui
827 1703 880 1730 nisi
896 1712 943 1738 per
960 1705 1040 1732 talem

256 1738 409 1766 doctrinam
440 1746 565 1775 possunt.
601 1743 655 1770 Sed
693 1745 820 1779 primitiae
850 1748 948 1776 borum
978 1756 1042 1779 sunt

258 1784 382 1812 Domino.
401 1786 508 1814 Primus
520 1789 592 1815 enim
604 1789 744 1822 Dominus.
759 1793 804 1827 qui
817 1793 902 1829 legem
916 1797 1039 1830 perfecit.

255 1834 283 1856 et
300 1830 476 1866 Evangelium
493 1839 553 1868 post
566 1835 617 1862 hoc
628 1836 721 1863 docuit
734 1846 739 1863 :
753 1837 857 1870 Audite,
870 1842 933 1870 quia
944 1843 1041 1871 dictum

255 1882 293 1902 est
306 1878 439 1910 antiquis:
463 1879 521 1906 Non
543 1882 653 1909 occides.
683 1883 739 1918 Ego
765 1891 853 1912 autem
869 1888 925 1914 dico
949 1890 1018 1916 vobis
1032 1898 1041 1916 .'

257 1922 347 1950 Omnis
363 1924 407 1958 qui
426 1925 551 1953 irascitur
569 1928 649 1963 fratri
669 1937 717 1956 suo
739 1930 794 1957 sine
806 1940 887 1960 causa
915 1943 973 1961 reus
992 1937 1041 1963 erit

251 1967 396 2002 judicio”.
424 1971 572 2005 Conjunxit
595 1975 667 2001 enim
697 1975 742 2002 hic
769 1977 855 2013 legem
884 1979 1040 2016 Evangelia,

256 2019 367 2047 pmpter
381 2016 454 2050 quod
471 2017 532 2052 ejus
543 2018 670 2052 primitiae
689 2020 828 2049 dicuntur.
845 2023 921 2056 Quod
945 2031 972 2053 et
988 2026 1042 2054 Lu-

255 2065 301 2085 cas
318 2060 494 2093 conﬁrmans,
520 2063 654 2097 primitias
680 2073 760 2092 veras
778 2067 858 2094 nobis
881 2070 1040 2103 ostendens,

255 2104 365 2138 scripsit
378 2115 383 2131 :
401 2106 521 2134 Primum
541 2109 642 2143 quidem
654 2119 796 2138 sermonem
809 2113 859 2148 feci
873 2115 904 2141 dc
914 2116 1040 2148 omnibus,

256 2158 270 2175 ο
295 2149 443 2185 Theophila,
470 2161 529 2188 qua:
553 2155 627 2188 caspit
648 2155 724 2182 Jesus
749 2158 834 2192 facere
861 2164 885 2185 et
910 2161 1039 2188 docere”.

256 2194 360 2222 Offerre
374 2201 464 2223 autem
481 2199 521 2225 eis
537 2204 641 2234 septem
656 2209 741 2236 agnos
759 2203 948 2232 immaculatos
963 2207 1042 2234 anni-

1094 979 1159 1006 ergo
1173 970 1311 999 mandata.
1333 974 1425 1003 utpote
1439 973 1550 1003 propter
1565 968 1768 994 iiunmculatam
1796 969 1879 993 vitam

1093 1020 1120 1042 et
1134 1015 1281 1050 perfectam
1311 1015 1472 1044 constituta,
1493 1013 1594 1039 arietes
1608 1013 1790 1047 appellantur,
1816 1012 1880 1046 quia

1093 1061 1193 1088 arietes
1205 1061 1279 1088 onmi
1297 1067 1377 1095 grege
1395 1059 1602 1086 cxcellentiores
1624 1064 1697 1085 sunt.
1717 1059 1819 1085 Horum
1837 1066 1882 1085 sa-

1094 1107 1228 1134 crificium
1244 1111 1270 1133 et
1284 1106 1376 1132 libatio
1393 1105 1507 1132 scicntia
1528 1105 1654 1132 videlicet
1674 1109 1702 1131 ct
1730 1104 1879 1131 correctio:

1093 1153 1162 1180 odor
1188 1153 1332 1180 suavitatis
1357 1158 1399 1178 est
1423 1151 1548 1182 Domino,
1573 1151 1618 1178 illc
1644 1151 1677 1178 de
1706 1159 1760 1186 quo
1781 1151 1882 1178 Paulus

1093 1198 1216 1226 dicebat.
1234 1198 1290 1224 Deo
1302 1203 1388 1224 autem
1407 1199 1518 1233 gratias,
1544 1199 1589 1234 qui
1611 1207 1713 1233 semper
1736 1199 1882 1232 triumphat

1093 1253 1138 1271 nos
1146 1245 1173 1270 iu
1183 1244 1285 1271 Christo
1299 1243 1371 1275 Jcsu,
1382 1248 1405 1270 et
1421 1244 1652 1271 odoremscieutiw
1667 1245 1882 1278 suct'mauifestat

1092 1298 1138 1325 per
1154 1297 1209 1321 nos,
1224 1289 1285 1324 quia
1300 1288 1397 1316 Christi
1413 1289 1494 1315 bonus
1511 1289 1575 1315 odor
1589 1289 1718 1316 sumus“.
1733 1289 1881 1316 Verumta-

1093 1341 1156 1360 men
1186 1340 1240 1360 non
1269 1340 1354 1367 usque
1382 1333 1415 1359 ad
1433 1333 1490 1359 limc
1512 1332 1679 1359 oblationem
1705 1332 1882 1359 Pentecoste:

1094 1379 1199 1406 statuit.
1218 1378 1288 1405 Dicit
1304 1383 1394 1405 autem
1408 1383 1435 1405 et
1452 1379 1568 1413 reliqua,
1580 1379 1641 1414 quia
1661 1379 1779 1406 maxime
1796 1379 1882 1413 spiri-

1094 1425 1146 1459 tui,
1162 1425 1241 1459 cujus
1252 1424 1382 1459 prtedieta
1402 1423 1538 1451 festivitas
1552 1429 1603 1453 cst.
1620 1425 1752 1459 perfectio
1770 1432 1883 1458 compe-

1094 1470 1135 1495 lit.
1151 1467 1223 1499 Quid
1239 1476 1303 1504 ergo
1321 1468 1376 1495 ait?
1399 1467 1513 1494 Facietis
1529 1472 1553 1494 et
1571 1468 1669 1494 hircum
1688 1477 1734 1502 pro
1763 1473 1879 1503 peccato.

1094 1513 1265 1542 Potnitentia:
1280 1515 1456 1541 introduecus
1470 1521 1635 1541 sermonem.
1653 1513 1775 1550 Duasque
1799 1522 1881 1549 agnos

1093 1561 1239 1591 anniculos,
1251 1561 1348 1587 hostias
1365 1560 1546 1594 paci/iceram.
1614 1550 1618 1556 ”

1128 1605 1174 1633 Illa
1202 1605 1279 1632 Pauli
1306 1605 1432 1632 mandata
1461 1605 1631 1639 signiﬁcans,
1656 1605 1750 1632 Pacem
1781 1610 1878 1637 meam,

1092 1651 1192 1686 inquit,
1209 1652 1349 1686 sequimini
1372 1659 1429 1677 cum
1455 1651 1585 1683 omnibus,
1615 1656 1638 1677 et
1664 1651 1879 1682 stmuimouiam,

1091 1699 1148 1725 sine
1170 1699 1262 1732 quibus
1286 1706 1360 1724 nemo
1380 1698 1473 1724 ridebit
1497 1697 1618 1724 Deum".
1646 1696 1712 1729 Qum
1734 1698 1797 1731 quia
1826 1705 1876 1732 per

1093 1743 1273 1778 apostolicam
1302 1744 1422 1778 linguam
1449 1750 1577 1777 expressa
1609 1748 1704 1776 erant,
1729 1743 1821 1769 offerri
1847 1751 1879 1769 ea

1093 1788 1225 1824 prince-pit
1254 1796 1315 1814 cum
1354 1788 1469 1823 panibus
1503 1788 1683 1822 primitiarum
1717 1796 1785 1822 quos
1819 1795 1880 1814 esse

1093 1832 1194 1859 Christi
1215 1832 1366 1858 doctrinam
1390 1832 1518 1858 diximus.
1537 1831 1564 1857 lu
1582 1832 1760 1866 sequentibus
1786 1839 1880 1857 rursus

1093 1879 1148 1906 ait:
1178 1878 1293 1913 Cumque
1312 1877 1450 1904 clcvaverit
1480 1886 1510 1904 ea
1539 1878 1660 1904 sacerdos
1683 1886 1741 1904 cum
1769 1877 1881 1911 panibus

1092 1925 1273 1960 primitiarum
1295 1932 1384 1950 coram
1400 1924 1521 1951 Domino.
1538 1924 1692 1951 Secundum
1708 1923 1774 1950 LXX
1790 1928 1897 1950 autem’

1093 1971 1148 1998 sic:
1167 1970 1198 1996 Et
1209 1969 1343 2004 separabit
1358 1977 1387 1995 ea
1403 1971 1522 1996 sacerdos
1537 1970 1705 2004 scpamlionc
1721 1978 1779 1996 cum
1803 1969 1881 2004 paui-

1093 2018 1139 2044 bus
1154 2016 1334 2051 primitiarum
1350 2019 1412 2041 ante
1427 2015 1578 2048 Dominum,
1597 2024 1655 2042 cum
1671 2015 1770 2042 duobus
1791 2016 1879 2049 agnis.

1094 2061 1253 2097 signiﬁcans
1267 2061 1311 2087 cui
1327 2059 1453 2090 Domino.
1468 2060 1683 2095 ait.Cedentque
1699 2062 1724 2088 iu
1748 2069 1812 2088 usus
1820 2062 1881 2095 ejus

1093 2105 1396 2134 saecrdotisolfercntis
1413 2114 1455 2138 ea,
1474 2105 1720 2134 videliccthristi.
1732 2107 1790 2142 ipse.
1805 2107 1880 2133 enim

1092 2157 1187 2180 noster
1213 2152 1353 2181 sacerdos.
1371 2152 1429 2187 ipse
1455 2159 1550 2179 noster
1568 2153 1699 2180 Dominus
1714 2158 1764 2179 est.
1791 2153 1881 2187 Ipsius

1093 2199 1166 2225 sicut
1182 2205 1269 2234 partes
1285 2197 1478 2233 primitiarum,
1504 2199 1543 2225 sic
1558 2203 1585 2225 et
1605 2199 1666 2233 agni
1689 2199 1879 2226 mandatorum

255 2239 332 2267 culos
350 2243 492 2277 praecepit,
512 2244 583 2271 dona
597 2246 822 2283 significansqua:
838 2255 902 2277 sunt
915 2251 1038 2285 spiritus,
1057 2249 1078 2276 D
1093 2245 1289 2281 prmdictorum
1312 2249 1385 2276 sunt,
1418 2244 1477 2278 ipso
1500 2245 1571 2271 enim
1598 2249 1666 2275 erat,
1684 2245 1729 2278 qui
1746 2244 1772 2270 in
1797 2244 1882 2270 Paulo

256 2286 289 2313 de
301 2287 399 2321 quibus
408 2289 534 2317 Salomon
552 2290 578 2317 in
596 2291 867 2321 Proverbiisdicebat
882 2304 889 2323 :
903 2295 1040 2331 Sapientia

254 2332 393 2367 wdi/icauit
422 2335 472 2362 sibi
499 2337 614 2370 domum,
642 2339 723 2364 erexit
742 2339 877 2368 columnas
900 2347 996 2376 septem
1006 2344 1038 2374 λι,

253 2376 363 2407 Planius
387 2387 478 2409 autem
511 2381 593 2410 Isaias
610 2383 730 2416 tradidit,
750 2384 784 2411 Et
801 2387 939 2421 requiescet
962 2396 1040 2423 super

252 2433 311 2452 eum
324 2427 441 2460 Spiritus
454 2428 600 2456 Domini".
626 2430 683 2457 Nec
705 2431 789 2459 tacuit
807 2440 879 2466 quae.
893 2433 935 2460 vel
960 2434 1040 2469 cujus

254 2472 362 2498 attineri
388 2478 481 2500 essent
515 2475 596 2506 dona,
629 2476 775 2503 subiutulit
802 2477 875 2504 enim
896 2486 903 2504 :
924 2477 1040 2512 Spiritus

253 2517 391 2550 sapientia:
406 2523 430 2545 et
454 2520 609 2554 intellectus,
628 2522 736 2555 spiritus
752 2523 854 2549 consilii
869 2529 891 2550 et
905 2525 1040 2559 fortitudi-

256 2561 305 2592 nis,
335 2562 443 2596 spiritus
469 2564 584 2591 scientia:
602 2569 625 2591 et
657 2566 772 2599 pictatis,
793 2571 816 2593 ct
837 2566 954 2601 implebit
981 2575 1040 2593 cum

255 2607 365 2640 spiritus
378 2608 479 2635 timoris
496 2609 641 2638 Domini".
655 2612 747 2647 Agnos
758 2617 848 2639 autem
872 2613 929 2640 haec
945 2613 1040 2648 appel-

257 2653 292 2679 lat
313 2653 395 2682 dona.
421 2655 453 2681 ad
486 2656 671 2683 ostensioncm
698 2658 760 2692 quia
781 2658 899 2693 Spiritus
927 2663 1037 2686 sanctus

255 2707 339 2725 unum
354 2703 395 2726 est
409 2700 434 2726 in
447 2700 566 2733 Clu-isto,
579 2701 613 2729 de
623 2710 675 2738 quo
687 2703 789 2731 dictum
806 2708 863 2731 est:
877 2704 1037 2740 Ecce/lgna:

254 2746 313 2779 Dei,
332 2753 387 2773 ecce
410 2747 453 2782 qui
480 2747 546 2774 tollit
572 2754 681 2783 peccata
707 2750 835 2778 mundi“.
854 2749 931 2778 Undc
959 2758 1039 2777 nemo

289 2846 311 2860 ³⁸
324 2846 401 2874 Joau.
419 2856 473 2880 xu.
491 2849 532 2879 li.
551 2849 590 2877 l3.
639 2850 660 2865 ³⁷
675 2849 720 2877 Ps.
732 2858 844 2881 Lxxxttl.
856 2851 882 2878 5.

920 2850 943 2867 ³⁵
964 2850 1007 2878 Ps.
1024 2859 1095 2882 xxvi.
1118 2851 1142 2877 .l.

1094 2291 1265 2326 loquebatur,
1281 2291 1339 2326 ipse
1362 2290 1466 2320 omnia.
1499 2298 1559 2324 qua:
1585 2290 1656 2317 dicta
1674 2295 1747 2321 sunt,
1770 2290 1879 2317 obtulit.

1093 2337 1191 2365 Pacem
1205 2337 1277 2364 enim
1290 2337 1323 2363 de
1341 2344 1394 2370 quo
1407 2336 1506 2362 Paulus
1520 2336 1641 2367 mandat,
1659 2336 1763 2370 primus
1786 2335 1879 2361 Domi-

1093 2392 1145 2411 nus
1165 2382 1307 2418 discipulis
1323 2382 1505 2412 aununtiavit.
1532 2386 1558 2408 et
1574 2381 1793 2411 sanctimoniam,
1809 2380 1880 2407 sicut

1092 2434 1204 2458 sanctus
1230 2434 1397 2460 sanctorum,
1423 2437 1506 2464 super
1525 2436 1620 2455 omnes
1636 2427 1792 2458 custodivit,
1816 2435 1879 2453 nam

1091 2477 1150 2512 ipse
1166 2480 1225 2503 erat
1249 2476 1282 2502 dc
1297 2484 1350 2510 quo
1369 2474 1476 2512 Gabriel
1498 2474 1594 2509 virgini
1621 2474 1689 2501 dixit
1706 2483 1712 2500 ι
1735 2474 1879 2507 Proplerea

1092 2522 1161 2558 quod
1176 2526 1297 2548 nascetur
1315 2529 1345 2547 ex
1360 2526 1383 2547 te
1397 2519 1671 2549 sanctunt.vocabitur
1687 2518 1772 2546 Filius
1787 2519 1834 2545 Dei
1846 2520 1879 2546 ".

1091 2565 1286 2596 Verumtamen
1306 2567 1326 2594 si
1342 2567 1383 2594 vis
1401 2567 1453 2594 dici
1467 2567 1500 2593 de
1515 2575 1569 2605 quo
1581 2574 1672 2593 sermo
1683 2570 1735 2597 est,
1754 2572 1879 2599 compre-

1092 2614 1213 2642 hendere
1234 2613 1435 2644 excellentiam,
1453 2612 1690 2639 conﬁrmationem
1703 2619 1798 2639 eorum
1818 2619 1880 2645 quae

1092 2660 1126 2688 de
1136 2668 1168 2688 eo
1184 2659 1255 2687 dicta
1265 2663 1340 2689 sunt.
1356 2659 1472 2694 respice.

1128 2707 1161 2734 Et
1180 2706 1304 2733 vocabitis
1321 2706 1388 2733 hunc
1404 2705 1471 2732 diem
1487 2704 1682 2731 celeberrimum
1708 2710 1785 2738 atque
1798 2711 1877 2730 sanc-

1093 2754 1235 2785 tissimum,
1249 2760 1325 2779 omne
1336 2760 1399 2786 opus
1412 2751 1503 2778 servile
1518 2759 1567 2776 non
1580 2750 1680 2785 facietis
1698 2750 1725 2776 iu
1745 2759 1783 2776 eo.
1805 2749 1879 2781 Leui-

1667 2849 1687 2864 ⁴¹
1701 2846 1780 2875 Prov.
1797 2856 1835 2877 ιι.
1853 2849 1877 2874 Ι.

1182 2850 1204 2866 ³³
1215 2849 1308 2876 Matth.
1328 2849 1410 2881 v,‘2'2.
1450 2849 1471 2865 "'
1486 2851 1545 2876 Act.
1563 2858 1582 2881 Ι,
1603 2849 1626 2876 Ι.

255 2879 276 2896 ⁵¹¹
294 2881 345 2909 Ιοιι.
365 2891 400 2916 xu,
417 2884 443 2911 2.
473 2884 569 2911 “ibid.
595 2884 616 2900 ⁵⁷⁵
631 2884 709 2911 Joan.
722 2894 739 2917 ι,
754 2886 797 2912 2’9.
820 2879 943 2913 "Matth.
956 2895 1009 2917 xiv,
1025 2887 1040 2912 Ξ

1092 2879 1127 2902 ’δ”
1143 2884 1235 2913 "Cor.
1253 2893 1282 2917 ll,
1301 2879 1402 2917 l-i,vl;'i.
1425 2886 1434 2900 ‘
1461 2885 1526 2912 Ilcb.
1545 2879 1592 2917 xli,
1613 2884 1653 2913 Η.
1674 2884 1695 2900 ⁵⁵
1715 2883 1780 2911 Luc.
1801 2891 1818 2915 ι,
1833 2884 1878 2910 '59.
