2056 3148
186 208 255 239 1089

752 207 791 237 IN
811 205 1031 237 LEVITICUM.
1052 217 1084 222 ’-
1106 206 1179 238 LlB.
1196 205 1246 235 VI.

1742 205 1811 237 1090

183 265 279 290 timum
303 265 491 299 sempiternum
517 265 566 292 erit
591 265 619 292 iii
647 265 745 292 cuiirti‘s
770 266 925 292 habitaculis
948 269 972 291 et
988 266 1010 293 Α
1059 263 1164 298 Pauper
1191 268 1281 290 autem
1311 267 1339 290 et
1363 263 1536 295 liic'dicitur,
1551 263 1614 298 quia
1627 270 1739 298 propter
1759 272 1812 292 nos

185 310 395 345 generationibus
407 311 508 337 vestris.
524 310 593 343 Quid
614 318 678 346 ergo
697 311 723 337 iii
735 319 766 338 ea
784 315 841 338 est:
858 311 929 346 quod
944 311 970 337 iit

187 355 229 382 his
243 355 376 381 excellet?
389 355 458 382 Ecce
472 355 545 382 enim
557 360 584 382 et
594 356 662 382 alios
676 355 733 382 dies
752 360 862 383 sanctos
877 355 971 390 appel-

186 400 233 431 lat,
251 400 298 426 sed
325 403 351 426 et
366 400 399 427 de
424 401 475 428 hoc
497 401 614 434 primum
636 400 732 435 inquit,
759 405 786 428 et
801 400 972 435 appellabitis

186 445 263 472 hunc
283 445 355 472 diem
370 445 591 477 celeberrimum.
604 450 632 472 et
646 449 707 479 post
722 446 772 473 lioc
783 455 790 472 :
800 450 880 481 atque
892 454 972 473 sauc-

185 493 332 526 tissimum,
350 499 380 520 ut
406 494 433 520 in
448 501 480 520 eo
497 501 680 528 cognosceres
697 494 763 529 quid
788 499 815 521 et
836 503 897 522 cuin
913 495 972 522 aliis

184 547 341 571 commune,
362 539 467 574 etquid
492 540 518 566 in
536 547 565 566 se
581 540 721 575 propritim
741 541 843 573 habet;
860 541 888 567 in
911 542 972 576 ipso

184 584 258 610 enim
270 585 391 619 gentium
414 587 519 613 vocatio
535 594 589 613 non
606 588 746 622 prirdicari
765 589 865 619 solum,
883 589 929 616 sed
945 593 971 616 et

185 631 293 664 operari
311 632 403 665 erupit,
418 632 528 665 quando
542 632 644 665 Part/ii,
661 638 685 660 et
699 633 780 666 Medi,
797 639 821 660 et
837 634 970 666 Elamita‘.

185 681 210 701 cl
223 677 267 710 qui
282 676 402 703 habitant
416 677 641 712 Mesopotamiam,
653 679 784 711 Judaeum,
801 686 824 706 et
844 680 971 714 Pamphi-

187 720 261 753 lium,
282 729 433 756 omnesque
455 724 565 758 reliqua:
580 730 684 758 gentes,
702 733 768 759 quas
783 725 870 753 Lucas
890 727 972 753 dinii~

186 766 311 798 iiieravit,
332 767 425 793 audire
448 768 597 801 apostolos,
625 769 721 804 litigatis
752 771 807 796 suis
836 770 970 806 niagiialia

184 811 234 838 Dei
249 812 421 846 loquentes",
439 814 672 849 prmdicaiitesque
687 820 839 850 cmperunt.
862 816 971 843 Nullum

184 865 249 892 ergo
263 866 334 892 opus
355 859 453 885 servile
467 859 492 886 in
507 859 552 886 illo
568 860 612 887 die
626 859 769 894 faciamus,
787 861 813 888 id
833 865 885 893 est,
899 862 972 895 quod

184 902 217 928 ad
233 903 392 929 servitutem
409 904 536 937 pertinet,
550 905 597 931 sed
614 905 762 940 legitimum
775 905 970 939 sempiternum

185 948 213 974 in
244 948 352 975 cunctis
380 949 542 976 habitaculis
570 954 597 976 et
619 950 842 984 generationibus
869 949 971 977 nostris

185 1001 337 1026 servemus,
354 995 422 1020 nihil
436 995 535 1022 servile
551 1000 697 1030 operantes
713 995 740 1022 in
766 1000 900 1030 tempore,
915 1003 970 1030 quo

185 1039 218 1065 ad
236 1047 285 1066 nos
299 1040 372 1066 venit
382 1039 510 1074 Spiritus,
524 1041 586 1074 quia
605 1041 649 1067 ubi
662 1039 776 1075 Spiritus
790 1040 908 1074 Domini,
934 1041 970 1067 ibi

184 1082 302 1114 libertas,
315 1083 385 1110 sicut
399 1083 499 1110 Paulus
514 1083 624 1118 scripsit
636 1081 668 1107 "-

222 1137 299 1165 Vnus.
313 1139 358 1165 9.2.
374 1148 383 1164 ι
398 1139 544 1173 Postquam
558 1143 648 1166 autem
666 1140 835 1166 messueritis
850 1145 969 1175 sngetem

185 1188 264 1210 terrae
274 1189 383 1216 vestr-te,
397 1193 452 1211 non
464 1185 593 1211 secabitis
604 1193 664 1212 eam
675 1193 760 1219 iisque
768 1185 801 1212 ad
812 1185 909 1218 solum,
920 1194 971 1212 nec

184 1234 360 1257 remanentcs
373 1231 464 1266 spicas
476 1231 620 1266 colligetis,
632 1232 678 1258 sed
692 1231 857 1266 pauperibus
885 1236 912 1259 ct
925 1239 971 1267 pe-

185 1276 300 1310 regrinis
317 1277 459 1304 dimitti-tis
470 1285 526 1304 eas.
542 1277 598 1312 Ego
619 1277 749 1304 Dominus
762 1277 833 1304 Deus
842 1282 942 1305 vester.
958 1287 967 1303 ›

220 1317 289 1349 Quia
308 1318 409 1353 pietate
430 1319 509 1353 plena
539 1323 604 1345 sunt
625 1326 684 1352 quae
696 1326 770 1345 nunc
798 1319 855 1354 lege
873 1319 970 1352 praeci-

184 1364 310 1398 piuntur,
328 1369 453 1398 apertum
470 1369 520 1392 est.
537 1364 653 1399 Propter
665 1365 737 1399 quod
758 1373 788 1391 ea
803 1365 931 1392 custodiri
944 1370 971 1392 et

184 1410 335 1436 secundum
352 1410 467 1436 litteram
491 1414 609 1445 oportet,
628 1410 674 1437 sed
701 1410 789 1444 majus
815 1417 909 1437 eorum
926 1410 970 1436 lu-

184 1463 261 1482 cruin
286 1457 482 1491 contemplatio
504 1457 633 1491 possidet.
651 1456 689 1483 Tit
711 1460 801 1483 autent
815 1457 867 1483 hoc
884 1457 910 1483 iii
931 1457 970 1483 cis

184 1505 258 1531 nota,
273 1501 337 1534 quia
367 1508 427 1527 cum
445 1501 543 1527 similia
568 1501 610 1527 liis
633 1501 759 1536 superius
784 1501 969 1535 prteccpisscl,

182 1552 240 1571 non
255 1549 346 1571 tamen
364 1545 458 1572 eadem
487 1545 613 1576 sancivit,
636 1546 686 1573 hoc
712 1549 802 1572 alitem
824 1547 969 1573 verborum

184 1588 240 1623 ipsa
251 1589 406 1617 immutatio
414 1590 578 1617 demonstrat
585 1610 591 1621 ,
605 1590 641 1616 ibi
652 1590 752 1616 etenim
759 1590 811 1617 ait:
826 1590 886 1616 Noti
898 1598 969 1616 coni-

183 1635 287 1670 plebilis
306 1637 458 1662 messioncni
475 1641 598 1667 uestrum,
616 1636 660 1663 hic
672 1639 780 1662 autent:
797 1635 855 1662 Non
874 1635 973 1662 secubi-

184 1679 218 1705 tis
233 1687 291 1705 eam
304 1687 383 1713 usque
401 1680 436 1706 ad
453 1679 548 1711 solum,
569 1684 599 1706 ut
623 1679 804 1706 differentiam
827 1678 911 1713 ipsam
937 1680 973 1705 ex‘

183 1726 384 1759 permutatione
405 1726 550 1753 verborum
567 1726 758 1760 intelligamus.
769 1725 880 1751 Terram
902 1724 970 1751 ﬁde-

184 1769 250 1797 liiiiu
262 1778 322 1798 esse
339 1771 494 1807 pra-dictam
507 1779 521 1798 a
533 1771 591 1806 lege
607 1771 653 1797 Dei
667 1775 902 1797 conversationem
917 1769 971 1796 l‘re-

186 1821 304 1850 quenter
313 1819 497 1846 ostendimus;
520 1817 601 1852 hujus
623 1817 733 1848 inessio,
752 1820 812 1851 post
832 1822 971 1843 resurrec-

188 1862 290 1889 tionem
303 1863 453 1890 Salvatoris
474 1872 488 1889 a
503 1863 627 1893 mortuis.
653 1866 679 1888 et
710 1862 857 1888 adventum
885 1859 970 1886 sancti

189 1906 317 1940 Spiritus,
333 1906 433 1934 ﬂoruit.
449 1906 481 1933 Et
498 1915 552 1934 noti
575 1907 683 1941 quidem
699 1913 808 1932 omnem
829 1904 970 1932 scientiam

187 1959 269 1986 quam
295 1953 415 1980 habituri
437 1961 548 1983 sumus,
569 1952 679 1987 quando
705 1951 738 1978 ad
766 1951 855 1984 ipsum
886 1949 971 1975 Detttit

187 1999 361 2031 venerimus,
395 1999 476 2026 tradit
514 1998 628 2026 verbum
656 1995 882 2032 prmdicationis:
908 1998 973 2021 sunt

186 2049 277 2072 autem
289 2053 350 2079 qua:
361 2046 500 2080 relinquit,
514 2049 608 2079 utpote
621 2051 680 2078 quae
704 2049 777 2069 nttnc
795 2041 873 2068 nobis
894 2048 972 2067 reve-

187 2089 235 2116 lari
252 2098 306 2117 nou
323 2095 447 2125 possunt.
462 2092 493 2117 lit
507 2094 649 2125 propterea
669 2089 754 2123 legem
772 2088 842 2114 hanc
861 2087 886 2113 iii
902 2093 972 2120 prte-

187 2135 266 2163 dictis
285 2136 480 2163 festivitatibus
510 2135 682 2170 interposuit,
701 2138 728 2161 et
747 2133 801 2160 ait:
829 2132 972 2166 Postquam

187 2182 346 2209 niessuet'itis
361 2187 473 2216 segetem
488 2186 564 2208 terra:
579 2186 682 2212 vestrm,
703 2188 755 2206 non
777 2178 899 2206 secabitis
913 2184 972 2204 eam

186 2235 267 2262 mque
278 2229 313 2254 ad
327 2228 420 2254 solum.

222 2273 252 2300 lit
276 2280 308 2300 eo
336 2273 407 2308 quod
423 2273 487 2300 dicit
505 2282 511 2299 :
528 2272 589 2299 Non
604 2271 725 2298 sactibitis
752 2278 811 2297 eam
835 2277 914 2303 usque
939 2267 974 2295 ad

186 2320 282 2350 solum,
299 2327 331 2346 ea
347 2319 518 2353 signiﬁcavit,
531 2326 597 2353 qua:
613 2317 691 2344 nobis
712 2316 745 2344 ad
766 2317 873 2351 plenam
883 2315 973 2342 scien-

188 2363 251 2389 tiaiii
263 2368 291 2390 et
306 2364 453 2398 perfectam
475 2364 585 2393 desunt.
618 2367 731 2397 propter
748 2362 821 2396 quod
835 2365 862 2387 et
876 2359 973 2387 subdi-

187 2409 241 2435 dit:
257 2408 312 2435 Νεε
323 2414 485 2436 reiiianeiites
495 2410 582 2443 spiras
597 2408 735 2443 colligetis.
744 2407 780 2434 Ut
789 2414 845 2434 non
856 2410 973 2433 conten-

187 2455 295 2485 damus,
312 2463 400 2490 neque
426 2455 528 2482 frustra
556 2455 689 2482 conemur
717 2461 750 2480 ea
773 2460 834 2488 qua:
851 2457 972 2479 nostram

188 2501 295 2536 fugiunt
321 2502 478 2529 scientiam.
502 2501 534 2528 Et
555 2505 700 2536 propterea
715 2500 749 2528 de
761 2506 885 2527 messura
913 2505 973 2532 qua:

188 2547 286 2574 cadere
299 2547 437 2580 dicuntur,
450 2548 578 2583 colligere
606 2554 659 2573 nec
683 2553 840 2580 possumus,
856 2544 904 2571 sed
928 2551 976 2570 rc-

188 2595 345 2629 linquamus
363 2603 396 2622 ea
413 2595 524 2621 Christo
538 2601 620 2628 quem
650 2592 809 2628 signiﬁcans
836 2590 975 2625 legislator

188 2643 292 2671 addidit
309 2652 315 2670 :
331 2643 496 2678 Pauperibus
510 2647 534 2669 et
550 2641 694 2676 peregrinis
707 2641 823 2667 dimittes
835 2647 891 2666 cas.
909 2637 974 2665 Sive

188 2688 339 2716 secundum
356 2688 426 2715 LXX
444 2697 449 2714 :
467 2687 584 2722 Pauperi
598 2691 622 2713 et
638 2686 770 2721 proselyto
785 2683 916 2719 relinques
929 2690 971 2710 ea.

189 2733 222 2761 Et
235 2734 296 2769 quis
314 2738 356 2761 est
372 2734 436 2761 hic?
449 2733 519 2761 Audi
531 2733 603 2768 quod
618 2731 761 2766 sequitur-z
777 2728 833 2764 Ego
844 2728 973 2756 Dominus

190 2779 260 2808 Deus
270 2785 363 2807 vester.

240 2887 263 2906 "
281 2889 340 2916 Act.
359 2889 453 2919 11,”)-

501 2889 523 2904 "‘
538 2887 557 2914 ll
570 2886 632 2914 Cor.
653 2894 694 2918 tit,
709 2886 751 2912 l7.

224 2919 246 2935 "
258 2923 352 2952 tlauti.
366 2932 403 2956 xi,
414 2924 459 2951 28.

499 2924 522 2940 ⁵⁸
539 2922 604 2950 ibid.
619 2922 664 2949 99.
702 2921 724 2937 ⁵⁷
740 2921 748 2947 l
762 2919 858 2947 Thess.
873 2927 910 2951 iv,
928 2918 970 2945 lii.

791 2884 812 2900 ⁸¹
824 2884 904 2911 Rom.
915 2891 945 2912 tt.
960 2883 1005 2910 35.

1023 317 1126 344 pauper
1140 309 1227 337 factus
1241 314 1282 336 est
1294 317 1354 336 cum
1371 310 1448 337 dives
1461 314 1543 340 esset,
1558 315 1587 336 ut
1603 310 1676 337 illius
1689 318 1808 345 pauper-

1023 359 1078 383 tate
1090 362 1139 382 nos
1152 356 1250 383 divites
1268 363 1411 388 essemus;
1439 356 1486 382 sed
1511 360 1539 382 et
1555 356 1669 387 advena,
1688 355 1810 390 quiaetst

1023 401 1049 427 iii
1065 401 1174 435 propria
1189 402 1275 432 venit.
1295 402 1338 428 sui
1352 409 1414 428 cum
1448 405 1538 427 tamen
1559 409 1614 428 non
1634 406 1809 436 receperunt.

1023 447 1094 474 Iluic
1116 455 1181 482 ergo
1197 455 1227 474 ca
1242 447 1399 481 relinques;
1423 447 1498 474 soliis
1510 451 1602 474 autem
1617 447 1669 474 scit
1681 455 1741 480 qua!
1757 455 1810 474 ito-

1022 493 1064 520 bis
1078 497 1230 524 remanent,
1245 493 1434 528 propter-quod
1450 501 1501 520 nec
1514 493 1641 527 colligere
1654 501 1811 527 possumus,

1023 546 1084 574 quae
1100 543 1129 565 iit
1142 539 1201 573 ipse
1214 539 1330 574 colligat,
1345 544 1470 573 separata
1493 543 1568 568 sunt,
1585 543 1652 565 teste
1665 539 1748 575 Paulo
1763 540 1810 573 qui

1022 584 1089 612 dicit
1105 594 1111 610 :
1123 584 1265 611 Oaltitudo
1279 585 1416 618 sapientia:
1427 589 1451 611 et
1467 585 1583 611 scientia:
1595 585 1661 611 Dei!
1673 593 1753 619 quam
1766 586 1806 611 in-

1023 631 1265 664 comprehensibilia
1278 631 1450 664 suutjudicia
1481 630 1538 664 (jus
1566 635 1590 656 et
1620 631 1811 666 iiiuestigabitcs

1022 677 1071 704 via:
1085 677 1141 711 ejus
1155 678 1187 704 εί.
1284 705 1287 709 ,

1059 722 1140 750 νεηε.
1171 722 1216 754 24,
1248 722 1292 749 25.
1325 732 1334 748 i
1362 722 1539 757 Locutusquc
1567 727 1609 750 est
1627 722 1763 750 Dominus
1776 723 1811 750 ad

1023 768 1132 803 Moysen
1161 768 1256 795 dicens
1274 776 1280 794 :
1304 767 1430 802 Loquere
1450 768 1609 795 ﬁliislsrael
1634 777 1640 794 :
1657 768 1748 796 Mense
1765 776 1811 795 se-

1022 815 1107 849 ptimo
1120 815 1207 848 prima
1218 814 1262 841 die
1279 815 1391 846 mciisis,
1408 814 1461 841 erit
1486 814 1561 842 vobis
1575 815 1724 842 Sabbatum
1750 823 1811 842 me—

1023 860 1137 887 moriale
1150 860 1339 895 clangentibus
1356 860 1437 891 tubis,
1460 863 1488 886 et
1510 860 1652 886 vocabitur
1669 864 1808 886 sanetum.

1022 906 1110 933 Omne
1123 913 1192 940 opus
1208 906 1306 933 servile
1316 913 1372 932 noti
1390 905 1497 932 facietis
1516 905 1542 931 in
1567 913 1611 938 eo,
1632 909 1660 932 et
1686 905 1811 933 olferetis

987 942 1008 969 Β
1023 951 1214 978 holocaustum
1223 950 1348 977 Domino.
1369 959 1378 976 i

1056 996 1246 1031 Septenarium
1261 1004 1408 1023 numerum
1435 995 1592 1023 evidentem
1600 1003 1699 1030 gerere
1722 1000 1750 1022 et
1765 995 1810 1022 in-

1021 1042 1200 1069 dubitabilem
1218 1041 1463 1069 conSummationis
1477 1041 1590 1077 ﬁguram
1603 1042 1661 1068 sive
1679 1042 1811 1069 uniuscu—

1018 1088 1118 1122 jusque
1140 1093 1276 1120 nostrum,
1293 1088 1351 1114 sive
1370 1087 1536 1122 generalem,
1558 1087 1642 1114 multa
1658 1087 1810 1114 quidemet

1020 1135 1073 1161 alia
1089 1135 1249 1166 ostendunt,
1274 1134 1340 1161 illud
1359 1139 1451 1160 autent
1482 1133 1609 1164 maxime,
1636 1133 1700 1167 quia
1728 1133 1815 1160 'Deus

1021 1181 1048 1208 in
1066 1182 1109 1209 die
1121 1182 1236 1216 septima
1245 1182 1362 1208 cessavit
1375 1182 1409 1208 ab
1425 1182 1555 1215 operibus
1570 1181 1638 1213 suis,
1651 1181 1720 1207 dans
1729 1179 1815 1207 nobis.

1020 1236 1054 1255 ex
1071 1228 1128 1262 ipsa
1142 1228 1263 1262 requiem
1279 1233 1399 1254 nostram
1420 1227 1570 1261 conjicere,
1585 1226 1619 1253 dc
1633 1234 1687 1260 qua
1709 1226 1812 1253 Paulus

1019 1275 1058 1302 ait
1078 1274 1151 1306 :Qiii
1164 1275 1232 1301 enim
1247 1275 1380 1309 ingressus
1394 1279 1431 1300 est
1457 1274 1484 1300 in
1510 1273 1586 1300 illam
1614 1273 1739 1307 requiem,
1767 1280 1809 1299 re-

1021 1321 1115 1355 quievit
1138 1322 1193 1354 ipse
1222 1321 1254 1347 ab
1282 1320 1402 1347 omnibus
1418 1320 1539 1354 operibus
1552 1319 1621 1349 suis.
1636 1319 1810 1353 quemadmo-

1019 1367 1144 1393 dumeta
1159 1367 1213 1392 suis
1231 1367 1298 1392 Dens
1308 1367 1342 1392 ⁵¹.
1360 1366 1413 1392 Sed
1436 1365 1544 1392 initium
1560 1365 1809 1391 consummationis

1022 1414 1185 1444 temporum.
1209 1410 1317 1437 Domitii
1333 1414 1375 1436 est
1389 1410 1522 1436 adventus
1537 1413 1649 1443 propter
1663 1409 1809 1443 quodillud

1019 1457 1195 1483 novissimam
1211 1456 1307 1482 horam
1321 1455 1441 1482 Joannes
1466 1455 1637 1490 evangelista
1648 1454 1807 1489 appellavit,

1019 1503 1057 1528 ait
1072 1502 1144 1529 enim
1161 1510 1168 1528 :
1186 1500 1288 1534 Filioli,
1307 1501 1444 1527 nouissima
1454 1500 1518 1526 liora
1536 1504 1571 1526 est
1585 1500 1618 1526 ³³.
1630 1500 1719 1527 Sedet
1732 1499 1810 1527 Jaco-

1020 1547 1071 1574 bus
1086 1556 1092 1574 :
1108 1547 1175 1574 Ecce
1186 1547 1269 1581 judea:
1285 1551 1348 1572 ante
1368 1546 1483 1580 jaiiuam
1493 1550 1545 1572 stat
1560 1545 1594 1572 “.
1612 1545 1670 1572 Hoc
1701 1550 1808 1580 tempus

984 1615 1005 1645 C
1022 1594 1137 1628 primam
1150 1592 1257 1627 septimi
1285 1592 1389 1619 mensis
1401 1591 1472 1618 sicut
1493 1591 1656 1625 principium
1673 1599 1808 1618 consum-

1022 1638 1162 1670 matiOnis,
1178 1642 1252 1664 recte
1264 1637 1307 1664 lex
1320 1636 1478 1671 appellavit.
1501 1637 1550 1662 Est
1560 1637 1642 1662 etiam
1660 1636 1740 1663 nobis
1763 1644 1808 1663 rc-

1023 1684 1117 1719 quies;
1131 1684 1196 1718 quia
1210 1689 1262 1709 nos
1280 1682 1314 1708 ab
1327 1682 1457 1716 operibus
1485 1681 1564 1707 ntalis
1575 1680 1671 1707 carnis
1700 1681 1807 1713 refecit,

1023 1735 1052 1758 et
1064 1739 1078 1757 a
1088 1731 1153 1765 jugo
1169 1729 1395 1764 gravi-liberavit:
1411 1727 1499 1754 Venite
1510 1727 1590 1759 enim,
1604 1727 1702 1761 inquit,
1721 1735 1812 1754 omne;

1024 1777 1068 1812 qui
1084 1776 1211 1803 laboratis
1226 1779 1250 1801 et
1266 1774 1369 1801 onerati
1382 1774 1454 1804 eatis.
1471 1777 1495 1800 et
1510 1781 1556 1808 ego
1579 1773 1697 1807 reﬁciam
1718 1781 1762 1800 vos
1774 1774 1808 1800 ".

1024 1823 1058 1850 Et
1073 1828 1186 1848 rursus:
1204 1820 1301 1848 Discite
1320 1828 1336 1846 a
1356 1828 1406 1851 me,
1424 1819 1487 1854 quia
1501 1819 1572 1845 mitis
1589 1826 1648 1845 sum
1667 1817 1810 1845 erlmmi‘lis

1025 1869 1114 1900 corde,
1131 1872 1154 1894 et
1175 1868 1311 1893 invenietis
1323 1866 1440 1901 requiem
1451 1865 1591 1891 animabus
1603 1865 1696 1891 uestris
1703 1865 1737 1890 ".
1754 1863 1811 1891 Hm.-

1025 1920 1053 1942 et
1067 1913 1225 1942 memoriale
1244 1913 1370 1940 tubarum
1394 1914 1436 1938 est
1451 1919 1457 1937 :
1475 1910 1605 1945 praidicat
1630 1909 1702 1936 enim
1719 1909 1809 1936 Salva-

1026 1960 1093 1987 toris
1107 1959 1347 1989 resurrectionem,
1367 1964 1428 1990 qua:
1459 1955 1619 1982 memoriale
1633 1959 1675 1981 est
1689 1961 1811 1980 contmn-

1025 2007 1069 2034 n'is
1082 2009 1251 2033 mortuorum
1272 2003 1492 2034 resurrectionis,
1507 2011 1567 2037 qua;
1600 2003 1627 2029 in
1647 2009 1714 2029 voce
1732 2001 1812 2028 tuba—

1026 2061 1086 2079 rum
1100 2059 1256 2086 magnarum
1280 2055 1308 2077 et
1335 2048 1494 2076 terribilium
1519 2048 1658 2075 eﬁicitur:
1683 2047 1717 2074 In
1735 2048 1812 2082 jussu

1029 2098 1175 2129 Dominico,
1191 2097 1218 2123 in
1232 2104 1292 2122 voce
1307 2094 1467 2128 archangeli,
1483 2094 1510 2120 in
1540 2093 1600 2120 tuba
1627 2093 1675 2119 Dei
1686 2093 1717 2125 ³⁷,
1743 2093 1815 2121 sicut

1026 2144 1128 2171 Paulus
1139 2142 1241 2170 docuit.
1268 2141 1323 2168 Hoc
1340 2147 1447 2175 tempus
1470 2139 1751 2166 vocabitiirvsauetum
1764 2139 1815 2165 lio-

1027 2189 1114 2218 mino,
1136 2188 1198 2221 quia
1215 2186 1397 2218 vocationem,
1413 2192 1474 2219 qua:
1484 2185 1511 2211 in
1525 2183 1740 2211 sanctiﬁcatione
1760 2187 1812 2215 est,

1028 2233 1172 2269 possidet:
1190 2240 1222 2260 ex
1233 2240 1286 2266 qua
1312 2231 1432 2265 adoptio.
1454 2238 1516 2264 qua:
1537 2230 1573 2257 ad
1605 2237 1667 2256 eum
1693 2229 1815 2264 pertinet

1028 2281 1131 2306 vocatis
1145 2278 1260 2305 ellicitur
1279 2285 1286 2303 :
1302 2277 1386 2303 Omne
1400 2283 1464 2310 opus
1481 2275 1572 2302 seruile
1598 2283 1650 2301 non
1665 2275 1766 2310 facietis
1786 2275 1816 2302 in

1027 2333 1065 2354 eo,
1082 2329 1106 2350 et
1127 2323 1238 2358 offeretis
1260 2321 1441 2348 holocaustum
1461 2320 1584 2347 Domitio.

1061 2368 1120 2395 Non
1137 2372 1179 2395 est
1195 2367 1269 2394 enim
1280 2366 1336 2400 jam
1350 2370 1459 2399 tempus
1478 2372 1562 2399 opera
1587 2364 1698 2392 servilia
1722 2371 1815 2399 agere,

1024 2414 1087 2448 quia
1119 2412 1218 2440 sufﬁcit
1243 2412 1410 2446 praeteritum
1446 2415 1555 2445 tempus
1580 2411 1612 2437 ad
1644 2411 1815 2438 voluntatem

1024 2458 1159 2494 gentium,
1176 2457 1203 2484 iu
1221 2464 1275 2491 quo
1286 2461 1362 2492 gesta
1379 2460 1444 2482 sunt
1464 2463 1547 2490 opera
1557 2455 1678 2486 servilia,
1690 2460 1718 2482 et
1730 2456 1816 2483 debe-

1026 2511 1097 2536 mus,
1108 2502 1336 2537 quemadmodum
1364 2501 1538 2528 exhibuimus
1563 2501 1685 2528 membra
1723 2505 1817 2529 nostra

1028 2557 1102 2576 arma
1117 2547 1268 2582 iniquitatis
1284 2547 1317 2574 ad
1332 2546 1514 2581 iniquitatem,
1531 2546 1566 2573 ita
1586 2547 1716 2574 exhibere
1729 2554 1817 2574 mem-

1029 2594 1076 2621 bra
1089 2597 1182 2620 nostra
1193 2601 1268 2620 arma
1291 2593 1415 2627 justitiie.
1431 2593 1458 2619 in
1473 2592 1693 2620 sanctiﬁcatione
1708 2592 1740 2619 ⁵⁸.
1760 2591 1816 2620 lloc

1028 2644 1068 2667 est
1084 2640 1157 2666 enim
1175 2639 1272 2665 iterum
1288 2639 1488 2665 holocaustum.

1062 2683 1144 2710 Vsus.
1165 2682 1260 2708 27-32.
1274 2691 1284 2707 ‹
1304 2682 1476 2715 Locutusque
1488 2686 1529 2708 est
1546 2681 1678 2708 Dominus
1698 2681 1731 2708 ad
1740 2680 1816 2716 Moy-

1027 2735 1087 2759 sen,
1115 2727 1232 2754 dicetis:
1264 2726 1376 2752 Decimo
1399 2725 1443 2752 die
1467 2727 1569 2753 mensis
1597 2726 1679 2760 hujus
1707 2725 1817 2759 septimi

1027 2773 1086 2801 dies
1105 2772 1294 2807 expiationum
1323 2771 1377 2797 erit.
1399 2771 1606 2804 celeberrimus.
1623 2777 1649 2799 et
1674 2769 1817 2798 vocabitur

1044 2881 1067 2897 κ’
1083 2880 1166 2908 llcbr.
1178 2879 1262 2910 tv,lO.

1009 2917 1031 2933 ⁸⁸
1046 2916 1125 2943 Βοιιι.
1138 2923 1175 2949 vi,
1192 2915 1237 2947 15,
1253 2915 1295 2944 19.

1318 2881 1361 2909 ⁸³1
1375 2881 1454 2910 Joan.
1477 2890 1505 2916 it,
1532 2881 1576 2910 18.
1613 2881 1638 2898 ⁸⁸
1650 2879 1707 2907 Jac.
1724 2887 1752 2913 ν,
1769 2877 1794 2906 9.
