2056 3148
268 164 335 195 1091

867 164 1048 194 llESYCHlI
1069 163 1306 194 PRESBYTEBI

1829 162 1896 194 1002

266 221 390 249 sanctus,
409 216 587 252 amigetisque
601 215 707 244 animas
723 220 830 244 vestras
847 216 875 243 in
895 224 929 244 eo
946 217 1051 244 etoﬁ'e-
1067 219 1089 248 Α
1104 217 1206 251 facietis
1225 217 1251 243 iu
1269 222 1384 252 tempore
1412 217 1465 244 diei
1497 218 1587 252 hujus.
1617 217 1646 244 lu
1678 217 1896 246 holocaulomaie

267 263 334 291 retis
350 262 538 290 holocaustum
555 261 679 289 Domino.
695 262 782 289 Omnc
796 270 865 297 opus
879 263 978 290 servile
1002 270 1056 290 non

267 310 374 337 facietis
390 309 417 336 in
427 313 550 343 tempore
566 308 619 336 diei
635 308 727 343 hujus,
759 309 822 343 quia
840 308 899 336 dies
925 309 1058 344 propitia-

268 356 351 383 tionis
366 359 418 388 est,
435 360 465 382 ut
482 355 646 390 propitielur
667 355 744 382 vobis
761 355 891 383 Dominus
905 355 977 382 Dens
1009 363 1059 382 ve-

269 406 334 429 ster.
343 401 438 429 Omnis
450 402 540 428 anima
554 409 614 436 qua:
624 401 722 428 alllicta
735 410 790 428 non
800 402 882 429 fuerit
895 402 923 429 in
941 402 986 429 die
996 402 1057 435 hoc,

268 447 369 482 peribit
393 448 427 474 de
452 447 560 482 populis
590 447 657 474 suis.
675 446 708 474 Et
735 455 795 482 qua:
811 447 902 482 operis
919 446 1059 482 quippiam

268 489 376 522 fecerit,
392 489 489 517 delebo
497 498 557 517 eam
569 491 603 517 dc
614 490 714 525 populo
731 498 791 518 suo.
808 491 883 518 Nihil
895 499 960 526 ergo
968 490 1060 526 operis

268 535 373 563 facietis
390 536 416 562 in
431 543 474 562 eo.
490 535 653 570 Legitimqu
685 536 883 570 sempiternum
907 536 959 563 erit
982 536 1060 563 vobis

269 581 297 608 in
309 581 415 608 cunctis
428 581 653 616 generationibus
665 585 693 607 et
720 581 936 608 habitatimiibus
948 580 1059 610 vestris,

270 626 476 661 Sabbatumque
492 627 594 660 requiei
611 630 672 659 est;
687 626 810 661 aﬁligetis
829 627 934 653 animas
944 630 1058 653 vestras.

270 670 318 698 Die
333 679 404 698 nono
416 672 517 699 mensis
528 672 648 706 septimi,
661 680 675 699 a
688 680 802 707 vespere
812 680 898 707 usque
911 672 946 699 ad
961 678 1060 706 vespe-

269 725 330 744 rum
341 717 516 744 celebrabitis
532 717 649 744 Sabbala
665 722 766 744 vestra.
788 727 797 743 ι

306 763 390 790 Recte
404 762 502 789 Paulus
515 763 664 790 Corinthiis
681 764 714 790 de
722 764 824 790 Judmis
850 763 960 798 scripsit
976 771 985 790 :
999 763 1061 790 Haec

271 808 360 835 omnia
370 809 398 835 in
416 809 503 844 ﬁgura
516 810 700 844 contingebant
726 810 789 838 illis.
809 809 915 844 Scripta
931 814 991 836 sunt
1011 818 1061 836 au-

270 859 324 881 tem
335 855 369 881 ad
380 859 497 881 nostram
511 856 710 888 carreptionem,
735 856 764 882 in
779 864 842 891 quos
861 856 925 890 fines
949 855 1060 882 swculo—

270 907 330 926 rum
344 899 501 927 devenerunt
515 901 548 927 ε’.
564 901 642 933 Quod
651 901 725 928 enim
741 901 766 928 iu
792 901 845 928 line
862 902 954 929 saeculi
969 906 1060 929 actum
1077 889 1097 916 Β

270 948 314 971 est
334 943 481 972 Saluatoris
493 946 663 979 mysterium,
681 954 742 981 quae
753 951 781 973 et
797 951 896 981 quanta
909 955 941 974 ex
950 954 983 974 eo
1003 947 1060 974 dis-

272 993 386 1024 pensata
403 989 469 1022 sint,
494 991 574 1025 plane
595 999 643 1026 per
666 992 813 1025 praesentia
830 991 969 1027 legislator
980 992 1063 1027 signi-

271 1035 372 1063 ﬁcavit.
389 1035 459 1068 Quid
474 1044 539 1071 ergo
556 1037 745 1069 nobisinnuit,
761 1037 804 1064 vel
820 1038 885 1072 quid
900 1038 1061 1073 sancitgra-

271 1080 308 1108 tia
319 1080 431 1111 Christi,
443 1086 471 1108 et
486 1082 644 1116 praedicatio
661 1082 736 1117 ejus?
762 1081 844 1117 Spem
862 1083 955 1117 utique
987 1091 1063 1110 mor-

272 1129 381 1150 tuorum
406 1125 626 1157 resurrectionis,
659 1126 745 1154 vitam‘
771 1135 833 1154 cuin
867 1127 1011 1158 modestia,
1035 1131 1063 1154 et

272 1169 436 1202 humilitate,
454 1175 482 1198 et
493 1171 520 1197 in
535 1171 658 1198 ciborum
674 1172 851 1205 abstinentia,
869 1177 970 1207 etquae
982 1176 1024 1199 est
1036 1173 1062 1198 in

268 1215 401 1252 despectu
415 1217 603 1251 praesentium,
621 1221 702 1252 atque
733 1218 864 1253 despeclu
892 1219 1061 1253 possidendi,

272 1261 389 1296 aliisque
402 1262 551 1289 virtutibus
565 1271 572 1289 :
589 1271 658 1297 quas
686 1268 807 1298 agentes,
825 1268 953 1299 tanquam
968 1264 1064 1291 incolae

274 1306 325 1333 hac
349 1311 422 1334 terra
438 1308 550 1340 utimur,
572 1312 665 1342 utpote
679 1316 733 1336 non
747 1309 779 1336 ad
804 1309 916 1345 longum
944 1314 1062 1344 tempus,

273 1352 321 1379 s'ed
338 1353 372 1392 ad
386 1360 550 1387 perparvuut
565 1353 592 1380 in
608 1361 641 1381 eo
654 1359 789 1389 ponentes
805 1355 1063 1390 tabernacula,quia

272 1405 368 1425 eorum
383 1406 443 1432 qua:
455 1399 529 1426 dicta
544 1404 619 1433 sunt,
631 1401 847 1435 unumquodque
869 1401 895 1428 in
911 1401 963 1428 hac
977 1401 1065 1436 pleni-

274 1444 368 1472 tudine
383 1449 538 1480 temporum
557 1453 607 1480 per
618 1447 804 1482 evangelicam
823 1448 906 1474 nobis
916 1455 1050 1475 conversa

274 1489 376 1517 tionem
389 1491 517 1524 praedicta
531 1495 605 1518 sunt.
622 1491 777 1527 Septimum
790 1500 923 1525 mensem,
936 1493 981 1519 hic
991 1493 1063 1519 enim

274 1542 407 1562 numerus
435 1537 700 1564 consummationem
729 1541 884 1572 temporum
912 1537 1065 1573 signiﬁcare

275 1580 428 1612 consuevit,
440 1581 567 1607 omnibus
578 1580 672 1616 ﬁguris
695 1586 724 1608 et
747 1582 901 1609 necessarie
918 1589 1066 1609 conserva-

275 1624 326 1651 vit.
344 1624 473 1652 Dividens
485 1630 577 1652 autem
589 1634 631 1659 ea,
652 1634 729 1661 spem
758 1630 929 1654 mortuorum
942 1635 1066 1655 resurre-

275 1670 385 1701 ctionis,
398 1678 446 1704 per
459 1671 620 1698 neomeuias
631 1671 740 1706 septimi
765 1672 868 1699 mensis
889 1673 1014 1707 superius
1027 1675 1066 1701 si—

277 1714 426 1750 gniﬁcavit,
453 1715 482 1741 in
513 1723 566 1750 qua
583 1719 609 1742 et
625 1716 753 1743 tubarum
778 1717 937 1744 memoriale
963 1719 1066 1752 posuit,

277 1759 341 1794 quia
356 1760 383 1787 in
415 1761 478 1787 tuba
496 1761 541 1789 Dei
565 1766 757 1796 exspectamus
771 1767 894 1790 mortuos
911 1771 1066 1799 resurgere.

277 1807 344 1834 Eam
354 1811 457 1839 autem,
470 1815 531 1842 qua:
543 1812 585 1835 est
598 1808 625 1834 in
648 1808 812 1841 humilitate,
826 1814 853 1836 et
866 1809 990 1836 ciborum
1017 1811 1068 1837 ab-

277 1852 408 1880 stinentia
422 1853 504 1880 vitam
518 1873 526 1885 ,
543 1861 591 1888 per
606 1854 740 1883 decimam
758 1855 871 1887 mensis,
885 1855 919 1882 de
931 1863 984 1890 qua
992 1864 1068 1883 nunc

276 1898 397 1933 loquitur
413 1899 451 1935 (in
471 1899 585 1926 transitu
597 1899 671 1926 enim
685 1901 786 1927 s:eculo
797 1900 847 1933 uti,
873 1906 901 1928 et
917 1901 1020 1928 exitum
1033 1902 1068 1929 de

277 1952 312 1972 eo
323 1950 495 1980 exspectare.
511 1952 561 1979 per
573 1944 761 1979 festivitatem,
771 1954 852 1980 quam
865 1954 880 1974 a
889 1947 985 1981 quinta
995 1947 1069 1975 deci-

276 1998 321 2018 ma
332 1990 463 2025 incipere,
475 1995 536 2025 post
547 1991 686 2026 paululum
699 1991 825 2020 invenies
835 1999 897 2019 cum
904 1992 1066 2028 dicentem),

277 2036 422 2072 signiﬁcat.
439 2037 492 2064 Sed
505 2045 566 2072 qua:
582 2038 724 2072 pertinent
748 2038 782 2065 ad
813 2038 970 2073 praesentia,
1007 2047 1069 2073 per-

277 2086 443 2111 scrutemur.

314 2127 481 2163 Locutusqus
498 2133 535 2156 est
551 2128 680 2156 Dominus
695 2129 730 2156 ad
755 2129 862 2164 Moysen
875 2130 963 2156 dicens
976 2137 985 2156 :
1016 2129 1067 2156 De-

279 2173 346 2199 cimo
365 2175 461 2200 mensis
473 2175 552 2209 hujus
566 2175 671 2208 septimi
680 2175 723 2202 die
738 2176 920 2209 expiationum
932 2176 981 2202 erit
998 2175 1067 2202 cele—

1107 260 1229 295 quidem,
1243 266 1457 288 consummatam
1471 261 1564 294 vitam,
1581 269 1608 290 et
1621 263 1742 298 perfecte
1757 264 1896 292 inhaeren-

1109 309 1163 333 tem
1179 305 1314 334 Domino:
1331 307 1358 334 in
1371 315 1427 335 non
1458 307 1584 336 faciendo
1609 313 1700 336 autem
1725 317 1807 337 omne
1829 318 1898 345 opus

1110 355 1282 379 terrenarum
1296 360 1410 387 operum
1422 353 1616 381 abstinentiam
1627 354 1750 382 ostendit
1762 363 1770 382 :
1784 362 1850 391 ergo
1870 362 1898 384 et

1108 397 1191 423 nimis
1208 403 1412 432 consequenter
1422 398 1525 426 addidit
1543 408 1550 425 :
1575 399 1644 432 Quia
1663 401 1718 426 dies
1729 401 1899 434 propitiatio-

1110 442 1150 469 nis
1164 447 1212 474 est,
1227 447 1255 469 ut
1266 444 1423 478 propitietur
1439 444 1509 470 vobis
1528 444 1654 471 Dominus
1669 444 1738 471 Deus
1767 450 1861 472 vester.

1145 487 1265 522 Utraque
1280 488 1337 515 haec
1346 489 1505 522 ostendens,
1520 490 1584 524 quia
1612 494 1640 516 et
1657 490 1709 517 hoc
1728 495 1770 518 est
1791 495 1900 526 tempus

1110 534 1144 561 ad
1172 534 1394 569 propitiationem
1407 535 1486 562 nobis
1515 536 1601 563 aDeo
1612 536 1754 570 donatum,
1785 537 1812 564 in
1845 545 1901 572 quo

1110 585 1222 616 peccata
1249 587 1344 609 nostra
1356 582 1470 610 veniens
1483 583 1616 610 Dominus
1631 583 1720 616 diluit,
1735 588 1762 611 et
1778 584 1840 618 quia
1871 584 1899 612 in

1110 633 1165 660 quo
1178 626 1237 653 haec
1253 632 1447 661 exspectamus
1465 632 1587 662 tempore
1605 629 1675 655 nihil
1689 629 1822 656 debemus
1846 634 1903 657 ter—

1111 679 1242 698 renorum
1257 679 1349 706 agere.
1365 672 1469 699 Deinde
1487 673 1573 708 legem
1586 674 1762 708 protrahens,
1782 675 1901 702 etChri-

1111 721 1153 743 sto
1164 716 1372 744 advocationem
1400 718 1590 753 praebens,qni
1613 719 1681 746 dixit
1693 729 1700 746 :
1713 720 1811 747 Discite
1829 729 1845 747 a
1862 729 1902 748 me

1111 763 1174 797 quia
1190 763 1261 789 mitis
1276 771 1333 790 sum
1343 768 1366 790 et
1380 763 1487 791 humilis
1502 768 1590 797 corde,
1600 771 1624 792 et
1640 767 1775 792 invenietis
1788 767 1904 802 requiem

1112 810 1252 837 animabus
1272 811 1364 836 vestris
1375 811 1397 826 ‘°
1408 831 1416 843 ,
1441 810 1480 838 ait
1496 821 1502 838 :
1519 811 1609 839 Omnis
1625 813 1716 840 anima
1734 821 1793 848 qua:
1805 814 1903 848 aﬂlicta

1112 862 1163 880 non
1178 854 1259 889 fuerit
1273 856 1300 880 in
1314 855 1355 880 die
1370 855 1427 888 hoc,
1447 855 1541 890 peribit
1558 856 1590 882 de
1607 856 1710 890 populis
1723 857 1788 883 suis.
1806 857 1904 891 Neque

1112 900 1185 927 enim
1211 901 1334 934 sequitur
1355 899 1506 932 Christum,
1535 901 1581 936 qui
1604 902 1662 929 haec
1691 901 1822 934 sanrivit.
1837 902 1906 929 etin

1113 951 1218 974 tantum
1235 947 1412 982 semetipsum
1440 947 1603 978 humiliavit.
1631 953 1661 975 ut
1691 947 1791 975 Paulus
1811 949 1844 976 de
1870 956 1907 976 eo

1113 992 1217 1020 diceret
1238 1001 1245 1019 :
1276 993 1435 1019 llumiliavit
1470 994 1650 1027 semetipsum,
1674 995 1760 1030 [artus
1786 995 1908 1022 obedienc

1114 1039 1193 1074 usque
1211 1039 1247 1066 ad
1259 1043 1379 1072 mortem,
1397 1045 1507 1068 mortem
1525 1045 1615 1067 autent
1633 1041 1718 1067 crucis
1731 1041 1763 1067 ".

1149 1085 1200 1112 Sed
1212 1089 1236 1112 et
1247 1093 1305 1120 qua:
1319 1086 1405 1120 operis
1418 1086 1554 1122 quippiam
1581 1087 1683 1122 fecerit,
1699 1086 1788 1113 delebo
1801 1095 1860 1113 eam
1874 1088 1909 1114 de

1113 1132 1210 1167 populo
1227 1140 1294 1159 meo.
1314 1131 1388 1158 Nihil
1412 1141 1472 1168 ergo
1483 1133 1569 1166 operis
1594 1133 1697 1168 [arietis
1709 1133 1736 1159 in
1752 1141 1791 1159 eo.
1805 1133 1908 1168 Legiti-

1115 1187 1187 1205 mum
1202 1178 1391 1212 sempiternum
1402 1179 1450 1205 erit
1462 1178 1533 1205 vobis
1562 1179 1589 1204 in
1602 1179 1702 1205 cunctis
1727 1179 1908 1213 generationi-

1115 1224 1161 1251 bus
1185 1229 1210 1251 et
1224 1224 1430 1250 habitationibus
1448 1224 1551 1250 vestris.
1568 1224 1613 1251 Sic
1632 1224 1684 1251 hoc
1698 1225 1766 1251 dixit
1777 1229 1908 1259 tanquam

1114 1270 1137 1297 si
1150 1269 1251 1305 popqu
1273 1268 1430 1296 Judaeorum
1446 1273 1612 1304 praeceptum
1637 1269 1694 1296 sit:
1714 1270 1853 1296 sicautem
1877 1277 1909 1297 se

1114 1323 1170 1342 non
1185 1315 1270 1342 habet
1283 1325 1289 1342 :
1303 1314 1432 1342 omnibus
1447 1314 1520 1341 enim
1532 1314 1573 1340 lex
1592 1314 1748 1341 communis
1771 1320 1822 1345 est.
1844 1314 1909 1349 quia

1116 1364 1143 1388 et
1154 1361 1186 1388 ad
1201 1369 1297 1388 omnes
1311 1360 1443 1388 Dominus
1458 1360 1585 1387 dicebat:
1612 1359 1765 1394 Operamim‘
1792 1368 1843 1386 non
1867 1361 1909 1387 ci-

1116 1407 1176 1434 bum
1190 1407 1235 1442 qui
1248 1407 1316 1441 pcrit
1332 1406 1364 1438 ⁸¹,
1376 1405 1446 1432 nihil
1461 1406 1555 1432 volens
1566 1413 1617 1432 nos
1633 1406 1739 1440 operari
1753 1409 1910 1432 terrenum.

1116 1450 1190 1478 Bene
1208 1459 1273 1486 ergo
1285 1456 1312 1478 et
1328 1451 1467 1485 sapienter
1482 1450 1635 1477 custodiam
1667 1450 1821 1477 vacationis
1843 1458 1909 1483 pro-

1116 1498 1216 1525 ducere
1226 1498 1259 1525 ad
1273 1498 1404 1532 majorem
1431 1496 1693 1530 contemplationem
1708 1497 1813 1529 volens,
1828 1496 1910 1523 addi-

1079 1552 1099 1581 α
1116 1545 1171 1571 dit:
1183 1543 1327 1571 Sabbatum
1343 1543 1439 1577 requiei
1455 1547 1503 1568 est.
1524 1541 1573 1569 Vel
1589 1541 1660 1569 sicut
1673 1541 1743 1568 LXX
1761 1550 1768 1568 :
1790 1541 1909 1569 Sabbata

1115 1588 1291 1615 Sabbatorum
1308 1592 1384 1614 erunt
1398 1587 1480 1614 vobis.
1497 1586 1534 1614 Ut
1557 1594 1606 1622 per
1622 1587 1672 1613 hoc
1687 1586 1853 1622 iutclligibile
1865 1588 1908 1613 in-

1085 1664 1090 1669 l
1117 1634 1270 1669 telligamus
1295 1633 1456 1665 Sabbatum,
1485 1632 1557 1668 quod
1581 1632 1739 1660 .ludaaorum
1759 1632 1911 1659 excedebat

1115 1678 1314 1711 inﬁrmitatem,
1330 1678 1559 1712 quemadmodum
1571 1683 1599 1704 et
1616 1677 1715 1704 Sancta
1727 1682 1886 1705 sanctorum
1901 1687 1910 1707 :

1116 1727 1229 1758 propter
1240 1723 1312 1756 quod
1326 1722 1364 1749 eis
1379 1729 1430 1749 nec
1440 1721 1559 1748 Sabbata
1575 1725 1664 1748 erant.
1681 1720 1734 1747 Sed
1748 1724 1774 1747 et
1788 1720 1912 1746 cantico-

1117 1776 1177 1796 rum
1193 1768 1321 1801 Cantica;
1334 1775 1390 1794 non
1408 1768 1565 1803 intelligunt
1579 1767 1652 1793 enim
1678 1774 1774 1793 eorum
1795 1774 1856 1800 quae
1872 1765 1911 1792 ibi

1118 1815 1217 1850 scripta
1229 1819 1293 1841 sunt
1305 1815 1445 1841 virtutem.
1459 1814 1493 1840 Et
1506 1821 1586 1840 omne
1597 1813 1669 1847 quod
1690 1812 1841 1840 secundum
1869 1811 1912 1838 leo

1118 1869 1177 1896 gem
1187 1868 1325 1896 anagogen
1338 1860 1446 1894 recipit,
1458 1859 1511 1886 hoc
1523 1859 1655 1886 excedere
1665 1858 1821 1885 Judmorum
1831 1864 1912 1885 men-

1118 1913 1195 1933 suras
1211 1905 1405 1939 intelligamus.
1416 1904 1482 1940 dam
1497 1907 1591 1930 autem
1605 1903 1674 1935 vide,
1690 1903 1792 1937 quibus
1803 1910 1912 1930 sermo-

1116 1949 1199 1976 nibus
1215 1957 1281 1976 usus
1291 1953 1334 1975 est
1345 1956 1351 1974 :
1363 1947 1396 1974 Et
1405 1947 1523 1983 a/ﬂigetis
1538 1947 1642 1973 animus
1653 1952 1764 1973 vestras.
1781 1947 1828 1973 Die
1843 1954 1914 1974 nono

1117 1996 1213 2023 mensis
1225 1994 1329 2029 septimi
1341 2003 1356 2020 a
1369 2001 1473 2028 vespere
1490 2001 1571 2029 usque
1587 1994 1622 2019 ad
1641 2001 1777 2027 vesperum
1793 1993 1913 2019 celebra-

1118 2040 1178 2067 bitis
1203 2038 1323 2066 Sabbata
1348 2043 1446 2065 vestra.
1470 2037 1643 2073 Recapitulat
1668 2045 1733 2072 ergo
1751 2036 1914 2064 humilitatis

1117 2086 1242 2118 verbum,
1258 2085 1320 2120 quia
1334 2084 1492 2120 frequenter
1505 2084 1570 2111 illud
1579 2084 1705 2111 Christus
1717 2083 1822 2114 docuit,
1832 2083 1913 2118 quasi

1118 2137 1246 2157 coronam
1280 2133 1370 2156 autem
1401 2129 1486 2161 illam,
1522 2127 1697 2155 etvirtutum
1721 2127 1808 2154 basim
1828 2132 1915 2162 atque

1118 2172 1333 2205 subsistentiam,
1348 2172 1478 2206 apostolis
1490 2171 1642 2200 constituit.
1656 2171 1805 2206 lnquisilus
1824 2171 1913 2204 enim,

278 2219 416 2251 berrimus,
434 2224 457 2246 et
475 2220 609 2247 vocabitur
632 2225 749 2254 sanctus,
780 2221 949 2256 afﬂigetisque
960 2221 1065 2249 animos
1082 2221 1104 2248 D
1116 2218 1178 2253 quis
1192 2218 1278 2253 major
1286 2222 1358 2244 8550'-
1371 2218 1399 2244 in
1413 2225 1497 2253 regno
1514 2217 1659 2249 εαξιοτυιιι,
1675 2217 1818 2252 respondit
1833 2216 1916 2250 ἱραί·

278 2265 455 2292 vestrasineo
469 2267 511 2292 die
537 2274 604 2293 nano
628 2267 755 2294 memisa
780 2275 892 2302 vespere.
916 2268 1068 2296 Ostendere

278 2310 502 2346 propitiationem
518 2312 599 2339 nobis
611 2319 626 2338 a
656 2312 776 2346 peccatis
789 2313 917 2340 videlicet
930 2313 1069 2340 liberatio-

277 2364 341 2384 nem
358 2356 386 2383 in
398 2357 562 2390 humilitate,
578 2362 606 2385 et
621 2358 767 2385 alllictione
782 2358 880 2385 animas
897 2359 1000 2393 acquiri
1026 2359 1068 2386 le-

277 2402 390 2437 gislator
407 2403 555 2430 desiderat.
573 2403 650 2430 llauc
660 2408 752 2430 autem
767 2411 847 2438 agere
858 2411 875 2430 a
891 2411 1008 2438 vespere
1018 2404 1066 2431 de-

277 2449 384 2481 bemus,
397 2449 425 2476 id
440 2454 537 2482 est,ex
557 2449 615 2484 ipsa
629 2449 803 2484 paenitentia,
828 2450 901 2477 sicut
930 2450 1065 2484 incipien-

279 2498 319 2521 tes
340 2503 347 2521 :
364 2495 427 2529 quia
453 2500 482 2522 et
500 2495 626 2523 Christus
651 2495 759 2522 initium
789 2503 846 2522 suae
865 2495 1067 2530 praadicationis

278 2540 468 2574 paenitentiam
491 2541 566 2568 fecit.
581 2541 634 2568 Sed
661 2541 831 2576 pmnitentia:
855 2543 938 2568 vitam
966 2541 1067 2568 bonam

278 2585 508 2619 superaadiﬁcare,
539 2586 746 2621 perfectamque
772 2591 800 2614 et
826 2586 974 2614 virtutibus
997 2594 1066 2614 con-

278 2635 452 2665 summatam,
463 2639 575 2660 necesse
603 2633 745 2660 habemus.
774 2632 808 2660 Et
829 2637 973 2668 propterea
999 2634 1066 2660 sub-

278 2676 365 2704 didit:

313 2723 349 2751 Et
363 2723 475 2758 oﬂeretis
494 2723 677 2751 holocaustum
693 2723 815 2751 Domino.
830 2723 912 2752 Omne
926 2732 990 2759 opus
1017 2732 1070 2751 non

315 2821 338 2857 ἐ
357 2821 366 2848 ι
381 2821 446 2850 Cor.
459 2823 550 2857 3,11.

589 2823 612 2839 ⁵⁸
621 2823 716 2852 Matth.
732 2831 771 2857 ιι,
787 2822 832 2850 29.

280 2863 319 2890 Ἣ,
328 2856 374 2891 25,
383 2857 427 2885 28.

890 2824 911 2840 ⁶¹
925 2822 1027 2859 Philip.
1047 2830 1079 2857 ll,
1092 2822 1118 2851 8.

1117 2271 1218 2298 cunque
1238 2263 1416 2290 humiliaverit
1431 2271 1458 2290 se
1474 2263 1542 2289 sicut
1564 2263 1692 2298 parvulus
1706 2263 1758 2296 hir,
1769 2263 1817 2290 iste
1825 2263 1916 2297 major

1120 2315 1157 2337 est
1172 2311 1200 2336 in
1215 2318 1295 2345 regno
1306 2309 1439 2336 caelorum.
1456 2309 1533 2342 Quod
1545 2314 1637 2336 autem
1654 2309 1721 2336 dixit
1737 2317 1744 2336 :
1762 2309 1784 2336 Δ
1799 2316 1915 2344 vespere

1118 2363 1204 2391 usque
1214 2355 1247 2383 ad
1261 2363 1417 2391 vesperum.
1433 2361 1527 2390 aperte
1545 2356 1664 2383 volentis
1684 2360 1849 2390 estsemper
1862 2364 1914 2383 su-

1119 2402 1289 2438 perﬁuorum
1318 2406 1346 2429 et
1360 2410 1492 2429 vanorum
1517 2402 1688 2429 vacationem
1707 2403 1821 2430 studeri.
1836 2401 1916 2429 Unde

1120 2449 1250 2476 Dominus
1263 2455 1316 2475 nec
1337 2455 1450 2475 causam
1477 2448 1570 2475 dicere
1609 2449 1759 2480 concedit;
1784 2449 1918 2483 pnecepit

1119 2495 1299 2528 enim,ueque
1308 2493 1342 2520 de
1356 2494 1459 2525 tunica.
1468 2501 1557 2528 neque
1568 2494 1602 2521 de
1614 2498 1690 2521 veste
1702 2493 1807 2528 litigare
1818 2492 1855 2525 “,
1867 2494 1916 2520 sed

1117 2547 1171 2567 nec
1181 2540 1301 2574 cogitare
1312 2538 1379 2574 quid
1399 2539 1573 2571 comedatur,
1587 2544 1636 2566 aut
1653 2539 1719 2574 quid
1735 2539 1855 2570 bibatur,
1868 2545 1918 2566 aut

1117 2585 1182 2620 quid
1200 2586 1331 2612 vestiatur
1345 2585 1378 2618 “,
1393 2593 1487 2612 verum
1507 2585 1565 2620 ipse
1595 2585 1709 2617 docens,
1741 2588 1767 2612 et
1781 2585 1917 2612 Sabbalo-

1118 2639 1178 2659 rum
1201 2632 1368 2659 annuntians
1382 2631 1543 2666 Sabbatum,
1572 2632 1599 2659 in
1610 2639 1664 2667 quo
1675 2639 1756 2658 omne
1767 2636 1868 2663 cessat,
1890 2636 1918 2659 et

1123 2678 1179 2706 sola
1195 2686 1255 2712 quae
1272 2678 1318 2705 Dei
1333 2683 1407 2711 sunt,
1434 2679 1628 2712 ostenduntur,
1658 2679 1715 2706 sola
1738 2679 1919 2714 porriguntur

1123 2731 1183 2759 quae
1194 2724 1269 2752 utilia
1282 2728 1357 2757 sunt,
1370 2729 1452 2760 atque
1466 2725 1618 2760 expediunt
1633 2725 1741 2753 animm.

1172 2823 1194 2839 "
1205 2821 1285 2850 Joan.
1303 2832 1341 2857 vi,
1352 2824 1397 2851 27.
1449 2825 1471 2841 "
1487 2823 1583 2852 Matth.
1598 2833 1677 2858 xvnt,
1693 2825 1720 2852 ι.
1774 2824 1797 2840 ⁸⁸
1818 2823 1918 2853 Matth.
