2056 3148
168 202 236 233 1093

741 201 780 231 ΙΝ
804 200 1024 232 LEVITICUM.
1037 215 1071 222 --
1091 202 1164 233 LIB.
1183 203 1240 234 VI.

1733 209 1803 243 1094

199 261 281 287 Vens.
301 258 396 286 55-56.
415 269 424 285 ‹
453 259 486 286 Et
499 259 606 286 locutus
625 263 667 286 est
688 258 819 285 Dominus
831 258 864 286 ad
880 258 954 294 Moy-
970 262 991 290 Α
1007 259 1171 295 initiumque
1194 261 1254 296 ejus
1273 267 1301 289 et
1321 262 1405 290 basis.
1429 261 1538 291 Primus
1574 265 1696 300 quidem,
1729 269 1802 296 sicut

164 313 223 337 seu,
236 304 333 331 dicens
349 313 356 330 :
372 305 498 338 L'oquere
512 304 574 331 ﬁliis
592 304 697 331 lsrael:
716 305 737 330 Α
758 305 855 338 quinto
877 304 954 331 deci-

164 359 210 378 mo
223 351 267 377 die
282 351 386 377 mensis
405 351 487 386 hujus
502 350 623 385 septimi,
638 354 718 377 erunt
737 350 812 377 ferite
827 350 956 377 taberna-

164 395 288 422 culorum
300 399 405 429 septem
418 394 514 421 diebus
531 393 656 421 Domino.
674 393 737 421 Dies
755 394 861 428 primus
873 401 956 421 voca-

164 442 239 469 bitur
257 440 453 468 celeberrimus
465 444 545 474 atque
561 440 760 467 sanctissimus.
785 439 872 467 Omne
886 447 956 474 opus

165 487 329 515 servilenon
343 485 458 519 facietis,
471 490 499 513 et
511 490 616 520 septem
636 485 733 513 diebus
763 484 888 513 oii'eretis
903 485 955 512 ho-

166 522 289 561 locausta
305 532 430 559 Domino.
450 532 510 559 Dies
521 539 630 567 quoque
640 536 755 559 octavus
767 532 820 559 erit
834 532 956 559 celeber-

168 578 254 604 rimus
269 581 350 612 atque
362 576 561 608 sanctissimus,
578 582 605 603 et
628 576 751 603 olieretis
766 577 955 608 holocaustum

168 622 294 650 Domino.
311 622 358 649 Est
365 622 437 648 enim
450 626 537 648 ccetus
551 625 633 656 atque
647 622 771 649 collecta.
784 622 872 649 Omne
886 630 956 657 opus

167 667 266 696 servile
279 675 335 694 non
350 666 456 694 facietis
470 667 496 693 in
512 675 554 693 eo.
575 676 584 692 ι

204 713 254 740 llic
269 720 401 747 usurpare
410 713 572 747 sapientiam
589 713 682 740 saeculi
709 718 737 740 et
767 713 955 741 transitorium

167 759 228 793 ejus
243 765 334 789 nosse,
348 762 375 784 et
394 757 553 792 temporale,
572 764 627 784 non
640 758 729 785 solum
756 759 794 786 ait
817 759 957 794 legislato-

168 812 226 831 rem
245 803 409 839 signiﬁcare,
426 803 474 830 sed
483 807 510 830 et
524 807 652 837 oportere
679 803 788 831 oculum
805 805 907 831 habere
922 805 956 832 ad

167 850 299 877 saeculum
315 849 449 876 futurum.
462 847 519 875 Hoe
543 855 609 883 ergo
622 853 650 875 et
676 856 725 883 per
744 857 899 881 numerum,
929 855 956 878 et

166 903 217 931 per
232 894 405 923 tabernacula
418 893 477 921 sine
492 893 582 928 aliqua
606 894 776 921 dubitatione
789 895 910 923 invenies
923 896 955 923 ﬁ-

1007 304 1170 340 principium
1184 306 1209 332 in
1225 306 1336 334 Christo
1350 309 1576 342 conversationis,
1606 315 1633 338 et
1657 313 1800 340 exordium

1007 350 1162 378 futurortun
1179 357 1231 379 est.
1245 352 1363 381 Octavus
1374 359 1476 387 autem,
1492 359 1523 381 ut
1537 355 1582 389 qui
1601 362 1728 390 praesenti
1739 366 1801 385 suc-

1007 397 1081 424 cedit
1107 399 1207 425 saeculo
1228 406 1310 434 quem
1339 401 1471 435 septimus
1493 409 1625 429 numerus
1647 403 1801 438 signiﬁcare

1007 442 1117 469 dicitur.
1132 442 1186 470 Sed
1197 448 1224 471 et
1242 444 1263 470 si
1279 444 1393 478 quishic
1403 445 1473 473 sicut
1483 446 1510 472 in
1535 447 1712 474 tabernaculo
1728 449 1801 476 habi-

1007 490 1056 518 tat,
1069 492 1098 514 et
1109 487 1179 514 sicut
1198 489 1387 523 pertransiens
1415 491 1558 523 mundum,
1573 491 1616 519 hic
1633 492 1701 520 vivit
1719 501 1726 521 :
1745 493 1800 521 iste

1007 531 1058 559 etsi
1074 532 1191 559 necdum
1206 541 1247 566 re,
1260 538 1351 561 tamen
1362 534 1400 561 rei
1417 535 1517 562 virtute
1532 535 1588 570 jam
1612 536 1733 564 futurum
1749 545 1801 565 sa:-

1007 577 1252 605 culnmhabetzid
1265 587 1359 614 agens,
1385 580 1456 615 quod
1468 588 1557 616 neque
1585 582 1618 609 ad
1653 584 1798 611 materiam

1008 624 1138 657 pertinet,
1157 632 1246 659 neque
1270 626 1303 652 ad
1330 625 1556 660 inquietudinem,
1574 629 1646 663 quod
1661 629 1734 658 illius
1758 635 1802 658 est

1008 670 1148 704 proprium
1167 676 1279 705 propter
1291 672 1363 706 quod
1376 676 1404 699 et
1428 673 1560 700 Dominus
1594 675 1735 709 apostolis,
1757 680 1801 703 ut-

1008 721 1073 750 pote
1097 716 1178 743 talem
1196 717 1382 744 hazreditatem
1400 719 1562 754 cligentibus
1584 721 1655 753 vitaz,
1668 721 1776 750 dicebat
1792 731 1799 749 :

1008 761 1126 796 Regnum
1140 761 1189 788 Dei
1203 763 1275 790 intra
1291 772 1335 790 vos
1349 768 1387 790 est
1405 765 1437 791 ".
1454 764 1506 792 Sed
1523 771 1551 792 et
1567 765 1631 793 illud
1646 768 1799 795 secundum

1008 806 1079 833 LXX
1095 808 1244 835 notandum
1261 813 1311 840 est,
1330 809 1393 844 quia
1421 811 1540 845 primum
1551 812 1660 846 quidem
1676 814 1800 841 vocalem
1849 819 1854 822 ‘

1007 857 1132 879 sanctum
1149 854 1209 880 sine
1218 854 1404 882 additameuto
1420 860 1447 882 et
1473 857 1649 885 distinctione
1678 859 1802 886 nomina-

1008 897 1058 924 vit.
1071 897 1108 924 De
1120 904 1218 925 octavo
1230 903 1322 926 autem
1335 901 1457 927 vocalem
1483 907 1609 929 sanctum
1627 903 1733 936 dicens,
1752 905 1802 931 ad-

167 947 306 978 guratum.
323 940 423 973 Quinta
441 940 545 966 decima
575 939 708 974 siquidem
721 940 765 968 die
779 941 901 968 inchoari
917 941 957 968 fe—
974 934 995 960 Β
1009 943 1089 975 didit,
1102 944 1151 970 erit
1165 944 1246 976 vobis,
1263 949 1293 971 ut
1308 946 1381 980 quod
1389 946 1456 973 dixit
1471 955 1478 973 :
1499 948 1559 980 erit,
1575 955 1608 975 ex
1626 956 1660 976 eo
1678 934 1801 977 futurum

167 988 315 1015 stivitatem
333 986 472 1021 praecepit.
489 985 529 1012 Ex
555 989 660 1020 septem
681 990 771 1013 autent
784 991 812 1014 et
828 991 890 1014 octo
913 987 958 1014 hic

168 1037 210 1060 est
237 1039 368 1060 numerus
394 1029 572 1065 compositus,
601 1038 716 1065 quorum
755 1039 826 1058 unus
848 1031 957 1066 quidem

167 1081 291 1114 praesens
302 1077 442 1109 saeculum,
451 1077 520 1104 alter
526 1081 617 1103 autem
634 1076 731 1111 ﬁgurat
740 1076 873 1103 futurum.
882 1076 959 1104 Unde

167 1133 196 1154 et
216 1125 389 1153 festivitatem
409 1128 513 1159 septem
544 1124 641 1151 diebus
655 1124 838 1151 consummari
866 1124 960 1158 praeci-

169 1173 259 1208 piens,
288 1173 356 1199 alios
370 1179 464 1199 rursus
498 1172 557 1198 dies
571 1171 765 1199 celeberrimos
790 1175 871 1205 atque
895 1179 960 1198 san-

169 1219 308 1246 ctissimos
327 1217 564 1249 commemoravit,
581 1221 675 1244 etnec
696 1216 879 1243 dinumeravit
899 1224 961 1243 eam

169 1273 232 1292 cum
256 1269 374 1299 septem,
393 1263 439 1290 sui
457 1263 548 1298 posuit
564 1267 912 1297 sequentem,etsemmam
927 1263 961 1290 ab

169 1311 242 1343 aliis,
255 1311 326 1337 sicut
347 1311 468 1337 futurum
485 1309 614 1336 sarculum
628 1309 753 1342 sequitur
767 1309 876 1343 quidem
889 1317 961 1344 prte—

169 1365 244 1388 scus,
260 1357 334 1384 aliud
352 1361 443 1382 autem
460 1363 540 1390 quam
556 1355 608 1382 hoc
619 1359 670 1381 cst.
688 1354 799 1388 Septem
811 1363 877 1390 ergo
902 1356 961 1382 die.

169 1403 223 1430 bus
231 1402 405 1430 festivitatem
415 1401 665 1428 Tabernaculorum
674 1401 830 1435 appellavit.
839 1401 961 1434 Quicun-

170 1457 225 1486 que
240 1449 314 1476 enim
332 1452 362 1475 ut
379 1447 557 1475 tabernaculo
582 1451 718 1480 praesente
736 1446 840 1474 mundo
864 1447 961 1481 utitur,

172 1496 216 1524 hic
231 1495 406 1523 festivitatem
434 1493 461 1520 in
479 1500 512 1520 co
545 1492 657 1525 habere,
689 1497 717 1519 et
741 1493 825 1520 laetari
851 1498 963 1528 propter

172 1541 256 1570 futuri
280 1539 514 1574 exspectationem
540 1542 641 1573 potest,
659 1543 687 1565 et
708 1538 866 1574 quicunque
900 1539 961 1572 scit,

170 1587 235 1622 quia
249 1586 271 1614 si
288 1591 398 1612 terrena
411 1585 510 1612 domus
535 1583 713 1610 habitationis
729 1583 811 1618 hujus
834 1583 965 1611 dissolva-

171 1638 227 1663 tur,
239 1631 381 1659 a'diﬁcatio
401 1638 456 1656 non
473 1629 629 1656 manufacta
644 1637 707 1656 eum
724 1629 750 1656 in
772 1629 849 1657 ctelis
875 1630 964 1657 susci-

171 1678 238 1712 piat.
252 1676 371 1704 Primam
389 1679 481 1702 autem
511 1679 617 1710 septem
634 1675 740 1702 dierum
755 1675 963 1702 celeberrimam

171 1729 254 1759 atque
268 1722 470 1750 sanctissimam
484 1721 642 1756 appellavit.
672 1721 723 1754 Qui
741 1721 815 1748 enim
831 1721 964 1756 scitprm-

170 1771 295 1798 sentibus
320 1774 449 1804 tanquam
467 1768 644 1796 tabernaculo
668 1768 717 1798 uti.
737 1768 824 1803 prima
839 1768 908 1800 dies,
936 1768 962 1795 id

170 1821 214 1845 est
228 1816 338 1843 initium
359 1814 563 1850 etprincipium
593 1822 608 1840 a
637 1814 854 1842 sanctiﬁcatione
880 1821 964 1842 voea-

174 1864 256 1891 tionis
274 1862 380 1897 incipit,
398 1866 544 1896 propterea
554 1865 582 1888 et
595 1860 677 1887 nimis
690 1866 894 1895 consequenter
909 1854 961 1887 ait:

171 1909 254 1937 Omne
270 1916 334 1943 opus
343 1907 434 1934 seruile
450 1915 501 1934 non
511 1907 623 1941 facietis.
639 1906 707 1939 Quia
726 1907 793 1933 nulli
816 1906 844 1933 in
864 1907 963 1933 saaculo

172 1955 308 1986 serviunt,
318 1953 365 1988 qui
378 1958 509 1987 tanquam
531 1952 737 1979 tabernaculum
760 1955 789 1978 et
807 1952 963 1979 transitoria

171 2010 203 2030 ea
218 2009 279 2036 qua:
296 2001 322 2028 ih
339 2008 373 2027 eo
387 2004 461 2031 sunt,
480 1999 635 2026 attendunt.
652 1997 739 2025 Sedet
756 2002 858 2032 septem
868 1997 964 2025 diebus

172 2047 331 2075 holocausta
351 2045 443 2072 ollerri
459 2043 601 2079 prgcepit,
615 2043 763 2070 ostendens
772 2047 901 2077 oportere
914 2050 963 2078 per

171 2101 254 2121 omne
280 2097 387 2126 tempus
417 2090 565 2126 perfectam
601 2089 838 2116 conversationem
874 2088 962 2123 sequi.

171 2140 287 2174 Quando
314 2146 379 2173 ergo
405 2138 446 2164 sic
470 2139 634 2172 praesentem
663 2135 746 2162 vitam
764 2134 960 2169 percurrimus,

173 2192 238 2214 tunc
269 2177 477 2212 celeberrimum
502 2186 584 2217 atque
611 2180 813 2208 sanctissimum
836 2184 961 2207 octavum

170 2232 258 2263 diem,
276 2230 399 2258 seculum
409 2228 536 2256 videlicet
546 2227 667 2254 futurum
683 2226 826 2257 habemus,
844 2229 962 2253 vocante

1008 989 1184 1024 signiﬁcaret,
1200 990 1404 1018 distinctionem
1420 997 1511 1019 autem
1538 993 1609 1027 ejus,
1624 994 1697 1028 quod
1722 994 1802 1026 dixit,

1011 1034 1092 1066 vobis,
1111 1035 1360 1071 ostenderet:quia
1373 1037 1477 1071 primus
1493 1038 1604 1072 quidem
1620 1039 1746 1066 omnibus
1755 1047 1803 1066 vo-

1009 1081 1075 1107 calis
1087 1084 1233 1108 etsauctus
1257 1087 1309 1114 est,
1331 1083 1396 1117 quia
1421 1091 1518 1111 omnes
1542 1084 1586 1111 hic
1601 1089 1628 1112 et
1639 1085 1697 1112 sine
1710 1085 1806 1112 distill-

1010 1126 1114 1159 rtione,
1128 1126 1161 1153 ad
1176 1127 1431 1160 sanctiﬁcationem,
1459 1134 1486 1156 et
1496 1129 1528 1157 ad
1552 1130 1623 1157 bene
1644 1131 1803 1164 vivendum,

1009 1176 1037 1198 et
1052 1171 1085 1198 ad
1102 1180 1213 1199 cursum
1226 1173 1392 1201 haereditatis
1408 1174 1562 1202 futurorum
1580 1176 1715 1203 bonorum
1749 1177 1804 1203 Do-

1011 1219 1103 1246 minus
1121 1219 1240 1251 vocavit,
1252 1227 1314 1247 nam
1339 1225 1367 1247 et
1382 1221 1441 1248 sine
1453 1222 1506 1248 ulla
1517 1222 1693 1250 distinctione
1704 1224 1803 1258 praedi-

1010 1265 1092 1292 cabat
1108 1273 1115 1292 :
1135 1265 1225 1292 Venite
1237 1266 1273 1292 ad
1285 1274 1325 1292 me
1339 1274 1436 1299 omnes,
1451 1268 1497 1301 qui
1511 1267 1648 1300 laboratis,
1663 1273 1687 1296 et
1702 1270 1804 1296 onerati

1011 1311 1082 1342 estis,
1100 1315 1125 1337 et
1139 1319 1185 1346 ego
1201 1311 1320 1345 reﬁciant
1331 1319 1376 1338 vos
1398 1313 1430 1339 ¹¹¹¹.
1450 1313 1478 1339 in
1495 1313 1587 1340 futuro
1599 1318 1689 1341 autem
1698 1317 1805 1343 vocatio

1011 1356 1182 1384 hazrcditatis
1198 1357 1344 1388 bonorum,
1360 1365 1414 1384 non
1432 1359 1552 1385 omnium
1570 1364 1622 1390 est.
1639 1360 1685 1387 sed
1695 1368 1802 1394 eorum,

1011 1402 1059 1437 qui
1071 1407 1232 1437 praesentem
1249 1404 1420 1431 vocationem
1454 1410 1644 1440 susceperunt,
1671 1410 1698 1433 et
1713 1407 1805 1434 taber-

1014 1448 1173 1475 naculorum
1188 1448 1374 1482 festivitatem,
1391 1450 1514 1477 scientes
1541 1451 1604 1486 quia
1634 1453 1756 1487 praeterit
1776 1453 1806 1480 ﬁ-

1014 1501 1080 1528 gura
1105 1494 1187 1529 hujus
1218 1495 1324 1527 mundi,
1361 1496 1562 1524 custodierunt.
1594 1498 1708 1532 Propter
1730 1500 1804 1534 quod

1014 1540 1086 1567 vobis
1098 1541 1168 1567 dixit
1193 1541 1245 1568 illis
1266 1541 1441 1574 exclamans,
1465 1543 1511 1577 qui
1531 1543 1570 1570 sic
1581 1544 1718 1572 vixerunt.
1741 1545 1805 1573 Haec

978 1607 1000 1635 c
1017 1594 1046 1613 se
1060 1586 1095 1613 ita
1118 1586 1229 1619 habere,
1256 1587 1314 1622 ipse
1328 1587 1425 1615 iterum
1441 1589 1578 1616 ostendit:
1593 1590 1639 1624 qui
1653 1590 1726 1618 enim
1760 1592 1805 1618 hic

1017 1633 1086 1660 dixit
1101 1640 1107 1658 :
1126 1633 1213 1660 Venite
1228 1636 1263 1660 ad
1280 1642 1321 1660 me
1332 1642 1421 1661 omnes
1432 1635 1476 1670 qui
1488 1635 1626 1668 laboratis,
1651 1641 1675 1663 et
1701 1639 1804 1664 onerati

1015 1680 1088 1712 estis,
1105 1684 1129 1706 et
1148 1688 1195 1714 ego
1218 1680 1336 1714 reﬁciam
1348 1688 1403 1712 vos,
1422 1681 1450 1707 in
1467 1681 1588 1716 requiem
1604 1682 1732 1710 videlicet
1758 1684 1804 1710 l'u-

1015 1727 1068 1752 turi
1081 1745 1087 1755 .
1107 1725 1146 1752 sic
1160 1733 1254 1753 rursus
1269 1726 1392 1761 quaedam
1417 1727 1483 1754 dicit
1499 1728 1533 1755 de
1549 1727 1641 1755 futuro
1658 1737 1664 1755 :
1700 1728 1802 1761 Venite,

1014 1771 1142 1798 benedicti
1164 1771 1256 1799 Patria
1272 1773 1331 1806 mei,
1358 1774 1484 1808 percipite
1514 1783 1622 1809 regnum
1646 1776 1715 1810 quod
1733 1776 1804 1803 vobis

1014 1822 1196 1852 prmparatum
1211 1819 1299 1845 est":
1316 1819 1482 1847 subtrahens
1509 1820 1561 1847 hoc
1585 1821 1658 1855 quod
1685 1821 1803 1856 dixerat,

1014 1871 1103 1890 omnes
1128 1871 1136 1890 .'
1168 1864 1231 1898 quia
1261 1865 1337 1891 multi
1368 1866 1473 1900 quidem
1502 1867 1600 1899 vocati,
1638 1867 1717 1901 pauci
1743 1876 1804 1895 vero

1014 1909 1089 1936 electi
1103 1910 1136 1935 ".

1051 1954 1133 1982 Vens.
1148 1954 1193 1985 37.
1210 1954 1254 1981 58.
1271 1963 1280 1979 t
1300 1954 1346 1982 the
1364 1960 1427 1982 sunt
1445 1955 1520 1983 feria:
1533 1956 1652 1991 Domini,
1671 1965 1740 1993 quas
1757 1967 1804 1987 vo-

1014 2000 1114 2027 cabitis
1127 2000 1320 2027 celeberrimas
1345 2005 1429 2035 atque
1442 2001 1640 2034 sanctissimas,
1668 2004 1804 2032 oll'eretis-

1014 2053 1067 2080 que
1089 2045 1117 2072 in
1142 2046 1183 2072 eis
1198 2045 1352 2073 oblationes
1372 2045 1489 2074 Domino
1516 2048 1673 2076 holocausta
1693 2054 1722 2077 et
1738 2050 1805 2078 liba-

1014 2096 1115 2124 menta,
1128 2092 1206 2126 juxta
1222 2092 1304 2118 ritum
1318 2092 1534 2128 uniuscujusque
1546 2094 1609 2125 dici,
1628 2096 1804 2130 exceptisque

1014 2137 1139 2165 Sabbatis
1158 2138 1276 2170 Domini,
1288 2138 1422 2173 donisque
1446 2139 1545 2166 vestris
1557 2144 1586 2167 et
1599 2148 1660 2174 qua:
1682 2141 1805 2169 oti'cretis

1014 2192 1048 2211 ex
1062 2188 1137 2215 voto,
1154 2184 1195 2211 vel
1207 2191 1269 2218 quae
1280 2188 1378 2218 sponte
1394 2184 1515 2212 tribuitis
1530 2184 1658 2214 Domino.
1683 2196 1693 2212 ι

1049 2229 1115 2257 Vide
1142 2229 1201 2256 illas
1216 2229 1379 2264 apostolicas
1399 2237 1482 2257 voces
1503 2239 1510 2257 :
1537 2231 1646 2267 Semper
1671 2234 1802 2268 gaudete,

171 2285 223 2305 nos
238 2277 265 2304 in
283 2279 434 2311 praeparata
459 2273 562 2301 sanctis
576 2274 656 2304 bona,
681 2280 714 2299 eo
732 2272 778 2307 qui
805 2280 856 2299 nos
878 2276 905 2299 et
933 2272 961 2300 in
979 2284 1000 2311 ι)
1014 2275 1071 2302 sine
1090 2275 1284 2302 intermissione
1297 2279 1381 2308 orate,
1394 2276 1421 2302 in
1443 2277 1562 2303 omnibus
1579 2279 1681 2313 gratias
1692 2279 1804 2313 agitem

173 2323 225 2350 hac
235 2321 443 2350 conversatione
458 2320 578 2347 vocavit:
605 2326 667 2346 nam
682 2323 710 2346 et
733 2318 805 2345 LXX
816 2319 855 2346 sic
868 2319 964 2346 edide-

174 2373 238 2396 runt
248 2378 254 2395 :
264 2369 324 2395 Dies
332 2372 439 2394 octavus
447 2366 544 2394 vocalis
554 2369 661 2392 sanctus
669 2365 730 2391 erit.
741 2363 817 2391 Tunc
826 2372 891 2400 ergo
901 2365 966 2392 olfe-

173 2417 259 2443 rimus
272 2415 429 2442 holocausta
440 2413 556 2440 Domino
567 2420 628 2447 quae
645 2412 691 2439 hic
702 2412 964 2446 prmparavcrimus.

209 2462 256 2488 Est
285 2461 353 2488 enim
382 2464 463 2487 cactus
475 2464 553 2494 atque
566 2458 686 2485 collecta.
717 2456 764 2484 Vel
781 2457 852 2485 sicut
868 2457 940 2484 LXX
957 2467 963 2485 :

174 2507 305 2542 Egressus
320 2511 369 2538 est,
393 2505 456 2540 quia
474 2505 538 2532 hinc
551 2504 652 2535 exitus,
674 2503 730 2530 illic
749 2503 882 2530 habitatio
910 2508 963 2536 est,

173 2554 245 2580 sicut
260 2553 298 2580 ait
308 2552 409 2579 Paulus
429 2559 436 2577 :
453 2551 537 2586 Cupio
548 2549 654 2578 dissolvi
679 2554 702 2576 et
717 2557 773 2576 esse
807 2558 865 2576 cum
885 2549 965 2576 Chri-

173 2601 255 2627 uo".
271 2599 358 2626 Omne
371 2606 441 2634 opus
454 2598 553 2626 servile
570 2605 626 2624 non
652 2596 796 2627 faciemus,
813 2597 876 2630 quia
893 2596 966 2623 sicut

173 2646 262 2682 angeli
284 2646 330 2672 Dei
358 2650 482 2680 tempore
507 2644 554 2671 illo
581 2643 694 2671 erimus.
721 2642 773 2669 Sed
786 2646 815 2669 et
826 2642 878 2669 hoc
888 2646 963 2674 nota,

174 2692 313 2727 quomodo
341 2691 436 2718 eadem
459 2690 493 2718 de
508 2690 599 2724 primo
619 2693 647 2715 et
678 2693 775 2716 octavo
791 2688 868 2720 dicit,
901 2688 965 2722 quia

175 2739 258 2766 unius
270 2737 472 2773 quodammodo
486 2741 601 2771 uterque
620 2734 728 2762 virtutis
746 2737 823 2766 sunt,
842 2740 967 2760 resurre-

175 2784 276 2814 ctionis
293 2785 392 2820 quippe
401 2784 459 2812 dies
467 2791 528 2819 quae
540 2787 582 2811 est
597 2781 750 2810 substantia
765 2780 850 2808 futuri
861 2779 965 2813 saculi,

212 2875 234 2891 "
250 2875 351 2910 Philip.
366 2883 385 2907 ι,
398 2874 444 2903 ΞΒ.
483 2874 504 2890 ⁸⁵
515 2873 580 2901 Luc.
597 2879 662 2905 xvn,
677 2871 722 2899 9|.

176 2917 205 2944 ν,
224 2911 314 2939 16-18.

763 2872 785 2887 ⁵⁷
803 2870 897 2899 Matth.
912 2869 1009 2903 χι,Ξὸ-

1014 2319 1141 2347 Consona
1163 2319 1292 2347 videntur
1328 2328 1391 2348 esse
1420 2322 1478 2348 haec
1492 2323 1672 2356 prmsentibus
1682 2323 1806 2351 Mosaicae

1015 2367 1164 2395 sanctionis
1178 2367 1278 2394 verbis.
1296 2367 1366 2394 Ecce
1391 2367 1464 2395 enim
1480 2368 1643 2396 festivitates
1672 2370 1805 2404 quasdam

1016 2413 1169 2449 pracipuas
1184 2413 1322 2449 legislator
1334 2421 1486 2449 exponens,
1509 2422 1576 2450 quas
1608 2420 1636 2442 et
1658 2415 1804 2443 celeberri-

1015 2468 1076 2487 mas
1094 2464 1176 2495 atque
1194 2465 1302 2487 sanctas
1323 2461 1486 2494 nominavit,
1515 2461 1723 2496 permiscuiteis
1735 2469 1805 2497 quo-

1018 2507 1119 2535 tidiana
1134 2507 1264 2534 libamina
1277 2512 1304 2534 et
1319 2507 1465 2534 sacriﬁcia.

1053 2551 1104 2578 Ila:
1117 2556 1177 2578 sunt
1188 2552 1257 2578 enim
1270 2552 1345 2587 feria:
1361 2552 1468 2579 Domini
1493 2560 1560 2586 quas
1585 2552 1710 2580 vocabili:
1738 2553 1807 2581 cele-

1016 2597 1145 2624 berrimas
1153 2602 1233 2630 atque
1242 2598 1432 2624 sanctissimas.
1450 2598 1483 2624 Et
1497 2605 1558 2624 cum
1587 2599 1808 2632 op0rterethanc

1016 2647 1064 2669 aut
1076 2642 1149 2669 illam
1161 2642 1263 2675 dicere,
1279 2650 1335 2670 non
1347 2643 1387 2670 sic
1398 2642 1474 2674 dixit,
1492 2642 1539 2670 sed
1555 2643 1677 2670 subdidit
1690 2652 1698 2668 :
1708 2643 1808 2679 Oﬁ'ere-

1018 2688 1102 2723 lisque
1117 2688 1145 2714 in
1155 2688 1192 2715 eis
1206 2688 1350 2715 oblationes
1377 2688 1490 2714 Domino
1511 2688 1665 2716 holocausta
1688 2694 1713 2716 et
1740 2689 1808 2716 liba-

1021 2734 1208 2768 menta,jua:ta
1234 2734 1315 2761 ritum
1332 2733 1536 2768 uniuscujusque
1556 2734 1619 2763 diei.
1635 2733 1669 2761 Et
1682 2734 1739 2768 ipse
1757 2741 1808 2761 nos

1021 2779 1151 2815 gaudere,
1174 2783 1202 2807 et
1220 2779 1395 2807 festivitatem
1428 2786 1519 2814 agere,
1545 2783 1573 2807 et
1583 2781 1644 2807 sine
1668 2778 1808 2807 intermis-

1050 2868 1073 2884 "
1083 2867 1178 2896 Matth.
1191 2875 1254 2901 xxv,
1270 2866 1314 2894 54.
1352 2866 1374 2883 "
1390 2865 1485 2894 Matth.
1497 2873 1566 2900 xx",
1580 2865 1624 2894 η.
1662 2864 1707 2893 ⁷⁸1
1725 2864 1810 2894 Thes.
