  <div class='ocr_page' id='page_1' title='image "/cluster/home/n/w/nwhite01/storage/ocr_20150623/93/njp.32101077772836/617.png"; bbox 0 0 2056 3148; ppageno 0'>
   <div class='ocr_carea' id='block_1_1' title="bbox 265 163 333 196">
    <p class='ocr_par' dir='ltr' id='par_1_1' title="bbox 265 163 333 196">
     <span class='ocr_line' id='line_1_1' title="bbox 265 163 333 196; baseline 0 0"><span class='ocrx_word' id='word_1_1' title='bbox 265 163 333 196; x_wconf 72' lang='grc'><strong>1095</strong></span> 
     </span>
    </p>
   </div>
   <div class='ocr_carea' id='block_1_2' title="bbox 858 163 1294 194">
    <p class='ocr_par' dir='ltr' id='par_1_2' title="bbox 858 163 1294 194">
     <span class='ocr_line' id='line_1_2' title="bbox 858 163 1294 194; baseline -0.005 0"><span class='ocrx_word' id='word_1_2' title='bbox 858 164 1038 194; x_wconf 80' lang='lat' dir='ltr'><strong>IIES‘YCHII</strong></span> <span class='ocrx_word' id='word_1_3' title='bbox 1057 163 1294 193; x_wconf 81' lang='lat' dir='ltr'><strong>PRESBYTERI</strong></span> 
     </span>
    </p>
   </div>
   <div class='ocr_carea' id='block_1_3' title="bbox 1824 156 1892 190">
    <p class='ocr_par' dir='ltr' id='par_1_3' title="bbox 1824 156 1892 190">
     <span class='ocr_line' id='line_1_3' title="bbox 1824 156 1892 190; baseline 0.029 -2"><span class='ocrx_word' id='word_1_4' title='bbox 1824 156 1892 190; x_wconf 82' lang='lat' dir='ltr'><strong>109G</strong></span> 
     </span>
    </p>
   </div>
   <div class='ocr_carea' id='block_1_4' title="bbox 263 214 1893 255">
    <p class='ocr_par' dir='ltr' id='par_1_4' title="bbox 263 214 1893 255">
     <span class='ocr_line' id='line_1_4' title="bbox 263 214 1893 255; baseline -0.006 -7"><span class='ocrx_word' id='word_1_5' title='bbox 263 222 340 250; x_wconf 81' lang='lat' dir='ltr'><strong>sione</strong></span> <span class='ocrx_word' id='word_1_6' title='bbox 351 228 430 249; x_wconf 90' lang='lat' dir='ltr'><strong>orare</strong></span> <span class='ocrx_word' id='word_1_7' title='bbox 445 220 512 247; x_wconf 80' lang='lat' dir='ltr'><strong>vult.</strong></span> <span class='ocrx_word' id='word_1_8' title='bbox 531 219 588 246; x_wconf 85' lang='lat' dir='ltr'><strong>Hoc</strong></span> <span class='ocrx_word' id='word_1_9' title='bbox 605 224 647 247; x_wconf 91' lang='lat' dir='ltr'><strong>cst</strong></span> <span class='ocrx_word' id='word_1_10' title='bbox 657 227 722 255; x_wconf 79' lang='lat' dir='ltr'><strong>ergo</strong></span> <span class='ocrx_word' id='word_1_11' title='bbox 736 220 893 255; x_wconf 82' lang='lat' dir='ltr'><strong>quotidiana</strong></span> <span class='ocrx_word' id='word_1_12' title='bbox 903 220 1008 252; x_wconf 87' lang='lat' dir='ltr'><strong>libatio,</strong></span> <span class='ocrx_word' id='word_1_13' title='bbox 1023 224 1051 247; x_wconf 88' lang='lat' dir='ltr'><strong>et</strong></span> <span class='ocrx_word' id='word_1_14' title='bbox 1066 223 1088 249; x_wconf 78' lang='grc' dir='ltr'>Α</span> <span class='ocrx_word' id='word_1_15' title='bbox 1104 228 1140 246; x_wconf 71' lang='lat' dir='ltr'><strong>ra:</strong></span> <span class='ocrx_word' id='word_1_16' title='bbox 1153 240 1160 251; x_wconf 95' lang='lat'><strong>,</strong></span> <span class='ocrx_word' id='word_1_17' title='bbox 1190 220 1225 246; x_wconf 84' lang='lat' dir='ltr'><strong>ab</strong></span> <span class='ocrx_word' id='word_1_18' title='bbox 1255 218 1388 254; x_wconf 73' lang='lat' dir='ltr'><strong>operibus</strong></span> <span class='ocrx_word' id='word_1_19' title='bbox 1424 217 1552 245; x_wconf 82' lang='lat' dir='ltr'><strong>videlicet</strong></span> <span class='ocrx_word' id='word_1_20' title='bbox 1582 215 1699 242; x_wconf 81' lang='lat' dir='ltr'><strong>terrenis</strong></span> <span class='ocrx_word' id='word_1_21' title='bbox 1731 214 1893 240; x_wconf 65' lang='lat' dir='ltr'><strong>cessantes:</strong></span> 
     </span>
    </p>
   </div>
   <div class='ocr_carea' id='block_1_5' title="bbox 261 265 1050 300">
    <p class='ocr_par' dir='ltr' id='par_1_5' title="bbox 261 265 1050 300">
     <span class='ocr_line' id='line_1_5' title="bbox 261 265 1050 300; baseline -0.003 -6"><span class='ocrx_word' id='word_1_22' title='bbox 261 267 436 296; x_wconf 80' lang='lat' dir='ltr'><strong>sacriﬁcium.</strong></span> <span class='ocrx_word' id='word_1_23' title='bbox 462 266 519 293; x_wconf 87' lang='lat' dir='ltr'><strong>sive</strong></span> <span class='ocrx_word' id='word_1_24' title='bbox 547 266 747 299; x_wconf 75' lang='lat' dir='ltr'><strong>holocaustum,</strong></span> <span class='ocrx_word' id='word_1_25' title='bbox 774 273 834 300; x_wconf 72' lang='lat' dir='ltr'><strong>qua:</strong></span> <span class='ocrx_word' id='word_1_26' title='bbox 860 270 924 293; x_wconf 90' lang='lat' dir='ltr'><strong>tunc</strong></span> <span class='ocrx_word' id='word_1_27' title='bbox 947 265 1050 293; x_wconf 89' lang='lat' dir='ltr'><strong>olIerre</strong></span> 
     </span>
    </p>
   </div>
   <div class='ocr_carea' id='block_1_6' title="bbox 261 310 1049 347">
    <p class='ocr_par' dir='ltr' id='par_1_6' title="bbox 261 310 1049 347">
     <span class='ocr_line' id='line_1_6' title="bbox 261 310 1049 347; baseline -0.004 -8"><span class='ocrx_word' id='word_1_28' title='bbox 261 319 417 347; x_wconf 84' lang='lat' dir='ltr'><strong>possumus,</strong></span> <span class='ocrx_word' id='word_1_29' title='bbox 434 310 666 345; x_wconf 88' lang='lat' dir='ltr'><strong>quandocorpora</strong></span> <span class='ocrx_word' id='word_1_30' title='bbox 683 314 778 338; x_wconf 86' lang='lat' dir='ltr'><strong>nostra</strong></span> <span class='ocrx_word' id='word_1_31' title='bbox 811 311 929 338; x_wconf 75' lang='lat' dir='ltr'><strong>hostiam</strong></span> <span class='ocrx_word' id='word_1_32' title='bbox 959 311 1049 337; x_wconf 85' lang='lat' dir='ltr'><strong>vivam</strong></span> 
     </span>
    </p>
   </div>
   <div class='ocr_carea' id='block_1_7' title="bbox 262 356 1050 391">
    <p class='ocr_par' dir='ltr' id='par_1_7' title="bbox 262 356 1050 391">
     <span class='ocr_line' id='line_1_7' title="bbox 262 356 1050 391; baseline -0.003 -7"><span class='ocrx_word' id='word_1_33' title='bbox 262 356 318 384; x_wconf 88' lang='lat' dir='ltr'><strong>Deo</strong></span> <span class='ocrx_word' id='word_1_34' title='bbox 346 356 553 383; x_wconf 83' lang='lat' dir='ltr'><strong>exhibuerimus</strong></span> <span class='ocrx_word' id='word_1_35' title='bbox 569 360 596 382; x_wconf 87' lang='lat' dir='ltr'><strong>et</strong></span> <span class='ocrx_word' id='word_1_36' title='bbox 616 357 738 383; x_wconf 88' lang='lat' dir='ltr'><strong>membra</strong></span> <span class='ocrx_word' id='word_1_37' title='bbox 760 360 866 389; x_wconf 86' lang='lat' dir='ltr'><strong>nostra,</strong></span> <span class='ocrx_word' id='word_1_38' title='bbox 892 363 952 391; x_wconf 69' lang='lat' dir='ltr'><strong>quae</strong></span> <span class='ocrx_word' id='word_1_39' title='bbox 985 359 1050 383; x_wconf 87' lang='lat' dir='ltr'><strong>sunt</strong></span> 
     </span>
    </p>
   </div>
   <div class='ocr_carea' id='block_1_8' title="bbox 263 402 1051 439">
    <p class='ocr_par' dir='ltr' id='par_1_8' title="bbox 263 402 1051 439">
     <span class='ocr_line' id='line_1_8' title="bbox 263 402 1051 439; baseline -0.004 -7"><span class='ocrx_word' id='word_1_40' title='bbox 263 411 345 439; x_wconf 81' lang='lat' dir='ltr'><strong>super</strong></span> <span class='ocrx_word' id='word_1_41' title='bbox 356 409 467 435; x_wconf 78' lang='lat' dir='ltr'><strong>terram.</strong></span> <span class='ocrx_word' id='word_1_42' title='bbox 494 402 761 434; x_wconf 85' lang='lat' dir='ltr'><strong>mortiﬁcaverimus,</strong></span> <span class='ocrx_word' id='word_1_43' title='bbox 793 403 934 438; x_wconf 76' lang='lat' dir='ltr'><strong>paratique</strong></span> <span class='ocrx_word' id='word_1_44' title='bbox 963 403 1051 430; x_wconf 86' lang='lat' dir='ltr'><strong>fueri-</strong></span> 
     </span>
    </p>
   </div>
   <div class='ocr_carea' id='block_1_9' title="bbox 263 449 1051 484">
    <p class='ocr_par' dir='ltr' id='par_1_9' title="bbox 263 449 1051 484">
     <span class='ocr_line' id='line_1_9' title="bbox 263 449 1051 484; baseline -0.003 -7"><span class='ocrx_word' id='word_1_45' title='bbox 263 458 324 477; x_wconf 90' lang='lat' dir='ltr'><strong>mus</strong></span> <span class='ocrx_word' id='word_1_46' title='bbox 339 450 377 477; x_wconf 90' lang='lat' dir='ltr'><strong>ire</strong></span> <span class='ocrx_word' id='word_1_47' title='bbox 392 451 425 478; x_wconf 88' lang='lat' dir='ltr'><strong>ad</strong></span> <span class='ocrx_word' id='word_1_48' title='bbox 459 449 613 483; x_wconf 88' lang='lat' dir='ltr'><strong>Dominum,</strong></span> <span class='ocrx_word' id='word_1_49' title='bbox 641 457 702 477; x_wconf 91' lang='lat' dir='ltr'><strong>cum</strong></span> <span class='ocrx_word' id='word_1_50' title='bbox 729 449 813 476; x_wconf 83' lang='lat' dir='ltr'><strong>Paulo</strong></span> <span class='ocrx_word' id='word_1_51' title='bbox 835 450 977 477; x_wconf 89' lang='lat' dir='ltr'><strong>dicentes:</strong></span> <span class='ocrx_word' id='word_1_52' title='bbox 994 449 1051 484; x_wconf 77' lang='lat' dir='ltr'><strong>Ego</strong></span> 
     </span>
    </p>
   </div>
   <div class='ocr_carea' id='block_1_10' title="bbox 264 495 1051 531">
    <p class='ocr_par' dir='ltr' id='par_1_10' title="bbox 264 495 1051 531">
     <span class='ocr_line' id='line_1_10' title="bbox 264 495 1051 531; baseline -0.003 -8"><span class='ocrx_word' id='word_1_53' title='bbox 264 497 333 524; x_wconf 83' lang='lat' dir='ltr'><strong>enim</strong></span> <span class='ocrx_word' id='word_1_54' title='bbox 349 496 408 530; x_wconf 82' lang='lat' dir='ltr'><strong>jam</strong></span> <span class='ocrx_word' id='word_1_55' title='bbox 423 497 534 529; x_wconf 80' lang='lat' dir='ltr'><strong>delibor,</strong></span> <span class='ocrx_word' id='word_1_56' title='bbox 548 502 572 523; x_wconf 81' lang='lat' dir='ltr'><strong>et</strong></span> <span class='ocrx_word' id='word_1_57' title='bbox 596 501 698 531; x_wconf 65' lang='lat' dir='ltr'><strong>tempus</strong></span> <span class='ocrx_word' id='word_1_58' title='bbox 722 503 786 522; x_wconf 68' lang='lat' dir='ltr'><strong>mem</strong></span> <span class='ocrx_word' id='word_1_59' title='bbox 812 495 981 522; x_wconf 69' lang='lat' dir='ltr'><strong>resolutionis</strong></span> <span class='ocrx_word' id='word_1_60' title='bbox 1006 495 1051 521; x_wconf 78' lang='lat' dir='ltr'><strong>in-</strong></span> 
     </span>
    </p>
   </div>
   <div class='ocr_carea' id='block_1_11' title="bbox 263 541 1053 577">
    <p class='ocr_par' dir='ltr' id='par_1_11' title="bbox 263 541 1053 577">
     <span class='ocr_line' id='line_1_11' title="bbox 263 541 1053 577; baseline -0.004 -7"><span class='ocrx_word' id='word_1_61' title='bbox 263 547 317 570; x_wconf 76' lang='lat' dir='ltr'><strong>stat</strong></span> <span class='ocrx_word' id='word_1_62' title='bbox 332 543 364 570; x_wconf 92' lang='lat'><strong>&#39;“.</strong></span> <span class='ocrx_word' id='word_1_63' title='bbox 381 543 496 577; x_wconf 85' lang='lat' dir='ltr'><strong>Propter</strong></span> <span class='ocrx_word' id='word_1_64' title='bbox 513 543 563 570; x_wconf 89' lang='lat' dir='ltr'><strong>hoc</strong></span> <span class='ocrx_word' id='word_1_65' title='bbox 590 543 694 570; x_wconf 89' lang='lat' dir='ltr'><strong>addidit</strong></span> <span class='ocrx_word' id='word_1_66' title='bbox 711 551 717 568; x_wconf 94' lang='lat'>:</span> <span class='ocrx_word' id='word_1_67' title='bbox 742 542 914 577; x_wconf 69' lang='lat' dir='ltr'><strong>Emceptisque</strong></span> <span class='ocrx_word' id='word_1_68' title='bbox 932 541 1053 568; x_wconf 71' lang='lat' dir='ltr'><strong>Soblmtis</strong></span> 
     </span>
    </p>
   </div>
   <div class='ocr_carea' id='block_1_12' title="bbox 263 588 1052 624">
    <p class='ocr_par' dir='ltr' id='par_1_12' title="bbox 263 588 1052 624">
     <span class='ocr_line' id='line_1_12' title="bbox 263 588 1052 624; baseline -0.003 -8"><span class='ocrx_word' id='word_1_69' title='bbox 263 589 380 622; x_wconf 77' lang='lat' dir='ltr'><strong>Domini,</strong></span> <span class='ocrx_word' id='word_1_70' title='bbox 411 590 536 624; x_wconf 75' lang='lat' dir='ltr'><strong>donisque</strong></span> <span class='ocrx_word' id='word_1_71' title='bbox 557 589 660 620; x_wconf 75' lang='lat' dir='ltr'><strong>vestris,</strong></span> <span class='ocrx_word' id='word_1_72' title='bbox 677 593 700 615; x_wconf 88' lang='lat' dir='ltr'><strong>et</strong></span> <span class='ocrx_word' id='word_1_73' title='bbox 728 596 786 623; x_wconf 73' lang='lat' dir='ltr'><strong>qua:</strong></span> <span class='ocrx_word' id='word_1_74' title='bbox 800 588 911 622; x_wconf 74' lang='lat' dir='ltr'><strong>offeratis</strong></span> <span class='ocrx_word' id='word_1_75' title='bbox 925 595 957 614; x_wconf 67' lang='lat' dir='ltr'><strong>ex</strong></span> <span class='ocrx_word' id='word_1_76' title='bbox 983 593 1052 619; x_wconf 82' lang='lat' dir='ltr'><strong>voto,</strong></span> 
     </span>
    </p>
   </div>
   <div class='ocr_carea' id='block_1_13' title="bbox 263 634 739 669">
    <p class='ocr_par' dir='ltr' id='par_1_13' title="bbox 263 634 739 669">
     <span class='ocr_line' id='line_1_13' title="bbox 263 634 739 669; baseline -0.006 -7"><span class='ocrx_word' id='word_1_77' title='bbox 263 636 305 662; x_wconf 78' lang='lat' dir='ltr'><strong>vel</strong></span> <span class='ocrx_word' id='word_1_78' title='bbox 315 643 374 667; x_wconf 75' lang='lat' dir='ltr'><strong>qum</strong></span> <span class='ocrx_word' id='word_1_79' title='bbox 384 639 475 669; x_wconf 81' lang='lat' dir='ltr'><strong>spunte</strong></span> <span class='ocrx_word' id='word_1_80' title='bbox 489 634 603 660; x_wconf 74' lang='lat' dir='ltr'><strong>tribuitis</strong></span> <span class='ocrx_word' id='word_1_81' title='bbox 616 634 739 660; x_wconf 86' lang='lat' dir='ltr'><strong>Domino.</strong></span> 
     </span>
    </p>
   </div>
   <div class='ocr_carea' id='block_1_14' title="bbox 301 678 1053 714">
    <p class='ocr_par' dir='ltr' id='par_1_14' title="bbox 301 678 1053 714">
     <span class='ocr_line' id='line_1_14' title="bbox 301 678 1053 714; baseline -0.001 -8"><span class='ocrx_word' id='word_1_82' title='bbox 301 681 401 714; x_wconf 86' lang='lat' dir='ltr'><strong>Aperte</strong></span> <span class='ocrx_word' id='word_1_83' title='bbox 418 679 483 706; x_wconf 89' lang='lat' dir='ltr'><strong>illud</strong></span> <span class='ocrx_word' id='word_1_84' title='bbox 495 680 617 711; x_wconf 85' lang='lat' dir='ltr'><strong>tradens,</strong></span> <span class='ocrx_word' id='word_1_85' title='bbox 631 679 696 713; x_wconf 89' lang='lat' dir='ltr'><strong>quia</strong></span> <span class='ocrx_word' id='word_1_86' title='bbox 727 686 810 713; x_wconf 82' lang='lat' dir='ltr'><strong>super</strong></span> <span class='ocrx_word' id='word_1_87' title='bbox 837 678 1053 706; x_wconf 88' lang='lat' dir='ltr'><strong>declinationem</strong></span> 
     </span>
    </p>
   </div>
   <div class='ocr_carea' id='block_1_15' title="bbox 265 723 1065 759">
    <p class='ocr_par' dir='ltr' id='par_1_15' title="bbox 265 723 1065 759">
     <span class='ocr_line' id='line_1_15' title="bbox 265 723 1065 759; baseline -0.001 -8"><span class='ocrx_word' id='word_1_88' title='bbox 265 725 411 757; x_wconf 86' lang='lat' dir='ltr'><strong>malorum,</strong></span> <span class='ocrx_word' id='word_1_89' title='bbox 428 724 480 751; x_wconf 89' lang='lat' dir='ltr'><strong>hoc</strong></span> <span class='ocrx_word' id='word_1_90' title='bbox 495 724 706 755; x_wconf 84' lang='lat' dir='ltr'><strong>estSabbatum,</strong></span> <span class='ocrx_word' id='word_1_91' title='bbox 723 729 750 751; x_wconf 91' lang='lat' dir='ltr'><strong>et</strong></span> <span class='ocrx_word' id='word_1_92' title='bbox 773 732 857 759; x_wconf 85' lang='lat' dir='ltr'><strong>super</strong></span> <span class='ocrx_word' id='word_1_93' title='bbox 878 723 946 750; x_wconf 83' lang='lat' dir='ltr'><strong>alias</strong></span> <span class='ocrx_word' id='word_1_94' title='bbox 971 723 1065 758; x_wconf 75' lang='lat' dir='ltr'><strong>justi-,</strong></span> 
     </span>
    </p>
   </div>
   <div class='ocr_carea' id='block_1_16' title="bbox 267 769 1054 805">
    <p class='ocr_par' dir='ltr' id='par_1_16' title="bbox 267 769 1054 805">
     <span class='ocr_line' id='line_1_16' title="bbox 267 769 1054 805; baseline -0.004 -7"><span class='ocrx_word' id='word_1_95' title='bbox 267 771 329 801; x_wconf 85' lang='lat' dir='ltr'><strong>tias.</strong></span> <span class='ocrx_word' id='word_1_96' title='bbox 357 779 425 805; x_wconf 88' lang='lat' dir='ltr'><strong>quas</strong></span> <span class='ocrx_word' id='word_1_97' title='bbox 458 771 514 797; x_wconf 90' lang='lat' dir='ltr'><strong>Deo</strong></span> <span class='ocrx_word' id='word_1_98' title='bbox 541 770 691 797; x_wconf 82' lang='lat' dir='ltr'><strong>secundum</strong></span> <span class='ocrx_word' id='word_1_99' title='bbox 721 774 829 804; x_wconf 85' lang='lat' dir='ltr'><strong>tempus</strong></span> <span class='ocrx_word' id='word_1_100' title='bbox 855 769 1054 804; x_wconf 78' lang='lat' dir='ltr'><strong>promittimus,</strong></span> 
     </span>
    </p>
   </div>
   <div class='ocr_carea' id='block_1_17' title="bbox 265 815 1055 851">
    <p class='ocr_par' dir='ltr' id='par_1_17' title="bbox 265 815 1055 851">
     <span class='ocr_line' id='line_1_17' title="bbox 265 815 1055 851; baseline -0.004 -8"><span class='ocrx_word' id='word_1_101' title='bbox 265 816 411 851; x_wconf 84' lang='lat' dir='ltr'><strong>aliquando</strong></span> <span class='ocrx_word' id='word_1_102' title='bbox 440 816 463 843; x_wconf 89' lang='lat' dir='ltr'><strong>ei</strong></span> <span class='ocrx_word' id='word_1_103' title='bbox 491 816 636 850; x_wconf 74' lang='lat' dir='ltr'><strong>jejunium,</strong></span> <span class='ocrx_word' id='word_1_104' title='bbox 675 815 822 850; x_wconf 80' lang='lat' dir='ltr'><strong>aliquando</strong></span> <span class='ocrx_word' id='word_1_105' title='bbox 851 815 1055 849; x_wconf 88' lang='lat' dir='ltr'><strong>possessionum</strong></span> 
     </span>
    </p>
   </div>
   <div class='ocr_carea' id='block_1_18' title="bbox 266 860 1056 896">
    <p class='ocr_par' dir='ltr' id='par_1_18' title="bbox 266 860 1056 896">
     <span class='ocr_line' id='line_1_18' title="bbox 266 860 1056 896; baseline -0.003 -7"><span class='ocrx_word' id='word_1_106' title='bbox 266 862 443 895; x_wconf 77' lang='lat' dir='ltr'><strong>oblationem,</strong></span> <span class='ocrx_word' id='word_1_107' title='bbox 456 862 497 888; x_wconf 90' lang='lat' dir='ltr'><strong>vel</strong></span> <span class='ocrx_word' id='word_1_108' title='bbox 513 862 540 888; x_wconf 92' lang='lat' dir='ltr'><strong>in</strong></span> <span class='ocrx_word' id='word_1_109' title='bbox 562 861 692 896; x_wconf 78' lang='lat' dir='ltr'><strong>periculis</strong></span> <span class='ocrx_word' id='word_1_110' title='bbox 721 861 896 888; x_wconf 86' lang='lat' dir='ltr'><strong>venientibus</strong></span> <span class='ocrx_word' id='word_1_111' title='bbox 907 861 997 893; x_wconf 84' lang='lat' dir='ltr'><strong>nobis,</strong></span> <span class='ocrx_word' id='word_1_112' title='bbox 1014 860 1056 886; x_wconf 74' lang='lat' dir='ltr'><strong>Vri</strong></span> 
     </span>
    </p>
   </div>
   <div class='ocr_carea' id='block_1_19' title="bbox 266 907 1058 942">
    <p class='ocr_par' dir='ltr' id='par_1_19' title="bbox 266 907 1058 942">
     <span class='ocr_line' id='line_1_19' title="bbox 266 907 1058 942; baseline 0 -9"><span class='ocrx_word' id='word_1_113' title='bbox 266 907 420 935; x_wconf 73' lang='lat' dir='ltr'><strong>\oluntarie</strong></span> <span class='ocrx_word' id='word_1_114' title='bbox 450 907 635 942; x_wconf 81' lang='lat' dir='ltr'><strong>promittimus</strong></span> <span class='ocrx_word' id='word_1_115' title='bbox 662 915 669 933; x_wconf 73' lang='grc' dir='ltr'><strong>ε</strong></span> <span class='ocrx_word' id='word_1_116' title='bbox 702 910 846 941; x_wconf 81' lang='lat' dir='ltr'><strong>propterea</strong></span> <span class='ocrx_word' id='word_1_117' title='bbox 870 911 996 933; x_wconf 90' lang='lat' dir='ltr'><strong>votorum</strong></span> <span class='ocrx_word' id='word_1_118' title='bbox 1031 910 1058 933; x_wconf 88' lang='lat' dir='ltr'><strong>et</strong></span> 
     </span>
    </p>
   </div>
   <div class='ocr_carea' id='block_1_20' title="bbox 267 953 1058 989">
    <p class='ocr_par' dir='ltr' id='par_1_20' title="bbox 267 953 1058 989">
     <span class='ocr_line' id='line_1_20' title="bbox 267 953 1058 989; baseline -0.003 -8"><span class='ocrx_word' id='word_1_119' title='bbox 267 958 481 989; x_wconf 86' lang='lat' dir='ltr'><strong>spoutaneorum</strong></span> <span class='ocrx_word' id='word_1_120' title='bbox 495 953 805 988; x_wconf 85' lang='lat' dir='ltr'><strong>quotidianiministerii</strong></span> <span class='ocrx_word' id='word_1_121' title='bbox 834 953 888 980; x_wconf 86' lang='lat' dir='ltr'><strong>Deo</strong></span> <span class='ocrx_word' id='word_1_122' title='bbox 905 959 1058 988; x_wconf 84' lang='lat' dir='ltr'><strong>atqueper-</strong></span> 
     </span>
    </p>
   </div>
   <div class='ocr_carea' id='block_1_21' title="bbox 266 999 1057 1034">
    <p class='ocr_par' dir='ltr' id='par_1_21' title="bbox 266 999 1057 1034">
     <span class='ocr_line' id='line_1_21' title="bbox 266 999 1057 1034; baseline -0.001 -7"><span class='ocrx_word' id='word_1_123' title='bbox 266 1000 343 1034; x_wconf 89' lang='lat' dir='ltr'><strong>pelui</strong></span> <span class='ocrx_word' id='word_1_124' title='bbox 360 1000 497 1032; x_wconf 88' lang='lat' dir='ltr'><strong>sacriﬁcii,</strong></span> <span class='ocrx_word' id='word_1_125' title='bbox 514 999 649 1034; x_wconf 88' lang='lat' dir='ltr'><strong>siquidem</strong></span> <span class='ocrx_word' id='word_1_126' title='bbox 666 999 737 1026; x_wconf 84' lang='lat' dir='ltr'><strong>actio</strong></span> <span class='ocrx_word' id='word_1_127' title='bbox 748 999 821 1033; x_wconf 74' lang='lat' dir='ltr'><strong>iusta</strong></span> <span class='ocrx_word' id='word_1_128' title='bbox 834 1003 887 1030; x_wconf 85' lang='lat' dir='ltr'><strong>est.</strong></span> <span class='ocrx_word' id='word_1_129' title='bbox 915 999 1057 1026; x_wconf 85' lang='lat' dir='ltr'><strong>debitores</strong></span> 
     </span>
    </p>
   </div>
   <div class='ocr_carea' id='block_1_22' title="bbox 268 1045 1059 1079">
    <p class='ocr_par' dir='ltr' id='par_1_22' title="bbox 268 1045 1059 1079">
     <span class='ocr_line' id='line_1_22' title="bbox 268 1045 1059 1079; baseline -0.003 -5"><span class='ocrx_word' id='word_1_130' title='bbox 268 1055 373 1079; x_wconf 80' lang='lat' dir='ltr'><strong>sumtis,</strong></span> <span class='ocrx_word' id='word_1_131' title='bbox 388 1051 418 1073; x_wconf 91' lang='lat' dir='ltr'><strong>ut</strong></span> <span class='ocrx_word' id='word_1_132' title='bbox 428 1051 548 1073; x_wconf 84' lang='lat' dir='ltr'><strong>nostram</strong></span> <span class='ocrx_word' id='word_1_133' title='bbox 565 1053 675 1073; x_wconf 90' lang='lat' dir='ltr'><strong>onmem</strong></span> <span class='ocrx_word' id='word_1_134' title='bbox 687 1046 718 1076; x_wconf 73' lang='lat' dir='ltr'><strong>ei,</strong></span> <span class='ocrx_word' id='word_1_135' title='bbox 729 1046 810 1073; x_wconf 83' lang='lat' dir='ltr'><strong>vitam</strong></span> <span class='ocrx_word' id='word_1_136' title='bbox 825 1045 984 1077; x_wconf 78' lang='lat' dir='ltr'><strong>ochratnus,</strong></span> <span class='ocrx_word' id='word_1_137' title='bbox 1015 1045 1059 1072; x_wconf 93' lang='lat' dir='ltr'><strong>di-</strong></span> 
     </span>
    </p>
   </div>
   <div class='ocr_carea' id='block_1_23' title="bbox 268 1091 1059 1126">
    <p class='ocr_par' dir='ltr' id='par_1_23' title="bbox 268 1091 1059 1126">
     <span class='ocr_line' id='line_1_23' title="bbox 268 1091 1059 1126; baseline -0.001 -7"><span class='ocrx_word' id='word_1_138' title='bbox 268 1097 362 1119; x_wconf 84' lang='lat' dir='ltr'><strong>centes</strong></span> <span class='ocrx_word' id='word_1_139' title='bbox 378 1092 609 1126; x_wconf 85' lang='lat' dir='ltr'><strong>quemadmodum</strong></span> <span class='ocrx_word' id='word_1_140' title='bbox 621 1096 648 1118; x_wconf 89' lang='lat' dir='ltr'><strong>et</strong></span> <span class='ocrx_word' id='word_1_141' title='bbox 665 1091 763 1118; x_wconf 83' lang='lat' dir='ltr'><strong>Paulus</strong></span> <span class='ocrx_word' id='word_1_142' title='bbox 774 1091 861 1118; x_wconf 88' lang='lat' dir='ltr'><strong>dixit:</strong></span> <span class='ocrx_word' id='word_1_143' title='bbox 880 1091 940 1117; x_wconf 81' lang='lat' dir='ltr'><strong>Vivo</strong></span> <span class='ocrx_word' id='word_1_144' title='bbox 968 1095 1059 1118; x_wconf 79' lang='lat' dir='ltr'><strong>autent</strong></span> 
     </span>
    </p>
   </div>
   <div class='ocr_carea' id='block_1_24' title="bbox 267 1135 1060 1172">
    <p class='ocr_par' dir='ltr' id='par_1_24' title="bbox 267 1135 1060 1172">
     <span class='ocr_line' id='line_1_24' title="bbox 267 1135 1060 1172; baseline -0.003 -8"><span class='ocrx_word' id='word_1_145' title='bbox 267 1145 320 1165; x_wconf 88' lang='lat' dir='ltr'><strong>non</strong></span> <span class='ocrx_word' id='word_1_146' title='bbox 330 1138 388 1172; x_wconf 86' lang='lat' dir='ltr'><strong>jam</strong></span> <span class='ocrx_word' id='word_1_147' title='bbox 407 1146 464 1172; x_wconf 79' lang='lat' dir='ltr'><strong>ego,</strong></span> <span class='ocrx_word' id='word_1_148' title='bbox 481 1137 542 1164; x_wconf 77' lang='lat' dir='ltr'><strong>vivit</strong></span> <span class='ocrx_word' id='word_1_149' title='bbox 552 1145 611 1164; x_wconf 84' lang='lat' dir='ltr'><strong>vero</strong></span> <span class='ocrx_word' id='word_1_150' title='bbox 625 1137 653 1163; x_wconf 83' lang='lat' dir='ltr'><strong>in</strong></span> <span class='ocrx_word' id='word_1_151' title='bbox 679 1145 720 1163; x_wconf 82' lang='lat' dir='ltr'><strong>me</strong></span> <span class='ocrx_word' id='word_1_152' title='bbox 737 1136 865 1163; x_wconf 79' lang='lat' dir='ltr'><strong>Christus.</strong></span> <span class='ocrx_word' id='word_1_153' title='bbox 884 1135 958 1168; x_wconf 82' lang='lat' dir='ltr'><strong>Quod</strong></span> <span class='ocrx_word' id='word_1_154' title='bbox 970 1141 1060 1163; x_wconf 78' lang='lat' dir='ltr'><strong>autent</strong></span> 
     </span>
    </p>
   </div>
   <div class='ocr_carea' id='block_1_25' title="bbox 267 1176 1060 1216">
    <p class='ocr_par' dir='ltr' id='par_1_25' title="bbox 267 1176 1060 1216">
     <span class='ocr_line' id='line_1_25' title="bbox 267 1176 1060 1216; baseline -0.003 -6"><span class='ocrx_word' id='word_1_155' title='bbox 267 1191 337 1211; x_wconf 83' lang='lat' dir='ltr'><strong>nunc</strong></span> <span class='ocrx_word' id='word_1_156' title='bbox 350 1185 406 1210; x_wconf 83' lang='lat' dir='ltr'><strong>vivo</strong></span> <span class='ocrx_word' id='word_1_157' title='bbox 421 1185 449 1210; x_wconf 85' lang='lat' dir='ltr'><strong>in</strong></span> <span class='ocrx_word' id='word_1_158' title='bbox 463 1191 553 1215; x_wconf 82' lang='lat' dir='ltr'><strong>carne,</strong></span> <span class='ocrx_word' id='word_1_159' title='bbox 568 1183 595 1208; x_wconf 82' lang='lat' dir='ltr'><strong>in</strong></span> <span class='ocrx_word' id='word_1_160' title='bbox 609 1183 660 1216; x_wconf 80' lang='lat' dir='ltr'><strong>ﬁde</strong></span> <span class='ocrx_word' id='word_1_161' title='bbox 675 1183 731 1209; x_wconf 80' lang='lat' dir='ltr'><strong>vivo</strong></span> <span class='ocrx_word' id='word_1_162' title='bbox 746 1182 809 1208; x_wconf 81' lang='lat' dir='ltr'><strong>Filii</strong></span> <span class='ocrx_word' id='word_1_163' title='bbox 833 1181 893 1212; x_wconf 82' lang='lat' dir='ltr'><strong>Dei.</strong></span> <span class='ocrx_word' id='word_1_164' title='bbox 910 1176 1060 1212; x_wconf 25' lang='lat' dir='ltr'><strong>qtti&#39;dilexit</strong></span> 
     </span>
    </p>
   </div>
   <div class='ocr_carea' id='block_1_26' title="bbox 268 1227 1060 1262">
    <p class='ocr_par' dir='ltr' id='par_1_26' title="bbox 268 1227 1060 1262">
     <span class='ocr_line' id='line_1_26' title="bbox 268 1227 1060 1262; baseline 0 -7"><span class='ocrx_word' id='word_1_165' title='bbox 268 1237 321 1260; x_wconf 82' lang='lat' dir='ltr'><strong>me,</strong></span> <span class='ocrx_word' id='word_1_166' title='bbox 337 1233 361 1255; x_wconf 84' lang='lat' dir='ltr'><strong>et</strong></span> <span class='ocrx_word' id='word_1_167' title='bbox 374 1228 483 1254; x_wconf 83' lang='lat' dir='ltr'><strong>tradidit</strong></span> <span class='ocrx_word' id='word_1_168' title='bbox 500 1228 670 1260; x_wconf 75' lang='lat' dir='ltr'><strong>semetipsum</strong></span> <span class='ocrx_word' id='word_1_169' title='bbox 686 1235 733 1261; x_wconf 86' lang='lat' dir='ltr'><strong>pro</strong></span> <span class='ocrx_word' id='word_1_170' title='bbox 748 1235 788 1252; x_wconf 77' lang='lat' dir='ltr'><strong>me</strong></span> <span class='ocrx_word' id='word_1_171' title='bbox 804 1227 826 1242; x_wconf 84' lang='grc'><strong>⁷¹</strong></span> <span class='ocrx_word' id='word_1_172' title='bbox 844 1234 850 1250; x_wconf 87' lang='lat'><strong>:</strong></span> <span class='ocrx_word' id='word_1_173' title='bbox 865 1228 1060 1262; x_wconf 43' lang='lat' dir='ltr'><strong>vpropterquod</strong></span> 
     </span>
    </p>
   </div>
   <div class='ocr_carea' id='block_1_27' title="bbox 267 1273 1062 1307">
    <p class='ocr_par' dir='ltr' id='par_1_27' title="bbox 267 1273 1062 1307">
     <span class='ocr_line' id='line_1_27' title="bbox 267 1273 1062 1307; baseline 0.001 -7"><span class='ocrx_word' id='word_1_174' title='bbox 267 1279 296 1300; x_wconf 89' lang='lat' dir='ltr'><strong>et</strong></span> <span class='ocrx_word' id='word_1_175' title='bbox 310 1281 361 1300; x_wconf 89' lang='lat' dir='ltr'><strong>nos</strong></span> <span class='ocrx_word' id='word_1_176' title='bbox 375 1273 474 1299; x_wconf 74' lang='lat' dir='ltr'><strong>oﬁcrrc</strong></span> <span class='ocrx_word' id='word_1_177' title='bbox 491 1273 516 1299; x_wconf 91' lang='lat' dir='ltr'><strong>ci</strong></span> <span class='ocrx_word' id='word_1_178' title='bbox 552 1273 635 1299; x_wconf 88' lang='lat' dir='ltr'><strong>vitam</strong></span> <span class='ocrx_word' id='word_1_179' title='bbox 661 1277 784 1299; x_wconf 88' lang='lat' dir='ltr'><strong>nostram</strong></span> <span class='ocrx_word' id='word_1_180' title='bbox 804 1276 934 1306; x_wconf 82' lang='lat' dir='ltr'><strong>oportet,</strong></span> <span class='ocrx_word' id='word_1_181' title='bbox 948 1273 1012 1307; x_wconf 85' lang='lat' dir='ltr'><strong>quia</strong></span> <span class='ocrx_word' id='word_1_182' title='bbox 1027 1279 1062 1301; x_wconf 78' lang='lat' dir='ltr'><strong>.et</strong></span> 
     </span>
    </p>
   </div>
   <div class='ocr_carea' id='block_1_28' title="bbox 269 1317 807 1353">
    <p class='ocr_par' dir='ltr' id='par_1_28' title="bbox 269 1317 807 1353">
     <span class='ocr_line' id='line_1_28' title="bbox 269 1317 807 1353; baseline 0.004 -11"><span class='ocrx_word' id='word_1_183' title='bbox 269 1318 328 1353; x_wconf 75' lang='lat' dir='ltr'><strong>ipse</strong></span> <span class='ocrx_word' id='word_1_184' title='bbox 342 1317 524 1350; x_wconf 70' lang='lat' dir='ltr'><strong>semetipsum</strong></span> <span class='ocrx_word' id='word_1_185' title='bbox 534 1325 583 1351; x_wconf 89' lang='lat' dir='ltr'><strong>pro</strong></span> <span class='ocrx_word' id='word_1_186' title='bbox 608 1317 688 1344; x_wconf 88' lang='lat' dir='ltr'><strong>nobis</strong></span> <span class='ocrx_word' id='word_1_187' title='bbox 700 1317 807 1344; x_wconf 84' lang='lat' dir='ltr'><strong>obtulit.</strong></span> 
     </span>
    </p>
   </div>
   <div class='ocr_carea' id='block_1_29' title="bbox 305 1362 1062 1400">
    <p class='ocr_par' dir='ltr' id='par_1_29' title="bbox 305 1362 1062 1400">
     <span class='ocr_line' id='line_1_29' title="bbox 305 1362 1062 1400; baseline 0.003 -12"><span class='ocrx_word' id='word_1_188' title='bbox 305 1362 388 1389; x_wconf 69' lang='lat' dir='ltr'><strong>Vrsas.</strong></span> <span class='ocrx_word' id='word_1_189' title='bbox 404 1362 497 1389; x_wconf 65' lang='lat'><strong>59-“.</strong></span> <span class='ocrx_word' id='word_1_190' title='bbox 519 1372 527 1388; x_wconf 77' lang='grc' dir='ltr'>ι</span> <span class='ocrx_word' id='word_1_191' title='bbox 545 1362 567 1389; x_wconf 89' lang='grc' dir='ltr'>Α</span> <span class='ocrx_word' id='word_1_192' title='bbox 582 1363 683 1397; x_wconf 88' lang='lat' dir='ltr'><strong>quinto</strong></span> <span class='ocrx_word' id='word_1_193' title='bbox 696 1363 804 1391; x_wconf 86' lang='lat' dir='ltr'><strong>decimo</strong></span> <span class='ocrx_word' id='word_1_194' title='bbox 822 1372 888 1400; x_wconf 76' lang='lat' dir='ltr'><strong>ergo</strong></span> <span class='ocrx_word' id='word_1_195' title='bbox 898 1365 944 1392; x_wconf 89' lang='lat' dir='ltr'><strong>die</strong></span> <span class='ocrx_word' id='word_1_196' title='bbox 960 1366 1062 1392; x_wconf 72' lang='lat' dir='ltr'><strong>mensis</strong></span> 
     </span>
    </p>
   </div>
   <div class='ocr_carea' id='block_1_30' title="bbox 269 1408 1062 1444">
    <p class='ocr_par' dir='ltr' id='par_1_30' title="bbox 269 1408 1062 1444">
     <span class='ocr_line' id='line_1_30' title="bbox 269 1408 1062 1444; baseline 0.006 -10"><span class='ocrx_word' id='word_1_197' title='bbox 269 1408 389 1443; x_wconf 83' lang='lat' dir='ltr'><strong>septimi,</strong></span> <span class='ocrx_word' id='word_1_198' title='bbox 415 1408 526 1442; x_wconf 85' lang='lat' dir='ltr'><strong>quando</strong></span> <span class='ocrx_word' id='word_1_199' title='bbox 550 1409 784 1444; x_wconf 80' lang='lat' dir='ltr'><strong>congregaveritis</strong></span> <span class='ocrx_word' id='word_1_200' title='bbox 821 1418 917 1438; x_wconf 84' lang='lat' dir='ltr'><strong>onmes</strong></span> <span class='ocrx_word' id='word_1_201' title='bbox 952 1411 1062 1439; x_wconf 73' lang='lat' dir='ltr'><strong>&#39;fructus</strong></span> 
     </span>
    </p>
   </div>
   <div class='ocr_carea' id='block_1_31' title="bbox 269 1454 1062 1492">
    <p class='ocr_par' dir='ltr' id='par_1_31' title="bbox 269 1454 1062 1492">
     <span class='ocr_line' id='line_1_31' title="bbox 269 1454 1062 1492; baseline 0.006 -12"><span class='ocrx_word' id='word_1_202' title='bbox 269 1457 350 1481; x_wconf 82' lang='lat' dir='ltr'><strong>terrae</strong></span> <span class='ocrx_word' id='word_1_203' title='bbox 373 1459 480 1486; x_wconf 67' lang='lat' dir='ltr'><strong>vestrae,</strong></span> <span class='ocrx_word' id='word_1_204' title='bbox 512 1455 687 1482; x_wconf 85' lang='lat' dir='ltr'><strong>celebrabitis</strong></span> <span class='ocrx_word' id='word_1_205' title='bbox 714 1454 796 1482; x_wconf 89' lang='lat' dir='ltr'><strong>ferias</strong></span> <span class='ocrx_word' id='word_1_206' title='bbox 824 1456 932 1484; x_wconf 87' lang='lat' dir='ltr'><strong>Domini</strong></span> <span class='ocrx_word' id='word_1_207' title='bbox 956 1462 1062 1492; x_wconf 77' lang='lat' dir='ltr'><strong>septem</strong></span> 
     </span>
    </p>
   </div>
   <div class='ocr_carea' id='block_1_32' title="bbox 270 1499 1062 1536">
    <p class='ocr_par' dir='ltr' id='par_1_32' title="bbox 270 1499 1062 1536">
     <span class='ocr_line' id='line_1_32' title="bbox 270 1499 1062 1536; baseline 0.005 -9"><span class='ocrx_word' id='word_1_208' title='bbox 270 1499 377 1527; x_wconf 86' lang='lat' dir='ltr'><strong>diebus.</strong></span> <span class='ocrx_word' id='word_1_209' title='bbox 393 1500 439 1528; x_wconf 87' lang='lat' dir='ltr'><strong>Die</strong></span> <span class='ocrx_word' id='word_1_210' title='bbox 456 1501 543 1535; x_wconf 88' lang='lat' dir='ltr'><strong>primo</strong></span> <span class='ocrx_word' id='word_1_211' title='bbox 572 1505 600 1528; x_wconf 87' lang='lat' dir='ltr'><strong>et</strong></span> <span class='ocrx_word' id='word_1_212' title='bbox 615 1501 660 1528; x_wconf 86' lang='lat' dir='ltr'><strong>die</strong></span> <span class='ocrx_word' id='word_1_213' title='bbox 676 1505 773 1528; x_wconf 80' lang='lat' dir='ltr'><strong>octavo</strong></span> <span class='ocrx_word' id='word_1_214' title='bbox 788 1503 841 1528; x_wconf 84' lang='lat' dir='ltr'><strong>erit</strong></span> <span class='ocrx_word' id='word_1_215' title='bbox 857 1502 1017 1536; x_wconf 86' lang='lat' dir='ltr'><strong>Sabbatum,</strong></span> <span class='ocrx_word' id='word_1_216' title='bbox 1035 1504 1062 1531; x_wconf 90' lang='lat' dir='ltr'><strong>id</strong></span> 
     </span>
    </p>
   </div>
   <div class='ocr_carea' id='block_1_33' title="bbox 1101 263 1895 298">
    <p class='ocr_par' dir='ltr' id='par_1_33' title="bbox 1101 263 1895 298">
     <span class='ocr_line' id='line_1_33' title="bbox 1101 263 1895 298; baseline -0.011 -5"><span class='ocrx_word' id='word_1_217' title='bbox 1101 265 1170 292; x_wconf 86' lang='lat' dir='ltr'><strong>festa</strong></span> <span class='ocrx_word' id='word_1_218' title='bbox 1182 265 1355 292; x_wconf 82' lang='lat' dir='ltr'><strong>celebremus</strong></span> <span class='ocrx_word' id='word_1_219' title='bbox 1369 268 1473 298; x_wconf 87' lang='lat' dir='ltr'><strong>septem</strong></span> <span class='ocrx_word' id='word_1_220' title='bbox 1486 264 1553 294; x_wconf 87' lang='lat' dir='ltr'><strong>dies,</strong></span> <span class='ocrx_word' id='word_1_221' title='bbox 1571 263 1596 289; x_wconf 89' lang='lat' dir='ltr'><strong>id</strong></span> <span class='ocrx_word' id='word_1_222' title='bbox 1614 267 1657 289; x_wconf 84' lang='lat' dir='ltr'><strong>est</strong></span> <span class='ocrx_word' id='word_1_223' title='bbox 1669 265 1754 287; x_wconf 88' lang='lat' dir='ltr'><strong>totam</strong></span> <span class='ocrx_word' id='word_1_224' title='bbox 1771 264 1895 286; x_wconf 80' lang='lat' dir='ltr'><strong>nostram</strong></span> 
     </span>
    </p>
   </div>
   <div class='ocr_carea' id='block_1_34' title="bbox 1101 302 1896 340">
    <p class='ocr_par' dir='ltr' id='par_1_34' title="bbox 1101 302 1896 340">
     <span class='ocr_line' id='line_1_34' title="bbox 1101 302 1896 340; baseline -0.011 0"><span class='ocrx_word' id='word_1_225' title='bbox 1101 313 1198 340; x_wconf 87' lang='lat' dir='ltr'><strong>demus</strong></span> <span class='ocrx_word' id='word_1_226' title='bbox 1214 312 1297 339; x_wconf 87' lang='lat' dir='ltr'><strong>vitam</strong></span> <span class='ocrx_word' id='word_1_227' title='bbox 1314 311 1342 338; x_wconf 83' lang='lat' dir='ltr'><strong>in</strong></span> <span class='ocrx_word' id='word_1_228' title='bbox 1361 311 1454 338; x_wconf 89' lang='lat' dir='ltr'><strong>divina</strong></span> <span class='ocrx_word' id='word_1_229' title='bbox 1475 302 1624 337; x_wconf 76' lang='lat' dir='ltr'><strong>festivitate</strong></span> <span class='ocrx_word' id='word_1_230' title='bbox 1645 305 1809 334; x_wconf 84' lang='lat' dir='ltr'><strong>celebranda</strong></span> <span class='ocrx_word' id='word_1_231' title='bbox 1824 314 1830 332; x_wconf 92' lang='lat'>:</span> <span class='ocrx_word' id='word_1_232' title='bbox 1847 305 1896 332; x_wconf 74' lang='lat' dir='ltr'><strong>Dic</strong></span> 
     </span>
    </p>
   </div>
   <div class='ocr_carea' id='block_1_35' title="bbox 1102 354 1754 393">
    <p class='ocr_par' dir='ltr' id='par_1_35' title="bbox 1102 354 1754 393">
     <span class='ocr_line' id='line_1_35' title="bbox 1102 354 1754 393; baseline -0.009 -8"><span class='ocrx_word' id='word_1_233' title='bbox 1102 363 1191 385; x_wconf 73' lang='lat' dir='ltr'><strong>autem</strong></span> <span class='ocrx_word' id='word_1_234' title='bbox 1208 359 1293 393; x_wconf 84' lang='lat' dir='ltr'><strong>primo</strong></span> <span class='ocrx_word' id='word_1_235' title='bbox 1308 358 1420 393; x_wconf 71' lang='lat' dir='ltr'><strong>requies,</strong></span> <span class='ocrx_word' id='word_1_236' title='bbox 1440 362 1463 384; x_wconf 88' lang='lat' dir='ltr'><strong>et</strong></span> <span class='ocrx_word' id='word_1_237' title='bbox 1479 357 1521 383; x_wconf 81' lang='lat' dir='ltr'><strong>die</strong></span> <span class='ocrx_word' id='word_1_238' title='bbox 1537 360 1628 382; x_wconf 83' lang='lat' dir='ltr'><strong>octavo</strong></span> <span class='ocrx_word' id='word_1_239' title='bbox 1640 354 1754 389; x_wconf 71' lang='lat' dir='ltr'><strong>requies.</strong></span> 
     </span>
    </p>
   </div>
   <div class='ocr_carea' id='block_1_36' title="bbox 1137 399 1897 439">
    <p class='ocr_par' dir='ltr' id='par_1_36' title="bbox 1137 399 1897 439">
     <span class='ocr_line' id='line_1_36' title="bbox 1137 399 1897 439; baseline -0.008 -8"><span class='ocrx_word' id='word_1_240' title='bbox 1137 404 1197 432; x_wconf 72' lang='lat' dir='ltr'><strong>Non</strong></span> <span class='ocrx_word' id='word_1_241' title='bbox 1212 405 1271 439; x_wconf 81' lang='lat' dir='ltr'><strong>jam</strong></span> <span class='ocrx_word' id='word_1_242' title='bbox 1294 404 1422 438; x_wconf 85' lang='lat' dir='ltr'><strong>septimo,</strong></span> <span class='ocrx_word' id='word_1_243' title='bbox 1445 411 1508 430; x_wconf 90' lang='lat' dir='ltr'><strong>cum</strong></span> <span class='ocrx_word' id='word_1_244' title='bbox 1528 409 1644 429; x_wconf 78' lang='lat' dir='ltr'><strong>numero</strong></span> <span class='ocrx_word' id='word_1_245' title='bbox 1664 405 1770 434; x_wconf 82' lang='lat' dir='ltr'><strong>septem</strong></span> <span class='ocrx_word' id='word_1_246' title='bbox 1787 399 1897 426; x_wconf 64' lang='lat' dir='ltr'><strong>dierum</strong></span> 
     </span>
    </p>
   </div>
   <div class='ocr_carea' id='block_1_37' title="bbox 1103 445 1897 486">
    <p class='ocr_par' dir='ltr' id='par_1_37' title="bbox 1103 445 1897 486">
     <span class='ocr_line' id='line_1_37' title="bbox 1103 445 1897 486; baseline -0.01 -7"><span class='ocrx_word' id='word_1_247' title='bbox 1103 451 1280 479; x_wconf 84' lang='lat' dir='ltr'><strong>festivitatem</strong></span> <span class='ocrx_word' id='word_1_248' title='bbox 1298 451 1340 486; x_wconf 76' lang='lat' dir='ltr'><strong>agi</strong></span> <span class='ocrx_word' id='word_1_249' title='bbox 1357 450 1563 486; x_wconf 74' lang='lat' dir='ltr'><strong>proposuisset.</strong></span> <span class='ocrx_word' id='word_1_250' title='bbox 1589 448 1636 475; x_wconf 79' lang='lat' dir='ltr'><strong>sed</strong></span> <span class='ocrx_word' id='word_1_251' title='bbox 1651 452 1759 477; x_wconf 82' lang='lat' dir='ltr'><strong>octavo,</strong></span> <span class='ocrx_word' id='word_1_252' title='bbox 1777 445 1897 481; x_wconf 88' lang='lat' dir='ltr'><strong>primum</strong></span> 
     </span>
    </p>
   </div>
   <div class='ocr_carea' id='block_1_38' title="bbox 1101 493 1899 532">
    <p class='ocr_par' dir='ltr' id='par_1_38' title="bbox 1101 493 1899 532">
     <span class='ocr_line' id='line_1_38' title="bbox 1101 493 1899 532; baseline -0.009 -8"><span class='ocrx_word' id='word_1_253' title='bbox 1101 497 1224 532; x_wconf 82' lang='lat' dir='ltr'><strong>quidem,</strong></span> <span class='ocrx_word' id='word_1_254' title='bbox 1240 496 1303 532; x_wconf 82' lang='lat' dir='ltr'><strong>quia</strong></span> <span class='ocrx_word' id='word_1_255' title='bbox 1321 496 1362 523; x_wconf 83' lang='lat' dir='ltr'><strong>his</strong></span> <span class='ocrx_word' id='word_1_256' title='bbox 1378 496 1423 530; x_wconf 91' lang='lat' dir='ltr'><strong>qui</strong></span> <span class='ocrx_word' id='word_1_257' title='bbox 1444 495 1599 522; x_wconf 79' lang='lat' dir='ltr'><strong>secundum</strong></span> <span class='ocrx_word' id='word_1_258' title='bbox 1616 493 1735 520; x_wconf 72' lang='lat' dir='ltr'><strong>litterati)</strong></span> <span class='ocrx_word' id='word_1_259' title='bbox 1752 493 1841 527; x_wconf 72' lang='lat' dir='ltr'><strong>legem</strong></span> <span class='ocrx_word' id='word_1_260' title='bbox 1857 495 1899 517; x_wconf 65' lang='lat' dir='ltr'><strong>Ia:-</strong></span> 
     </span>
    </p>
   </div>
   <div class='ocr_carea' id='block_1_39' title="bbox 1103 539 1900 577">
    <p class='ocr_par' dir='ltr' id='par_1_39' title="bbox 1103 539 1900 577">
     <span class='ocr_line' id='line_1_39' title="bbox 1103 539 1900 577; baseline -0.005 -7"><span class='ocrx_word' id='word_1_261' title='bbox 1103 547 1181 576; x_wconf 85' lang='lat' dir='ltr'><strong>ncnt,</strong></span> <span class='ocrx_word' id='word_1_262' title='bbox 1201 542 1384 570; x_wconf 79' lang='lat' dir='ltr'><strong>festivitatem</strong></span> <span class='ocrx_word' id='word_1_263' title='bbox 1403 541 1544 577; x_wconf 77' lang='lat' dir='ltr'><strong>celebrare</strong></span> <span class='ocrx_word' id='word_1_264' title='bbox 1564 547 1619 566; x_wconf 90' lang='lat' dir='ltr'><strong>non</strong></span> <span class='ocrx_word' id='word_1_265' title='bbox 1644 539 1719 571; x_wconf 88' lang='lat' dir='ltr'><strong>licet,</strong></span> <span class='ocrx_word' id='word_1_266' title='bbox 1737 546 1811 566; x_wconf 88' lang='lat' dir='ltr'><strong>novo</strong></span> <span class='ocrx_word' id='word_1_267' title='bbox 1823 539 1900 566; x_wconf 87' lang='lat' dir='ltr'><strong>enim</strong></span> 
     </span>
    </p>
   </div>
   <div class='ocr_carea' id='block_1_40' title="bbox 1105 585 1901 624">
    <p class='ocr_par' dir='ltr' id='par_1_40' title="bbox 1105 585 1901 624">
     <span class='ocr_line' id='line_1_40' title="bbox 1105 585 1901 624; baseline -0.008 -8"><span class='ocrx_word' id='word_1_268' title='bbox 1105 593 1263 624; x_wconf 76' lang='lat' dir='ltr'><strong>segregatus</strong></span> <span class='ocrx_word' id='word_1_269' title='bbox 1289 592 1331 616; x_wconf 88' lang='lat' dir='ltr'><strong>est</strong></span> <span class='ocrx_word' id='word_1_270' title='bbox 1356 587 1466 622; x_wconf 81' lang='lat' dir='ltr'><strong>populo.</strong></span> <span class='ocrx_word' id='word_1_271' title='bbox 1494 587 1540 621; x_wconf 90' lang='lat' dir='ltr'><strong>qui</strong></span> <span class='ocrx_word' id='word_1_272' title='bbox 1566 586 1618 613; x_wconf 81' lang='lat' dir='ltr'><strong>scit</strong></span> <span class='ocrx_word' id='word_1_273' title='bbox 1633 585 1720 619; x_wconf 73' lang='lat' dir='ltr'><strong>legem</strong></span> <span class='ocrx_word' id='word_1_274' title='bbox 1745 585 1901 611; x_wconf 71' lang='lat' dir='ltr'><strong>secundant</strong></span> 
     </span>
    </p>
   </div>
   <div class='ocr_carea' id='block_1_41' title="bbox 1105 629 1901 667">
    <p class='ocr_par' dir='ltr' id='par_1_41' title="bbox 1105 629 1901 667">
     <span class='ocr_line' id='line_1_41' title="bbox 1105 629 1901 667; baseline -0.006 -8"><span class='ocrx_word' id='word_1_275' title='bbox 1105 632 1233 667; x_wconf 81' lang='lat' dir='ltr'><strong>spiritum</strong></span> <span class='ocrx_word' id='word_1_276' title='bbox 1261 631 1396 666; x_wconf 85' lang='lat' dir='ltr'><strong>accipere,</strong></span> <span class='ocrx_word' id='word_1_277' title='bbox 1426 635 1454 657; x_wconf 84' lang='lat' dir='ltr'><strong>et</strong></span> <span class='ocrx_word' id='word_1_278' title='bbox 1483 635 1611 657; x_wconf 85' lang='lat' dir='ltr'><strong>octavum</strong></span> <span class='ocrx_word' id='word_1_279' title='bbox 1634 629 1790 659; x_wconf 85' lang='lat' dir='ltr'><strong>honorare,</strong></span> <span class='ocrx_word' id='word_1_280' title='bbox 1817 635 1901 662; x_wconf 79' lang='lat' dir='ltr'><strong>quem</strong></span> 
     </span>
    </p>
   </div>
   <div class='ocr_carea' id='block_1_42' title="bbox 1106 672 1899 711">
    <p class='ocr_par' dir='ltr' id='par_1_42' title="bbox 1106 672 1899 711">
     <span class='ocr_line' id='line_1_42' title="bbox 1106 672 1899 711; baseline -0.008 -8"><span class='ocrx_word' id='word_1_281' title='bbox 1106 676 1225 704; x_wconf 81' lang='lat' dir='ltr'><strong>diximus</strong></span> <span class='ocrx_word' id='word_1_282' title='bbox 1260 675 1415 711; x_wconf 77' lang='lat' dir='ltr'><strong>signiﬁcare</strong></span> <span class='ocrx_word' id='word_1_283' title='bbox 1448 679 1621 702; x_wconf 88' lang='lat' dir='ltr'><strong>mortuorum</strong></span> <span class='ocrx_word' id='word_1_284' title='bbox 1656 672 1899 700; x_wconf 88' lang='lat' dir='ltr'><strong>resurrectionem.</strong></span> 
     </span>
    </p>
   </div>
   <div class='ocr_carea' id='block_1_43' title="bbox 1107 718 1905 756">
    <p class='ocr_par' dir='ltr' id='par_1_43' title="bbox 1107 718 1905 756">
     <span class='ocr_line' id='line_1_43' title="bbox 1107 718 1905 756; baseline -0.004 -8"><span class='ocrx_word' id='word_1_285' title='bbox 1107 721 1242 754; x_wconf 85' lang='lat' dir='ltr'><strong>Secundo,</strong></span> <span class='ocrx_word' id='word_1_286' title='bbox 1259 722 1322 756; x_wconf 89' lang='lat' dir='ltr'><strong>quia</strong></span> <span class='ocrx_word' id='word_1_287' title='bbox 1338 729 1420 748; x_wconf 87' lang='lat' dir='ltr'><strong>unam</strong></span> <span class='ocrx_word' id='word_1_288' title='bbox 1440 721 1567 748; x_wconf 81' lang='lat' dir='ltr'><strong>virtutem</strong></span> <span class='ocrx_word' id='word_1_289' title='bbox 1584 719 1686 746; x_wconf 84' lang='lat' dir='ltr'><strong>habent</strong></span> <span class='ocrx_word' id='word_1_290' title='bbox 1702 724 1730 746; x_wconf 91' lang='lat' dir='ltr'><strong>et</strong></span> <span class='ocrx_word' id='word_1_291' title='bbox 1754 718 1860 752; x_wconf 86' lang='lat' dir='ltr'><strong>primus</strong></span> <span class='ocrx_word' id='word_1_292' title='bbox 1875 722 1905 745; x_wconf 80' lang='grc' dir='ltr'><strong>(ι</strong></span> 
     </span>
    </p>
   </div>
   <div class='ocr_carea' id='block_1_44' title="bbox 1107 765 1904 803">
    <p class='ocr_par' dir='ltr' id='par_1_44' title="bbox 1107 765 1904 803">
     <span class='ocr_line' id='line_1_44' title="bbox 1107 765 1904 803; baseline -0.006 -8"><span class='ocrx_word' id='word_1_293' title='bbox 1107 772 1236 801; x_wconf 80' lang='lat' dir='ltr'><strong>octavus;</strong></span> <span class='ocrx_word' id='word_1_294' title='bbox 1259 768 1323 803; x_wconf 82' lang='lat' dir='ltr'><strong>quia</strong></span> <span class='ocrx_word' id='word_1_295' title='bbox 1347 771 1461 795; x_wconf 82' lang='lat' dir='ltr'><strong>octavus</strong></span> <span class='ocrx_word' id='word_1_296' title='bbox 1485 767 1544 802; x_wconf 86' lang='lat' dir='ltr'><strong>ipse</strong></span> <span class='ocrx_word' id='word_1_297' title='bbox 1579 770 1622 793; x_wconf 85' lang='lat' dir='ltr'><strong>est</strong></span> <span class='ocrx_word' id='word_1_298' title='bbox 1641 769 1669 793; x_wconf 89' lang='lat' dir='ltr'><strong>et</strong></span> <span class='ocrx_word' id='word_1_299' title='bbox 1694 765 1810 799; x_wconf 84' lang='lat' dir='ltr'><strong>primus,</strong></span> <span class='ocrx_word' id='word_1_300' title='bbox 1839 765 1904 798; x_wconf 85' lang='lat' dir='ltr'><strong>qn&#39;a</strong></span> 
     </span>
    </p>
   </div>
   <div class='ocr_carea' id='block_1_45' title="bbox 1108 811 1906 851">
    <p class='ocr_par' dir='ltr' id='par_1_45' title="bbox 1108 811 1906 851">
     <span class='ocr_line' id='line_1_45' title="bbox 1108 811 1906 851; baseline -0.008 -8"><span class='ocrx_word' id='word_1_301' title='bbox 1108 814 1166 851; x_wconf 87' lang='lat' dir='ltr'><strong>ipse</strong></span> <span class='ocrx_word' id='word_1_302' title='bbox 1179 819 1223 842; x_wconf 85' lang='lat' dir='ltr'><strong>est</strong></span> <span class='ocrx_word' id='word_1_303' title='bbox 1243 813 1408 849; x_wconf 89' lang='lat' dir='ltr'><strong>principium</strong></span> <span class='ocrx_word' id='word_1_304' title='bbox 1431 812 1519 840; x_wconf 73' lang='lat' dir='ltr'><strong>futuri</strong></span> <span class='ocrx_word' id='word_1_305' title='bbox 1545 811 1649 839; x_wconf 67' lang='lat' dir='ltr'><strong>saeculi.</strong></span> <span class='ocrx_word' id='word_1_306' title='bbox 1674 811 1776 838; x_wconf 86' lang='lat' dir='ltr'><strong>Deinde</strong></span> <span class='ocrx_word' id='word_1_307' title='bbox 1791 811 1906 844; x_wconf 78' lang='lat' dir='ltr'><strong>primus</strong></span> 
     </span>
    </p>
   </div>
   <div class='ocr_carea' id='block_1_46' title="bbox 1109 857 1907 896">
    <p class='ocr_par' dir='ltr' id='par_1_46' title="bbox 1109 857 1907 896">
     <span class='ocr_line' id='line_1_46' title="bbox 1109 857 1907 896; baseline -0.008 -8"><span class='ocrx_word' id='word_1_308' title='bbox 1109 862 1177 893; x_wconf 82' lang='lat' dir='ltr'><strong>dies,</strong></span> <span class='ocrx_word' id='word_1_309' title='bbox 1199 861 1246 896; x_wconf 87' lang='lat' dir='ltr'><strong>qui</strong></span> <span class='ocrx_word' id='word_1_310' title='bbox 1271 865 1313 887; x_wconf 88' lang='lat' dir='ltr'><strong>est</strong></span> <span class='ocrx_word' id='word_1_311' title='bbox 1330 860 1436 887; x_wconf 86' lang='lat' dir='ltr'><strong>initiqu</strong></span> <span class='ocrx_word' id='word_1_312' title='bbox 1459 859 1539 886; x_wconf 82' lang='lat' dir='ltr'><strong>factae</strong></span> <span class='ocrx_word' id='word_1_313' title='bbox 1563 857 1778 893; x_wconf 74' lang='lat' dir='ltr'><strong>pmdioationis,</strong></span> <span class='ocrx_word' id='word_1_314' title='bbox 1799 858 1825 883; x_wconf 88' lang='lat' dir='ltr'><strong>in</strong></span> <span class='ocrx_word' id='word_1_315' title='bbox 1850 857 1907 883; x_wconf 85' lang='lat' dir='ltr'><strong>line</strong></span> 
     </span>
    </p>
   </div>
   <div class='ocr_carea' id='block_1_47' title="bbox 1110 904 1907 941">
    <p class='ocr_par' dir='ltr' id='par_1_47' title="bbox 1110 904 1907 941">
     <span class='ocr_line' id='line_1_47' title="bbox 1110 904 1907 941; baseline -0.008 -6"><span class='ocrx_word' id='word_1_316' title='bbox 1110 908 1271 935; x_wconf 65' lang='lat' dir='ltr'><strong>saeculorum</strong></span> <span class='ocrx_word' id='word_1_317' title='bbox 1301 907 1423 941; x_wconf 87' lang='lat' dir='ltr'><strong>requiem</strong></span> <span class='ocrx_word' id='word_1_318' title='bbox 1451 906 1586 932; x_wconf 85' lang='lat' dir='ltr'><strong>continet.</strong></span> <span class='ocrx_word' id='word_1_319' title='bbox 1612 904 1798 939; x_wconf 81' lang='lat' dir='ltr'><strong>Requiescere</strong></span> <span class='ocrx_word' id='word_1_320' title='bbox 1829 904 1907 930; x_wconf 88' lang='lat' dir='ltr'><strong>enim</strong></span> 
     </span>
    </p>
   </div>
   <div class='ocr_carea' id='block_1_48' title="bbox 1109 950 1904 986">
    <p class='ocr_par' dir='ltr' id='par_1_48' title="bbox 1109 950 1904 986">
     <span class='ocr_line' id='line_1_48' title="bbox 1109 950 1904 986; baseline -0.009 -5"><span class='ocrx_word' id='word_1_321' title='bbox 1109 961 1160 981; x_wconf 90' lang='lat' dir='ltr'><strong>nos</strong></span> <span class='ocrx_word' id='word_1_322' title='bbox 1173 953 1252 984; x_wconf 85' lang='lat' dir='ltr'><strong>facit,</strong></span> <span class='ocrx_word' id='word_1_323' title='bbox 1263 960 1325 980; x_wconf 88' lang='lat' dir='ltr'><strong>cum</strong></span> <span class='ocrx_word' id='word_1_324' title='bbox 1341 960 1392 979; x_wconf 91' lang='lat' dir='ltr'><strong>nos</strong></span> <span class='ocrx_word' id='word_1_325' title='bbox 1403 960 1419 979; x_wconf 85' lang='lat' dir='ltr'><strong>a</strong></span> <span class='ocrx_word' id='word_1_326' title='bbox 1436 956 1612 986; x_wconf 84' lang='lat' dir='ltr'><strong>peccatorum</strong></span> <span class='ocrx_word' id='word_1_327' title='bbox 1632 950 1773 977; x_wconf 84' lang='lat' dir='ltr'><strong>laboribus</strong></span> <span class='ocrx_word' id='word_1_328' title='bbox 1791 950 1904 979; x_wconf 58' lang='lat' dir='ltr'><strong>liba-rut,</strong></span> 
     </span>
    </p>
   </div>
   <div class='ocr_carea' id='block_1_49' title="bbox 1109 995 1909 1035">
    <p class='ocr_par' dir='ltr' id='par_1_49' title="bbox 1109 995 1909 1035">
     <span class='ocr_line' id='line_1_49' title="bbox 1109 995 1909 1035; baseline -0.008 -8"><span class='ocrx_word' id='word_1_329' title='bbox 1109 1007 1159 1035; x_wconf 86' lang='lat' dir='ltr'><strong>per</strong></span> <span class='ocrx_word' id='word_1_330' title='bbox 1175 999 1278 1027; x_wconf 89' lang='lat' dir='ltr'><strong>donum</strong></span> <span class='ocrx_word' id='word_1_331' title='bbox 1294 998 1468 1032; x_wconf 85' lang='lat' dir='ltr'><strong>baptismatis</strong></span> <span class='ocrx_word' id='word_1_332' title='bbox 1479 998 1559 1032; x_wconf 73' lang='lat' dir='ltr'><strong>cujus</strong></span> <span class='ocrx_word' id='word_1_333' title='bbox 1574 998 1636 1032; x_wconf 85' lang='lat' dir='ltr'><strong>quia</strong></span> <span class='ocrx_word' id='word_1_334' title='bbox 1659 997 1772 1031; x_wconf 73' lang='lat' dir='ltr'><strong>ﬁguratur</strong></span> <span class='ocrx_word' id='word_1_335' title='bbox 1788 995 1909 1022; x_wconf 78' lang='lat' dir='ltr'><strong>inunda-</strong></span> 
     </span>
    </p>
   </div>
   <div class='ocr_carea' id='block_1_50' title="bbox 1110 1042 1908 1081">
    <p class='ocr_par' dir='ltr' id='par_1_50' title="bbox 1110 1042 1908 1081">
     <span class='ocr_line' id='line_1_50' title="bbox 1110 1042 1908 1081; baseline -0.008 -8"><span class='ocrx_word' id='word_1_336' title='bbox 1110 1047 1149 1073; x_wconf 92' lang='lat' dir='ltr'><strong>tio</strong></span> <span class='ocrx_word' id='word_1_337' title='bbox 1165 1046 1287 1081; x_wconf 83' lang='lat' dir='ltr'><strong>gerebat,</strong></span> <span class='ocrx_word' id='word_1_338' title='bbox 1303 1052 1364 1080; x_wconf 70' lang='lat' dir='ltr'><strong>qua:</strong></span> <span class='ocrx_word' id='word_1_339' title='bbox 1380 1049 1513 1071; x_wconf 82' lang='lat' dir='ltr'><strong>creaturae</strong></span> <span class='ocrx_word' id='word_1_340' title='bbox 1532 1052 1582 1078; x_wconf 82' lang='lat' dir='ltr'><strong>per</strong></span> <span class='ocrx_word' id='word_1_341' title='bbox 1608 1044 1664 1070; x_wconf 76' lang='lat' dir='ltr'><strong>Noe</strong></span> <span class='ocrx_word' id='word_1_342' title='bbox 1682 1051 1815 1076; x_wconf 84' lang='lat' dir='ltr'><strong>aquarum</strong></span> <span class='ocrx_word' id='word_1_343' title='bbox 1833 1042 1908 1068; x_wconf 80' lang='lat' dir='ltr'><strong>dilu-</strong></span> 
     </span>
    </p>
   </div>
   <div class='ocr_carea' id='block_1_51' title="bbox 1109 1088 1910 1124">
    <p class='ocr_par' dir='ltr' id='par_1_51' title="bbox 1109 1088 1910 1124">
     <span class='ocr_line' id='line_1_51' title="bbox 1109 1088 1910 1124; baseline -0.007 -4"><span class='ocrx_word' id='word_1_344' title='bbox 1109 1093 1154 1121; x_wconf 86' lang='lat' dir='ltr'><strong>vio</strong></span> <span class='ocrx_word' id='word_1_345' title='bbox 1171 1092 1255 1124; x_wconf 80' lang='lat' dir='ltr'><strong>venit,</strong></span> <span class='ocrx_word' id='word_1_346' title='bbox 1275 1096 1348 1119; x_wconf 86' lang='lat' dir='ltr'><strong>recte</strong></span> <span class='ocrx_word' id='word_1_347' title='bbox 1365 1091 1399 1118; x_wconf 86' lang='lat' dir='ltr'><strong>de</strong></span> <span class='ocrx_word' id='word_1_348' title='bbox 1422 1091 1473 1118; x_wconf 88' lang='lat' dir='ltr'><strong>hoc</strong></span> <span class='ocrx_word' id='word_1_349' title='bbox 1490 1090 1632 1117; x_wconf 68' lang='lat' dir='ltr'><strong>dicrbatur</strong></span> <span class='ocrx_word' id='word_1_350' title='bbox 1647 1098 1654 1116; x_wconf 91' lang='lat'><strong>:</strong></span> <span class='ocrx_word' id='word_1_351' title='bbox 1676 1089 1726 1115; x_wconf 80' lang='lat' dir='ltr'><strong>llic</strong></span> <span class='ocrx_word' id='word_1_352' title='bbox 1745 1088 1910 1123; x_wconf 62' lang='lat' dir='ltr'><strong>requiescere</strong></span> 
     </span>
    </p>
   </div>
   <div class='ocr_carea' id='block_1_52' title="bbox 1110 1134 1909 1171">
    <p class='ocr_par' dir='ltr' id='par_1_52' title="bbox 1110 1134 1909 1171">
     <span class='ocr_line' id='line_1_52' title="bbox 1110 1134 1909 1171; baseline -0.009 -7"><span class='ocrx_word' id='word_1_353' title='bbox 1110 1146 1157 1164; x_wconf 77' lang='lat' dir='ltr'><strong>nos</strong></span> <span class='ocrx_word' id='word_1_354' title='bbox 1188 1138 1266 1171; x_wconf 79' lang='lat' dir='ltr'><strong>faciet</strong></span> <span class='ocrx_word' id='word_1_355' title='bbox 1280 1137 1313 1163; x_wconf 85' lang='lat' dir='ltr'><strong>ub</strong></span> <span class='ocrx_word' id='word_1_356' title='bbox 1339 1136 1459 1163; x_wconf 79' lang='lat' dir='ltr'><strong>omnibus</strong></span> <span class='ocrx_word' id='word_1_357' title='bbox 1480 1135 1600 1168; x_wconf 75' lang='lat' dir='ltr'><strong>operibus</strong></span> <span class='ocrx_word' id='word_1_358' title='bbox 1629 1135 1738 1164; x_wconf 76' lang='lat' dir='ltr'><strong>nostris.</strong></span> <span class='ocrx_word' id='word_1_359' title='bbox 1754 1138 1778 1160; x_wconf 74' lang='lat' dir='ltr'><strong>et</strong></span> <span class='ocrx_word' id='word_1_360' title='bbox 1794 1136 1826 1159; x_wconf 85' lang='lat' dir='ltr'><strong>de</strong></span> <span class='ocrx_word' id='word_1_361' title='bbox 1841 1134 1909 1158; x_wconf 68' lang='lat' dir='ltr'><strong>reli-</strong></span> 
     </span>
    </p>
   </div>
   <div class='ocr_carea' id='block_1_53' title="bbox 1111 1180 1911 1219">
    <p class='ocr_par' dir='ltr' id='par_1_53' title="bbox 1111 1180 1911 1219">
     <span class='ocr_line' id='line_1_53' title="bbox 1111 1180 1911 1219; baseline -0.006 -9"><span class='ocrx_word' id='word_1_362' title='bbox 1111 1185 1180 1219; x_wconf 80' lang='lat' dir='ltr'><strong>quiis</strong></span> <span class='ocrx_word' id='word_1_363' title='bbox 1198 1191 1327 1210; x_wconf 81' lang='lat' dir='ltr'><strong>manuum</strong></span> <span class='ocrx_word' id='word_1_364' title='bbox 1355 1187 1516 1212; x_wconf 68' lang='lat' dir='ltr'><strong>nostrarum.</strong></span> <span class='ocrx_word' id='word_1_365' title='bbox 1534 1186 1558 1208; x_wconf 87' lang='lat' dir='ltr'><strong>et</strong></span> <span class='ocrx_word' id='word_1_366' title='bbox 1574 1190 1591 1207; x_wconf 91' lang='lat' dir='ltr'><strong><em>a</em></strong></span> <span class='ocrx_word' id='word_1_367' title='bbox 1612 1186 1684 1207; x_wconf 80' lang='lat' dir='ltr'><strong>terra</strong></span> <span class='ocrx_word' id='word_1_368' title='bbox 1709 1181 1752 1206; x_wconf 86' lang='lat' dir='ltr'><strong>cui</strong></span> <span class='ocrx_word' id='word_1_369' title='bbox 1769 1180 1911 1206; x_wconf 63' lang='lat' dir='ltr'><strong>maledixit</strong></span> 
     </span>
    </p>
   </div>
   <div class='ocr_carea' id='block_1_54' title="bbox 1112 1224 1911 1262">
    <p class='ocr_par' dir='ltr' id='par_1_54' title="bbox 1112 1224 1911 1262">
     <span class='ocr_line' id='line_1_54' title="bbox 1112 1224 1911 1262; baseline -0.008 -6"><span class='ocrx_word' id='word_1_370' title='bbox 1112 1230 1240 1256; x_wconf 77' lang='lat' dir='ltr'><strong>Dominus</strong></span> <span class='ocrx_word' id='word_1_371' title='bbox 1255 1229 1333 1256; x_wconf 75' lang='lat' dir='ltr'><strong>Deus.</strong></span> <span class='ocrx_word' id='word_1_372' title='bbox 1350 1228 1492 1262; x_wconf 79' lang='lat' dir='ltr'><strong>Simulque</strong></span> <span class='ocrx_word' id='word_1_373' title='bbox 1507 1227 1691 1262; x_wconf 86' lang='lat' dir='ltr'><strong>primusdies,</strong></span> <span class='ocrx_word' id='word_1_374' title='bbox 1710 1225 1854 1253; x_wconf 75' lang='lat' dir='ltr'><strong>exordium</strong></span> <span class='ocrx_word' id='word_1_375' title='bbox 1866 1224 1911 1251; x_wconf 87' lang='lat' dir='ltr'><strong>\i-</strong></span> 
     </span>
    </p>
   </div>
   <div class='ocr_carea' id='block_1_55' title="bbox 1108 1272 1912 1308">
    <p class='ocr_par' dir='ltr' id='par_1_55' title="bbox 1108 1272 1912 1308">
     <span class='ocr_line' id='line_1_55' title="bbox 1108 1272 1912 1308; baseline -0.009 -6"><span class='ocrx_word' id='word_1_376' title='bbox 1108 1275 1211 1302; x_wconf 84' lang='lat' dir='ltr'><strong>delicet</strong></span> <span class='ocrx_word' id='word_1_377' title='bbox 1240 1273 1459 1308; x_wconf 59' lang='lat' dir='ltr'><strong>praedicationis,</strong></span> <span class='ocrx_word' id='word_1_378' title='bbox 1487 1272 1622 1307; x_wconf 87' lang='lat' dir='ltr'><strong>promittit</strong></span> <span class='ocrx_word' id='word_1_379' title='bbox 1649 1272 1828 1306; x_wconf 78' lang='lat' dir='ltr'><strong>posteriorem</strong></span> <span class='ocrx_word' id='word_1_380' title='bbox 1857 1278 1912 1295; x_wconf 70' lang='lat' dir='ltr'><strong>rc—</strong></span> 
     </span>
    </p>
   </div>
   <div class='ocr_carea' id='block_1_56' title="bbox 1111 1318 1911 1355">
    <p class='ocr_par' dir='ltr' id='par_1_56' title="bbox 1111 1318 1911 1355">
     <span class='ocr_line' id='line_1_56' title="bbox 1111 1318 1911 1355; baseline -0.005 -8"><span class='ocrx_word' id='word_1_381' title='bbox 1111 1321 1214 1355; x_wconf 84' lang='lat' dir='ltr'><strong>quiem,</strong></span> <span class='ocrx_word' id='word_1_382' title='bbox 1246 1328 1328 1355; x_wconf 89' lang='lat' dir='ltr'><strong>quam</strong></span> <span class='ocrx_word' id='word_1_383' title='bbox 1344 1324 1457 1347; x_wconf 84' lang='lat' dir='ltr'><strong>octavus</strong></span> <span class='ocrx_word' id='word_1_384' title='bbox 1477 1319 1569 1351; x_wconf 85' lang='lat' dir='ltr'><strong>habet,</strong></span> <span class='ocrx_word' id='word_1_385' title='bbox 1596 1318 1622 1345; x_wconf 90' lang='lat' dir='ltr'><strong>id</strong></span> <span class='ocrx_word' id='word_1_386' title='bbox 1651 1321 1704 1350; x_wconf 77' lang='lat' dir='ltr'><strong>est,</strong></span> <span class='ocrx_word' id='word_1_387' title='bbox 1734 1321 1911 1344; x_wconf 88' lang='lat' dir='ltr'><strong>mortuorum</strong></span> 
     </span>
    </p>
   </div>
   <div class='ocr_carea' id='block_1_57' title="bbox 1113 1363 1912 1402">
    <p class='ocr_par' dir='ltr' id='par_1_57' title="bbox 1113 1363 1912 1402">
     <span class='ocr_line' id='line_1_57' title="bbox 1113 1363 1912 1402; baseline -0.008 -8"><span class='ocrx_word' id='word_1_388' title='bbox 1113 1366 1291 1399; x_wconf 87' lang='lat' dir='ltr'><strong>resurrectio,</strong></span> <span class='ocrx_word' id='word_1_389' title='bbox 1306 1371 1333 1393; x_wconf 92' lang='lat' dir='ltr'><strong>et</strong></span> <span class='ocrx_word' id='word_1_390' title='bbox 1351 1374 1466 1402; x_wconf 78' lang='lat' dir='ltr'><strong>regnum</strong></span> <span class='ocrx_word' id='word_1_391' title='bbox 1491 1365 1575 1392; x_wconf 90' lang='lat' dir='ltr'><strong>futuri</strong></span> <span class='ocrx_word' id='word_1_392' title='bbox 1594 1364 1698 1397; x_wconf 56' lang='lat' dir='ltr'><strong>saeculi,</strong></span> <span class='ocrx_word' id='word_1_393' title='bbox 1717 1363 1751 1390; x_wconf 86' lang='lat' dir='ltr'><strong>de</strong></span> <span class='ocrx_word' id='word_1_394' title='bbox 1766 1370 1821 1398; x_wconf 90' lang='lat' dir='ltr'><strong>quo</strong></span> <span class='ocrx_word' id='word_1_395' title='bbox 1835 1363 1912 1397; x_wconf 86' lang='lat' dir='ltr'><strong>psal-</strong></span> 
     </span>
    </p>
   </div>
   <div class='ocr_carea' id='block_1_58' title="bbox 1111 1408 1910 1447">
    <p class='ocr_par' dir='ltr' id='par_1_58' title="bbox 1111 1408 1910 1447">
     <span class='ocr_line' id='line_1_58' title="bbox 1111 1408 1910 1447; baseline -0.006 -8"><span class='ocrx_word' id='word_1_396' title='bbox 1111 1413 1186 1441; x_wconf 65' lang='lat' dir='ltr'><strong>lebat</strong></span> <span class='ocrx_word' id='word_1_397' title='bbox 1202 1412 1286 1440; x_wconf 82' lang='lat' dir='ltr'><strong>David</strong></span> <span class='ocrx_word' id='word_1_398' title='bbox 1303 1421 1310 1439; x_wconf 92' lang='lat'>:</span> <span class='ocrx_word' id='word_1_399' title='bbox 1331 1412 1462 1447; x_wconf 74' lang='lat' dir='ltr'><strong>Exsurge,</strong></span> <span class='ocrx_word' id='word_1_400' title='bbox 1481 1411 1603 1441; x_wconf 83' lang='lat' dir='ltr'><strong>Domine,</strong></span> <span class='ocrx_word' id='word_1_401' title='bbox 1619 1411 1647 1437; x_wconf 83' lang='lat' dir='ltr'><strong>in</strong></span> <span class='ocrx_word' id='word_1_402' title='bbox 1659 1410 1776 1444; x_wconf 77' lang='lat' dir='ltr'><strong>requiem</strong></span> <span class='ocrx_word' id='word_1_403' title='bbox 1790 1408 1910 1435; x_wconf 72' lang='lat' dir='ltr'><strong>tuam“.</strong></span> 
     </span>
    </p>
   </div>
   <div class='ocr_carea' id='block_1_59' title="bbox 1114 1455 1911 1492">
    <p class='ocr_par' dir='ltr' id='par_1_59' title="bbox 1114 1455 1911 1492">
     <span class='ocr_line' id='line_1_59' title="bbox 1114 1455 1911 1492; baseline -0.006 -7"><span class='ocrx_word' id='word_1_404' title='bbox 1114 1458 1183 1491; x_wconf 85' lang='lat' dir='ltr'><strong>Quia</strong></span> <span class='ocrx_word' id='word_1_405' title='bbox 1199 1458 1272 1486; x_wconf 89' lang='lat' dir='ltr'><strong>enim</strong></span> <span class='ocrx_word' id='word_1_406' title='bbox 1288 1462 1435 1492; x_wconf 86' lang='lat' dir='ltr'><strong>utramque</strong></span> <span class='ocrx_word' id='word_1_407' title='bbox 1448 1457 1571 1491; x_wconf 85' lang='lat' dir='ltr'><strong>requiem</strong></span> <span class='ocrx_word' id='word_1_408' title='bbox 1583 1456 1725 1483; x_wconf 79' lang='lat' dir='ltr'><strong>exordium</strong></span> <span class='ocrx_word' id='word_1_409' title='bbox 1741 1455 1911 1489; x_wconf 68' lang='lat' dir='ltr'><strong>evangelii-zu</strong></span> 
     </span>
    </p>
   </div>
   <div class='ocr_carea' id='block_1_60' title="bbox 1114 1500 1912 1539">
    <p class='ocr_par' dir='ltr' id='par_1_60' title="bbox 1114 1500 1912 1539">
     <span class='ocr_line' id='line_1_60' title="bbox 1114 1500 1912 1539; baseline -0.006 -8"><span class='ocrx_word' id='word_1_410' title='bbox 1114 1504 1316 1539; x_wconf 63' lang='lat' dir='ltr'><strong>praedicationis</strong></span> <span class='ocrx_word' id='word_1_411' title='bbox 1335 1504 1469 1538; x_wconf 81' lang='lat' dir='ltr'><strong>possidet,</strong></span> <span class='ocrx_word' id='word_1_412' title='bbox 1485 1503 1546 1530; x_wconf 88' lang='lat' dir='ltr'><strong>audi</strong></span> <span class='ocrx_word' id='word_1_413' title='bbox 1563 1502 1629 1537; x_wconf 91' lang='lat' dir='ltr'><strong>quid</strong></span> <span class='ocrx_word' id='word_1_414' title='bbox 1646 1502 1764 1536; x_wconf 87' lang='lat' dir='ltr'><strong>primum</strong></span> <span class='ocrx_word' id='word_1_415' title='bbox 1780 1500 1912 1528; x_wconf 81' lang='lat' dir='ltr'><strong>Christus</strong></span> 
     </span>
    </p>
   </div>
   <div class='ocr_carea' id='block_1_61' title="bbox 270 1546 1914 1589">
    <p class='ocr_par' dir='ltr' id='par_1_61' title="bbox 270 1546 1914 1589">
     <span class='ocr_line' id='line_1_61' title="bbox 270 1546 1914 1589; baseline 0.001 -17"><span class='ocrx_word' id='word_1_416' title='bbox 270 1550 312 1589; x_wconf 83' lang='lat' dir='ltr'><strong>est</strong></span> <span class='ocrx_word' id='word_1_417' title='bbox 327 1546 445 1580; x_wconf 87' lang='lat' dir='ltr'><strong>requies.</strong></span> <span class='ocrx_word' id='word_1_418' title='bbox 464 1546 641 1581; x_wconf 85' lang='lat' dir='ltr'><strong>Sumetisque</strong></span> <span class='ocrx_word' id='word_1_419' title='bbox 653 1547 732 1574; x_wconf 90' lang='lat' dir='ltr'><strong>vobis</strong></span> <span class='ocrx_word' id='word_1_420' title='bbox 742 1546 787 1573; x_wconf 88' lang='lat' dir='ltr'><strong>die</strong></span> <span class='ocrx_word' id='word_1_421' title='bbox 798 1547 887 1581; x_wconf 87' lang='lat' dir='ltr'><strong>primo</strong></span> <span class='ocrx_word' id='word_1_422' title='bbox 905 1548 1008 1576; x_wconf 78' lang='lat' dir='ltr'><strong>fruetus</strong></span> <span class='ocrx_word' id='word_1_423' title='bbox 1017 1557 1063 1576; x_wconf 90' lang='lat' dir='ltr'><strong>ar-</strong></span> <span class='ocrx_word' id='word_1_424' title='bbox 1078 1560 1098 1589; x_wconf 70' lang='grc' dir='ltr'>ο</span> <span class='ocrx_word' id='word_1_425' title='bbox 1115 1551 1237 1577; x_wconf 83' lang='lat' dir='ltr'><strong>humano</strong></span> <span class='ocrx_word' id='word_1_426' title='bbox 1254 1550 1346 1586; x_wconf 77' lang='lat' dir='ltr'><strong>generi</strong></span> <span class='ocrx_word' id='word_1_427' title='bbox 1360 1549 1535 1584; x_wconf 63' lang='lat' dir='ltr'><strong>praedicavit:</strong></span> <span class='ocrx_word' id='word_1_428' title='bbox 1552 1548 1742 1575; x_wconf 76' lang='lat' dir='ltr'><strong>Pmuitoutiam</strong></span> <span class='ocrx_word' id='word_1_429' title='bbox 1759 1548 1840 1582; x_wconf 80' lang='lat' dir='ltr'><strong>agite,</strong></span> <span class='ocrx_word' id='word_1_430' title='bbox 1859 1555 1914 1580; x_wconf 81' lang='lat' dir='ltr'><strong>np-</strong></span> 
     </span>
    </p>
   </div>
   <div class='ocr_carea' id='block_1_62' title="bbox 270 1588 1066 1628">
    <p class='ocr_par' dir='ltr' id='par_1_62' title="bbox 270 1588 1066 1628">
     <span class='ocr_line' id='line_1_62' title="bbox 270 1588 1066 1628; baseline 0.008 -13"><span class='ocrx_word' id='word_1_431' title='bbox 270 1588 345 1615; x_wconf 88' lang='lat' dir='ltr'><strong>boris</strong></span> <span class='ocrx_word' id='word_1_432' title='bbox 358 1589 570 1623; x_wconf 74' lang='lat' dir='ltr'><strong>pulcherrimre:</strong></span> <span class='ocrx_word' id='word_1_433' title='bbox 590 1591 767 1625; x_wconf 86' lang='lat' dir='ltr'><strong>spatulasque</strong></span> <span class='ocrx_word' id='word_1_434' title='bbox 785 1593 949 1628; x_wconf 83' lang='lat' dir='ltr'><strong>palmarum.</strong></span> <span class='ocrx_word' id='word_1_435' title='bbox 968 1599 996 1621; x_wconf 87' lang='lat' dir='ltr'><strong>et</strong></span> <span class='ocrx_word' id='word_1_436' title='bbox 1022 1602 1066 1621; x_wconf 62' lang='lat' dir='ltr'><strong>rae</strong></span> 
     </span>
    </p>
   </div>
   <div class='ocr_carea' id='block_1_63' title="bbox 270 1634 1066 1672">
    <p class='ocr_par' dir='ltr' id='par_1_63' title="bbox 270 1634 1066 1672">
     <span class='ocr_line' id='line_1_63' title="bbox 270 1634 1066 1672; baseline 0.013 -14"><span class='ocrx_word' id='word_1_437' title='bbox 270 1634 407 1672; x_wconf 79' lang='lat' dir='ltr'><strong>mosligni</strong></span> <span class='ocrx_word' id='word_1_438' title='bbox 427 1634 574 1661; x_wconf 86' lang='lat' dir='ltr'><strong>densarum</strong></span> <span class='ocrx_word' id='word_1_439' title='bbox 599 1636 751 1670; x_wconf 87' lang='lat' dir='ltr'><strong>frondium,</strong></span> <span class='ocrx_word' id='word_1_440' title='bbox 774 1644 799 1666; x_wconf 86' lang='lat' dir='ltr'><strong>et</strong></span> <span class='ocrx_word' id='word_1_441' title='bbox 829 1639 927 1666; x_wconf 87' lang='lat' dir='ltr'><strong>salices</strong></span> <span class='ocrx_word' id='word_1_442' title='bbox 948 1640 982 1667; x_wconf 91' lang='lat' dir='ltr'><strong>de</strong></span> <span class='ocrx_word' id='word_1_443' title='bbox 1014 1644 1066 1668; x_wconf 83' lang='lat' dir='ltr'><strong>tor-</strong></span> 
     </span>
    </p>
   </div>
   <div class='ocr_carea' id='block_1_64' title="bbox 270 1680 1065 1720">
    <p class='ocr_par' dir='ltr' id='par_1_64' title="bbox 270 1680 1065 1720">
     <span class='ocr_line' id='line_1_64' title="bbox 270 1680 1065 1720; baseline 0.014 -16"><span class='ocrx_word' id='word_1_444' title='bbox 270 1683 359 1710; x_wconf 88' lang='lat' dir='ltr'><strong>rente,</strong></span> <span class='ocrx_word' id='word_1_445' title='bbox 377 1685 404 1706; x_wconf 87' lang='lat' dir='ltr'><strong>ct</strong></span> <span class='ocrx_word' id='word_1_446' title='bbox 416 1680 573 1708; x_wconf 62' lang='lat' dir='ltr'><strong>laetahimini</strong></span> <span class='ocrx_word' id='word_1_447' title='bbox 592 1690 683 1710; x_wconf 87' lang='lat' dir='ltr'><strong>coram</strong></span> <span class='ocrx_word' id='word_1_448' title='bbox 701 1683 815 1712; x_wconf 88' lang='lat' dir='ltr'><strong>Domino</strong></span> <span class='ocrx_word' id='word_1_449' title='bbox 829 1685 885 1713; x_wconf 89' lang='lat' dir='ltr'><strong>Deo</strong></span> <span class='ocrx_word' id='word_1_450' title='bbox 902 1692 1001 1720; x_wconf 86' lang='lat' dir='ltr'><strong>vestro,</strong></span> <span class='ocrx_word' id='word_1_451' title='bbox 1019 1695 1065 1714; x_wconf 88' lang='lat' dir='ltr'><strong>ce-</strong></span> 
     </span>
    </p>
   </div>
   <div class='ocr_carea' id='block_1_65' title="bbox 271 1724 1066 1768">
    <p class='ocr_par' dir='ltr' id='par_1_65' title="bbox 271 1724 1066 1768">
     <span class='ocr_line' id='line_1_65' title="bbox 271 1724 1066 1768; baseline 0.014 -18"><span class='ocrx_word' id='word_1_452' title='bbox 271 1724 466 1759; x_wconf 82' lang='lat' dir='ltr'><strong>lebrabitisque</strong></span> <span class='ocrx_word' id='word_1_453' title='bbox 484 1727 685 1756; x_wconf 86' lang='lat' dir='ltr'><strong>solemnitatem</strong></span> <span class='ocrx_word' id='word_1_454' title='bbox 700 1731 758 1764; x_wconf 84' lang='lat' dir='ltr'><strong>ejus</strong></span> <span class='ocrx_word' id='word_1_455' title='bbox 773 1736 877 1766; x_wconf 87' lang='lat' dir='ltr'><strong>septem</strong></span> <span class='ocrx_word' id='word_1_456' title='bbox 897 1732 995 1760; x_wconf 87' lang='lat' dir='ltr'><strong>diebus</strong></span> <span class='ocrx_word' id='word_1_457' title='bbox 1017 1741 1066 1768; x_wconf 87' lang='lat' dir='ltr'><strong>per</strong></span> 
     </span>
    </p>
   </div>
   <div class='ocr_carea' id='block_1_66' title="bbox 272 1771 1065 1814">
    <p class='ocr_par' dir='ltr' id='par_1_66' title="bbox 272 1771 1065 1814">
     <span class='ocr_line' id='line_1_66' title="bbox 272 1771 1065 1814; baseline 0.015 -19"><span class='ocrx_word' id='word_1_458' title='bbox 272 1778 374 1797; x_wconf 82' lang='lat' dir='ltr'><strong>annum</strong></span> <span class='ocrx_word' id='word_1_459' title='bbox 397 1779 403 1796; x_wconf 89' lang='lat'><strong><em>:</em></strong></span> <span class='ocrx_word' id='word_1_460' title='bbox 431 1771 586 1807; x_wconf 80' lang='lat' dir='ltr'><strong>legitimum</strong></span> <span class='ocrx_word' id='word_1_461' title='bbox 603 1777 802 1810; x_wconf 88' lang='lat' dir='ltr'><strong>sempiternum</strong></span> <span class='ocrx_word' id='word_1_462' title='bbox 819 1779 874 1806; x_wconf 90' lang='lat' dir='ltr'><strong>erit</strong></span> <span class='ocrx_word' id='word_1_463' title='bbox 888 1779 915 1805; x_wconf 94' lang='lat' dir='ltr'><strong>in</strong></span> <span class='ocrx_word' id='word_1_464' title='bbox 946 1787 1065 1814; x_wconf 78' lang='lat' dir='ltr'><strong>genera-</strong></span> 
     </span>
    </p>
   </div>
   <div class='ocr_carea' id='block_1_67' title="bbox 273 1816 1064 1858">
    <p class='ocr_par' dir='ltr' id='par_1_67' title="bbox 273 1816 1064 1858">
     <span class='ocr_line' id='line_1_67' title="bbox 273 1816 1064 1858; baseline 0.013 -15"><span class='ocrx_word' id='word_1_465' title='bbox 273 1816 395 1844; x_wconf 86' lang='lat' dir='ltr'><strong>tionibus</strong></span> <span class='ocrx_word' id='word_1_466' title='bbox 414 1819 521 1847; x_wconf 86' lang='lat' dir='ltr'><strong>vestris.</strong></span> <span class='ocrx_word' id='word_1_467' title='bbox 539 1819 631 1848; x_wconf 84' lang='lat' dir='ltr'><strong>Meusc</strong></span> <span class='ocrx_word' id='word_1_468' title='bbox 648 1822 764 1857; x_wconf 88' lang='lat' dir='ltr'><strong>septimo</strong></span> <span class='ocrx_word' id='word_1_469' title='bbox 794 1823 860 1851; x_wconf 80' lang='lat' dir='ltr'><strong>festa</strong></span> <span class='ocrx_word' id='word_1_470' title='bbox 877 1826 1064 1858; x_wconf 83' lang='lat' dir='ltr'><strong>celebrabitis,</strong></span> 
     </span>
    </p>
   </div>
   <div class='ocr_carea' id='block_1_68' title="bbox 272 1865 1066 1905">
    <p class='ocr_par' dir='ltr' id='par_1_68' title="bbox 272 1865 1066 1905">
     <span class='ocr_line' id='line_1_68' title="bbox 272 1865 1066 1905; baseline 0.013 -15"><span class='ocrx_word' id='word_1_471' title='bbox 272 1869 300 1891; x_wconf 85' lang='lat' dir='ltr'><strong>et</strong></span> <span class='ocrx_word' id='word_1_472' title='bbox 318 1865 478 1892; x_wconf 77' lang='lat' dir='ltr'><strong>habitabilis</strong></span> <span class='ocrx_word' id='word_1_473' title='bbox 495 1866 521 1892; x_wconf 95' lang='lat' dir='ltr'><strong>in</strong></span> <span class='ocrx_word' id='word_1_474' title='bbox 534 1868 702 1896; x_wconf 81' lang='lat' dir='ltr'><strong>umbraculis</strong></span> <span class='ocrx_word' id='word_1_475' title='bbox 727 1876 832 1905; x_wconf 86' lang='lat' dir='ltr'><strong>septem</strong></span> <span class='ocrx_word' id='word_1_476' title='bbox 851 1872 959 1899; x_wconf 74' lang='lat' dir='ltr'><strong>diebus.</strong></span> <span class='ocrx_word' id='word_1_477' title='bbox 970 1872 1066 1900; x_wconf 83' lang='lat' dir='ltr'><strong>Omnis</strong></span> 
     </span>
    </p>
   </div>
   <div class='ocr_carea' id='block_1_69' title="bbox 272 1910 1065 1950">
    <p class='ocr_par' dir='ltr' id='par_1_69' title="bbox 272 1910 1065 1950">
     <span class='ocr_line' id='line_1_69' title="bbox 272 1910 1065 1950; baseline 0.014 -15"><span class='ocrx_word' id='word_1_478' title='bbox 272 1910 320 1945; x_wconf 90' lang='lat' dir='ltr'><strong>qui</strong></span> <span class='ocrx_word' id='word_1_479' title='bbox 337 1918 370 1937; x_wconf 85' lang='lat' dir='ltr'><strong>cx</strong></span> <span class='ocrx_word' id='word_1_480' title='bbox 393 1919 492 1945; x_wconf 81' lang='lat' dir='ltr'><strong>genere</strong></span> <span class='ocrx_word' id='word_1_481' title='bbox 509 1917 551 1939; x_wconf 88' lang='lat' dir='ltr'><strong>est</strong></span> <span class='ocrx_word' id='word_1_482' title='bbox 571 1913 663 1945; x_wconf 82' lang='lat' dir='ltr'><strong>Israel,</strong></span> <span class='ocrx_word' id='word_1_483' title='bbox 689 1917 811 1944; x_wconf 84' lang='lat' dir='ltr'><strong>manebit</strong></span> <span class='ocrx_word' id='word_1_484' title='bbox 827 1917 854 1944; x_wconf 93' lang='lat' dir='ltr'><strong>in</strong></span> <span class='ocrx_word' id='word_1_485' title='bbox 871 1918 1065 1950; x_wconf 86' lang='lat' dir='ltr'><strong>tabernaculis,</strong></span> 
     </span>
    </p>
   </div>
   <div class='ocr_carea' id='block_1_70' title="bbox 274 1956 1067 1996">
    <p class='ocr_par' dir='ltr' id='par_1_70' title="bbox 274 1956 1067 1996">
     <span class='ocr_line' id='line_1_70' title="bbox 274 1956 1067 1996; baseline 0.013 -14"><span class='ocrx_word' id='word_1_486' title='bbox 274 1959 305 1982; x_wconf 88' lang='lat' dir='ltr'><strong>ut</strong></span> <span class='ocrx_word' id='word_1_487' title='bbox 318 1956 424 1983; x_wconf 78' lang='lat' dir='ltr'><strong>discant</strong></span> <span class='ocrx_word' id='word_1_488' title='bbox 442 1959 545 1992; x_wconf 87' lang='lat' dir='ltr'><strong>posteri</strong></span> <span class='ocrx_word' id='word_1_489' title='bbox 564 1961 656 1992; x_wconf 88' lang='lat' dir='ltr'><strong>vestri,</strong></span> <span class='ocrx_word' id='word_1_490' title='bbox 683 1962 757 1996; x_wconf 90' lang='lat' dir='ltr'><strong>quod</strong></span> <span class='ocrx_word' id='word_1_491' title='bbox 776 1963 803 1989; x_wconf 92' lang='lat' dir='ltr'><strong>in</strong></span> <span class='ocrx_word' id='word_1_492' title='bbox 820 1964 1004 1991; x_wconf 83' lang='lat' dir='ltr'><strong>tabernaculis</strong></span> <span class='ocrx_word' id='word_1_493' title='bbox 1019 1965 1067 1992; x_wconf 90' lang='lat' dir='ltr'><strong>ha-</strong></span> 
     </span>
    </p>
   </div>
   <div class='ocr_carea' id='block_1_71' title="bbox 272 2001 1066 2038">
    <p class='ocr_par' dir='ltr' id='par_1_71' title="bbox 272 2001 1066 2038">
     <span class='ocr_line' id='line_1_71' title="bbox 272 2001 1066 2038; baseline 0.011 -9"><span class='ocrx_word' id='word_1_494' title='bbox 272 2001 360 2029; x_wconf 82' lang='lat' dir='ltr'><strong>bitare</strong></span> <span class='ocrx_word' id='word_1_495' title='bbox 378 2002 488 2030; x_wconf 86' lang='lat' dir='ltr'><strong>fecerim</strong></span> <span class='ocrx_word' id='word_1_496' title='bbox 509 2005 577 2032; x_wconf 84' lang='lat' dir='ltr'><strong>lilios</strong></span> <span class='ocrx_word' id='word_1_497' title='bbox 602 2005 695 2037; x_wconf 79' lang='lat' dir='ltr'><strong>Israel.</strong></span> <span class='ocrx_word' id='word_1_498' title='bbox 709 2016 772 2035; x_wconf 91' lang='lat' dir='ltr'><strong>eum</strong></span> <span class='ocrx_word' id='word_1_499' title='bbox 789 2009 937 2037; x_wconf 78' lang='lat' dir='ltr'><strong>educerem</strong></span> <span class='ocrx_word' id='word_1_500' title='bbox 955 2018 1002 2037; x_wconf 85' lang='lat' dir='ltr'><strong>eos</strong></span> <span class='ocrx_word' id='word_1_501' title='bbox 1031 2011 1066 2038; x_wconf 90' lang='lat' dir='ltr'><strong>de</strong></span> 
     </span>
    </p>
   </div>
   <div class='ocr_carea' id='block_1_72' title="bbox 274 2046 1065 2084">
    <p class='ocr_par' dir='ltr' id='par_1_72' title="bbox 274 2046 1065 2084">
     <span class='ocr_line' id='line_1_72' title="bbox 274 2046 1065 2084; baseline 0.013 -12"><span class='ocrx_word' id='word_1_502' title='bbox 274 2051 347 2073; x_wconf 89' lang='lat' dir='ltr'><strong>terra</strong></span> <span class='ocrx_word' id='word_1_503' title='bbox 363 2046 483 2083; x_wconf 68' lang='lat' dir='ltr'><strong>1E3ypti.</strong></span> <span class='ocrx_word' id='word_1_504' title='bbox 499 2049 555 2084; x_wconf 79' lang='lat' dir='ltr'><strong>Ego</strong></span> <span class='ocrx_word' id='word_1_505' title='bbox 572 2050 703 2078; x_wconf 82' lang='lat' dir='ltr'><strong>Dominus</strong></span> <span class='ocrx_word' id='word_1_506' title='bbox 715 2053 786 2080; x_wconf 84' lang='lat' dir='ltr'><strong>Deus</strong></span> <span class='ocrx_word' id='word_1_507' title='bbox 813 2058 913 2082; x_wconf 84' lang='lat' dir='ltr'><strong>vester.</strong></span> <span class='ocrx_word' id='word_1_508' title='bbox 930 2055 1065 2082; x_wconf 80' lang='lat' dir='ltr'><strong>Locutus-</strong></span> 
     </span>
    </p>
   </div>
   <div class='ocr_carea' id='block_1_73' title="bbox 274 2094 1066 2131">
    <p class='ocr_par' dir='ltr' id='par_1_73' title="bbox 274 2094 1066 2131">
     <span class='ocr_line' id='line_1_73' title="bbox 274 2094 1066 2131; baseline 0.011 -13"><span class='ocrx_word' id='word_1_509' title='bbox 274 2100 327 2127; x_wconf 89' lang='lat' dir='ltr'><strong>que</strong></span> <span class='ocrx_word' id='word_1_510' title='bbox 347 2098 389 2120; x_wconf 89' lang='lat' dir='ltr'><strong>est</strong></span> <span class='ocrx_word' id='word_1_511' title='bbox 417 2094 523 2129; x_wconf 76' lang='lat' dir='ltr'><strong>Moyses</strong></span> <span class='ocrx_word' id='word_1_512' title='bbox 550 2104 633 2131; x_wconf 85' lang='lat' dir='ltr'><strong>super</strong></span> <span class='ocrx_word' id='word_1_513' title='bbox 648 2098 871 2126; x_wconf 86' lang='lat' dir='ltr'><strong>solemnitatibus</strong></span> <span class='ocrx_word' id='word_1_514' title='bbox 902 2100 1008 2127; x_wconf 85' lang='lat' dir='ltr'><strong>Domini</strong></span> <span class='ocrx_word' id='word_1_515' title='bbox 1031 2100 1066 2127; x_wconf 87' lang='lat' dir='ltr'><strong>ad</strong></span> 
     </span>
    </p>
   </div>
   <div class='ocr_carea' id='block_1_74' title="bbox 275 2137 485 2166">
    <p class='ocr_par' dir='ltr' id='par_1_74' title="bbox 275 2137 485 2166">
     <span class='ocr_line' id='line_1_74' title="bbox 275 2137 485 2166; baseline 0.01 -2"><span class='ocrx_word' id='word_1_516' title='bbox 275 2137 345 2165; x_wconf 81' lang='lat' dir='ltr'><strong>ﬁlios</strong></span> <span class='ocrx_word' id='word_1_517' title='bbox 357 2139 450 2166; x_wconf 86' lang='lat' dir='ltr'><strong>lsrael.</strong></span> <span class='ocrx_word' id='word_1_518' title='bbox 476 2150 485 2165; x_wconf 76' lang='grc' dir='ltr'><strong><em>ι</em></strong></span> 
     </span>
    </p>
   </div>
   <div class='ocr_carea' id='block_1_75' title="bbox 309 2183 1063 2226">
    <p class='ocr_par' dir='ltr' id='par_1_75' title="bbox 309 2183 1063 2226">
     <span class='ocr_line' id='line_1_75' title="bbox 309 2183 1063 2226; baseline 0.015 -17"><span class='ocrx_word' id='word_1_519' title='bbox 309 2183 395 2211; x_wconf 84' lang='lat' dir='ltr'><strong>Tutos</strong></span> <span class='ocrx_word' id='word_1_520' title='bbox 408 2193 458 2212; x_wconf 87' lang='lat' dir='ltr'><strong>nos</strong></span> <span class='ocrx_word' id='word_1_521' title='bbox 471 2187 608 2222; x_wconf 77' lang='lat' dir='ltr'><strong>legislator</strong></span> <span class='ocrx_word' id='word_1_522' title='bbox 621 2196 684 2217; x_wconf 89' lang='lat' dir='ltr'><strong>esse</strong></span> <span class='ocrx_word' id='word_1_523' title='bbox 713 2191 839 2226; x_wconf 71' lang='lat' dir='ltr'><strong>prmeipit</strong></span> <span class='ocrx_word' id='word_1_524' title='bbox 854 2193 947 2219; x_wconf 68' lang='lat' dir='ltr'><strong>Siet-iiIi</strong></span> <span class='ocrx_word' id='word_1_525' title='bbox 966 2192 1063 2226; x_wconf 84' lang='lat' dir='ltr'><strong>futuri,</strong></span> 
     </span>
    </p>
   </div>
   <div class='ocr_carea' id='block_1_76' title="bbox 275 2231 1063 2272">
    <p class='ocr_par' dir='ltr' id='par_1_76' title="bbox 275 2231 1063 2272">
     <span class='ocr_line' id='line_1_76' title="bbox 275 2231 1063 2272; baseline 0.016 -19"><span class='ocrx_word' id='word_1_526' title='bbox 275 2231 304 2254; x_wconf 91' lang='lat' dir='ltr'><strong>et</strong></span> <span class='ocrx_word' id='word_1_527' title='bbox 319 2235 483 2263; x_wconf 73' lang='lat' dir='ltr'><strong>prmsentem</strong></span> <span class='ocrx_word' id='word_1_528' title='bbox 497 2232 581 2260; x_wconf 87' lang='lat' dir='ltr'><strong>vitam</strong></span> <span class='ocrx_word' id='word_1_529' title='bbox 603 2235 636 2261; x_wconf 88' lang='lat' dir='ltr'><strong>ad</strong></span> <span class='ocrx_word' id='word_1_530' title='bbox 654 2235 719 2262; x_wconf 88' lang='lat' dir='ltr'><strong>illud</strong></span> <span class='ocrx_word' id='word_1_531' title='bbox 743 2241 884 2270; x_wconf 86' lang='lat' dir='ltr'><strong>coaptare.</strong></span> <span class='ocrx_word' id='word_1_532' title='bbox 915 2237 1063 2272; x_wconf 74' lang='lat' dir='ltr'><strong>Propterea</strong></span> 
     </span>
    </p>
   </div>
   <div class='ocr_carea' id='block_1_77' title="bbox 274 2277 1064 2313">
    <p class='ocr_par' dir='ltr' id='par_1_77' title="bbox 274 2277 1064 2313">
     <span class='ocr_line' id='line_1_77' title="bbox 274 2277 1064 2313; baseline 0.016 -13"><span class='ocrx_word' id='word_1_533' title='bbox 274 2281 335 2302; x_wconf 90' lang='lat' dir='ltr'><strong>cum</strong></span> <span class='ocrx_word' id='word_1_534' title='bbox 359 2277 510 2312; x_wconf 81' lang='lat' dir='ltr'><strong>compleret</strong></span> <span class='ocrx_word' id='word_1_535' title='bbox 538 2278 716 2307; x_wconf 86' lang='lat' dir='ltr'><strong>festivitatum</strong></span> <span class='ocrx_word' id='word_1_536' title='bbox 741 2283 865 2313; x_wconf 87' lang='lat' dir='ltr'><strong>verbum,</strong></span> <span class='ocrx_word' id='word_1_537' title='bbox 893 2283 974 2311; x_wconf 86' lang='lat' dir='ltr'><strong>iterat</strong></span> <span class='ocrx_word' id='word_1_538' title='bbox 991 2293 1064 2313; x_wconf 89' lang='lat' dir='ltr'><strong>nunc</strong></span> 
     </span>
    </p>
   </div>
   <div class='ocr_carea' id='block_1_78' title="bbox 275 2321 1063 2366">
    <p class='ocr_par' dir='ltr' id='par_1_78' title="bbox 275 2321 1063 2366">
     <span class='ocr_line' id='line_1_78' title="bbox 275 2321 1063 2366; baseline 0.015 -20"><span class='ocrx_word' id='word_1_539' title='bbox 275 2321 514 2351; x_wconf 84' lang='lat' dir='ltr'><strong>tabernaculorum</strong></span> <span class='ocrx_word' id='word_1_540' title='bbox 546 2325 736 2359; x_wconf 86' lang='lat' dir='ltr'><strong>festivitatem,</strong></span> <span class='ocrx_word' id='word_1_541' title='bbox 768 2328 831 2363; x_wconf 86' lang='lat' dir='ltr'><strong>quia</strong></span> <span class='ocrx_word' id='word_1_542' title='bbox 868 2330 959 2357; x_wconf 77' lang='lat' dir='ltr'><strong>totius</strong></span> <span class='ocrx_word' id='word_1_543' title='bbox 995 2331 1063 2366; x_wconf 75' lang='lat' dir='ltr'><strong>legis</strong></span> 
     </span>
    </p>
   </div>
   <div class='ocr_carea' id='block_1_79' title="bbox 274 2372 1062 2411">
    <p class='ocr_par' dir='ltr' id='par_1_79' title="bbox 274 2372 1062 2411">
     <span class='ocr_line' id='line_1_79' title="bbox 274 2372 1062 2411; baseline 0.014 -18"><span class='ocrx_word' id='word_1_544' title='bbox 274 2374 378 2395; x_wconf 88' lang='lat' dir='ltr'><strong>summa</strong></span> <span class='ocrx_word' id='word_1_545' title='bbox 394 2373 436 2396; x_wconf 89' lang='lat' dir='ltr'><strong>est</strong></span> <span class='ocrx_word' id='word_1_546' title='bbox 452 2378 506 2397; x_wconf 90' lang='lat' dir='ltr'><strong>non</strong></span> <span class='ocrx_word' id='word_1_547' title='bbox 529 2372 637 2400; x_wconf 87' lang='lat' dir='ltr'><strong>inhiare</strong></span> <span class='ocrx_word' id='word_1_548' title='bbox 660 2375 851 2408; x_wconf 70' lang='lat' dir='ltr'><strong>przescntibus,</strong></span> <span class='ocrx_word' id='word_1_549' title='bbox 866 2383 955 2411; x_wconf 79' lang='lat' dir='ltr'><strong>neque</strong></span> <span class='ocrx_word' id='word_1_550' title='bbox 968 2377 1062 2404; x_wconf 60' lang='lat' dir='ltr'><strong>adha-</strong></span> 
     </span>
    </p>
   </div>
   <div class='ocr_carea' id='block_1_80' title="bbox 275 2416 1063 2458">
    <p class='ocr_par' dir='ltr' id='par_1_80' title="bbox 275 2416 1063 2458">
     <span class='ocr_line' id='line_1_80' title="bbox 275 2416 1063 2458; baseline 0.013 -18"><span class='ocrx_word' id='word_1_551' title='bbox 275 2420 335 2441; x_wconf 87' lang='lat' dir='ltr'><strong>rere</strong></span> <span class='ocrx_word' id='word_1_552' title='bbox 351 2416 477 2448; x_wconf 86' lang='lat' dir='ltr'><strong>terrenis,</strong></span> <span class='ocrx_word' id='word_1_553' title='bbox 494 2418 542 2446; x_wconf 81' lang='lat' dir='ltr'><strong>sed</strong></span> <span class='ocrx_word' id='word_1_554' title='bbox 554 2419 625 2446; x_wconf 87' lang='lat' dir='ltr'><strong>scire</strong></span> <span class='ocrx_word' id='word_1_555' title='bbox 640 2420 704 2455; x_wconf 81' lang='lat' dir='ltr'><strong>quia</strong></span> <span class='ocrx_word' id='word_1_556' title='bbox 718 2420 846 2455; x_wconf 89' lang='lat' dir='ltr'><strong>inquilini</strong></span> <span class='ocrx_word' id='word_1_557' title='bbox 864 2422 892 2448; x_wconf 85' lang='lat' dir='ltr'><strong>in</strong></span> <span class='ocrx_word' id='word_1_558' title='bbox 916 2430 949 2450; x_wconf 77' lang='lat' dir='ltr'><strong>ea</strong></span> <span class='ocrx_word' id='word_1_559' title='bbox 970 2428 997 2450; x_wconf 89' lang='lat' dir='ltr'><strong>et</strong></span> <span class='ocrx_word' id='word_1_560' title='bbox 1013 2431 1063 2458; x_wconf 89' lang='lat' dir='ltr'><strong>pe-</strong></span> 
     </span>
    </p>
   </div>
   <div class='ocr_carea' id='block_1_81' title="bbox 274 2460 914 2501">
    <p class='ocr_par' dir='ltr' id='par_1_81' title="bbox 274 2460 914 2501">
     <span class='ocr_line' id='line_1_81' title="bbox 274 2460 914 2501; baseline 0.016 -16"><span class='ocrx_word' id='word_1_561' title='bbox 274 2460 374 2495; x_wconf 77' lang='lat' dir='ltr'><strong>regrini</strong></span> <span class='ocrx_word' id='word_1_562' title='bbox 389 2469 493 2494; x_wconf 86' lang='lat' dir='ltr'><strong>sumus,</strong></span> <span class='ocrx_word' id='word_1_563' title='bbox 510 2464 581 2492; x_wconf 91' lang='lat' dir='ltr'><strong>sicut</strong></span> <span class='ocrx_word' id='word_1_564' title='bbox 596 2473 692 2493; x_wconf 79' lang='lat' dir='ltr'><strong>omnes</strong></span> <span class='ocrx_word' id='word_1_565' title='bbox 708 2471 801 2501; x_wconf 85' lang='lat' dir='ltr'><strong>patres</strong></span> <span class='ocrx_word' id='word_1_566' title='bbox 816 2469 914 2496; x_wconf 83' lang='lat' dir='ltr'><strong>nostri.</strong></span> 
     </span>
    </p>
   </div>
   <div class='ocr_carea' id='block_1_82' title="bbox 310 2507 1065 2549">
    <p class='ocr_par' dir='ltr' id='par_1_82' title="bbox 310 2507 1065 2549">
     <span class='ocr_line' id='line_1_82' title="bbox 310 2507 1065 2549; baseline 0.016 -19"><span class='ocrx_word' id='word_1_567' title='bbox 310 2508 332 2531; x_wconf 85' lang='grc' dir='ltr'><strong><em>Α</em></strong></span> <span class='ocrx_word' id='word_1_568' title='bbox 350 2507 441 2541; x_wconf 87' lang='lat' dir='ltr'><strong>quinto</strong></span> <span class='ocrx_word' id='word_1_569' title='bbox 468 2510 568 2536; x_wconf 83' lang='lat' dir='ltr'><strong>decimo</strong></span> <span class='ocrx_word' id='word_1_570' title='bbox 586 2519 647 2547; x_wconf 82' lang='lat' dir='ltr'><strong>ergo</strong></span> <span class='ocrx_word' id='word_1_571' title='bbox 672 2513 715 2539; x_wconf 82' lang='lat' dir='ltr'><strong>die</strong></span> <span class='ocrx_word' id='word_1_572' title='bbox 736 2515 833 2541; x_wconf 77' lang='lat' dir='ltr'><strong>mensis</strong></span> <span class='ocrx_word' id='word_1_573' title='bbox 856 2515 972 2549; x_wconf 70' lang='lat' dir='ltr'><strong>septimi.</strong></span> <span class='ocrx_word' id='word_1_574' title='bbox 991 2514 1065 2542; x_wconf 69' lang='lat' dir='ltr'><strong>‘Essc</strong></span> 
     </span>
    </p>
   </div>
   <div class='ocr_carea' id='block_1_83' title="bbox 275 2554 1065 2594">
    <p class='ocr_par' dir='ltr' id='par_1_83' title="bbox 275 2554 1065 2594">
     <span class='ocr_line' id='line_1_83' title="bbox 275 2554 1065 2594; baseline 0.016 -18"><span class='ocrx_word' id='word_1_575' title='bbox 275 2558 398 2579; x_wconf 84' lang='lat' dir='ltr'><strong>mensem</strong></span> <span class='ocrx_word' id='word_1_576' title='bbox 423 2554 568 2587; x_wconf 85' lang='lat' dir='ltr'><strong>septimum</strong></span> <span class='ocrx_word' id='word_1_577' title='bbox 594 2558 807 2593; x_wconf 83' lang='lat' dir='ltr'><strong>completionem</strong></span> <span class='ocrx_word' id='word_1_578' title='bbox 831 2561 890 2588; x_wconf 87' lang='lat' dir='ltr'><strong>sive</strong></span> <span class='ocrx_word' id='word_1_579' title='bbox 917 2561 1065 2594; x_wconf 87' lang='lat' dir='ltr'><strong>plenitudi-</strong></span> 
     </span>
    </p>
   </div>
   <div class='ocr_carea' id='block_1_84' title="bbox 275 2601 1063 2642">
    <p class='ocr_par' dir='ltr' id='par_1_84' title="bbox 275 2601 1063 2642">
     <span class='ocr_line' id='line_1_84' title="bbox 275 2601 1063 2642; baseline 0.019 -20"><span class='ocrx_word' id='word_1_580' title='bbox 275 2603 338 2623; x_wconf 89' lang='lat' dir='ltr'><strong>nem</strong></span> <span class='ocrx_word' id='word_1_581' title='bbox 354 2601 508 2632; x_wconf 88' lang='lat' dir='ltr'><strong>temporum</strong></span> <span class='ocrx_word' id='word_1_582' title='bbox 523 2601 652 2630; x_wconf 87' lang='lat' dir='ltr'><strong>diximus.</strong></span> <span class='ocrx_word' id='word_1_583' title='bbox 677 2604 796 2637; x_wconf 83' lang='lat' dir='ltr'><strong>Quintus</strong></span> <span class='ocrx_word' id='word_1_584' title='bbox 819 2607 945 2635; x_wconf 87' lang='lat' dir='ltr'><strong>decimus</strong></span> <span class='ocrx_word' id='word_1_585' title='bbox 960 2614 1063 2642; x_wconf 79' lang='lat' dir='ltr'><strong>autent,</strong></span> 
     </span>
    </p>
   </div>
   <div class='ocr_carea' id='block_1_85' title="bbox 276 2647 1063 2692">
    <p class='ocr_par' dir='ltr' id='par_1_85' title="bbox 276 2647 1063 2692">
     <span class='ocr_line' id='line_1_85' title="bbox 276 2647 1063 2692; baseline 0.019 -25"><span class='ocrx_word' id='word_1_586' title='bbox 276 2647 370 2692; x_wconf 56' lang='lat' dir='ltr'><strong>utpote</strong></span> <span class='ocrx_word' id='word_1_587' title='bbox 453 2650 557 2679; x_wconf 83' lang='lat' dir='ltr'><strong>Septem</strong></span> <span class='ocrx_word' id='word_1_588' title='bbox 583 2652 611 2674; x_wconf 89' lang='lat' dir='ltr'><strong>et</strong></span> <span class='ocrx_word' id='word_1_589' title='bbox 639 2654 702 2677; x_wconf 84' lang='lat' dir='ltr'><strong>octo</strong></span> <span class='ocrx_word' id='word_1_590' title='bbox 727 2657 857 2680; x_wconf 78' lang='lat' dir='ltr'><strong>constans</strong></span> <span class='ocrx_word' id='word_1_591' title='bbox 877 2655 1063 2690; x_wconf 75' lang='lat' dir='ltr'><strong>evangelicam</strong></span> 
     </span>
    </p>
   </div>
   <div class='ocr_carea' id='block_1_86' title="bbox 274 2687 1064 2737">
    <p class='ocr_par' dir='ltr' id='par_1_86' title="bbox 274 2687 1064 2737">
     <span class='ocr_line' id='line_1_86' title="bbox 274 2687 1064 2737; baseline 0.02 -25"><span class='ocrx_word' id='word_1_592' title='bbox 274 2687 508 2737; x_wconf 54' lang='lat' dir='ltr'><strong>praedicationem,</strong></span> <span class='ocrx_word' id='word_1_593' title='bbox 532 2699 594 2726; x_wconf 79' lang='lat' dir='ltr'><strong>quae</strong></span> <span class='ocrx_word' id='word_1_594' title='bbox 624 2701 656 2720; x_wconf 83' lang='lat' dir='ltr'><strong>ex</strong></span> <span class='ocrx_word' id='word_1_595' title='bbox 685 2698 814 2729; x_wconf 63' lang='lat' dir='ltr'><strong>prmsenti</strong></span> <span class='ocrx_word' id='word_1_596' title='bbox 841 2698 897 2726; x_wconf 86' lang='lat' dir='ltr'><strong>vita</strong></span> <span class='ocrx_word' id='word_1_597' title='bbox 925 2687 1064 2728; x_wconf 46' lang='lat' dir='ltr'><strong>ct&#39;futura</strong></span> 
     </span>
    </p>
   </div>
   <div class='ocr_carea' id='block_1_87' title="bbox 274 2733 1065 2780">
    <p class='ocr_par' dir='ltr' id='par_1_87' title="bbox 274 2733 1065 2780">
     <span class='ocr_line' id='line_1_87' title="bbox 274 2733 1065 2780; baseline 0.019 -22"><span class='ocrx_word' id='word_1_598' title='bbox 274 2733 410 2780; x_wconf 83' lang='lat' dir='ltr'><strong>consistit,</strong></span> <span class='ocrx_word' id='word_1_599' title='bbox 426 2733 571 2769; x_wconf 84' lang='lat' dir='ltr'><strong>signiﬁcat,</strong></span> <span class='ocrx_word' id='word_1_600' title='bbox 589 2736 660 2765; x_wconf 91' lang='lat' dir='ltr'><strong>hanc</strong></span> <span class='ocrx_word' id='word_1_601' title='bbox 674 2747 851 2775; x_wconf 81' lang='lat' dir='ltr'><strong>componens,</strong></span> <span class='ocrx_word' id='word_1_602' title='bbox 873 2743 945 2772; x_wconf 91' lang='lat' dir='ltr'><strong>illam</strong></span> <span class='ocrx_word' id='word_1_603' title='bbox 957 2752 1065 2780; x_wconf 68' lang='lat' dir='ltr'><strong>praepa-</strong></span> 
     </span>
    </p>
   </div>
   <div class='ocr_carea' id='block_1_88' title="bbox 274 2779 1065 2821">
    <p class='ocr_par' dir='ltr' id='par_1_88' title="bbox 274 2779 1065 2821">
     <span class='ocr_line' id='line_1_88' title="bbox 274 2779 1065 2821; baseline 0.02 -16"><span class='ocrx_word' id='word_1_604' title='bbox 274 2785 350 2807; x_wconf 84' lang='lat' dir='ltr'><strong>rans.</strong></span> <span class='ocrx_word' id='word_1_605' title='bbox 364 2779 480 2813; x_wconf 85' lang='lat' dir='ltr'><strong>Quando</strong></span> <span class='ocrx_word' id='word_1_606' title='bbox 495 2786 752 2821; x_wconf 75' lang='lat' dir='ltr'><strong>congregavcrimus</strong></span> <span class='ocrx_word' id='word_1_607' title='bbox 765 2797 862 2817; x_wconf 86' lang='lat' dir='ltr'><strong>omnes</strong></span> <span class='ocrx_word' id='word_1_608' title='bbox 885 2790 991 2819; x_wconf 85' lang='lat' dir='ltr'><strong>fructus</strong></span> <span class='ocrx_word' id='word_1_609' title='bbox 1008 2779 1065 2820; x_wconf 77' lang='lat' dir='ltr'><strong>ter-</strong></span> 
     </span>
    </p>
   </div>
   <div class='ocr_carea' id='block_1_89' title="bbox 1116 1593 1914 1631">
    <p class='ocr_par' dir='ltr' id='par_1_89' title="bbox 1116 1593 1914 1631">
     <span class='ocr_line' id='line_1_89' title="bbox 1116 1593 1914 1631; baseline -0.005 -8"><span class='ocrx_word' id='word_1_610' title='bbox 1116 1597 1302 1631; x_wconf 83' lang='lat' dir='ltr'><strong>propinquavit</strong></span> <span class='ocrx_word' id='word_1_611' title='bbox 1317 1597 1387 1622; x_wconf 82' lang='lat' dir='ltr'><strong>enim</strong></span> <span class='ocrx_word' id='word_1_612' title='bbox 1400 1603 1510 1630; x_wconf 79' lang='lat' dir='ltr'><strong>regnum</strong></span> <span class='ocrx_word' id='word_1_613' title='bbox 1523 1594 1686 1621; x_wconf 60' lang='lat' dir='ltr'><strong>striarum”.</strong></span> <span class='ocrx_word' id='word_1_614' title='bbox 1703 1593 1752 1620; x_wconf 88' lang='lat' dir='ltr'><strong>Per</strong></span> <span class='ocrx_word' id='word_1_615' title='bbox 1769 1593 1914 1628; x_wconf 70' lang='lat' dir='ltr'><strong>pmniteu-</strong></span> 
     </span>
    </p>
   </div>
   <div class='ocr_carea' id='block_1_90' title="bbox 1117 1639 1913 1676">
    <p class='ocr_par' dir='ltr' id='par_1_90' title="bbox 1117 1639 1913 1676">
     <span class='ocr_line' id='line_1_90' title="bbox 1117 1639 1913 1676; baseline -0.005 -6"><span class='ocrx_word' id='word_1_616' title='bbox 1117 1644 1181 1670; x_wconf 86' lang='lat' dir='ltr'><strong>tiam</strong></span> <span class='ocrx_word' id='word_1_617' title='bbox 1197 1651 1212 1670; x_wconf 88' lang='lat' dir='ltr'><strong>a</strong></span> <span class='ocrx_word' id='word_1_618' title='bbox 1224 1643 1363 1670; x_wconf 89' lang='lat' dir='ltr'><strong>laboribus</strong></span> <span class='ocrx_word' id='word_1_619' title='bbox 1383 1642 1447 1668; x_wconf 61' lang='lat' dir='ltr'><strong>vitae</strong></span> <span class='ocrx_word' id='word_1_620' title='bbox 1459 1649 1521 1676; x_wconf 74' lang='lat' dir='ltr'><strong>qme</strong></span> <span class='ocrx_word' id='word_1_621' title='bbox 1531 1641 1560 1668; x_wconf 90' lang='lat' dir='ltr'><strong>in</strong></span> <span class='ocrx_word' id='word_1_622' title='bbox 1574 1641 1694 1676; x_wconf 86' lang='lat' dir='ltr'><strong>peccatis</strong></span> <span class='ocrx_word' id='word_1_623' title='bbox 1715 1645 1769 1670; x_wconf 85' lang='lat' dir='ltr'><strong>est,</strong></span> <span class='ocrx_word' id='word_1_624' title='bbox 1786 1639 1913 1674; x_wconf 65' lang='lat' dir='ltr'><strong>requiem</strong></span> 
     </span>
    </p>
   </div>
   <div class='ocr_carea' id='block_1_91' title="bbox 1118 1686 1917 1723">
    <p class='ocr_par' dir='ltr' id='par_1_91' title="bbox 1118 1686 1917 1723">
     <span class='ocr_line' id='line_1_91' title="bbox 1118 1686 1917 1723; baseline -0.005 -8"><span class='ocrx_word' id='word_1_625' title='bbox 1118 1689 1280 1722; x_wconf 75' lang='lat' dir='ltr'><strong>prmdicans,</strong></span> <span class='ocrx_word' id='word_1_626' title='bbox 1298 1693 1326 1716; x_wconf 88' lang='lat' dir='ltr'><strong>et</strong></span> <span class='ocrx_word' id='word_1_627' title='bbox 1341 1696 1418 1723; x_wconf 88' lang='lat' dir='ltr'><strong>spem</strong></span> <span class='ocrx_word' id='word_1_628' title='bbox 1439 1688 1466 1714; x_wconf 92' lang='lat' dir='ltr'><strong>in</strong></span> <span class='ocrx_word' id='word_1_629' title='bbox 1484 1695 1570 1723; x_wconf 77' lang='lat' dir='ltr'><strong>regno</strong></span> <span class='ocrx_word' id='word_1_630' title='bbox 1588 1687 1720 1714; x_wconf 57' lang='lat' dir='ltr'><strong>malorum</strong></span> <span class='ocrx_word' id='word_1_631' title='bbox 1741 1686 1842 1713; x_wconf 76' lang='lat' dir='ltr'><strong>futurae</strong></span> <span class='ocrx_word' id='word_1_632' title='bbox 1867 1692 1917 1711; x_wconf 85' lang='lat' dir='ltr'><strong>re—</strong></span> 
     </span>
    </p>
   </div>
   <div class='ocr_carea' id='block_1_92' title="bbox 1117 1732 1916 1769">
    <p class='ocr_par' dir='ltr' id='par_1_92' title="bbox 1117 1732 1916 1769">
     <span class='ocr_line' id='line_1_92' title="bbox 1117 1732 1916 1769; baseline -0.005 -8"><span class='ocrx_word' id='word_1_633' title='bbox 1117 1735 1202 1769; x_wconf 89' lang='lat' dir='ltr'><strong>quiei.</strong></span> <span class='ocrx_word' id='word_1_634' title='bbox 1221 1735 1273 1761; x_wconf 83' lang='lat' dir='ltr'><strong>Sed</strong></span> <span class='ocrx_word' id='word_1_635' title='bbox 1296 1734 1401 1769; x_wconf 83' lang='lat' dir='ltr'><strong>primus</strong></span> <span class='ocrx_word' id='word_1_636' title='bbox 1423 1733 1533 1768; x_wconf 83' lang='lat' dir='ltr'><strong>quidem</strong></span> <span class='ocrx_word' id='word_1_637' title='bbox 1549 1733 1631 1760; x_wconf 79' lang='lat' dir='ltr'><strong>habet</strong></span> <span class='ocrx_word' id='word_1_638' title='bbox 1645 1732 1767 1767; x_wconf 89' lang='lat' dir='ltr'><strong>requiem</strong></span> <span class='ocrx_word' id='word_1_639' title='bbox 1783 1740 1798 1758; x_wconf 88' lang='lat' dir='ltr'><strong>a</strong></span> <span class='ocrx_word' id='word_1_640' title='bbox 1815 1739 1916 1766; x_wconf 66' lang='lat' dir='ltr'><strong>pecea-</strong></span> 
     </span>
    </p>
   </div>
   <div class='ocr_carea' id='block_1_93' title="bbox 1119 1779 1916 1814">
    <p class='ocr_par' dir='ltr' id='par_1_93' title="bbox 1119 1779 1916 1814">
     <span class='ocr_line' id='line_1_93' title="bbox 1119 1779 1916 1814; baseline -0.006 -6"><span class='ocrx_word' id='word_1_641' title='bbox 1119 1785 1207 1808; x_wconf 85' lang='lat' dir='ltr'><strong>torum</strong></span> <span class='ocrx_word' id='word_1_642' title='bbox 1224 1781 1375 1808; x_wconf 87' lang='lat' dir='ltr'><strong>laboribus.</strong></span> <span class='ocrx_word' id='word_1_643' title='bbox 1391 1781 1432 1807; x_wconf 80' lang='lat' dir='ltr'><strong>Ab</strong></span> <span class='ocrx_word' id='word_1_644' title='bbox 1448 1788 1481 1807; x_wconf 89' lang='lat' dir='ltr'><strong>eo</strong></span> <span class='ocrx_word' id='word_1_645' title='bbox 1497 1785 1601 1811; x_wconf 85' lang='lat' dir='ltr'><strong>tamen,</strong></span> <span class='ocrx_word' id='word_1_646' title='bbox 1617 1779 1664 1814; x_wconf 89' lang='lat' dir='ltr'><strong>qui</strong></span> <span class='ocrx_word' id='word_1_647' title='bbox 1679 1783 1794 1807; x_wconf 86' lang='lat' dir='ltr'><strong>vocatus</strong></span> <span class='ocrx_word' id='word_1_648' title='bbox 1807 1783 1850 1805; x_wconf 76' lang='lat' dir='ltr'><strong>est</strong></span> <span class='ocrx_word' id='word_1_649' title='bbox 1863 1786 1916 1804; x_wconf 86' lang='lat' dir='ltr'><strong>su-</strong></span> 
     </span>
    </p>
   </div>
   <div class='ocr_carea' id='block_1_94' title="bbox 1117 1825 1915 1862">
    <p class='ocr_par' dir='ltr' id='par_1_94' title="bbox 1117 1825 1915 1862">
     <span class='ocr_line' id='line_1_94' title="bbox 1117 1825 1915 1862; baseline -0.004 -8"><span class='ocrx_word' id='word_1_650' title='bbox 1117 1827 1294 1862; x_wconf 69' lang='lat' dir='ltr'><strong>perandificari</strong></span> <span class='ocrx_word' id='word_1_651' title='bbox 1335 1828 1399 1854; x_wconf 87' lang='lat' dir='ltr'><strong>huic</strong></span> <span class='ocrx_word' id='word_1_652' title='bbox 1421 1827 1538 1861; x_wconf 78' lang='lat' dir='ltr'><strong>requiei,</strong></span> <span class='ocrx_word' id='word_1_653' title='bbox 1562 1827 1694 1853; x_wconf 88' lang='lat' dir='ltr'><strong>virtutum</strong></span> <span class='ocrx_word' id='word_1_654' title='bbox 1722 1825 1915 1859; x_wconf 79' lang='lat' dir='ltr'><strong>operationem</strong></span> 
     </span>
    </p>
   </div>
   <div class='ocr_carea' id='block_1_95' title="bbox 1117 1871 1916 1908">
    <p class='ocr_par' dir='ltr' id='par_1_95' title="bbox 1117 1871 1916 1908">
     <span class='ocr_line' id='line_1_95' title="bbox 1117 1871 1916 1908; baseline -0.005 -8"><span class='ocrx_word' id='word_1_655' title='bbox 1117 1873 1217 1908; x_wconf 79' lang='lat' dir='ltr'><strong>exiget.</strong></span> <span class='ocrx_word' id='word_1_656' title='bbox 1243 1873 1359 1908; x_wconf 84' lang='lat' dir='ltr'><strong>Propter</strong></span> <span class='ocrx_word' id='word_1_657' title='bbox 1378 1873 1451 1908; x_wconf 86' lang='lat' dir='ltr'><strong>quod</strong></span> <span class='ocrx_word' id='word_1_658' title='bbox 1470 1873 1601 1899; x_wconf 88' lang='lat' dir='ltr'><strong>Dominus</strong></span> <span class='ocrx_word' id='word_1_659' title='bbox 1615 1872 1681 1899; x_wconf 88' lang='lat' dir='ltr'><strong>dicit</strong></span> <span class='ocrx_word' id='word_1_660' title='bbox 1700 1881 1705 1898; x_wconf 93' lang='lat'><strong>:</strong></span> <span class='ocrx_word' id='word_1_661' title='bbox 1722 1871 1821 1898; x_wconf 82' lang='lat' dir='ltr'><strong>Discite</strong></span> <span class='ocrx_word' id='word_1_662' title='bbox 1834 1879 1851 1896; x_wconf 75' lang='grc' dir='ltr'><strong>ιι</strong></span> <span class='ocrx_word' id='word_1_663' title='bbox 1872 1878 1916 1897; x_wconf 75' lang='lat' dir='ltr'><strong>me</strong></span> 
     </span>
    </p>
   </div>
   <div class='ocr_carea' id='block_1_96' title="bbox 1118 1918 1915 1954">
    <p class='ocr_par' dir='ltr' id='par_1_96' title="bbox 1118 1918 1915 1954">
     <span class='ocr_line' id='line_1_96' title="bbox 1118 1918 1915 1954; baseline -0.003 -9"><span class='ocrx_word' id='word_1_664' title='bbox 1118 1920 1180 1954; x_wconf 83' lang='lat' dir='ltr'><strong>quia</strong></span> <span class='ocrx_word' id='word_1_665' title='bbox 1212 1920 1282 1946; x_wconf 75' lang='lat' dir='ltr'><strong>mitis</strong></span> <span class='ocrx_word' id='word_1_666' title='bbox 1311 1925 1409 1947; x_wconf 78' lang='lat' dir='ltr'><strong>sumet</strong></span> <span class='ocrx_word' id='word_1_667' title='bbox 1432 1919 1538 1946; x_wconf 81' lang='lat' dir='ltr'><strong>humilis</strong></span> <span class='ocrx_word' id='word_1_668' title='bbox 1560 1919 1646 1949; x_wconf 76' lang='lat' dir='ltr'><strong>corde,</strong></span> <span class='ocrx_word' id='word_1_669' title='bbox 1666 1923 1690 1944; x_wconf 82' lang='lat' dir='ltr'><strong>et</strong></span> <span class='ocrx_word' id='word_1_670' title='bbox 1719 1918 1858 1944; x_wconf 61' lang='lat' dir='ltr'><strong>invenietis</strong></span> <span class='ocrx_word' id='word_1_671' title='bbox 1873 1925 1915 1943; x_wconf 72' lang='lat' dir='ltr'><strong>re-</strong></span> 
     </span>
    </p>
   </div>
   <div class='ocr_carea' id='block_1_97' title="bbox 1118 1965 1914 2001">
    <p class='ocr_par' dir='ltr' id='par_1_97' title="bbox 1118 1965 1914 2001">
     <span class='ocr_line' id='line_1_97' title="bbox 1118 1965 1914 2001; baseline -0.003 -9"><span class='ocrx_word' id='word_1_672' title='bbox 1118 1967 1204 2001; x_wconf 84' lang='lat' dir='ltr'><strong>quiem</strong></span> <span class='ocrx_word' id='word_1_673' title='bbox 1230 1967 1370 1993; x_wconf 71' lang='lat' dir='ltr'><strong>rmimabus</strong></span> <span class='ocrx_word' id='word_1_674' title='bbox 1383 1967 1517 1993; x_wconf 71' lang='lat' dir='ltr'><strong>nostris”.</strong></span> <span class='ocrx_word' id='word_1_675' title='bbox 1544 1965 1688 1992; x_wconf 81' lang='lat' dir='ltr'><strong>Subinfcrt</strong></span> <span class='ocrx_word' id='word_1_676' title='bbox 1707 1975 1713 1992; x_wconf 87' lang='lat'><strong>:</strong></span> <span class='ocrx_word' id='word_1_677' title='bbox 1727 1965 1825 2000; x_wconf 68' lang='lat' dir='ltr'><strong>Iugum</strong></span> <span class='ocrx_word' id='word_1_678' title='bbox 1841 1965 1914 1990; x_wconf 70' lang='lat' dir='ltr'><strong>enim</strong></span> 
     </span>
    </p>
   </div>
   <div class='ocr_carea' id='block_1_98' title="bbox 1117 2010 1912 2044">
    <p class='ocr_par' dir='ltr' id='par_1_98' title="bbox 1117 2010 1912 2044">
     <span class='ocr_line' id='line_1_98' title="bbox 1117 2010 1912 2044; baseline -0.003 -6"><span class='ocrx_word' id='word_1_679' title='bbox 1117 2018 1205 2038; x_wconf 80' lang='lat' dir='ltr'><strong>meum</strong></span> <span class='ocrx_word' id='word_1_680' title='bbox 1217 2019 1298 2038; x_wconf 73' lang='lat' dir='ltr'><strong>suave</strong></span> <span class='ocrx_word' id='word_1_681' title='bbox 1310 2016 1357 2042; x_wconf 74' lang='lat' dir='ltr'><strong>est,</strong></span> <span class='ocrx_word' id='word_1_682' title='bbox 1369 2017 1394 2038; x_wconf 87' lang='lat' dir='ltr'><strong>et</strong></span> <span class='ocrx_word' id='word_1_683' title='bbox 1408 2020 1473 2039; x_wconf 79' lang='lat' dir='ltr'><strong>onus</strong></span> <span class='ocrx_word' id='word_1_684' title='bbox 1485 2020 1571 2038; x_wconf 84' lang='lat' dir='ltr'><strong>meum</strong></span> <span class='ocrx_word' id='word_1_685' title='bbox 1587 2011 1643 2038; x_wconf 75' lang='lat' dir='ltr'><strong>leve</strong></span> <span class='ocrx_word' id='word_1_686' title='bbox 1654 2011 1692 2037; x_wconf 70' lang='grc' dir='ltr'><strong>πε</strong></span> <span class='ocrx_word' id='word_1_687' title='bbox 1703 2010 1776 2037; x_wconf 86' lang='lat' dir='ltr'><strong>hanc</strong></span> <span class='ocrx_word' id='word_1_688' title='bbox 1785 2018 1853 2044; x_wconf 69' lang='lat' dir='ltr'><strong>quae</strong></span> <span class='ocrx_word' id='word_1_689' title='bbox 1868 2013 1912 2036; x_wconf 72' lang='lat' dir='ltr'><strong>est</strong></span> 
     </span>
    </p>
   </div>
   <div class='ocr_carea' id='block_1_99' title="bbox 1117 2056 1914 2092">
    <p class='ocr_par' dir='ltr' id='par_1_99' title="bbox 1117 2056 1914 2092">
     <span class='ocr_line' id='line_1_99' title="bbox 1117 2056 1914 2092; baseline -0.003 -8"><span class='ocrx_word' id='word_1_690' title='bbox 1117 2065 1179 2084; x_wconf 92' lang='lat' dir='ltr'><strong>cum</strong></span> <span class='ocrx_word' id='word_1_691' title='bbox 1203 2058 1298 2091; x_wconf 88' lang='lat' dir='ltr'><strong>requie</strong></span> <span class='ocrx_word' id='word_1_692' title='bbox 1321 2058 1509 2092; x_wconf 88' lang='lat' dir='ltr'><strong>operationem</strong></span> <span class='ocrx_word' id='word_1_693' title='bbox 1534 2057 1666 2084; x_wconf 85' lang='lat' dir='ltr'><strong>virtutum</strong></span> <span class='ocrx_word' id='word_1_694' title='bbox 1691 2057 1835 2083; x_wconf 79' lang='lat' dir='ltr'><strong>mandans.</strong></span> <span class='ocrx_word' id='word_1_695' title='bbox 1861 2056 1914 2083; x_wconf 84' lang='lat' dir='ltr'><strong>llic</strong></span> 
     </span>
    </p>
   </div>
   <div class='ocr_carea' id='block_1_100' title="bbox 1117 2103 1914 2138">
    <p class='ocr_par' dir='ltr' id='par_1_100' title="bbox 1117 2103 1914 2138">
     <span class='ocr_line' id='line_1_100' title="bbox 1117 2103 1914 2138; baseline -0.001 -9"><span class='ocrx_word' id='word_1_696' title='bbox 1117 2108 1209 2130; x_wconf 88' lang='lat' dir='ltr'><strong>autem</strong></span> <span class='ocrx_word' id='word_1_697' title='bbox 1239 2103 1393 2138; x_wconf 76' lang='lat' dir='ltr'><strong>lcgislator,</strong></span> <span class='ocrx_word' id='word_1_698' title='bbox 1424 2111 1486 2131; x_wconf 91' lang='lat' dir='ltr'><strong>cum</strong></span> <span class='ocrx_word' id='word_1_699' title='bbox 1518 2103 1695 2130; x_wconf 86' lang='lat' dir='ltr'><strong>festivitatem</strong></span> <span class='ocrx_word' id='word_1_700' title='bbox 1734 2103 1914 2138; x_wconf 70' lang='lat' dir='ltr'><strong>prmdicasset</strong></span> 
     </span>
    </p>
   </div>
   <div class='ocr_carea' id='block_1_101' title="bbox 1118 2149 1915 2184">
    <p class='ocr_par' dir='ltr' id='par_1_101' title="bbox 1118 2149 1915 2184">
     <span class='ocr_line' id='line_1_101' title="bbox 1118 2149 1915 2184; baseline -0.001 -8"><span class='ocrx_word' id='word_1_701' title='bbox 1118 2153 1221 2184; x_wconf 82' lang='lat' dir='ltr'><strong>septem</strong></span> <span class='ocrx_word' id='word_1_702' title='bbox 1238 2149 1357 2181; x_wconf 88' lang='lat' dir='ltr'><strong>dierum,</strong></span> <span class='ocrx_word' id='word_1_703' title='bbox 1379 2149 1498 2184; x_wconf 88' lang='lat' dir='ltr'><strong>primum</strong></span> <span class='ocrx_word' id='word_1_704' title='bbox 1515 2150 1576 2184; x_wconf 88' lang='lat' dir='ltr'><strong>ejus</strong></span> <span class='ocrx_word' id='word_1_705' title='bbox 1592 2149 1665 2176; x_wconf 87' lang='lat' dir='ltr'><strong>diem</strong></span> <span class='ocrx_word' id='word_1_706' title='bbox 1679 2149 1802 2184; x_wconf 86' lang='lat' dir='ltr'><strong>requiem</strong></span> <span class='ocrx_word' id='word_1_707' title='bbox 1816 2149 1915 2183; x_wconf 75' lang='lat' dir='ltr'><strong>appel-</strong></span> 
     </span>
    </p>
   </div>
   <div class='ocr_carea' id='block_1_102' title="bbox 1118 2195 1915 2230">
    <p class='ocr_par' dir='ltr' id='par_1_102' title="bbox 1118 2195 1915 2230">
     <span class='ocr_line' id='line_1_102' title="bbox 1118 2195 1915 2230; baseline -0.001 -8"><span class='ocrx_word' id='word_1_708' title='bbox 1118 2195 1204 2222; x_wconf 90' lang='lat' dir='ltr'><strong>lavit:</strong></span> <span class='ocrx_word' id='word_1_709' title='bbox 1219 2199 1291 2222; x_wconf 87' lang='lat' dir='ltr'><strong>tacet</strong></span> <span class='ocrx_word' id='word_1_710' title='bbox 1311 2200 1402 2222; x_wconf 87' lang='lat' dir='ltr'><strong>autem</strong></span> <span class='ocrx_word' id='word_1_711' title='bbox 1424 2200 1572 2230; x_wconf 84' lang='lat' dir='ltr'><strong>sequentes</strong></span> <span class='ocrx_word' id='word_1_712' title='bbox 1596 2196 1666 2228; x_wconf 74' lang='lat' dir='ltr'><strong>dies,</strong></span> <span class='ocrx_word' id='word_1_713' title='bbox 1683 2200 1713 2223; x_wconf 82' lang='lat' dir='ltr'><strong>ut</strong></span> <span class='ocrx_word' id='word_1_714' title='bbox 1729 2203 1779 2230; x_wconf 85' lang='lat' dir='ltr'><strong>per</strong></span> <span class='ocrx_word' id='word_1_715' title='bbox 1804 2195 1915 2222; x_wconf 74' lang='lat' dir='ltr'><strong>hocsi-</strong></span> 
     </span>
    </p>
   </div>
   <div class='ocr_carea' id='block_1_103' title="bbox 1113 2241 1914 2276">
    <p class='ocr_par' dir='ltr' id='par_1_103' title="bbox 1113 2241 1914 2276">
     <span class='ocr_line' id='line_1_103' title="bbox 1113 2241 1914 2276; baseline 0.002 -9"><span class='ocrx_word' id='word_1_716' title='bbox 1113 2241 1227 2276; x_wconf 66' lang='lat' dir='ltr'><strong>grtiticet</strong></span> <span class='ocrx_word' id='word_1_717' title='bbox 1250 2246 1379 2276; x_wconf 89' lang='lat' dir='ltr'><strong>oportere</strong></span> <span class='ocrx_word' id='word_1_718' title='bbox 1402 2242 1551 2269; x_wconf 85' lang='lat' dir='ltr'><strong>virtutibus</strong></span> <span class='ocrx_word' id='word_1_719' title='bbox 1575 2249 1687 2276; x_wconf 80' lang='lat' dir='ltr'><strong>operam</strong></span> <span class='ocrx_word' id='word_1_720' title='bbox 1707 2243 1789 2269; x_wconf 74' lang='lat' dir='ltr'><strong>:dare.</strong></span> <span class='ocrx_word' id='word_1_721' title='bbox 1807 2242 1914 2269; x_wconf 84' lang='lat' dir='ltr'><strong>Deinde</strong></span> 
     </span>
    </p>
   </div>
   <div class='ocr_carea' id='block_1_104' title="bbox 1117 2287 1913 2323">
    <p class='ocr_par' dir='ltr' id='par_1_104' title="bbox 1117 2287 1913 2323">
     <span class='ocr_line' id='line_1_104' title="bbox 1117 2287 1913 2323; baseline 0 -9"><span class='ocrx_word' id='word_1_722' title='bbox 1117 2287 1151 2314; x_wconf 88' lang='lat' dir='ltr'><strong>ad</strong></span> <span class='ocrx_word' id='word_1_723' title='bbox 1178 2292 1305 2315; x_wconf 87' lang='lat' dir='ltr'><strong>octavum</strong></span> <span class='ocrx_word' id='word_1_724' title='bbox 1331 2288 1402 2315; x_wconf 86' lang='lat' dir='ltr'><strong>diem</strong></span> <span class='ocrx_word' id='word_1_725' title='bbox 1431 2288 1563 2315; x_wconf 84' lang='lat' dir='ltr'><strong>transfert</strong></span> <span class='ocrx_word' id='word_1_726' title='bbox 1586 2288 1721 2323; x_wconf 86' lang='lat' dir='ltr'><strong>requiem,</strong></span> <span class='ocrx_word' id='word_1_727' title='bbox 1748 2288 1913 2320; x_wconf 83' lang='lat' dir='ltr'><strong>ostendens,</strong></span> 
     </span>
    </p>
   </div>
   <div class='ocr_carea' id='block_1_105' title="bbox 1117 2334 1915 2370">
    <p class='ocr_par' dir='ltr' id='par_1_105' title="bbox 1117 2334 1915 2370">
     <span class='ocr_line' id='line_1_105' title="bbox 1117 2334 1915 2370; baseline 0.001 -10"><span class='ocrx_word' id='word_1_728' title='bbox 1117 2334 1180 2368; x_wconf 86' lang='lat' dir='ltr'><strong>quia</strong></span> <span class='ocrx_word' id='word_1_729' title='bbox 1210 2334 1304 2361; x_wconf 85' lang='lat' dir='ltr'><strong>ﬁdeles</strong></span> <span class='ocrx_word' id='word_1_730' title='bbox 1328 2339 1356 2362; x_wconf 83' lang='lat' dir='ltr'><strong>et</strong></span> <span class='ocrx_word' id='word_1_731' title='bbox 1376 2335 1528 2362; x_wconf 86' lang='lat' dir='ltr'><strong>servientes</strong></span> <span class='ocrx_word' id='word_1_732' title='bbox 1554 2334 1605 2370; x_wconf 78' lang='lat' dir='ltr'><strong>legi</strong></span> <span class='ocrx_word' id='word_1_733' title='bbox 1629 2335 1688 2366; x_wconf 88' lang='lat' dir='ltr'><strong>Dei,</strong></span> <span class='ocrx_word' id='word_1_734' title='bbox 1713 2342 1778 2362; x_wconf 77' lang='lat' dir='ltr'><strong>vera</strong></span> <span class='ocrx_word' id='word_1_735' title='bbox 1801 2335 1915 2369; x_wconf 83' lang='lat' dir='ltr'><strong>requies</strong></span> 
     </span>
    </p>
   </div>
   <div class='ocr_carea' id='block_1_106' title="bbox 1117 2379 1915 2416">
    <p class='ocr_par' dir='ltr' id='par_1_106' title="bbox 1117 2379 1915 2416">
     <span class='ocr_line' id='line_1_106' title="bbox 1117 2379 1915 2416; baseline 0 -9"><span class='ocrx_word' id='word_1_736' title='bbox 1117 2379 1212 2407; x_wconf 61' lang='lat' dir='ltr'><strong>saeculi</strong></span> <span class='ocrx_word' id='word_1_737' title='bbox 1235 2379 1318 2406; x_wconf 85' lang='lat' dir='ltr'><strong>futuri</strong></span> <span class='ocrx_word' id='word_1_738' title='bbox 1334 2384 1385 2407; x_wconf 80' lang='lat' dir='ltr'><strong>est.</strong></span> <span class='ocrx_word' id='word_1_739' title='bbox 1405 2379 1475 2413; x_wconf 81' lang='lat' dir='ltr'><strong>Quid</strong></span> <span class='ocrx_word' id='word_1_740' title='bbox 1499 2388 1565 2416; x_wconf 79' lang='lat' dir='ltr'><strong>ergo</strong></span> <span class='ocrx_word' id='word_1_741' title='bbox 1587 2388 1638 2408; x_wconf 89' lang='lat' dir='ltr'><strong>nos</strong></span> <span class='ocrx_word' id='word_1_742' title='bbox 1655 2381 1681 2407; x_wconf 87' lang='lat' dir='ltr'><strong>in</strong></span> <span class='ocrx_word' id='word_1_743' title='bbox 1700 2385 1755 2408; x_wconf 86' lang='lat' dir='ltr'><strong>tota</strong></span> <span class='ocrx_word' id='word_1_744' title='bbox 1771 2381 1826 2408; x_wconf 83' lang='lat' dir='ltr'><strong>vita</strong></span> <span class='ocrx_word' id='word_1_745' title='bbox 1844 2388 1915 2415; x_wconf 86' lang='lat' dir='ltr'><strong>ope-</strong></span> 
     </span>
    </p>
   </div>
   <div class='ocr_carea' id='block_1_107' title="bbox 1117 2426 1808 2462">
    <p class='ocr_par' dir='ltr' id='par_1_107' title="bbox 1117 2426 1808 2462">
     <span class='ocr_line' id='line_1_107' title="bbox 1117 2426 1808 2462; baseline 0.003 -10"><span class='ocrx_word' id='word_1_746' title='bbox 1117 2426 1183 2456; x_wconf 87' lang='lat' dir='ltr'><strong>rari.</strong></span> <span class='ocrx_word' id='word_1_747' title='bbox 1203 2431 1229 2454; x_wconf 91' lang='lat' dir='ltr'><strong>et</strong></span> <span class='ocrx_word' id='word_1_748' title='bbox 1248 2427 1320 2454; x_wconf 89' lang='lat' dir='ltr'><strong>unde</strong></span> <span class='ocrx_word' id='word_1_749' title='bbox 1335 2426 1464 2454; x_wconf 85' lang='lat' dir='ltr'><strong>inchoare</strong></span> <span class='ocrx_word' id='word_1_750' title='bbox 1479 2427 1667 2461; x_wconf 77' lang='lat' dir='ltr'><strong>operationem</strong></span> <span class='ocrx_word' id='word_1_751' title='bbox 1681 2429 1808 2462; x_wconf 79' lang='lat' dir='ltr'><strong>oportet?</strong></span> 
     </span>
    </p>
   </div>
   <div class='ocr_carea' id='block_1_108' title="bbox 1155 2463 1915 2508">
    <p class='ocr_par' dir='ltr' id='par_1_108' title="bbox 1155 2463 1915 2508">
     <span class='ocr_line' id='line_1_108' title="bbox 1155 2463 1915 2508; baseline 0.004 -11"><span class='ocrx_word' id='word_1_752' title='bbox 1155 2470 1320 2504; x_wconf 71' lang='lat' dir='ltr'><strong>Sumetisque</strong></span> <span class='ocrx_word' id='word_1_753' title='bbox 1341 2463 1411 2498; x_wconf 67' lang='lat' dir='ltr'><strong>vobis</strong></span> <span class='ocrx_word' id='word_1_754' title='bbox 1435 2472 1478 2498; x_wconf 81' lang='lat' dir='ltr'><strong>die</strong></span> <span class='ocrx_word' id='word_1_755' title='bbox 1500 2473 1587 2506; x_wconf 84' lang='lat' dir='ltr'><strong>primo</strong></span> <span class='ocrx_word' id='word_1_756' title='bbox 1611 2474 1713 2508; x_wconf 72' lang='lat' dir='ltr'><strong>fruetus</strong></span> <span class='ocrx_word' id='word_1_757' title='bbox 1731 2474 1835 2500; x_wconf 76' lang='lat' dir='ltr'><strong>arboris</strong></span> <span class='ocrx_word' id='word_1_758' title='bbox 1848 2473 1915 2507; x_wconf 80' lang='lat' dir='ltr'><strong>pul-</strong></span> 
     </span>
    </p>
   </div>
   <div class='ocr_carea' id='block_1_109' title="bbox 1121 2517 1916 2554">
    <p class='ocr_par' dir='ltr' id='par_1_109' title="bbox 1121 2517 1916 2554">
     <span class='ocr_line' id='line_1_109' title="bbox 1121 2517 1916 2554; baseline 0.005 -11"><span class='ocrx_word' id='word_1_759' title='bbox 1121 2517 1265 2549; x_wconf 71' lang='lat' dir='ltr'><strong>olterrimaz,</strong></span> <span class='ocrx_word' id='word_1_760' title='bbox 1297 2517 1469 2552; x_wconf 74' lang='lat' dir='ltr'><strong>spatulasque</strong></span> <span class='ocrx_word' id='word_1_761' title='bbox 1497 2518 1660 2552; x_wconf 76' lang='lat' dir='ltr'><strong>palmarum,</strong></span> <span class='ocrx_word' id='word_1_762' title='bbox 1684 2525 1708 2546; x_wconf 86' lang='lat' dir='ltr'><strong>et</strong></span> <span class='ocrx_word' id='word_1_763' title='bbox 1738 2528 1826 2546; x_wconf 77' lang='lat' dir='ltr'><strong>ramos</strong></span> <span class='ocrx_word' id='word_1_764' title='bbox 1847 2520 1916 2554; x_wconf 81' lang='lat' dir='ltr'><strong>ligni</strong></span> 
     </span>
    </p>
   </div>
   <div class='ocr_carea' id='block_1_110' title="bbox 1121 2563 1916 2598">
    <p class='ocr_par' dir='ltr' id='par_1_110' title="bbox 1121 2563 1916 2598">
     <span class='ocr_line' id='line_1_110' title="bbox 1121 2563 1916 2598; baseline 0.004 -9"><span class='ocrx_word' id='word_1_765' title='bbox 1121 2563 1264 2590; x_wconf 73' lang='lat' dir='ltr'><strong>densarum</strong></span> <span class='ocrx_word' id='word_1_766' title='bbox 1287 2564 1434 2597; x_wconf 81' lang='lat' dir='ltr'><strong>frondium,</strong></span> <span class='ocrx_word' id='word_1_767' title='bbox 1462 2569 1486 2591; x_wconf 85' lang='lat' dir='ltr'><strong>et</strong></span> <span class='ocrx_word' id='word_1_768' title='bbox 1498 2565 1592 2592; x_wconf 70' lang='lat' dir='ltr'><strong>salices</strong></span> <span class='ocrx_word' id='word_1_769' title='bbox 1605 2566 1637 2592; x_wconf 82' lang='lat' dir='ltr'><strong>de</strong></span> <span class='ocrx_word' id='word_1_770' title='bbox 1653 2570 1778 2598; x_wconf 79' lang='lat' dir='ltr'><strong>torrente,</strong></span> <span class='ocrx_word' id='word_1_771' title='bbox 1797 2570 1821 2592; x_wconf 86' lang='lat' dir='ltr'><strong>et</strong></span> <span class='ocrx_word' id='word_1_772' title='bbox 1836 2565 1916 2592; x_wconf 71' lang='lat' dir='ltr'><strong>(rt-ta-</strong></span> 
     </span>
    </p>
   </div>
   <div class='ocr_carea' id='block_1_111' title="bbox 1119 2610 1916 2646">
    <p class='ocr_par' dir='ltr' id='par_1_111' title="bbox 1119 2610 1916 2646">
     <span class='ocr_line' id='line_1_111' title="bbox 1119 2610 1916 2646; baseline 0.005 -11"><span class='ocrx_word' id='word_1_773' title='bbox 1119 2610 1212 2636; x_wconf 84' lang='lat' dir='ltr'><strong>bimini</strong></span> <span class='ocrx_word' id='word_1_774' title='bbox 1230 2617 1321 2636; x_wconf 84' lang='lat' dir='ltr'><strong>coram</strong></span> <span class='ocrx_word' id='word_1_775' title='bbox 1343 2610 1453 2638; x_wconf 76' lang='lat' dir='ltr'><strong>Domino</strong></span> <span class='ocrx_word' id='word_1_776' title='bbox 1466 2611 1520 2638; x_wconf 83' lang='lat' dir='ltr'><strong>Deo</strong></span> <span class='ocrx_word' id='word_1_777' title='bbox 1536 2617 1632 2644; x_wconf 69' lang='lat' dir='ltr'><strong>vestro,</strong></span> <span class='ocrx_word' id='word_1_778' title='bbox 1648 2612 1860 2646; x_wconf 69' lang='lat' dir='ltr'><strong>celebrabitisquc</strong></span> <span class='ocrx_word' id='word_1_779' title='bbox 1869 2621 1916 2639; x_wconf 77' lang='lat' dir='ltr'><strong>so-</strong></span> 
     </span>
    </p>
   </div>
   <div class='ocr_carea' id='block_1_112' title="bbox 1119 2655 1916 2694">
    <p class='ocr_par' dir='ltr' id='par_1_112' title="bbox 1119 2655 1916 2694">
     <span class='ocr_line' id='line_1_112' title="bbox 1119 2655 1916 2694; baseline 0.005 -12"><span class='ocrx_word' id='word_1_780' title='bbox 1119 2655 1284 2682; x_wconf 69' lang='lat' dir='ltr'><strong>lemnitatem</strong></span> <span class='ocrx_word' id='word_1_781' title='bbox 1308 2656 1365 2691; x_wconf 73' lang='lat' dir='ltr'><strong>ejus</strong></span> <span class='ocrx_word' id='word_1_782' title='bbox 1390 2661 1488 2692; x_wconf 75' lang='lat' dir='ltr'><strong>septem</strong></span> <span class='ocrx_word' id='word_1_783' title='bbox 1507 2658 1610 2685; x_wconf 76' lang='lat' dir='ltr'><strong>diebus.</strong></span> <span class='ocrx_word' id='word_1_784' title='bbox 1624 2658 1702 2691; x_wconf 76' lang='lat' dir='ltr'><strong>Quod</strong></span> <span class='ocrx_word' id='word_1_785' title='bbox 1721 2664 1850 2694; x_wconf 80' lang='lat' dir='ltr'><strong>oporteat</strong></span> <span class='ocrx_word' id='word_1_786' title='bbox 1864 2667 1916 2694; x_wconf 86' lang='lat' dir='ltr'><strong>per</strong></span> 
     </span>
    </p>
   </div>
   <div class='ocr_carea' id='block_1_113' title="bbox 1118 2701 1915 2739">
    <p class='ocr_par' dir='ltr' id='par_1_113' title="bbox 1118 2701 1915 2739">
     <span class='ocr_line' id='line_1_113' title="bbox 1118 2701 1915 2739; baseline 0.008 -13"><span class='ocrx_word' id='word_1_787' title='bbox 1118 2708 1230 2727; x_wconf 89' lang='lat' dir='ltr'><strong>omnem</strong></span> <span class='ocrx_word' id='word_1_788' title='bbox 1256 2701 1340 2728; x_wconf 84' lang='lat' dir='ltr'><strong>vitam</strong></span> <span class='ocrx_word' id='word_1_789' title='bbox 1368 2702 1518 2730; x_wconf 84' lang='lat' dir='ltr'><strong>virtutibus</strong></span> <span class='ocrx_word' id='word_1_790' title='bbox 1546 2711 1659 2738; x_wconf 78' lang='lat' dir='ltr'><strong>operata</strong></span> <span class='ocrx_word' id='word_1_791' title='bbox 1691 2704 1769 2736; x_wconf 87' lang='lat' dir='ltr'><strong>dare,</strong></span> <span class='ocrx_word' id='word_1_792' title='bbox 1794 2712 1863 2739; x_wconf 88' lang='lat' dir='ltr'><strong>quas</strong></span> <span class='ocrx_word' id='word_1_793' title='bbox 1886 2705 1915 2732; x_wconf 88' lang='lat' dir='ltr'><strong>in</strong></span> 
     </span>
    </p>
   </div>
   <div class='ocr_carea' id='block_1_114' title="bbox 1119 2746 1916 2786">
    <p class='ocr_par' dir='ltr' id='par_1_114' title="bbox 1119 2746 1916 2786">
     <span class='ocr_line' id='line_1_114' title="bbox 1119 2746 1916 2786; baseline 0.006 -13"><span class='ocrx_word' id='word_1_794' title='bbox 1119 2746 1256 2774; x_wconf 83' lang='lat' dir='ltr'><strong>fructibus</strong></span> <span class='ocrx_word' id='word_1_795' title='bbox 1269 2751 1297 2774; x_wconf 91' lang='lat' dir='ltr'><strong>et</strong></span> <span class='ocrx_word' id='word_1_796' title='bbox 1314 2747 1398 2774; x_wconf 86' lang='lat' dir='ltr'><strong>ramis</strong></span> <span class='ocrx_word' id='word_1_797' title='bbox 1412 2749 1608 2783; x_wconf 63' lang='lat' dir='ltr'><strong>praedictorum</strong></span> <span class='ocrx_word' id='word_1_798' title='bbox 1620 2750 1756 2784; x_wconf 73' lang='lat' dir='ltr'><strong>lignorum</strong></span> <span class='ocrx_word' id='word_1_799' title='bbox 1773 2751 1916 2786; x_wconf 74' lang='lat' dir='ltr'><strong>signiﬁca-</strong></span> 
     </span>
    </p>
   </div>
   <div class='ocr_carea' id='block_1_115' title="bbox 1119 2791 1914 2833">
    <p class='ocr_par' dir='ltr' id='par_1_115' title="bbox 1119 2791 1914 2833">
     <span class='ocr_line' id='line_1_115' title="bbox 1119 2791 1914 2833; baseline 0.006 -13"><span class='ocrx_word' id='word_1_800' title='bbox 1119 2792 1170 2826; x_wconf 92' lang='lat' dir='ltr'><strong>vit,</strong></span> <span class='ocrx_word' id='word_1_801' title='bbox 1194 2791 1252 2827; x_wconf 87' lang='lat' dir='ltr'><strong>ipse</strong></span> <span class='ocrx_word' id='word_1_802' title='bbox 1276 2800 1410 2821; x_wconf 89' lang='lat' dir='ltr'><strong>numerus</strong></span> <span class='ocrx_word' id='word_1_803' title='bbox 1436 2799 1461 2822; x_wconf 86' lang='lat' dir='ltr'><strong>te</strong></span> <span class='ocrx_word' id='word_1_804' title='bbox 1484 2800 1589 2831; x_wconf 87' lang='lat' dir='ltr'><strong>septem</strong></span> <span class='ocrx_word' id='word_1_805' title='bbox 1614 2797 1721 2824; x_wconf 84' lang='lat' dir='ltr'><strong>dierum</strong></span> <span class='ocrx_word' id='word_1_806' title='bbox 1739 2797 1845 2833; x_wconf 86' lang='lat' dir='ltr'><strong>absque</strong></span> <span class='ocrx_word' id='word_1_807' title='bbox 1859 2799 1914 2826; x_wconf 85' lang='lat' dir='ltr'><strong>ulla</strong></span> 
     </span>
    </p>
   </div>
   <div class='ocr_carea' id='block_1_116' title="bbox 326 2870 1904 2922">
    <p class='ocr_par' dir='ltr' id='par_1_116' title="bbox 326 2870 1904 2922">
     <span class='ocr_line' id='line_1_116' title="bbox 326 2870 1904 2922; baseline 0.012 -24"><span class='ocrx_word' id='word_1_808' title='bbox 326 2870 348 2887; x_wconf 81' lang='lat'><strong>&quot;</strong></span> <span class='ocrx_word' id='word_1_809' title='bbox 363 2870 387 2898; x_wconf 88' lang='grc' dir='ltr'>Π</span> <span class='ocrx_word' id='word_1_810' title='bbox 403 2870 472 2900; x_wconf 90' lang='lat' dir='ltr'><strong>Tim.</strong></span> <span class='ocrx_word' id='word_1_811' title='bbox 489 2881 526 2908; x_wconf 81' lang='lat' dir='ltr'><strong>tv,</strong></span> <span class='ocrx_word' id='word_1_812' title='bbox 542 2873 567 2902; x_wconf 86' lang='lat'><strong>6.</strong></span> <span class='ocrx_word' id='word_1_813' title='bbox 619 2876 641 2892; x_wconf 87' lang='lat'><strong>&quot;</strong></span> <span class='ocrx_word' id='word_1_814' title='bbox 665 2875 724 2904; x_wconf 88' lang='lat' dir='ltr'><strong>Gal.</strong></span> <span class='ocrx_word' id='word_1_815' title='bbox 737 2885 767 2910; x_wconf 79' lang='grc' dir='ltr'><strong>ιι,</strong></span> <span class='ocrx_word' id='word_1_816' title='bbox 781 2878 826 2906; x_wconf 77' lang='lat'><strong>‘20.</strong></span> <span class='ocrx_word' id='word_1_817' title='bbox 863 2879 886 2897; x_wconf 83' lang='grc'>⁷³</span> <span class='ocrx_word' id='word_1_818' title='bbox 899 2880 973 2909; x_wconf 77' lang='lat' dir='ltr'><strong>Psal.</strong></span> <span class='ocrx_word' id='word_1_819' title='bbox 984 2889 1063 2914; x_wconf 81' lang='lat' dir='ltr'><strong>cxxv,</strong></span> <span class='ocrx_word' id='word_1_820' title='bbox 1075 2881 1102 2909; x_wconf 89' lang='lat'><strong>8.</strong></span> <span class='ocrx_word' id='word_1_821' title='bbox 1159 2882 1184 2900; x_wconf 77' lang='lat'><strong>&quot;&quot;</strong></span> <span class='ocrx_word' id='word_1_822' title='bbox 1197 2881 1295 2911; x_wconf 86' lang='lat' dir='ltr'><strong>Matth.</strong></span> <span class='ocrx_word' id='word_1_823' title='bbox 1312 2892 1354 2918; x_wconf 85' lang='lat' dir='ltr'><strong>ut,</strong></span> <span class='ocrx_word' id='word_1_824' title='bbox 1371 2884 1400 2912; x_wconf 78' lang='grc'><strong>2.</strong></span> <span class='ocrx_word' id='word_1_825' title='bbox 1442 2887 1464 2904; x_wconf 83' lang='grc'><strong>⁷³</strong></span> <span class='ocrx_word' id='word_1_826' title='bbox 1477 2885 1573 2915; x_wconf 84' lang='lat' dir='ltr'><strong>Matth.</strong></span> <span class='ocrx_word' id='word_1_827' title='bbox 1589 2895 1625 2922; x_wconf 74' lang='grc' dir='ltr'><strong>ιι,</strong></span> <span class='ocrx_word' id='word_1_828' title='bbox 1642 2888 1686 2916; x_wconf 78' lang='lat'><strong>9.8.</strong></span> <span class='ocrx_word' id='word_1_829' title='bbox 1744 2887 1767 2904; x_wconf 88' lang='lat'>&quot;</span> <span class='ocrx_word' id='word_1_830' title='bbox 1782 2887 1850 2916; x_wconf 84' lang='lat' dir='ltr'><strong>ibid.</strong></span> <span class='ocrx_word' id='word_1_831' title='bbox 1868 2889 1904 2916; x_wconf 74' lang='lat'><strong>‘29</strong></span> 
     </span>
    </p>
   </div>
  </div>
