2056 3148
150 221 216 255 10οἿ

728 216 768 246 1N
788 213 1050 246 LEVITICUM.-—
1068 213 1140 242 LIB.
1161 211 1212 241 VI.

1719 211 1786 243 1098

149 278 289 307 dubietate
311 276 464 304 confirmat.
488 275 557 308 Quia
584 282 649 301 vero
676 281 709 301 ex
734 273 792 308 ipsa
811 272 941 299 inchoare
958 273 979 300 Α
1030 269 1110 295 Sume
1123 274 1145 295 et
1160 267 1263 294 salices.
1280 267 1436 294 Secundum
1453 266 1533 297 LXX.
1548 267 1671 299 κλάδους,
1686 276 1786 301 mutos,

149 327 280 354 debemus
306 322 458 353 voratione,
488 329 521 349 ex
551 329 604 355 qua
635 319 766 354 pnedicta
782 322 824 346 est
840 316 941 344 Christi

150 370 327 406 intelligibilis
353 368 476 403 requies,
507 375 568 403 quae
596 367 684 402 prima
708 370 750 393 est
786 363 943 392 festivitatis

150 417 219 448 dies,
234 414 411 442 manilestunt
428 418 489 440 est:
514 420 596 447 quem
613 412 685 438 diem
704 410 832 445 superius
847 408 943 443 appel-

150 462 216 489 'avit
237 461 352 496 requiei.
379 460 460 486 Nunc
483 463 575 486 autem
605 458 632 484 in
662 465 695 484 eo
713 457 819 484 fruetus
837 455 944 482 arboris

149 508 342 544 pulcherrima?
355 514 463 534 sumere
478 505 618 540 praecepit.
643 503 702 531 illos
723 503 859 532 videlicet.
877 509 945 536 quos

150 556 177 583 in
195 554 282 590 prituo
306 554 414 580 Psahno
434 552 519 579 David
536 551 673 579 cantavit;
693 549 724 576 Et
742 550 791 576 erit
815 554 945 583 Umquam

151 601 251 635 lignum
267 603 335 635 quod
353 598 503 634 plantulum
522 603 558 624 est
577 606 650 624 secus
662 598 786 623 decursus
801 602 944 630 aquarum,

150 647 219 682 quod
238 647 352 681 fructum
373 652 451 671 suum
474 643 546 670 dabit
570 645 597 670 in
629 647 744 676 tempore
764 642 840 668 suo"
857 651 863 667 :
882 640 945 666 I‘ul-

150 693 248 720 chrum
279 691 353 718 enim
374 690 441 718 dicit
468 694 686 724 temporanenm,
701 693 729 715 ct
747 693 945 722 opportunum,

151 738 177 765 id
194 742 235 764 est
251 738 296 772 qui
330 737 356 764 in
384 741 508 770 tempore
537 740 590 768 cst,
610 739 638 761 et
655 734 764 761 \irtutis
782 733 946 768 opportunis

151 783 324 819 temporibus
351 782 502 818 peragitur,
531 787 562 808 ut
586 781 745 807 nullatenus
766 779 793 806 in
823 783 947 814 tempore

147 830 273 864 jUSlilItE,
290 829 427 863 fugientes
440 836 513 858 eam,
532 826 703 855 declinemus
723 826 756 853 ad
777 825 946 860 compassio-

150 884 226 903 nent.
243 874 287 902 Ait
314 875 408 902 enim:
436 873 496 901 Non
514 873 677 899 misereberis
705 872 818 907 pauperi
831 872 857 898 in
871 871 947 905 judi-

151 923 235 951 cio".
258 922 327 956 Quia
351 927 379 950 et
404 922 522 957 iustitia,
538 926 565 948 et
580 921 745 955 compassio,
762 925 789 946 et
805 920 947 955 quodlibet

151 970 264 1002 dixeris,
295 975 374 996 suum
403 972 511 1002 tempus
536 972 720 1002 opportunum
756 967 848 998 habet,
874 966 945 993 sicut

151 1015 254 1042 Paulus
271 1014 355 1042 dicit:
377 1013 509 1048 Alligatus
528 1021 554 1039 es
580 1013 678 1039 uxori?
695 1012 748 1039 noli
764 1020 881 1047 quwrerc
901 1020 945 1038 so-

152 1061 290 1088 lutionem.
320 1059 428 1087 Solutus
454 1067 480 1086 es
502 1059 534 1086 ab
558 1059 659 1085 uxore?
675 1057 728 1085 noli
748 1066 865 1093 qurerere
881 1066 947 1084 uxo-

153 1107 248 1134 rem".
267 1105 299 1132 Et
315 1105 444 1132 Salomon
467 1105 506 1131 ait
520 1113 525 1130 :
545 1104 636 1130 Omnis
653 1104 690 1130 rei
706 1109 808 1139 tempus
819 1112 828 1130 :
845 1108 946 1138 lempus

152 1151 268 1183 tacendi,
286 1155 310 1178 et
332 1156 434 1185 tempus
449 1150 582 1185 loquendi,
607 1154 708 1184 tempus
724 1149 795 1181 belli,
809 1154 833 1175 et
846 1154 946 1184 tempus

153 1197 227 1230 pacis
236 1196 272 1223 5°:
288 1201 315 1223 et
335 1195 421 1223 multa
439 1196 480 1222 his
497 1195 607 1222 similia.
640 1194 718 1221 Unde
743 1199 771 1221 et
801 1193 865 1221 Sani
881 1203 947 1222 con-

152 1243 300 1270 demnatus
330 1246 383 1273 est,
399 1242 462 1277 quia
482 1242 554 1278 Agag
580 1247 656 1268 extra
677 1246 784 1275 tempus
812 1242 945 1276 pepercit,

153 1292 182 1314 et
194 1295 356 1322 compassus
371 1291 424 1320 est,
440 1295 495 1322 quo
510 1292 632 1322 tempore
649 1294 711 1313 cum
733 1287 783 1313 iIOC
796 1294 851 1313 non
865 1294 947 1321 opor-

154 1333 229 1360 tebat
245 1333 334 1360 Iacere
345 1333 366 1349 "
383 1342 390 1360 ;
412 1341 464 1360 nec
479 1333 624 1367 oportebat
643 1340 707 1360 eum
732 1340 857 1367 parcere.
885 1340 947 1359 eum

154 1380 228 1405 Dens
258 1379 386 1414 iussisset
418 1383 503 1405 totum
527 1378 656 1405 Amalech
683 1378 813 1413 disperdi.
842 1377 870 1404 Si
885 1385 950 1413 ergo

154 1425 263 1451 fructus
279 1425 385 1452 arboris
401 1424 562 1458 sumpseris,
583 1423 616 1450 de
632 1424 732 1458 quibus
748 1424 786 1450 ait
801 1423 876 1450 .Iocl:
894 1423 949 1450 Νο-

153 1471 201 1498 lite
224 1471 315 1498 tim'ere
337 1471 465 1497 animalia
497 1470 627 1505 regionis,
653 1470 714 1504 quia
736 1470 950 1505 germinanerunt

152 1517 271 1550 speciosa
295 1516 399 1548 deserti,
437 1516 500 1551 quia
533 1521 556 1542 et
583 1516 684 1551 lignum
711 1515 801 1542 attulit
835 1516 950 1551 fructum

153 1570 233 1588 suum
243 1562 265 1576 "
281 1571 287 1589 :
315 1561 368 1588 Sed
380 1565 408 1588 et
423 1562 533 1589 Cantica
562 1562 739 1588 Canticomm
753 1571 759 1588 :
790 1560 842 1588 Sub
857 1561 950 1588 umbra

153 1607 213 1642 ejus
229 1615 308 1642 quant
323 1608 480 1639 desideravi,
495 1607 619 1634 videlicet
635 1607 750 1639 (lltristi,
766 1607 837 1638 sedi;
853 1612 877 1633 et
892 1608 949 1641 fru-
964 1623 984 1652 ο

153 1657 213 1679 ctus
231 1652 288 1687 ejus
302 1652 386 1678 dulcis
400 1653 501 1688 gutturi
515 1660 571 1679 meo
581 1652 613 1678 ⁸³.
628 1651 847 1679 Pulcherrimum
860 1659 948 1682 sume,

153 1699 245 1726 omnia
256 1700 329 1726 enim
345 1707 406 1734 quae
426 1699 489 1726 fecit
505 1699 576 1726 Deus
587 1719 594 1730 ,
612 1704 640 1725 et
661 1699 731 1726 bona
752 1703 816 1726 sunt
832 1699 859 1724 in
877 1704 948 1725 tem-

155 1753 223 1780 pore
237 1753 297 1772 suo.
317 1745 371 1772 Sed
388 1751 415 1772 et
431 1745 532 1772 Paulus
547 1745 584 1772 ait
599 1754 606 1774 :
627 1745 721 1772 Omnia
743 1749 829 1771 vestra
846 1746 950 1772 honeste

152 1791 297 1818 secundum
310 1791 424 1818 ordinem
433 1790 574 1825 ﬁant“'":
584 1791 656 1825 quod
664 1791 882 1826 oporteataptari
895 1791 949 1817 vir-

155 1841 229 1864 tutes
244 1838 359 1871 tempori
376 1837 542 1872 signiﬁcans.
562 1836 631 1871 Ergo
648 1837 754 1864 fructus
766 1837 873 1864 arboris
886 1837 950 1872 pul-

153 1883 301 1909 cherrima)
317 1902 324 1914 ,
363 1882 550 1916 principaliter
573 1881 718 1914 Christus,
742 1883 848 1909 fructus
878 1883 950 1910 illius

154 1929 221 1963 ligni
250 1933 303 1960 est,
321 1929 354 1955 de
373 1936 428 1963 quo
459 1929 484 1955 in
504 1929 572 1956 Isaia
600 1929 703 1955 dictum
723 1933 774 1955 est.
794 1929 950 1964 Egredietur

154 1975 229 2009 rirya
247 1975 279 2001 de
301 1975 390 2001 radice
413 1973 495 2006 Jcsse,
521 1981 545 2001 et
567 1975 616 2009 [los
636 1975 668 2001 de
679 1975 770 2001 radice
781 1976 837 2009 ejus
856 1984 950 2002 astam

153 2020 246 2046 det":
272 2019 319 2047 Dei
346 2020 492 2055 genitricis
510 2020 638 2047 videlicet
651 2021 773 2056 virginis.
793 2021 948 2048 Secundum

154 2064 238 2092 LXX.
266 2064 325 2100 Ipse
361 2066 463 2099 fructus
493 2065 634 2099 speciosus.
665 2065 763 2092 Omnia
795 2066 868 2093 enim
892 2067 949 2101 ipse

154 2110 298 2144 dispensat
309 2114 432 2144 tempore
448 2115 615 2144 Opportuna.
636 2110 663 2138 Si
680 2113 771 2137 autent
786 2111 888 2145 aliquid
907 2119 949 2139 sc-

155 2155 276 2182 cundum
290 2155 351 2189 ejus
366 2155 463 2190 legem,
480 2160 507 2181 et
529 2155 617 2182 zelum
636 2159 687 2187 est,
704 2155 776 2189 quod
793 2161 948 2182 correctum

156 2201 240 2228 fuerit
263 2202 291 2229 in
317 2202 410 2232 verbo,
438 2203 485 2228 ant
500 2201 526 2227 in
542 2209 636 2236 opere,
663 2201 714 2228 hoc
734 2201 816 2228 etiam
845 2201 949 2228 fructus

156 2249 297 2283 speciosus
311 2253 385 2275 recte
404 2247 514 2275 dicitur.
537 2249 651 2274 Sumere
674 2252 766 2274 autem
785 2253 812 2274 et
825 2248 948 2282 spatulas

995 315 1020 341 id
1036 319 1087 345 est,
1115 313 1303 344 emtinentizc,
1322 312 1445 346 castique
1468 312 1602 348 cattjugii.
1623 312 1698 340 Salix
1713 314 1785 340 enim

995 360 1191 387 continentiam
1218 359 1364 395 signiﬁcat,
1394 359 1457 393 quin
1486 358 1605 385 I'ruetnnt
1621 367 1676 385 non
1696 359 1786 386 facit:

994 407 1063 434 sicut
1093 414 1142 432 nec
1158 405 1343 438 continentes,
1364 406 1409 441 qui
1436 411 1501 433 sunt
1512 406 1570 433 veri
1589 407 1720 440 eunuchi,
1740 407 1787 442 qui

995 457 1184 480 caszraverunl
1201 460 1230 479 se
1251 457 1363 488 propter
1375 460 1489 488 regnum
1506 453 1649 484 ccelorum,
1666 452 1788 481 fructum

995 498 1144 533 quemlibet
1174 497 1332 525 sensibiletn
1364 497 1479 529 faciunt.
1511 498 1545 525 ad
1568 505 1638 532 quos
1654 498 1726 525 Deus
1739 506 1789 534 per

996 545 1091 571 Isaiam
1122 544 1285 579 prophetam
1320 543 1406 571 dicit:
1436 543 1496 570 Non
1528 544 1599 570 dicat
1626 546 1760 571 eunuchus
1778 552 1789 571 :

996 589 1064 622 Quia
1079 590 1178 626 lignum
1189 591 1296 617 aridum
1309 597 1355 624 ego
1368 598 1426 616 sum
1436 598 1444 616 .'
1456 590 1519 625 quia
1537 590 1604 617 dabo
1619 591 1655 616 eis
1671 591 1698 616 in
1712 591 1789 617 domo

998 645 1066 667 mea,
1081 642 1106 663 et
1126 638 1152 663 in
1169 637 1251 664 muris
1268 637 1332 663 meis
1351 636 1434 663 locum
1459 637 1626 663 nominatur):
1639 657 1646 668 ,
1666 637 1790 671 melins‘a

996 683 1060 717 ﬁliis
1074 688 1098 709 et
1112 683 1229 717 ﬁliabus,
1253 691 1346 709 nomen
1361 683 1551 717 sempiternum
1566 683 1634 710 (ialm
1652 684 1730 710 eis”.
1746 684 1791 710 Di-

996 730 1083 756 cimus
1114 734 1205 756 auteut
1233 729 1345 756 salicum
1367 737 1462 764 gerere
1490 729 1633 761 orationis,
1658 737 1709 757 nec
1735 737 1791 757 non

997 776 1165 811 ptenitentitn
1187 776 1311 811 figuram.
1327 776 1373 802 Sin:
1388 784 1452 811 ergo
1466 781 1494 803 et
1507 776 1572 803 illud
1589 776 1660 810 quod
1675 784 1689 803 a
1705 776 1791 803 David

997 820 1100 847 dictum
1118 825 1169 852 est,
1188 821 1374 856 intelligamus
1389 829 1396 847 :
1414 820 1498 855 Super
1512 821 1625 854 ﬂumina
1635 821 1789 856 Babylonis.

997 867 1051 892 illic
1079 868 1192 894 sedimus
1217 872 1242 894 et
1271 868 1401 902 Ilerinms,
1428 868 1491 894 dum
1522 868 1724 894 recordaremur
1752 868 1791 894 tui

997 912 1068 939 Sion.
1084 912 1116 939 In
1136 913 1270 943 salicibus,
1281 913 1309 940 in
1324 914 1411 940 medio
1423 913 1480 948 ejus
1494 914 1676 947 suspendium:
1688 921 1790 949 organa

961 950 982 977 Β
999 962 1090 984 nostra
1103 958 1135 984 ει.
1154 958 1294 985 Orationis
1309 959 1393 991 enim,
1409 964 1437 986 et
1459 959 1629 993 pmnitentia:
1653 959 1790 995 Iacrymae,

995 1003 1030 1030 de
1045 1004 1143 1038 quibus
1183 1005 1222 1031 ait
1245 1005 1346 1032 Isaias:
1371 1005 1444 1032 Sicut
1467 1005 1561 1032 salices
1577 1013 1655 1039 super
1681 1011 1791 1038 prmer-

995 1049 1105 1084 [luentes
1133 1052 1260 1086 aquas“,
1282 1051 1469 1078 continentem
1498 1051 1706 1079 commistionis
1740 1060 1790 1080 ne-

996 1095 1141 1122 cessariam
1172 1096 1291 1128 habent,
1320 1098 1346 1124 in
1375 1102 1498 1132 tempore
1529 1105 1583 1132 quo
1611 1098 1790 1126 oﬂ'eruntur:

997 1141 1070 1176 quod
1098 1142 1269 1170 demonstrat
1298 1143 1398 1170 Paulus
1412 1152 1418 1170 :
1434 1144 1522 1171 Nolite
1537 1145 1667 1180 fraudare
1681 1145 1792 1173 invicem

998 1187 1103 1219 dicens,
1130 1188 1179 1215 nisi
1191 1197 1223 1214 tut
1247 1197 1372 1215 consensit
1389 1189 1424 1215 ad
1439 1188 1551 1224 tempus,
1569 1196 1596 1217 ut
1619 1192 1715 1218 vacetis
1728 1200 1792 1219 ara-

999 1234 1074 1265 tioni.
1102 1235 1164 1268 quia
1187 1239 1290 1261 castum
1315 1240 1415 1270 oportet
1435 1244 1490 1262 esse
1510 1237 1663 1272 conjugium
1673 1238 1706 1265 ⁹⁸.
1732 1237 1793 1274 Ipse

1000 1286 1095 1305 rursus
1106 1279 1154 1306 ait.
1169 1279 1351 1306 Salvubuntur
1364 1286 1454 1307 autem
1467 1289 1513 1315 per
1527 1281 1645 1316 ﬁliorum
1665 1291 1793 1316 procrea-

1001 1325 1106 1357 tionem,
1120 1326 1143 1352 si
1154 1327 1349 1359 permanserint
1365 1327 1392 1353 in
1409 1327 1470 1361 ﬁde,
1483 1332 1508 1354 et
1532 1328 1673 1361 citat-irate.
1686 1334 1710 1356 et
1730 1338 1794 1357 san-

1001 1372 1171 1406 ctiﬁcatione,
1198 1381 1256 1401 cum
1282 1374 1424 1400 sobrietate
1435 1375 1467 1402 ⁵³.
1487 1374 1519 1402 Et
1529 1375 1656 1408 iterum:
1675 1376 1794 1404 Honora-

1001 1417 1050 1444 bile
1070 1419 1240 1451 connubium,
1256 1424 1280 1446 et
1293 1419 1383 1446 t/torus
1409 1420 1636 1450 inmaculatus".
1656 1422 1710 1450 Sed
1736 1423 1794 1451 haec

1001 1463 1036 1491 de
1065 1469 1186 1492 torrente
1215 1473 1335 1499 sumere,
1364 1466 1397 1493 de
1424 1467 1551 1501 praesenti
1586 1468 1712 1496 videlicet
1726 1470 1792 1502 vita,

1003 1513 1111 1536 torrens
1132 1509 1204 1536 enim
1217 1515 1330 1545 propter
1346 1511 1504 1542 transitum.
1521 1512 1579 1539 sive
1591 1512 1739 1540 decursum
1755 1513 1794 1541 si-

1002 1554 1058 1581 mul
1075 1560 1166 1582 autem
1183 1560 1210 1583 et
1224 1561 1334 1590 propter
1351 1556 1486 1591 hyemem,
1501 1565 1584 1592 quam
1605 1559 1688 1586 habet
1701 1558 1793 1586 diver-

1003 1608 1094 1627 sarum
1121 1601 1312 1632 tentationum,
1344 1607 1426 1636 atque
1458 1602 1689 1635 tribulationum,
1719 1609 1795 1632 recte

1002 1646 1170 1677 nominatur,
1199 1647 1235 1674 ita
1256 1652 1286 1674 ut
1311 1647 1394 1674 David
1416 1648 1450 1675 de
1466 1647 1577 1676 Christo
1601 1649 1715 1681 diceret,
1730 1650 1795 1684 quia

1001 1696 1028 1718 et
1057 1692 1114 1726 ipse
1127 1692 1162 1720 de
1177 1694 1280 1719 mundo
1303 1698 1330 1720 et
1345 1693 1406 1727 ejus
1435 1694 1670 1728 tribulationibus,
1699 1701 1796 1731 utpote

1001 1737 1098 1765 similis
1111 1739 1189 1765 nobis
1206 1739 1332 1771 allectus,
1351 1741 1492 1775 gustavit:
1513 1741 1550 1768 De
1565 1746 1682 1769 torre-nte
1702 1743 1730 1770 in
1752 1743 1796 1770 m’a

1001 1784 1074 1816 bibit,
1089 1789 1226 1819 propterea
1244 1785 1372 1812 exultavit
1388 1787 1508 1819 caput”.
1528 1787 1663 1815 Exaltavit
1676 1789 1750 1815 enim
1767 1789 1795 1816 itt

1001 1838 1081 1857 cruce
1098 1831 1233 1865 pendens.
1249 1830 1424 1866 Crucitigitur
1446 1837 1549 1864 autem,
1568 1835 1631 1867 quia
1648 1842 1681 1861 ex
1699 1839 1794 1862 nostro

1002 1881 1123 1904 torrente
1138 1877 1231 1903 bibere
1259 1877 1344 1904 semel
1367 1877 1460 1912 elegit.
1489 1878 1540 1910 Qui
1558 1887 1623 1914 ergo
1646 1879 1704 1907 haec
1726 1881 1791 1915 agit,

1001 1928 1103 1957 septem
1129 1922 1226 1950 diebus
1241 1927 1335 1950 totum-
1354 1924 1481 1951 videlicet
1500 1929 1618 1960 tempus.
1642 1926 1727 1954 laetari
1740 1933 1794 1962 p0-

1002 1971 1064 1994 teat.
1082 1966 1134 1993 Sed
1158 1967 1241 1994 laetari
1256 1971 1321 1994 ante
1346 1968 1491 1995 Dominum
1512 1977 1567 1996 non
1593 1970 1751 2005 impiorum,
1766 1977 1795 2000 et

1001 2018 1176 2048 peccatorum
1195 2013 1304 2047 gaudio.
1327 2013 1385 2040 Non
1403 2019 1439 2040 est
1455 2015 1548 2041 etenim
1564 2017 1680 2050 gaudere
1693 2017 1794 2052 impiis.

1000 2058 1062 2084 dicit
1094 2058 1262 2091 Dominus”,
1290 2059 1392 2094 quippe
1419 2060 1466 2095 qui
1501 2061 1527 2087 in
1553 2062 1751 2097 voluptatibus,
1767 2069 1796 2091 et

1000 2104 1223 2139 corruptionibus
1238 2105 1414 2133 festivitatem
1432 2107 1545 2139 habent,
1562 2108 1610 2134 sed
1630 2108 1657 2135 in
1676 2109 1795 2137 Domino

1001 2150 1138 2177 hetamini.
1165 2151 1236 2183 Quid
1265 2156 1357 2179 autent
1385 2158 1427 2179 est
1444 2160 1537 2181 coram
1550 2153 1666 2182 Domino
1687 2155 1797 2183 laetari?

1001 2197 1028 2225 Id
1044 2203 1095 2230 est,
1123 2199 1150 2225 in
1174 2207 1207 2225 eo
1225 2200 1348 2232 credere,
1381 2206 1409 2228 et
1432 2209 1480 2236 pro
1496 2209 1529 2229 co
1557 2202 1623 2237 pati.
1653 2202 1709 2231 Iloc
1722 2204 1797 2231 enim

1000 2243 1097 2272 Petrus
1119 2245 1248 2280 gaudium
1264 2253 1295 2272 ex
1311 2254 1365 2281 quo
1380 2251 1497 2279 constet,
1524 2249 1705 2277 demonstrat.
1722 2250 1797 2278 Scri-

157 2296 319 2329 palmarum,
339 2294 363 2320 id
383 2298 425 2321 est
441 2294 648 2328 juvenesccntia
661 2293 777 2328 justitite
789 2294 946 2328 genimina:
966 2303 986 2330 ῃ
1001 2290 1142 2326 psitergn.
1160 2291 1211 2318 Per
1226 2291 1305 2326 ﬁdem
1331 2293 1366 2318 ad
1391 2293 1514 2324 salutem,
1537 2299 1663 2328 paratum
1686 2296 1797 2324 revelari

154 2340 244 2367 Justus
257 2340 330 2367 ettim
345 2340 412 2367 sicut
425 2339 514 2375 palma
532 2339 675 2374 ﬂorrbit",
693 2339 776 2366 David
796 2340 873 2366 dixit.
896 2340 949 2367 Sed

155 2387 217 2422 quia
230 2387 266 2414 de
279 2386 369 2421 palma
384 2386 453 2413 nihil
469 2390 520 2417 est,
543 2386 774 2421 quemadmodum
792 2393 842 2412 nec
858 2386 892 2412 de
911 2387 950 2414 eis

155 2433 200 2467 qui
211 2433 287 2468 juste
300 2433 407 2465 vivunt,
426 2432 499 2467 quod
514 2432 603 2467 respui
619 2432 703 2467 possit
717 2440 723 2457 ε

190 2478 271 2506 Sume
285 2483 309 2506 et
324 2486 427 2511 ,ramos
442 2477 507 2514 ligni
528 2478 670 2504 densarum
691 2477 833 2512 frondium.
849 2477 950 2505 Omnes

156 2525 265 2559 quidem
291 2524 423 2552 virtutum
444 2524 560 2556 fructus,
582 2524 700 2551 maxime
725 2528 818 2551 autem
844 2524 951 2551 miseri-

157 2571 294 2598 cordiam:
324 2574 434 2606 oportet
458 2571 532 2597 enim
558 2577 618 2597 eam
647 2577 708 2597 esse
735 2570 905 2602 continuam,
922 2575 948 2597 rt

156 2621 374 2650 permanentem.
409 2614 487 2648 Quod
533 2613 712 2642 Ecclesiastes
740 2615 946 2642 commendans.

156 2659 258 2693 Oleum,
288 2660 386 2696 inquit,
419 2661 450 2687 de
465 2660 551 2694 capite
576 2664 620 2686 tuo
636 2668 687 2686 non
703 2659 808 2694 deﬁciat
821 2660 854 2686 ⁸⁸³.
871 2660 903 2686 Ει
920 2660 946 2686 in

158 2705 330 2734 Proverbiis:
348 2706 408 2733 Non
417 2707 509 2733 diras:
526 2705 592 2732 Vade
610 2709 634 2732 et
655 2711 782 2732 revertere
794 2711 817 2732 et
833 2707 948 2732 crastino

158 2752 222 2779 dabo
235 2752 293 2784 tibi,
312 2760 370 2779 cum
383 2753 474 2779 statim
487 2751 571 2786 passis
582 2751 647 2778 dare
655 2751 688 2778 ³⁵.

208 2830 229 2846 ⁷⁷
247 2830 319 2859 Psal.
338 2839 357 2863 1,
374 2831 401 2856 5.
457 2830 479 2845 "
495 2829 579 2857 Exod.
592 2838 658 2857 xxm
670 2850 677 2861 ,
695 2829 721 2856 5.

159 2864 202 2892 εξῖ.
236 2865 259 2881 ³³
271 2867 351 2893 tiam.
364 2874 396 2896 ιι,
415 2866 441 2893 3.
479 2865 538 2881 "'3"
554 2865 638 2896 ICor,
653 2872 707 2895 xw,
719 2864 763 2892 40.

160 2900 182 2915 ’³
194 2900 251 2928 lsai.
270 2909 323 2932 LVI,
337 2902 363 2934 4,
377 2902 402 2928 5.
440 2901 460 2916 "
475 2900 520 2927 Ps.
537 2908 646 2932 cxxxvl,
664 2901 687 2931 1,
700 2900 727 2926 ‘2.

160 2935 182 2950 "
194 2936 235 2964 I‘s.
249 2944 304 2969 cur,
320 2937 347 2963 7.
386 2935 409 2952 "
421 2935 473 2963 lsa.
488 2944 550 2966 Lvn.
563 2935 608 2962 21.
647 2936 670 2951 "
686 2935 694 2962 1
715 2935 786 2963 Petr.
804 2944 822 2967 ι,
840 2938 866 2962 ti.

301 2986 436 3014 ι’λτιιοι..
457 2986 515 3013 (La.
534 2983 640 3015 XCIII.

778 2830 817 2856 "l
839 2830 901 2857 (lor.
914 2839 962 2861 vn,
978 2831 993 2857 Ξ

803 2866 826 2879 ¹¹³
846 2865 896 2892 isa.
914 2875 938 2897 ιι,
955 2867 976 2892 1.

765 2901 787 2916 ”
804 2900 864 2927 lsai.
883 2909 925 2933 υ,
941 2902 985 2930 44.

979 2831 1022 2857 Ξῖ.
1062 2832 1084 2846 ⁸ο
1101 2830 1173 2858 Eccl.
1189 2839 1230 2861 Ill,
1247 2831 1257 2858 I
1277 2839 1336 2865 seq.

1004 2337 1159 2370 intempore
1181 2337 1321 2364 novissimo
1347 2338 1375 2364 in
1404 2347 1455 2373 quo
1470 2339 1634 2372 exsultabis,
1666 2341 1797 2368 modicum

1006 2390 1074 2408 nunt
1092 2382 1115 2408 si
1131 2387 1233 2417 oportet
1256 2384 1411 2410 contristari
1430 2385 1457 2410 in
1469 2385 1551 2411 variis
1567 2386 1797 2415 mutationibus”.

1006 2428 1050 2455 Sic
1078 2429 1292 2456 novissimorum
1310 2434 1465 2464 temporum
1490 2431 1603 2466 ligurum
1619 2431 1690 2466 gerit
1710 2434 1797 2467 septi-
1812 2435 1816 2464 ζ’

1007 2482 1068 2501 mus
1086 2474 1198 2502 mensis.
1219 2475 1365 2503 Festivitas
1379 2481 1404 2503 et
1422 2477 1549 2512 gaudium
1565 2485 1613 2512 per
1628 2478 1721 2510 ﬁdem,
1737 2479 1799 2513 quat
1817 2482 1825 2497 ι

1005 2525 1047 2547 est
1072 2521 1098 2547 in
1114 2520 1236 2554 Christo,
1251 2526 1278 2548 et
1295 2530 1344 2557 pro
1370 2523 1544 2557 paSSionibus
1571 2524 1631 2557 eius
1662 2524 1715 2552 Sed
1730 2514 1826 2573 quo-3

1005 2568 1086 2595 modo
1104 2568 1175 2595 hanc
1191 2568 1368 2595 festivitatem
1382 2577 1573 2597 consummare
1592 2575 1616 2596 et
1633 2571 1798 2599 concludere

1001 2614 1166 2646 debeamus,
1180 2614 1331 2642 ostendunt
1347 2615 1404 2642 ha-c
1422 2615 1585 2650 legislatoris
1602 2617 1695 2645 verba.

1037 2660 1267 2695 Celebrabitisque
1279 2661 1448 2696 festivitatem
1466 2661 1523 2696 ejus
1537 2667 1635 2696 septem
1650 2663 1739 2690 diebus
1753 2671 1799 2697 per

1000 2707 1274 2743 annum.Legitimum
1287 2708 1474 2741 sempiternum
1489 2708 1537 2734 erit
1550 2709 1577 2734 in
1589 2709 1798 2743 generationibus

1001 2753 1102 2780 vestris.
1119 2752 1210 2780 Mense
1223 2754 1333 2788 septimo
1354 2754 1421 2788 festa
1437 2753 1612 2788 celebrabitis,
1627 2760 1651 2782 et
1664 2754 1798 2782 habitabi-

1374 2832 1395 2848 ⁸⁸
1414 2833 1420 2858 Ι
1436 2831 1502 2868 Reg.
1520 2841 1564 2865 xv,
1579 2833 1604 2861 8.
1641 2832 1663 2848 ⁸¹
1679 2831 1749 2860 loel.
1767 2841 1796 2865 ιι,

1301 2868 1324 2883 ⁸⁸
1337 2867 1409 2895 Eccl.
1431 2877 1468 2898 ix.
1484 2870 1511 2895 8.
1562 2869 1584 2885 ⁸³
1603 2868 1682 2897 Prov.
1696 2876 1737 2901 ιιι,
1752 2869 1797 2896 ‘28.

1295 2903 1317 2918 ³⁸
1333 2903 1340 2929 1
1359 2903 1428 2930 Ήιιι.
1448 2911 1477 2936 n,
1492 2904 1517 2931 9.
1557 2904 1674 2931 "llcbr.
1694 2911 1754 2937 litt,
1769 2904 1798 2933 4.

1017 2867 1038 2882 ‘7
1056 2867 1127 2894 Psal.
1146 2875 1199 2899 xei,
1221 2866 1262 2893 l5.

1024 2902 1048 2918 "
1066 2904 1073 2929 I
1090 2904 1153 2929 (.or.
1172 2911 1216 2934 vn,
1230 2902 1256 2929 5.

1598 2983 1635 3014 35
