2056 3148
246 187 248 189 ’
268 181 337 215 1099

873 179 1056 210 HESYCHlI
1079 180 1318 214 PRESBYTERI

1847 177 1915 211 1100

268 243 301 269 tis
313 240 341 268 in
359 237 521 267 umbraculis
535 236 628 264 uestris
639 241 737 272 septem
750 236 849 264 diebus.
866 237 902 265 Ut
918 242 975 266 toto
994 245 1066 274 prat—
1079 240 1104 269 Α
1119 239 1210 266 omnis
1238 239 1283 274 qui
1312 246 1345 266 ex
1370 246 1471 275 genere
1501 238 1586 266 Israel
1611 242 1664 271 est,
1688 237 1747 265 sive
1764 237 1914 265 secundum

273 286 348 315 senti
364 285 473 317 saeculo,
488 283 720 320 quemadmodum
747 284 926 312 tabernaculo
941 289 1062 317 utamur,

269 333 309 361 sic
323 332 396 359 enim
411 338 474 358 eum
491 330 623 358 Ezechias
644 329 804 365 appellavit,
823 330 939 358 dicens:
962 330 1064 364 Quievit

268 377 404 413 generatio
422 385 491 407 mea.
517 375 611 403 ablata
640 379 665 402 et
692 374 831 401 convoluta
844 379 881 402 cst
893 384 909 402 a
925 384 975 408 me,
987 376 1065 411 quasi

269 424 470 452 tabernaculum
484 422 662 458 pastorum".
688 421 750 448 Non
767 429 832 457 ergo
856 422 1001 449 transitum
1021 422 1064 449 vel

268 472 415 499 decursum
442 469 502 504 ejus
518 469 691 504 ignoramus,
720 467 831 495 divitias
854 471 1063 503 congregantes,

268 519 312 546 vel
336 517 432 546 domos
458 523 570 552 magnas
600 515 790 542 aediﬁcantes:
821 514 869 542 sed
887 514 1066 549 quemadmo-

268 566 333 594 dum
357 564 460 592 Paulus
484 563 544 590 ait:
565 562 748 594 lntendamus,
773 561 837 597 quia
861 565 964 596 tempus
990 561 1066 589 breve

268 616 315 644 est.
345 615 373 638 ut
399 613 512 638 ementes
532 609 600 636 sicut
616 617 669 636 non
693 613 807 635 eruentes
829 608 922 639 simus,
943 611 967 634 et
982 608 1066 642 possi-

269 659 369 690 dentes,
388 661 516 692 tanquam
536 663 589 683 non
608 655 780 690 possidentes,
796 659 820 681 et
837 658 939 681 utentes
968 654 1066 682 mundo

269 705 327 737 hoc,
350 708 379 731 ut
394 711 447 730 non
471 707 582 730 utentes.
602 701 726 729 Prwterit
751 702 821 728 enim
854 701 941 736 ﬁgura
974 701 1067 728 mundi

270 751 379 785 huius‘.

304 797 395 825 Omnis
407 797 452 833 qui
471 804 503 823 ea:
521 803 614 832 genere
630 798 669 822 est
682 793 781 828 Israel,
800 794 916 821 manebit
933 795 961 821 in
977 794 1066 821 taber-

269 843 382 874 naculis,
398 846 425 869 ut
439 842 541 868 discant
557 839 654 875 posteri
672 839 762 872 uestri,
778 840 850 874 quod
860 839 888 865 in
907 838 1068 866 tabernacu-

271 888 303 915 lis
315 888 435 915 habitare
448 886 554 922 fecerim
579 885 649 919 ﬁlios
663 884 758 917 Israel,
784 892 843 911 cum
864 885 1002 912 eduxerim
1023 892 1066 911 eos

269 935 302 961 de
325 937 395 960 terra
413 932 534 968 lEgypti.
560 931 615 967 Ego
636 931 765 958 Dominus
787 930 858 958 Deus
873 935 966 958 vester.
983 930 1067 959 Vides

269 980 332 1015 quia
349 979 441 1015 ﬁgura:
454 979 496 1006 lue
511 978 612 1014 populo
626 977 795 1010 Iudaeorum,
812 981 840 1005 et
853 977 988 1013 imagines
1004 985 1065 1005 ma-

268 1025 360 1060 jorum
387 1024 580 1060 mysteriorum
594 1023 664 1051 datte
679 1027 762 1050 sunt:
779 1027 807 1050 et
821 1027 966 1058 propterea
985 1023 1067 1051 habi—

272 1074 330 1098 tare
347 1070 375 1098 in
392 1069 589 1102 tabernaculis,
618 1074 646 1096 et
667 1069 908 1097 tabernaculorum
931 1069 1067 1097 festivita-

272 1123 326 1145 tem
341 1117 480 1145 celebrarc
504 1117 572 1151 jussi
595 1120 671 1146 sunt.
701 1120 732 1143 ut
758 1123 813 1143 non
841 1115 1069 1143 obliviscerentur

271 1164 442 1193 liberationis
468 1163 619 1199 [Egyptimz
645 1163 692 1190 sed
713 1163 767 1190 hoc
785 1163 896 1197 quidem
914 1162 1068 1190 secundum

271 1211 401 1240 litteram,
427 1209 588 1244 spiritaliter
601 1213 693 1235 autem
710 1212 740 1235 ιιι
758 1208 968 1235 reminiscamur
981 1229 988 1240 ,
1004 1207 1068 1243 quia

271 1255 306 1284 de
333 1254 496 1290 iutelligibili
519 1253 635 1289 Aﬂgypto
660 1253 769 1280 liberati
800 1261 904 1286 sumus,
931 1254 957 1281 id
975 1258 1017 1281 cst
1036 1254 1071 1281 ab

272 1300 451 1336 intelligihilis
459 1300 611 1328 Pharaonis
627 1299 769 1332 servitute,
787 1307 848 1335 quae
860 1304 903 1327 est
918 1300 1069 1327 secundttm

272 1347 478 1381 carruptioncm
511 1346 629 1372 laterum
657 1346 800 1381 praesentis
828 1345 931 1378 saeculi,
965 1353 1018 1380 qua
1044 1346 1068 1373 si

271 1393 334 1428 quis
367 1392 446 1428 plene
469 1399 562 1419 carere
588 1392 656 1424 vult,
673 1392 702 1419 in
728 1391 914 1419 tabernaculis
941 1391 1067 1425 habitet,

273 1438 358 1466 Deum
377 1445 456 1466 suum
480 1437 590 1465 imitans
609 1437 767 1465 dicentem:
788 1437 882 1472 Vulpes
897 1438 986 1473 foveas
1019 1438 1070 1464 ha—

273 1485 342 1519 bent,
368 1490 392 1512 et
407 1484 525 1512 uolucres
547 1485 604 1512 rceli
620 1485 733 1512 nidum:
750 1484 838 1512 l'ilius
859 1489 948 1512 autem
959 1485 1071 1512 hominis

274 1539 325 1558 non
341 1531 418 1559 habet
434 1531 477 1559 ubi
494 1535 574 1566 caput
586 1540 664 1558 suum
682 1531 790 1559 reclinet
800 1531 822 1559 ³.
840 1530 963 1558 Manebit
977 1534 1070 1558 autem

1118 284 1200 312 LXX.
1226 285 1362 320 indigena.
1379 285 1405 312 id
1423 289 1465 312 est
1482 292 1546 312 vere
1570 283 1681 315 nobilis,
1700 290 1783 311 verus
1796 281 1915 310 Israelita

1117 330 1236 359 Abrahae
1263 331 1362 364 haeres,
1387 332 1434 367 qui
1461 331 1577 366 patriam
1603 335 1630 359 et
1649 337 1746 366 genus,
1767 333 1795 356 et
1815 330 1915 357 domus

1119 381 1250 412 paternas
1278 377 1398 412 reliquit,
1427 382 1455 404 et
1480 377 1508 404 in
1526 376 1709 404 tabernaculis
1723 383 1785 407 cum
1797 375 1874 402 Isaac
1887 380 1915 402 et

1119 425 1215 459 Jacob,
1254 425 1447 453 cohaere-dibus
1481 424 1673 460 promissionis
1703 423 1821 451 habitat.
1850 423 1919 457 Quia

1118 477 1211 499 autem
1237 480 1294 500 non
1312 477 1419 507 septem
1442 476 1548 499 tantum
1572 471 1670 498 diebus
1694 470 1819 497 habitare
1833 469 1862 496 in
1876 474 1918 497 ta-

1118 518 1278 546 bernaculis
1304 526 1401 546 verum
1429 518 1582 545 lsraelitam
1611 516 1752 552 legislator
1770 515 1840 548 vult,
1869 515 1916 543 sed

1118 573 1167 600 per
1191 565 1266 592 hunc
1289 572 1436 592 ntuucrum
1461 571 1573 592 omnem
1590 563 1675 591 vitam
1703 561 1851 597 signiﬁcat,
1869 561 1919 589 lilii

1118 611 1172 638 hoc
1185 610 1320 643 Jonadab,
1338 611 1384 638 lilii
1401 610 1526 642 Rechab,
1538 614 1566 637 et
1583 617 1615 637 ea
1630 616 1692 645 quae
1709 608 1743 636 de
1757 609 1797 636 eis
1813 609 1918 644 scripta

1118 662 1183 686 sunt
1212 665 1261 693 per
1290 657 1417 685 Ieremia:
1445 656 1631 692 prophetiam,
1661 655 1773 684 docent.
1808 654 1921 683 Habent

1118 704 1266 732 enimsic:
1294 704 1328 731 Et
1354 703 1514 730 obedivimus
1537 703 1594 730 uoci
1614 702 1738 729 Ionadab
1751 701 1800 736 ﬁlii
1814 700 1922 729 Rechab

1119 751 1203 785 patris
1227 750 1321 781 nostri,
1342 750 1371 776 in
1397 750 1517 776 omnibus
1530 757 1589 784 qua:
1597 748 1720 784 praecepit
1734 748 1816 779 nobis,
1834 748 1874 774 ita
1892 751 1923 774 ut

1119 805 1172 824 non
1184 797 1330 824 biberemus
1355 796 1455 827 vinum,
1471 795 1572 823 cunctis
1596 795 1688 822 diebus
1713 794 1822 826 nostris,
1836 801 1883 820 nos
1899 797 1925 820 et

1119 842 1242 870 mulieres
1268 846 1374 874 nostrae,
1412 847 1435 868 et
1461 849 1513 868 non
1550 841 1744 875 wdiﬁcaremus
1768 835 1859 867 domos
1888 839 1927 866 ad

1119 888 1304 918 habitandum,
1317 892 1341 915 et
1364 888 1478 920 vincant,
1495 891 1520 914 et
1535 895 1641 922 agrum,
1662 891 1687 913 et
1702 891 1843 915 sementem
1871 893 1928 912 non

1120 935 1272 966 habuimus,
1297 935 1341 961 sed
1364 934 1542 961 habitavimus
1561 934 1589 960 in
1613 932 1803 965 tabernaculis,
1819 936 1842 958 et
1859 931 1924 960 obe-

1121 981 1223 1008 dientes
1234 980 1342 1015 fecimus
1357 980 1439 1015 juxta
1463 980 1552 1006 omnia
1570 987 1629 1014 qua:
1649 978 1774 1013 prrrcepit
1798 976 1927 1004 .lonadab

1121 1032 1198 1063 pater
1219 1026 1334 1054 noster'.
1354 1026 1569 1061 Sic‘supernam
1591 1025 1724 1059 quietem,
1748 1027 1776 1051 et
1797 1031 1854 1050 non
1885 1022 1930 1051 di-

1121 1073 1263 1109 spertitam
1293 1073 1388 1105 vitam,
1415 1077 1443 1100 et
1470 1071 1530 1099 sine
1556 1072 1646 1106 aliqua
1677 1070 1823 1098 vexatione
1855 1070 1927 1104 justi

1123 1119 1301 1151 studuerunt,
1334 1117 1380 1153 qui
1409 1120 1561 1152 potuerunt
1589 1115 1744 1150 intelligere
1771 1114 1928 1149 spiritalem

1123 1164 1243 1192 fructum
1259 1167 1388 1199 tanquam
1412 1163 1521 1191 botrum
1538 1163 1609 1189 inter
1624 1161 1688 1188 folia
1704 1160 1829 1188 cxlatum
1847 1159 1929 1187 litte-

1126 1218 1175 1238 rze.
1191 1210 1248 1238 llas
1264 1210 1328 1237 ﬁliis
1344 1210 1427 1237 Israel
1447 1209 1613 1237 festivitates
1628 1208 1734 1243 Moyses
1749 1207 1857 1234 locutu
1872 1211 1928 1240 est,

1124 1256 1153 1283 in
1180 1256 1281 1291 quibus
1311 1263 1361 1283 nos
1388 1255 1525 1286 laetemur,
1544 1254 1614 1281 festa
1627 1254 1801 1282 celebrantes
1820 1253 1847 1279 in
1865 1252 1930 1288 lege

1122 1301 1182 1334 Dei,
1198 1306 1226 1329 et
1239 1298 1306 1337 'quie
1323 1302 1359 1329 ab
1374 1309 1408 1328 eo
1424 1301 1550 1329 ordinata
1568 1304 1643 1332 sunt,
1663 1299 1817 1327 secundum
1831 1299 1929 1326 inten-

1122 1349 1225 1376 tionem
1243 1348 1303 1384 ejus
1315 1353 1436 1383 agentes,
1455 1352 1482 1375 et
1496 1355 1546 1383 pro
1561 1347 1675 1374 materia
1693 1353 1754 1381 quae
1770 1349 1852 1372 vexat
1869 1345 1924 1372 ho-

1122 1395 1238 1427 minem.
1253 1399 1360 1430 partem
1374 1394 1476 1421 bonam
1493 1394 1636 1429 eligamus,
1650 1393 1813 1420 charitatem
1828 1391 1929 1423 Patris,

1126 1442 1240 1477 gratiam
1256 1441 1331 1474 Filii,
1347 1440 1505 1468 societatem
1520 1440 1608 1467 sancti
1622 1439 1751 1475 Spiritus.
1764 1438 1820 1474 Ipsi
1840 1438 1930 1474 gloria

1126 1487 1154 1514 in
1170 1487 1271 1515 szeeula
1286 1487 1461 1514 saeculorum.
1475 1486 1575 1513 Amen.

823 1671 1003 1750 LIBER
1055 1671 1370 1751 SEPTIMUS.

561 1890 677 1920 CAPUT
693 1890 789 1919 XXIV.

313 1939 394 1967 \‘ns.
413 1938 470 1966 1-4.
490 1947 499 1964 ι
513 1937 548 1965 Et
561 1938 671 1966 loeutus
688 1940 732 1965 est
745 1935 879 1964 Dominus
897 1936 930 1964 ad
951 1936 1073 1972 Moysen,

275 1986 384 2014 dicens:
397 1985 517 2020 Praecipe
541 1984 606 2012 liliis
634 1984 728 2024 Israel,
745 1977 905 2011 utoll'erant
921 1982 970 2010 tibi
984 1982 1075 2010 oleum

275 2035 309 2062 de
323 2033 403 2062 olivis
417 2033 597 2069 purissimum
614 2039 645 2059 ac
666 2031 801 2062 lucidum,
819 2030 852 2057 ad
864 2028 1073 2057 concinuandas

275 2082 402 2109 lucernas
431 2079 535 2115 iugiter
553 2081 630 2106 extra
648 2077 738 2105 velum
757 2075 919 2108 testimonii,
936 2075 962 2102 in
983 2075 1074 2102 taber-

275 2127 405 2154 naculum
436 2124 558 2152 fmderis.
587 2123 728 2158 Ponetque
760 2129 806 2149 eas
834 2122 925 2148 Aaron
957 2128 1074 2154 vespere

276 2179 364 2206 usque
379 2171 405 2198 ir.
425 2179 505 2198 mane
526 2177 617 2198 coram
639 2168 754 2197 Do‘mino
774 2168 860 2200 cultu,
876 2168 986 2201 rituque
1009 2174 1072 2201 per-

276 2221 362 2251 petuo
381 2214 409 2242 in
431 2214 654 2249 generationibus
671 2213 781 2242 vestris.
800 2213 889 2248 Super
908 2212 1073 2239 candelabro

275 2261 460 2289 mundissimo
487 2266 627 2296 portentur
653 2267 763 2295 semper
792 2259 818 2286 in
847 2253 996 2293 conspectu
1020 2257 1073 2285 Do-

275 2308 380 2336 minim

311 2352 392 2382 Plena
419 2356 448 2380 et
471 2359 547 2379 nunc
565 2350 647 2379 bonis
665 2350 836 2382 multivaria,
860 2355 888 2377 et
913 2350 1073 2378 multimoda

273 2402 316 2429 lex
340 2400 464 2436 spiritus,
481 2406 533 2426 nec
556 2398 630 2425 enim
657 2397 802 2432 exquirere
824 2404 855 2424 ea
879 2405 939 2432 qua:
960 2392 1025 2424 sunt
1040 2397 1073 2424 ad

273 2446 474 2474 correctionem
501 2443 670 2480 placentium
695 2444 751 2470 Deo
776 2447 804 2470 et
827 2451 887 2478 quae
910 2449 1071 2478 perpetuam

259 2492 358 2533 ‘vitam
382 2491 463 2519 nobis
489 2490 668 2526 conquirant.
689 2493 789 2517 cessat.
813 2489 898 2524 Cujus
921 2497 985 2525 ergo
1006 2489 1072 2524 ligu-

274 2545 333 2565 ram
355 2538 417 2570 hoc,
435 2537 507 2572 quod
524 2544 599 2563 nunc
615 2536 770 2572 expositum
789 2540 831 2563 est
848 2544 861 2562 a
879 2535 947 2571 lege,
967 2536 1070 2563 cande-

274 2584 393 2616 labrum,
413 2590 441 2611 et.
462 2583 602 2615 lucernae,
628 2587 656 2610 ct
680 2583 771 2610 oleum
797 2570 915 2618 gerant,
929 2590 961 2609 ex
982 2582 1072 2609 verbis
1090 2570 1111 2598 θ

273 2629 340 2665 ipsis
353 2629 448 2664 legens
461 2628 568 2655 discere
584 2633 684 2663 potest,
701 2628 768 2655 illud
780 2627 867 2661 Pauli,
884 2629 957 2663 quod
969 2628 1002 2663 ad
1020 2627 1078 2655 ll‘c‘l’

270 2677 363 2704 bmos
377 2675 500 2710 scripsit,
514 2675 549 2702 ad
563 2675 725 2702 memoriam
740 2675 817 2710 prius
838 2682 971 2702 revocans
989 2684 995 2702 τ
1014 2677 1071 2702 Πα-

275 2723 328 2750 bvit
347 2722 453 2758 quidem
473 2726 498 2748 et
518 2722 592 2756 prius
607 2721 812 2756 justi/italicae:
828 2722 950 2754 culturae,
969 2726 993 2748 et
1009 2730 1072 2748 san-

274 2773 343 2797 ctum
359 2768 499 2796 lwculare.
519 2767 730 2794 Tabernacnlum
750 2767 819 2794 enim
841 2768 941 2803 factum
960 2772 997 2794 est
1014 2767 1071 2801 pri-

304 2871 326 2886 "
341 2869 395 2898 lsa.
407 2875 524 2901 xxxvut,
541 2869 584 2896 l2.
631 2868 639 2883 ³
663 2867 747 2896 lCor.
766 2876 814 2900 vn,
829 2868 924 2897 εει-δι.

274 2911 313 2945 ει,
330 2905 356 2940 l,
373 2906 400 2934 εὶ.
445 2906 455 2922 ⁸
468 2906 550 2934 Hebr.
576 2904 633 2938 ΚΑ.
683 2904 693 2919 ⁸
711 2904 775 2932 Luc.
793 2912 853 2938 vui,
871 2904 914 2932 16.

981 2871 992 2886 ¹
1013 2869 1106 2897 Matth.
1123 2878 1182 2901 vin.
1195 2872 1246 2903 ‘21;
1266 2871 1330 2898 Luc.
1349 2880 1386 2905 Ix,
1405 2871 1449 2899 58.
1489 2874 1500 2890 ³
1517 2871 1574 2899 Jer.
1597 2880 1677 2902 xxxv.
1693 2872 1773 2901 6-H).

955 2906 964 2921 ⁷
976 2904 1073 2933 Matth.
1088 2914 1148 2939 xxv,
1163 2907 1173 2932 1
1187 2915 1264 2942 seqq.

1089 1894 1110 1924 C
1127 1900 1213 1924 mum,
1229 1892 1257 1918 in
1274 1899 1325 1933 quo
1344 1897 1420 1919 erant
1438 1891 1611 1924 candelabra,
1628 1896 1652 1918 et
1670 1899 1771 1923 mensa,
1786 1896 1811 1918 et
1830 1899 1928 1926 propo-

1127 1938 1190 1966 sitio
1203 1939 1304 1982 panum
1315 1938 1336 1966 ⁸.
1354 1937 1458 1966 Deinde
1471 1937 1609 1974 quomodo
1624 1937 1684 1966 haec
1696 1945 1757 1973 quae
1772 1937 1835 1965 talia
1849 1942 1926 1970 sunt,

1127 1983 1316 2020 intelligentur
1341 1991 1484 2019 exponens
1512 1984 1572 2019 ipse
1595 1991 1692 2011 rursus
1713 1983 1844 2015 Hebraeis,
1865 1991 1927 2010 nm-

1127 2028 1204 2068 bram
1222 2029 1318 2057 [rabere
1334 2029 1415 2065 legem
1431 2029 1441 2045 '
1460 2028 1539 2057 dixit.
1557 2028 1628 2065 Ergo
1644 2036 1693 2065 per
1709 2028 1845 2061 umbram.
1863 2036 1929 2056 cor-

1114 2076 1180 2111 ‘pu's
1199 2076 1377 2111 exquiramus
1392 2084 1399 2102 ς
1419 2075 1622 2103 Candelabrum
1645 2083 1711 2111 ergo
1729 2075 1848 2103 dicimus
1864 2081 1929 2103 esse

1127 2121 1314 2157 evangelicam
1338 2121 1589 2154 conversationem,
1608 2121 1636 2148 in
1655 2129 1708 2156 qua
1731 2120 1861 2148 Christus
1883 2121 1928 2149 Iu-

1127 2174 1219 2194 cerua:
1236 2167 1318 2194 modo
1337 2167 1521 2202 cxsplendcre
1541 2167 1658 2194 virtutes
1676 2167 1799 2202 prmeipit
1816 2176 1822 2193 :
1840 2166 1928 2194 Nemo

1128 2214 1208 2247 enim,
1221 2213 1321 2249 inquit,
1333 2214 1477 2241 accendens
1490 2213 1636 2245 lucernam,
1647 2219 1723 2249 ponet
1738 2222 1795 2240 eam
1807 2213 1856 2240 sub
1871 2222 1929 2241 mo-

1127 2261 1181 2291 dio.
1199 2261 1244 2287 sed
1266 2269 1345 2295 super
1368 2260 1567 2292 candelabrum,
1585 2264 1613 2287 ut
1635 2260 1721 2287 luceat
1742 2260 1863 2287 omnibus
1883 2261 1929 2295 qui

1125 2307 1153 2333 in
1170 2307 1248 2334 domo
1261 2311 1322 2333 sunt
1339 2306 1359 2333 ⁵.
1377 2306 1425 2333 llis
1438 2305 1558 2333 lucernis
1573 2306 1665 2333 oleum
1683 2306 1858 2341 elcemosyna
1874 2311 1928 2338 est,

1126 2353 1190 2388 quia
1207 2358 1233 2380 et
1247 2352 1396 2388 jejunium,
1415 2357 1442 2380 et
1461 2352 1613 2387 virginitas,
1629 2357 1657 2379 et
1675 2353 1776 2384 oratio.
1796 2358 1825 2379 et
1844 2353 1930 2387 justi-

1126 2400 1172 2430 tia,
1191 2404 1218 2426 et
1240 2398 1331 2426 omnis
1354 2398 1427 2427 actio
1451 2399 1523 2426 bona
1545 2407 1594 2433 per
1615 2398 1833 2426 misericordiam
1856 2398 1930 2425 dtlc-

1125 2444 1226 2471 ctionis
1242 2452 1394 2479 pauperum
1433 2443 1574 2479 irrigatur,
1596 2449 1623 2471 et
1654 2444 1848 2471 custodiuntur
1883 2445 1928 2472 in-

1125 2490 1344 2526 cxstinguibiles.
1360 2490 1438 2523 Quod
1452 2491 1631 2518 manifestam
1643 2491 1782 2526 lampades
1801 2491 1928 2527 quinque

1125 2537 1264 2564 fatuarum
1292 2537 1428 2571 virginum
1443 2538 1476 2563 τε
1496 2545 1567 2572 qum,
1587 2539 1650 2572 quia
1676 2537 1832 2565 dilectionis
1856 2546 1928 2573 pau-

1126 2591 1223 2618 perum
1243 2583 1333 2610 minus
1350 2582 1508 2610 habuerunt
1528 2583 1632 2614 oleum,
1649 2590 1665 2610 a
1684 2591 1788 2618 sponso
1806 2584 1928 2612 exclusae

1127 2635 1200 2667 sunt.
1216 2629 1270 2657 Sed
1282 2635 1391 2665 oportet
1403 2629 1496 2657 oleum
1510 2637 1571 2658 esse
1585 2630 1720 2658 olivarum
1732 2630 1925 2665 purissimum.

1125 2681 1157 2703 ut
1171 2683 1227 2703 non
1245 2684 1278 2703 ex
1297 2676 1444 2711 injustitia,
1461 2684 1551 2711 nequc
1565 2683 1599 2703 ex
1616 2676 1766 2711 rapacitate
1783 2676 1926 2704 dilectioni

1125 2730 1278 2758 pauperum
1299 2723 1463 2756 serviamus,
1481 2731 1572 2758 neque
1588 2724 1620 2751 ad
1641 2724 1926 2755 ostentationem.,De

1126 2768 1205 2796 olivis
1219 2773 1312 2796 autent
1327 2774 1380 2803 est,
1394 2770 1417 2797 si
1438 2777 1471 2797 ex
1488 2769 1569 2796 bonis
1584 2769 1735 2803 laboribus,
1752 2775 1780 2797 ct
1795 2777 1828 2797 ex
1841 2769 1926 2805 justi-

1814 2874 1823 2889 ⁸
1838 2873 1923 2902 Hebr.
