  <div class='ocr_page' id='page_1' title='image "/cluster/home/n/w/nwhite01/storage/ocr_20150623/93/njp.32101077772836/621.png"; bbox 0 0 2056 3148; ppageno 0'>
   <div class='ocr_carea' id='block_1_1' title="bbox 250 167 318 200">
    <p class='ocr_par' dir='ltr' id='par_1_1' title="bbox 250 167 318 200">
     <span class='ocr_line' id='line_1_1' title="bbox 250 167 318 200; baseline 0.015 -1"><span class='ocrx_word' id='word_1_1' title='bbox 250 167 318 200; x_wconf 73' lang='grc'><strong>1103</strong></span> 
     </span>
    </p>
   </div>
   <div class='ocr_carea' id='block_1_2' title="bbox 844 167 1284 198">
    <p class='ocr_par' dir='ltr' id='par_1_2' title="bbox 844 167 1284 198">
     <span class='ocr_line' id='line_1_2' title="bbox 844 167 1284 198; baseline -0.005 0"><span class='ocrx_word' id='word_1_2' title='bbox 844 168 1024 198; x_wconf 80' lang='lat' dir='ltr'><strong>HESYCHII</strong></span> <span class='ocrx_word' id='word_1_3' title='bbox 1047 167 1284 198; x_wconf 67' lang='lat' dir='ltr'><strong>PRESBYTER!</strong></span> 
     </span>
    </p>
   </div>
   <div class='ocr_carea' id='block_1_3' title="bbox 1812 160 1880 192">
    <p class='ocr_par' dir='ltr' id='par_1_3' title="bbox 1812 160 1880 192">
     <span class='ocr_line' id='line_1_3' title="bbox 1812 160 1880 192; baseline -0.015 0"><span class='ocrx_word' id='word_1_4' title='bbox 1812 160 1880 192; x_wconf 65' lang='lat' dir='ltr'><strong>110i</strong></span> 
     </span>
    </p>
   </div>
   <div class='ocr_carea' id='block_1_4' title="bbox 248 223 1880 261">
    <p class='ocr_par' dir='ltr' id='par_1_4' title="bbox 248 223 1880 261">
     <span class='ocr_line' id='line_1_4' title="bbox 248 223 1880 261; baseline -0.006 -8"><span class='ocrx_word' id='word_1_5' title='bbox 248 230 313 253; x_wconf 76' lang='lat' dir='ltr'><strong>sunt</strong></span> <span class='ocrx_word' id='word_1_6' title='bbox 324 225 444 260; x_wconf 86' lang='lat' dir='ltr'><strong>ejusdem</strong></span> <span class='ocrx_word' id='word_1_7' title='bbox 460 226 487 252; x_wconf 94' lang='lat' dir='ltr'><strong>in</strong></span> <span class='ocrx_word' id='word_1_8' title='bbox 501 230 616 259; x_wconf 87' lang='lat' dir='ltr'><strong>utroque</strong></span> <span class='ocrx_word' id='word_1_9' title='bbox 636 224 760 259; x_wconf 84' lang='lat' dir='ltr'><strong>perfecti,</strong></span> <span class='ocrx_word' id='word_1_10' title='bbox 776 229 916 261; x_wconf 85' lang='lat' dir='ltr'><strong>ponuntur</strong></span> <span class='ocrx_word' id='word_1_11' title='bbox 930 226 989 253; x_wconf 88' lang='lat' dir='ltr'><strong>seni</strong></span> <span class='ocrx_word' id='word_1_12' title='bbox 1004 226 1040 252; x_wconf 84' lang='lat' dir='ltr'><strong>al-</strong></span> <span class='ocrx_word' id='word_1_13' title='bbox 1055 231 1079 258; x_wconf 71' lang='grc' dir='ltr'><strong>Α</strong></span> <span class='ocrx_word' id='word_1_14' title='bbox 1091 233 1168 252; x_wconf 90' lang='lat' dir='ltr'><strong>suam</strong></span> <span class='ocrx_word' id='word_1_15' title='bbox 1181 232 1242 252; x_wconf 87' lang='lat' dir='ltr'><strong>esse</strong></span> <span class='ocrx_word' id='word_1_16' title='bbox 1256 230 1388 255; x_wconf 85' lang='lat' dir='ltr'><strong>mensam,</strong></span> <span class='ocrx_word' id='word_1_17' title='bbox 1401 227 1429 250; x_wconf 88' lang='lat' dir='ltr'><strong>et</strong></span> <span class='ocrx_word' id='word_1_18' title='bbox 1450 224 1640 248; x_wconf 69' lang='lat' dir='ltr'><strong>testamentum</strong></span> <span class='ocrx_word' id='word_1_19' title='bbox 1654 226 1732 246; x_wconf 88' lang='lat' dir='ltr'><strong>suum</strong></span> <span class='ocrx_word' id='word_1_20' title='bbox 1747 223 1880 246; x_wconf 66' lang='lat' dir='ltr'><strong>internum</strong></span> 
     </span>
    </p>
   </div>
   <div class='ocr_carea' id='block_1_5' title="bbox 247 269 1038 305">
    <p class='ocr_par' dir='ltr' id='par_1_5' title="bbox 247 269 1038 305">
     <span class='ocr_line' id='line_1_5' title="bbox 247 269 1038 305; baseline 0 -8"><span class='ocrx_word' id='word_1_21' title='bbox 247 271 391 298; x_wconf 85' lang='lat' dir='ltr'><strong>trinsecus.</strong></span> <span class='ocrx_word' id='word_1_22' title='bbox 408 269 517 305; x_wconf 80' lang='lat' dir='ltr'><strong>Mystica</strong></span> <span class='ocrx_word' id='word_1_23' title='bbox 531 276 623 296; x_wconf 86' lang='lat' dir='ltr'><strong>mensa</strong></span> <span class='ocrx_word' id='word_1_24' title='bbox 639 269 749 303; x_wconf 73' lang='lat' dir='ltr'><strong>partitur</strong></span> <span class='ocrx_word' id='word_1_25' title='bbox 762 270 870 304; x_wconf 78' lang='lat' dir='ltr'><strong>quidem</strong></span> <span class='ocrx_word' id='word_1_26' title='bbox 885 270 940 301; x_wconf 90' lang='lat' dir='ltr'><strong>hic,</strong></span> <span class='ocrx_word' id='word_1_27' title='bbox 957 270 1038 305; x_wconf 87' lang='lat' dir='ltr'><strong>poni-</strong></span> 
     </span>
    </p>
   </div>
   <div class='ocr_carea' id='block_1_6' title="bbox 249 313 1039 350">
    <p class='ocr_par' dir='ltr' id='par_1_6' title="bbox 249 313 1039 350">
     <span class='ocr_line' id='line_1_6' title="bbox 249 313 1039 350; baseline 0 -8"><span class='ocrx_word' id='word_1_28' title='bbox 249 321 292 342; x_wconf 88' lang='lat' dir='ltr'><strong>tnr</strong></span> <span class='ocrx_word' id='word_1_29' title='bbox 300 316 380 342; x_wconf 90' lang='lat' dir='ltr'><strong>etiam</strong></span> <span class='ocrx_word' id='word_1_30' title='bbox 396 315 421 341; x_wconf 94' lang='lat' dir='ltr'><strong>in</strong></span> <span class='ocrx_word' id='word_1_31' title='bbox 439 314 529 340; x_wconf 84' lang='lat' dir='ltr'><strong>futuro</strong></span> <span class='ocrx_word' id='word_1_32' title='bbox 545 314 653 341; x_wconf 80' lang='lat' dir='ltr'><strong>saeculo.</strong></span> <span class='ocrx_word' id='word_1_33' title='bbox 669 313 720 341; x_wconf 83' lang='lat' dir='ltr'><strong>Sex</strong></span> <span class='ocrx_word' id='word_1_34' title='bbox 735 319 824 342; x_wconf 88' lang='lat' dir='ltr'><strong>autem</strong></span> <span class='ocrx_word' id='word_1_35' title='bbox 835 323 929 350; x_wconf 84' lang='lat' dir='ltr'><strong>panes,</strong></span> <span class='ocrx_word' id='word_1_36' title='bbox 940 315 1039 350; x_wconf 83' lang='lat' dir='ltr'><strong>positio</strong></span> 
     </span>
    </p>
   </div>
   <div class='ocr_carea' id='block_1_7' title="bbox 248 358 1038 395">
    <p class='ocr_par' dir='ltr' id='par_1_7' title="bbox 248 358 1038 395">
     <span class='ocr_line' id='line_1_7' title="bbox 248 358 1038 395; baseline -0.001 -8"><span class='ocrx_word' id='word_1_37' title='bbox 248 368 309 393; x_wconf 83' lang='lat' dir='ltr'><strong>una,</strong></span> <span class='ocrx_word' id='word_1_38' title='bbox 331 359 394 394; x_wconf 85' lang='lat' dir='ltr'><strong>quia</strong></span> <span class='ocrx_word' id='word_1_39' title='bbox 415 358 555 394; x_wconf 82' lang='lat' dir='ltr'><strong>perfectus</strong></span> <span class='ocrx_word' id='word_1_40' title='bbox 576 367 716 392; x_wconf 88' lang='lat' dir='ltr'><strong>numerus,</strong></span> <span class='ocrx_word' id='word_1_41' title='bbox 745 360 816 386; x_wconf 85' lang='lat' dir='ltr'><strong>sicut</strong></span> <span class='ocrx_word' id='word_1_42' title='bbox 829 364 856 387; x_wconf 77' lang='lat' dir='ltr'><strong>et</strong></span> <span class='ocrx_word' id='word_1_43' title='bbox 879 361 1038 395; x_wconf 73' lang='lat' dir='ltr'><strong>mysterium</strong></span> 
     </span>
    </p>
   </div>
   <div class='ocr_carea' id='block_1_8' title="bbox 247 404 1039 440">
    <p class='ocr_par' dir='ltr' id='par_1_8' title="bbox 247 404 1039 440">
     <span class='ocr_line' id='line_1_8' title="bbox 247 404 1039 440; baseline 0.001 -9"><span class='ocrx_word' id='word_1_44' title='bbox 247 404 335 439; x_wconf 90' lang='lat' dir='ltr'><strong>ipsum</strong></span> <span class='ocrx_word' id='word_1_45' title='bbox 356 404 516 439; x_wconf 82' lang='lat' dir='ltr'><strong>perlectum,</strong></span> <span class='ocrx_word' id='word_1_46' title='bbox 537 409 564 430; x_wconf 88' lang='lat' dir='ltr'><strong>et</strong></span> <span class='ocrx_word' id='word_1_47' title='bbox 588 405 723 440; x_wconf 81' lang='lat' dir='ltr'><strong>perfectos</strong></span> <span class='ocrx_word' id='word_1_48' title='bbox 748 405 811 432; x_wconf 80' lang='lat' dir='ltr'><strong>facit</strong></span> <span class='ocrx_word' id='word_1_49' title='bbox 838 413 894 437; x_wconf 70' lang='lat' dir='ltr'><strong>eos,</strong></span> <span class='ocrx_word' id='word_1_50' title='bbox 916 406 962 440; x_wconf 86' lang='lat' dir='ltr'><strong>qui</strong></span> <span class='ocrx_word' id='word_1_51' title='bbox 988 406 1039 432; x_wconf 87' lang='lat' dir='ltr'><strong>hoc</strong></span> 
     </span>
    </p>
   </div>
   <div class='ocr_carea' id='block_1_9' title="bbox 247 450 1038 479">
    <p class='ocr_par' dir='ltr' id='par_1_9' title="bbox 247 450 1038 479">
     <span class='ocr_line' id='line_1_9' title="bbox 247 450 1038 479; baseline 0 -1"><span class='ocrx_word' id='word_1_52' title='bbox 247 450 384 478; x_wconf 85' lang='lat' dir='ltr'><strong>fruuntur.</strong></span> <span class='ocrx_word' id='word_1_53' title='bbox 405 450 435 477; x_wconf 91' lang='lat' dir='ltr'><strong>ln</strong></span> <span class='ocrx_word' id='word_1_54' title='bbox 450 457 495 476; x_wconf 80' lang='lat' dir='ltr'><strong>sex</strong></span> <span class='ocrx_word' id='word_1_55' title='bbox 511 456 600 477; x_wconf 87' lang='lat' dir='ltr'><strong>autem</strong></span> <span class='ocrx_word' id='word_1_56' title='bbox 625 451 722 478; x_wconf 83' lang='lat' dir='ltr'><strong>diebus</strong></span> <span class='ocrx_word' id='word_1_57' title='bbox 746 452 803 478; x_wconf 74' lang='lat' dir='ltr'><strong>lure</strong></span> <span class='ocrx_word' id='word_1_58' title='bbox 825 451 941 479; x_wconf 75' lang='lat' dir='ltr'><strong>visibilis</strong></span> <span class='ocrx_word' id='word_1_59' title='bbox 969 451 1038 478; x_wconf 82' lang='lat' dir='ltr'><strong>facta</strong></span> 
     </span>
    </p>
   </div>
   <div class='ocr_carea' id='block_1_10' title="bbox 247 497 1038 532">
    <p class='ocr_par' dir='ltr' id='par_1_10' title="bbox 247 497 1038 532">
     <span class='ocr_line' id='line_1_10' title="bbox 247 497 1038 532; baseline 0.001 -9"><span class='ocrx_word' id='word_1_60' title='bbox 247 501 289 523; x_wconf 87' lang='lat' dir='ltr'><strong>est</strong></span> <span class='ocrx_word' id='word_1_61' title='bbox 307 500 442 528; x_wconf 89' lang='lat' dir='ltr'><strong>creatura,</strong></span> <span class='ocrx_word' id='word_1_62' title='bbox 466 501 594 531; x_wconf 78' lang='lat' dir='ltr'><strong>sextoque</strong></span> <span class='ocrx_word' id='word_1_63' title='bbox 617 497 660 524; x_wconf 89' lang='lat' dir='ltr'><strong>die</strong></span> <span class='ocrx_word' id='word_1_64' title='bbox 684 498 766 525; x_wconf 89' lang='lat' dir='ltr'><strong>homo</strong></span> <span class='ocrx_word' id='word_1_65' title='bbox 790 498 938 532; x_wconf 86' lang='lat' dir='ltr'><strong>productus</strong></span> <span class='ocrx_word' id='word_1_66' title='bbox 949 498 1038 530; x_wconf 75' lang='lat' dir='ltr'><strong>est”,</strong></span> 
     </span>
    </p>
   </div>
   <div class='ocr_carea' id='block_1_11' title="bbox 247 543 1038 579">
    <p class='ocr_par' dir='ltr' id='par_1_11' title="bbox 247 543 1038 579">
     <span class='ocr_line' id='line_1_11' title="bbox 247 543 1038 579; baseline 0.001 -10"><span class='ocrx_word' id='word_1_67' title='bbox 247 547 357 578; x_wconf 76' lang='lat' dir='ltr'><strong>propter</strong></span> <span class='ocrx_word' id='word_1_68' title='bbox 370 551 451 578; x_wconf 86' lang='lat' dir='ltr'><strong>quem</strong></span> <span class='ocrx_word' id='word_1_69' title='bbox 470 543 596 570; x_wconf 71' lang='lat' dir='ltr'><strong>Christus</strong></span> <span class='ocrx_word' id='word_1_70' title='bbox 618 544 760 579; x_wconf 86' lang='lat' dir='ltr'><strong>mysticam</strong></span> <span class='ocrx_word' id='word_1_71' title='bbox 781 545 943 579; x_wconf 47' lang='lat' dir='ltr'><strong>praeparavit</strong></span> <span class='ocrx_word' id='word_1_72' title='bbox 960 552 1038 571; x_wconf 90' lang='lat' dir='ltr'><strong>men-</strong></span> 
     </span>
    </p>
   </div>
   <div class='ocr_carea' id='block_1_12' title="bbox 247 588 1038 617">
    <p class='ocr_par' dir='ltr' id='par_1_12' title="bbox 247 588 1038 617">
     <span class='ocr_line' id='line_1_12' title="bbox 247 588 1038 617; baseline 0 -1"><span class='ocrx_word' id='word_1_73' title='bbox 247 596 315 616; x_wconf 87' lang='lat' dir='ltr'><strong>sam.</strong></span> <span class='ocrx_word' id='word_1_74' title='bbox 333 588 526 616; x_wconf 78' lang='lat' dir='ltr'><strong>Verumtamen</strong></span> <span class='ocrx_word' id='word_1_75' title='bbox 545 593 572 616; x_wconf 90' lang='lat' dir='ltr'><strong>et</strong></span> <span class='ocrx_word' id='word_1_76' title='bbox 585 597 680 617; x_wconf 87' lang='lat' dir='ltr'><strong>omnes</strong></span> <span class='ocrx_word' id='word_1_77' title='bbox 704 590 784 616; x_wconf 85' lang='lat' dir='ltr'><strong>simul</strong></span> <span class='ocrx_word' id='word_1_78' title='bbox 808 595 880 617; x_wconf 81' lang='lat' dir='ltr'><strong>recte</strong></span> <span class='ocrx_word' id='word_1_79' title='bbox 893 589 1038 617; x_wconf 80' lang='lat' dir='ltr'><strong>duodecim</strong></span> 
     </span>
    </p>
   </div>
   <div class='ocr_carea' id='block_1_13' title="bbox 247 635 1040 672">
    <p class='ocr_par' dir='ltr' id='par_1_13' title="bbox 247 635 1040 672">
     <span class='ocr_line' id='line_1_13' title="bbox 247 635 1040 672; baseline 0.003 -10"><span class='ocrx_word' id='word_1_80' title='bbox 247 643 331 670; x_wconf 85' lang='lat' dir='ltr'><strong>panes</strong></span> <span class='ocrx_word' id='word_1_81' title='bbox 343 642 417 667; x_wconf 88' lang='lat' dir='ltr'><strong>sunt,</strong></span> <span class='ocrx_word' id='word_1_82' title='bbox 428 643 490 670; x_wconf 80' lang='lat' dir='ltr'><strong>quia</strong></span> <span class='ocrx_word' id='word_1_83' title='bbox 504 635 583 671; x_wconf 85' lang='lat' dir='ltr'><strong>primi</strong></span> <span class='ocrx_word' id='word_1_84' title='bbox 598 636 765 663; x_wconf 89' lang='lat' dir='ltr'><strong>Dominicam</strong></span> <span class='ocrx_word' id='word_1_85' title='bbox 781 640 957 664; x_wconf 76' lang='lat' dir='ltr'><strong>cmnaverunt</strong></span> <span class='ocrx_word' id='word_1_86' title='bbox 972 643 1040 672; x_wconf 87' lang='lat' dir='ltr'><strong>apo-</strong></span> 
     </span>
    </p>
   </div>
   <div class='ocr_carea' id='block_1_14' title="bbox 247 681 1040 717">
    <p class='ocr_par' dir='ltr' id='par_1_14' title="bbox 247 681 1040 717">
     <span class='ocr_line' id='line_1_14' title="bbox 247 681 1040 717; baseline 0.003 -9"><span class='ocrx_word' id='word_1_87' title='bbox 247 681 321 713; x_wconf 86' lang='lat' dir='ltr'><strong>stoli,</strong></span> <span class='ocrx_word' id='word_1_88' title='bbox 337 681 383 716; x_wconf 88' lang='lat' dir='ltr'><strong>qui</strong></span> <span class='ocrx_word' id='word_1_89' title='bbox 406 684 483 708; x_wconf 86' lang='lat' dir='ltr'><strong>erant</strong></span> <span class='ocrx_word' id='word_1_90' title='bbox 501 681 644 708; x_wconf 81' lang='lat' dir='ltr'><strong>duodecim</strong></span> <span class='ocrx_word' id='word_1_91' title='bbox 659 690 783 709; x_wconf 87' lang='lat' dir='ltr'><strong>numero.</strong></span> <span class='ocrx_word' id='word_1_92' title='bbox 801 683 889 717; x_wconf 85' lang='lat' dir='ltr'><strong>Super</strong></span> <span class='ocrx_word' id='word_1_93' title='bbox 912 683 960 710; x_wconf 91' lang='lat' dir='ltr'><strong>hos</strong></span> <span class='ocrx_word' id='word_1_94' title='bbox 976 683 1040 710; x_wconf 81' lang='lat' dir='ltr'><strong>thus</strong></span> 
     </span>
    </p>
   </div>
   <div class='ocr_carea' id='block_1_15' title="bbox 249 727 1039 762">
    <p class='ocr_par' dir='ltr' id='par_1_15' title="bbox 249 727 1039 762">
     <span class='ocr_line' id='line_1_15' title="bbox 249 727 1039 762; baseline 0.003 -8"><span class='ocrx_word' id='word_1_95' title='bbox 249 727 445 755; x_wconf 87' lang='lat' dir='ltr'><strong>lucidissimum</strong></span> <span class='ocrx_word' id='word_1_96' title='bbox 462 728 580 762; x_wconf 89' lang='lat' dir='ltr'><strong>ponitur,</strong></span> <span class='ocrx_word' id='word_1_97' title='bbox 603 728 658 755; x_wconf 82' lang='lat' dir='ltr'><strong>sive</strong></span> <span class='ocrx_word' id='word_1_98' title='bbox 675 733 704 755; x_wconf 92' lang='lat' dir='ltr'><strong>ut</strong></span> <span class='ocrx_word' id='word_1_99' title='bbox 717 728 798 762; x_wconf 71' lang='lat' dir='ltr'><strong>LXX,</strong></span> <span class='ocrx_word' id='word_1_100' title='bbox 813 729 893 756; x_wconf 87' lang='lat' dir='ltr'><strong>etiam</strong></span> <span class='ocrx_word' id='word_1_101' title='bbox 911 729 959 756; x_wconf 87' lang='lat' dir='ltr'><strong>sal.</strong></span> <span class='ocrx_word' id='word_1_102' title='bbox 986 729 1039 756; x_wconf 89' lang='lat' dir='ltr'><strong>Sed</strong></span> 
     </span>
    </p>
   </div>
   <div class='ocr_carea' id='block_1_16' title="bbox 245 772 1039 808">
    <p class='ocr_par' dir='ltr' id='par_1_16' title="bbox 245 772 1039 808">
     <span class='ocr_line' id='line_1_16' title="bbox 245 772 1039 808; baseline 0.003 -10"><span class='ocrx_word' id='word_1_103' title='bbox 245 772 313 799; x_wconf 80' lang='lat' dir='ltr'><strong>thus</strong></span> <span class='ocrx_word' id='word_1_104' title='bbox 327 772 411 806; x_wconf 84' lang='lat' dir='ltr'><strong>prius,</strong></span> <span class='ocrx_word' id='word_1_105' title='bbox 432 772 579 808; x_wconf 75' lang='lat' dir='ltr'><strong>gratiarum</strong></span> <span class='ocrx_word' id='word_1_106' title='bbox 595 774 741 805; x_wconf 83' lang='lat' dir='ltr'><strong>actionem,</strong></span> <span class='ocrx_word' id='word_1_107' title='bbox 759 773 784 800; x_wconf 90' lang='lat' dir='ltr'><strong>id</strong></span> <span class='ocrx_word' id='word_1_108' title='bbox 798 777 839 800; x_wconf 87' lang='lat' dir='ltr'><strong>est</strong></span> <span class='ocrx_word' id='word_1_109' title='bbox 862 773 1039 806; x_wconf 82' lang='lat' dir='ltr'><strong>oblationem,</strong></span> 
     </span>
    </p>
   </div>
   <div class='ocr_carea' id='block_1_17' title="bbox 249 817 1041 856">
    <p class='ocr_par' dir='ltr' id='par_1_17' title="bbox 249 817 1041 856">
     <span class='ocr_line' id='line_1_17' title="bbox 249 817 1041 856; baseline 0.003 -12"><span class='ocrx_word' id='word_1_110' title='bbox 249 825 309 852; x_wconf 75' lang='lat' dir='ltr'><strong>qua:</strong></span> <span class='ocrx_word' id='word_1_111' title='bbox 322 817 504 853; x_wconf 77' lang='lat' dir='ltr'><strong>principatum</strong></span> <span class='ocrx_word' id='word_1_112' title='bbox 521 822 596 846; x_wconf 90' lang='lat' dir='ltr'><strong>tenet</strong></span> <span class='ocrx_word' id='word_1_113' title='bbox 610 819 637 846; x_wconf 93' lang='lat' dir='ltr'><strong>in</strong></span> <span class='ocrx_word' id='word_1_114' title='bbox 651 819 818 846; x_wconf 83' lang='lat' dir='ltr'><strong>Dominicam</strong></span> <span class='ocrx_word' id='word_1_115' title='bbox 832 827 948 853; x_wconf 71' lang='grc' dir='ltr'>ςωιιίιιιι,</span> <span class='ocrx_word' id='word_1_116' title='bbox 961 820 1041 856; x_wconf 76' lang='lat' dir='ltr'><strong>signi-</strong></span> 
     </span>
    </p>
   </div>
   <div class='ocr_carea' id='block_1_18' title="bbox 249 862 1040 900">
    <p class='ocr_par' dir='ltr' id='par_1_18' title="bbox 249 862 1040 900">
     <span class='ocr_line' id='line_1_18' title="bbox 249 862 1040 900; baseline 0.003 -11"><span class='ocrx_word' id='word_1_117' title='bbox 249 862 311 889; x_wconf 86' lang='lat' dir='ltr'><strong>ﬁcat</strong></span> <span class='ocrx_word' id='word_1_118' title='bbox 325 863 398 894; x_wconf 91' lang='lat' dir='ltr'><strong>thus,</strong></span> <span class='ocrx_word' id='word_1_119' title='bbox 413 870 468 889; x_wconf 91' lang='lat' dir='ltr'><strong>non</strong></span> <span class='ocrx_word' id='word_1_120' title='bbox 482 863 568 890; x_wconf 86' lang='lat' dir='ltr'><strong>solum</strong></span> <span class='ocrx_word' id='word_1_121' title='bbox 584 864 647 898; x_wconf 90' lang='lat' dir='ltr'><strong>quia</strong></span> <span class='ocrx_word' id='word_1_122' title='bbox 661 864 816 891; x_wconf 83' lang='lat' dir='ltr'><strong>immolatur</strong></span> <span class='ocrx_word' id='word_1_123' title='bbox 832 865 896 895; x_wconf 83' lang='lat' dir='ltr'><strong>Deo,</strong></span> <span class='ocrx_word' id='word_1_124' title='bbox 912 865 959 892; x_wconf 78' lang='lat' dir='ltr'><strong>sed</strong></span> <span class='ocrx_word' id='word_1_125' title='bbox 976 864 1040 900; x_wconf 94' lang='lat' dir='ltr'><strong>quia</strong></span> 
     </span>
    </p>
   </div>
   <div class='ocr_carea' id='block_1_19' title="bbox 249 901 1079 944">
    <p class='ocr_par' dir='ltr' id='par_1_19' title="bbox 249 901 1079 944">
     <span class='ocr_line' id='line_1_19' title="bbox 249 901 1079 944; baseline 0.004 -8"><span class='ocrx_word' id='word_1_126' title='bbox 249 913 276 937; x_wconf 86' lang='lat' dir='ltr'><strong>et</strong></span> <span class='ocrx_word' id='word_1_127' title='bbox 302 910 411 940; x_wconf 83' lang='lat' dir='ltr'><strong>multas.</strong></span> <span class='ocrx_word' id='word_1_128' title='bbox 443 911 513 937; x_wconf 83' lang='lat' dir='ltr'><strong>sicut</strong></span> <span class='ocrx_word' id='word_1_129' title='bbox 540 911 634 938; x_wconf 91' lang='lat' dir='ltr'><strong>dicunt</strong></span> <span class='ocrx_word' id='word_1_130' title='bbox 662 912 771 944; x_wconf 90' lang='lat' dir='ltr'><strong>medici,</strong></span> <span class='ocrx_word' id='word_1_131' title='bbox 792 915 870 939; x_wconf 85' lang='lat' dir='ltr'><strong>sanat</strong></span> <span class='ocrx_word' id='word_1_132' title='bbox 899 912 1039 939; x_wconf 91' lang='lat' dir='ltr'><strong>oculorum</strong></span> <span class='ocrx_word' id='word_1_133' title='bbox 1058 901 1079 928; x_wconf 74' lang='grc' dir='ltr'><strong>Β</strong></span> 
     </span>
    </p>
   </div>
   <div class='ocr_carea' id='block_1_20' title="bbox 247 958 1041 994">
    <p class='ocr_par' dir='ltr' id='par_1_20' title="bbox 247 958 1041 994">
     <span class='ocr_line' id='line_1_20' title="bbox 247 958 1041 994; baseline 0.003 -10"><span class='ocrx_word' id='word_1_134' title='bbox 247 958 433 992; x_wconf 73' lang='lat' dir='ltr'><strong>:egritudines.</strong></span> <span class='ocrx_word' id='word_1_135' title='bbox 450 958 494 985; x_wconf 83' lang='lat' dir='ltr'><strong>Sal</strong></span> <span class='ocrx_word' id='word_1_136' title='bbox 507 958 578 985; x_wconf 90' lang='lat' dir='ltr'><strong>enim</strong></span> <span class='ocrx_word' id='word_1_137' title='bbox 589 958 772 993; x_wconf 81' lang='lat' dir='ltr'><strong>apostolorum</strong></span> <span class='ocrx_word' id='word_1_138' title='bbox 791 958 941 986; x_wconf 82' lang='lat' dir='ltr'><strong>doctrinam</strong></span> <span class='ocrx_word' id='word_1_139' title='bbox 958 959 1041 994; x_wconf 77' lang='lat' dir='ltr'><strong>signi-</strong></span> 
     </span>
    </p>
   </div>
   <div class='ocr_carea' id='block_1_21' title="bbox 249 1003 1042 1037">
    <p class='ocr_par' dir='ltr' id='par_1_21' title="bbox 249 1003 1042 1037">
     <span class='ocr_line' id='line_1_21' title="bbox 249 1003 1042 1037; baseline 0.003 -8"><span class='ocrx_word' id='word_1_140' title='bbox 249 1003 321 1034; x_wconf 83' lang='lat' dir='ltr'><strong>licat.</strong></span> <span class='ocrx_word' id='word_1_141' title='bbox 337 1003 370 1030; x_wconf 90' lang='lat' dir='ltr'><strong>ad</strong></span> <span class='ocrx_word' id='word_1_142' title='bbox 392 1011 460 1037; x_wconf 88' lang='lat' dir='ltr'><strong>qttos</strong></span> <span class='ocrx_word' id='word_1_143' title='bbox 476 1003 576 1030; x_wconf 91' lang='lat' dir='ltr'><strong>dicitur</strong></span> <span class='ocrx_word' id='word_1_144' title='bbox 590 1012 596 1029; x_wconf 91' lang='lat'>:</span> <span class='ocrx_word' id='word_1_145' title='bbox 613 1003 662 1031; x_wconf 79' lang='lat' dir='ltr'><strong>Vos</strong></span> <span class='ocrx_word' id='word_1_146' title='bbox 679 1005 740 1031; x_wconf 88' lang='lat' dir='ltr'><strong>estis</strong></span> <span class='ocrx_word' id='word_1_147' title='bbox 763 1004 804 1031; x_wconf 82' lang='lat' dir='ltr'><strong>sal</strong></span> <span class='ocrx_word' id='word_1_148' title='bbox 822 1009 898 1032; x_wconf 77' lang='lat' dir='ltr'><strong>terrw</strong></span> <span class='ocrx_word' id='word_1_149' title='bbox 909 1005 943 1032; x_wconf 84' lang='grc'><strong>¹⁰.</strong></span> <span class='ocrx_word' id='word_1_150' title='bbox 958 1004 1042 1032; x_wconf 85' lang='lat' dir='ltr'><strong>Recte</strong></span> 
     </span>
    </p>
   </div>
   <div class='ocr_carea' id='block_1_22' title="bbox 249 1049 1041 1086">
    <p class='ocr_par' dir='ltr' id='par_1_22' title="bbox 249 1049 1041 1086">
     <span class='ocr_line' id='line_1_22' title="bbox 249 1049 1041 1086; baseline 0 -10"><span class='ocrx_word' id='word_1_151' title='bbox 249 1053 338 1076; x_wconf 84' lang='lat' dir='ltr'><strong>autem</strong></span> <span class='ocrx_word' id='word_1_152' title='bbox 354 1049 381 1076; x_wconf 90' lang='lat' dir='ltr'><strong>in</strong></span> <span class='ocrx_word' id='word_1_153' title='bbox 400 1049 492 1076; x_wconf 92' lang='lat' dir='ltr'><strong>multis</strong></span> <span class='ocrx_word' id='word_1_154' title='bbox 509 1049 575 1077; x_wconf 86' lang='lat' dir='ltr'><strong>locis</strong></span> <span class='ocrx_word' id='word_1_155' title='bbox 588 1049 708 1086; x_wconf 69' lang='lat' dir='ltr'><strong>mystica:</strong></span> <span class='ocrx_word' id='word_1_156' title='bbox 724 1057 835 1082; x_wconf 78' lang='lat' dir='ltr'><strong>menszc,</strong></span> <span class='ocrx_word' id='word_1_157' title='bbox 853 1050 901 1085; x_wconf 88' lang='lat' dir='ltr'><strong>ipsi</strong></span> <span class='ocrx_word' id='word_1_158' title='bbox 926 1050 1041 1085; x_wconf 84' lang='lat' dir='ltr'><strong>apostoli</strong></span> 
     </span>
    </p>
   </div>
   <div class='ocr_carea' id='block_1_23' title="bbox 249 1095 1039 1131">
    <p class='ocr_par' dir='ltr' id='par_1_23' title="bbox 249 1095 1039 1131">
     <span class='ocr_line' id='line_1_23' title="bbox 249 1095 1039 1131; baseline 0.001 -9"><span class='ocrx_word' id='word_1_159' title='bbox 249 1099 276 1122; x_wconf 80' lang='lat' dir='ltr'><strong>et</strong></span> <span class='ocrx_word' id='word_1_160' title='bbox 289 1095 413 1123; x_wconf 84' lang='lat' dir='ltr'><strong>doctrina</strong></span> <span class='ocrx_word' id='word_1_161' title='bbox 427 1103 521 1122; x_wconf 90' lang='lat' dir='ltr'><strong>eorum</strong></span> <span class='ocrx_word' id='word_1_162' title='bbox 538 1100 688 1130; x_wconf 89' lang='lat' dir='ltr'><strong>ponuntur,</strong></span> <span class='ocrx_word' id='word_1_163' title='bbox 717 1096 781 1131; x_wconf 83' lang='lat' dir='ltr'><strong>quia</strong></span> <span class='ocrx_word' id='word_1_164' title='bbox 808 1097 1039 1131; x_wconf 86' lang='lat' dir='ltr'><strong>quemadmodum</strong></span> 
     </span>
    </p>
   </div>
   <div class='ocr_carea' id='block_1_24' title="bbox 250 1141 1041 1177">
    <p class='ocr_par' dir='ltr' id='par_1_24' title="bbox 250 1141 1041 1177">
     <span class='ocr_line' id='line_1_24' title="bbox 250 1141 1041 1177; baseline 0.003 -9"><span class='ocrx_word' id='word_1_165' title='bbox 250 1141 316 1176; x_wconf 88' lang='lat' dir='ltr'><strong>ipsis</strong></span> <span class='ocrx_word' id='word_1_166' title='bbox 347 1141 490 1175; x_wconf 82' lang='lat' dir='ltr'><strong>Dominus,</strong></span> <span class='ocrx_word' id='word_1_167' title='bbox 511 1142 550 1169; x_wconf 91' lang='lat' dir='ltr'><strong>sic</strong></span> <span class='ocrx_word' id='word_1_168' title='bbox 569 1142 620 1177; x_wconf 70' lang='lat' dir='ltr'><strong>ipsi</strong></span> <span class='ocrx_word' id='word_1_169' title='bbox 648 1142 726 1169; x_wconf 91' lang='lat' dir='ltr'><strong>nobis</strong></span> <span class='ocrx_word' id='word_1_170' title='bbox 741 1143 840 1170; x_wconf 69' lang='lat' dir='ltr'><strong>divina:</strong></span> <span class='ocrx_word' id='word_1_171' title='bbox 864 1150 948 1170; x_wconf 70' lang='lat' dir='ltr'><strong>cmnze</strong></span> <span class='ocrx_word' id='word_1_172' title='bbox 965 1150 1041 1170; x_wconf 92' lang='lat' dir='ltr'><strong>com-</strong></span> 
     </span>
    </p>
   </div>
   <div class='ocr_carea' id='block_1_25' title="bbox 249 1188 1041 1223">
    <p class='ocr_par' dir='ltr' id='par_1_25' title="bbox 249 1188 1041 1223">
     <span class='ocr_line' id='line_1_25' title="bbox 249 1188 1041 1223; baseline 0.001 -9"><span class='ocrx_word' id='word_1_173' title='bbox 249 1188 407 1216; x_wconf 87' lang='lat' dir='ltr'><strong>munionem</strong></span> <span class='ocrx_word' id='word_1_174' title='bbox 426 1188 606 1220; x_wconf 86' lang='lat' dir='ltr'><strong>tradiderunt,</strong></span> <span class='ocrx_word' id='word_1_175' title='bbox 622 1196 739 1223; x_wconf 90' lang='lat' dir='ltr'><strong>quorum</strong></span> <span class='ocrx_word' id='word_1_176' title='bbox 760 1196 852 1216; x_wconf 90' lang='lat' dir='ltr'><strong>mensa</strong></span> <span class='ocrx_word' id='word_1_177' title='bbox 869 1189 982 1220; x_wconf 80' lang='lat' dir='ltr'><strong>munda,</strong></span> <span class='ocrx_word' id='word_1_178' title='bbox 1000 1189 1041 1215; x_wconf 89' lang='lat' dir='ltr'><strong>vi-</strong></span> 
     </span>
    </p>
   </div>
   <div class='ocr_carea' id='block_1_26' title="bbox 247 1234 1041 1270">
    <p class='ocr_par' dir='ltr' id='par_1_26' title="bbox 247 1234 1041 1270">
     <span class='ocr_line' id='line_1_26' title="bbox 247 1234 1041 1270; baseline -0.001 -8"><span class='ocrx_word' id='word_1_179' title='bbox 247 1234 346 1262; x_wconf 85' lang='lat' dir='ltr'><strong>delicet</strong></span> <span class='ocrx_word' id='word_1_180' title='bbox 368 1235 463 1268; x_wconf 88' lang='lat' dir='ltr'><strong>altare,</strong></span> <span class='ocrx_word' id='word_1_181' title='bbox 483 1235 582 1269; x_wconf 87' lang='lat' dir='ltr'><strong>dequo</strong></span> <span class='ocrx_word' id='word_1_182' title='bbox 607 1234 690 1261; x_wconf 81' lang='lat' dir='ltr'><strong>David</strong></span> <span class='ocrx_word' id='word_1_183' title='bbox 715 1235 862 1270; x_wconf 87' lang='lat' dir='ltr'><strong>psallebat:</strong></span> <span class='ocrx_word' id='word_1_184' title='bbox 885 1234 990 1262; x_wconf 86' lang='lat' dir='ltr'><strong>Parasti</strong></span> <span class='ocrx_word' id='word_1_185' title='bbox 1014 1236 1041 1261; x_wconf 87' lang='lat' dir='ltr'><strong>in</strong></span> 
     </span>
    </p>
   </div>
   <div class='ocr_carea' id='block_1_27' title="bbox 248 1272 1041 1317">
    <p class='ocr_par' dir='ltr' id='par_1_27' title="bbox 248 1272 1041 1317">
     <span class='ocr_line' id='line_1_27' title="bbox 248 1272 1041 1317; baseline 0.001 -9"><span class='ocrx_word' id='word_1_186' title='bbox 248 1272 384 1316; x_wconf 80' lang='lat' dir='ltr'><strong>conspectu</strong></span> <span class='ocrx_word' id='word_1_187' title='bbox 405 1289 461 1308; x_wconf 81' lang='lat' dir='ltr'><strong>meo</strong></span> <span class='ocrx_word' id='word_1_188' title='bbox 482 1289 610 1313; x_wconf 83' lang='lat' dir='ltr'><strong>mensam,</strong></span> <span class='ocrx_word' id='word_1_189' title='bbox 636 1281 760 1308; x_wconf 84' lang='lat' dir='ltr'><strong>adversus</strong></span> <span class='ocrx_word' id='word_1_190' title='bbox 781 1290 823 1308; x_wconf 82' lang='lat' dir='ltr'><strong>cos</strong></span> <span class='ocrx_word' id='word_1_191' title='bbox 848 1282 892 1317; x_wconf 87' lang='lat' dir='ltr'><strong>qui</strong></span> <span class='ocrx_word' id='word_1_192' title='bbox 915 1282 1041 1309; x_wconf 84' lang='lat' dir='ltr'><strong>tribulant</strong></span> 
     </span>
    </p>
   </div>
   <div class='ocr_carea' id='block_1_28' title="bbox 249 1327 1042 1363">
    <p class='ocr_par' dir='ltr' id='par_1_28' title="bbox 249 1327 1042 1363">
     <span class='ocr_line' id='line_1_28' title="bbox 249 1327 1042 1363; baseline 0.003 -9"><span class='ocrx_word' id='word_1_193' title='bbox 249 1336 289 1354; x_wconf 87' lang='lat' dir='ltr'><strong>me</strong></span> <span class='ocrx_word' id='word_1_194' title='bbox 304 1328 336 1355; x_wconf 83' lang='lat'><strong>“.</strong></span> <span class='ocrx_word' id='word_1_195' title='bbox 352 1327 412 1354; x_wconf 61' lang='lat' dir='ltr'><strong>llmc</strong></span> <span class='ocrx_word' id='word_1_196' title='bbox 432 1327 532 1354; x_wconf 89' lang='lat' dir='ltr'><strong>munda</strong></span> <span class='ocrx_word' id='word_1_197' title='bbox 549 1331 590 1354; x_wconf 86' lang='lat' dir='ltr'><strong>est</strong></span> <span class='ocrx_word' id='word_1_198' title='bbox 612 1328 730 1363; x_wconf 91' lang='lat' dir='ltr'><strong>primum</strong></span> <span class='ocrx_word' id='word_1_199' title='bbox 746 1328 856 1363; x_wconf 82' lang='lat' dir='ltr'><strong>quidem</strong></span> <span class='ocrx_word' id='word_1_200' title='bbox 874 1329 943 1357; x_wconf 84' lang='lat' dir='ltr'><strong>sicut</strong></span> <span class='ocrx_word' id='word_1_201' title='bbox 961 1337 1042 1356; x_wconf 86' lang='lat' dir='ltr'><strong>mun-</strong></span> 
     </span>
    </p>
   </div>
   <div class='ocr_carea' id='block_1_29' title="bbox 248 1373 1040 1409">
    <p class='ocr_par' dir='ltr' id='par_1_29' title="bbox 248 1373 1040 1409">
     <span class='ocr_line' id='line_1_29' title="bbox 248 1373 1040 1409; baseline 0.004 -9"><span class='ocrx_word' id='word_1_202' title='bbox 248 1374 326 1406; x_wconf 85' lang='lat' dir='ltr'><strong>dans,</strong></span> <span class='ocrx_word' id='word_1_203' title='bbox 347 1373 445 1401; x_wconf 84' lang='lat' dir='ltr'><strong>deinde</strong></span> <span class='ocrx_word' id='word_1_204' title='bbox 459 1373 529 1401; x_wconf 88' lang='lat' dir='ltr'><strong>siettt</strong></span> <span class='ocrx_word' id='word_1_205' title='bbox 548 1374 614 1400; x_wconf 90' lang='lat' dir='ltr'><strong>nihil</strong></span> <span class='ocrx_word' id='word_1_206' title='bbox 635 1375 780 1406; x_wconf 84' lang='lat' dir='ltr'><strong>mendacii,</strong></span> <span class='ocrx_word' id='word_1_207' title='bbox 804 1383 856 1403; x_wconf 80' lang='lat' dir='ltr'><strong>nec</strong></span> <span class='ocrx_word' id='word_1_208' title='bbox 876 1376 1040 1409; x_wconf 87' lang='lat' dir='ltr'><strong>infectionis,</strong></span> 
     </span>
    </p>
   </div>
   <div class='ocr_carea' id='block_1_30' title="bbox 248 1419 1040 1458">
    <p class='ocr_par' dir='ltr' id='par_1_30' title="bbox 248 1419 1040 1458">
     <span class='ocr_line' id='line_1_30' title="bbox 248 1419 1040 1458; baseline 0.005 -12"><span class='ocrx_word' id='word_1_209' title='bbox 248 1420 337 1454; x_wconf 78' lang='lat' dir='ltr'><strong>qualia</strong></span> <span class='ocrx_word' id='word_1_210' title='bbox 349 1419 449 1447; x_wconf 87' lang='lat' dir='ltr'><strong>suntin</strong></span> <span class='ocrx_word' id='word_1_211' title='bbox 466 1420 600 1455; x_wconf 83' lang='lat' dir='ltr'><strong>mysteriis</strong></span> <span class='ocrx_word' id='word_1_212' title='bbox 613 1429 792 1456; x_wconf 79' lang='lat' dir='ltr'><strong>paganorum.</strong></span> <span class='ocrx_word' id='word_1_213' title='bbox 806 1423 909 1450; x_wconf 87' lang='lat' dir='ltr'><strong>habens</strong></span> <span class='ocrx_word' id='word_1_214' title='bbox 921 1423 1040 1458; x_wconf 79' lang='lat' dir='ltr'><strong>insuper,</strong></span> 
     </span>
    </p>
   </div>
   <div class='ocr_carea' id='block_1_31' title="bbox 249 1466 1041 1504">
    <p class='ocr_par' dir='ltr' id='par_1_31' title="bbox 249 1466 1041 1504">
     <span class='ocr_line' id='line_1_31' title="bbox 249 1466 1041 1504; baseline 0.008 -13"><span class='ocrx_word' id='word_1_215' title='bbox 249 1466 312 1500; x_wconf 81' lang='lat' dir='ltr'><strong>quia</strong></span> <span class='ocrx_word' id='word_1_216' title='bbox 328 1473 382 1492; x_wconf 89' lang='lat' dir='ltr'><strong>non</strong></span> <span class='ocrx_word' id='word_1_217' title='bbox 395 1466 458 1493; x_wconf 87' lang='lat' dir='ltr'><strong>licet</strong></span> <span class='ocrx_word' id='word_1_218' title='bbox 473 1466 631 1502; x_wconf 86' lang='lat' dir='ltr'><strong>participem</strong></span> <span class='ocrx_word' id='word_1_219' title='bbox 649 1468 720 1495; x_wconf 88' lang='lat' dir='ltr'><strong>illius</strong></span> <span class='ocrx_word' id='word_1_220' title='bbox 735 1468 793 1495; x_wconf 85' lang='lat' dir='ltr'><strong>ﬁeri</strong></span> <span class='ocrx_word' id='word_1_221' title='bbox 817 1477 890 1501; x_wconf 82' lang='lat' dir='ltr'><strong>eum,</strong></span> <span class='ocrx_word' id='word_1_222' title='bbox 915 1469 961 1504; x_wconf 91' lang='lat' dir='ltr'><strong>qui</strong></span> <span class='ocrx_word' id='word_1_223' title='bbox 987 1477 1041 1497; x_wconf 92' lang='lat' dir='ltr'><strong>non</strong></span> 
     </span>
    </p>
   </div>
   <div class='ocr_carea' id='block_1_32' title="bbox 250 1512 1041 1548">
    <p class='ocr_par' dir='ltr' id='par_1_32' title="bbox 250 1512 1041 1548">
     <span class='ocr_line' id='line_1_32' title="bbox 250 1512 1041 1548; baseline 0.006 -11"><span class='ocrx_word' id='word_1_224' title='bbox 250 1512 352 1538; x_wconf 84' lang='lat' dir='ltr'><strong>mundo</strong></span> <span class='ocrx_word' id='word_1_225' title='bbox 369 1512 473 1539; x_wconf 90' lang='lat' dir='ltr'><strong>accedit</strong></span> <span class='ocrx_word' id='word_1_226' title='bbox 487 1520 578 1545; x_wconf 89' lang='lat' dir='ltr'><strong>sensu,</strong></span> <span class='ocrx_word' id='word_1_227' title='bbox 592 1522 679 1548; x_wconf 89' lang='lat' dir='ltr'><strong>neque</strong></span> <span class='ocrx_word' id='word_1_228' title='bbox 703 1515 813 1542; x_wconf 89' lang='lat' dir='ltr'><strong>indutus</strong></span> <span class='ocrx_word' id='word_1_229' title='bbox 827 1520 869 1542; x_wconf 87' lang='lat' dir='ltr'><strong>est</strong></span> <span class='ocrx_word' id='word_1_230' title='bbox 880 1520 953 1542; x_wconf 83' lang='lat' dir='ltr'><strong>veste</strong></span> <span class='ocrx_word' id='word_1_231' title='bbox 969 1515 1041 1547; x_wconf 81' lang='lat' dir='ltr'><strong>alba,</strong></span> 
     </span>
    </p>
   </div>
   <div class='ocr_carea' id='block_1_33' title="bbox 249 1557 1040 1596">
    <p class='ocr_par' dir='ltr' id='par_1_33' title="bbox 249 1557 1040 1596">
     <span class='ocr_line' id='line_1_33' title="bbox 249 1557 1040 1596; baseline 0.006 -13"><span class='ocrx_word' id='word_1_232' title='bbox 249 1557 357 1591; x_wconf 84' lang='lat' dir='ltr'><strong>qualem</strong></span> <span class='ocrx_word' id='word_1_233' title='bbox 372 1557 417 1592; x_wconf 87' lang='lat' dir='ltr'><strong>qui</strong></span> <span class='ocrx_word' id='word_1_234' title='bbox 435 1558 546 1585; x_wconf 85' lang='lat' dir='ltr'><strong>indutus</strong></span> <span class='ocrx_word' id='word_1_235' title='bbox 561 1567 613 1586; x_wconf 85' lang='lat' dir='ltr'><strong>non</strong></span> <span class='ocrx_word' id='word_1_236' title='bbox 635 1561 715 1587; x_wconf 79' lang='lat' dir='ltr'><strong>l‘uerit</strong></span> <span class='ocrx_word' id='word_1_237' title='bbox 731 1561 872 1595; x_wconf 80' lang='lat' dir='ltr'><strong>projicitur</strong></span> <span class='ocrx_word' id='word_1_238' title='bbox 885 1569 918 1588; x_wconf 85' lang='lat' dir='ltr'><strong>ex</strong></span> <span class='ocrx_word' id='word_1_239' title='bbox 932 1561 980 1592; x_wconf 88' lang='lat' dir='ltr'><strong>eis.</strong></span> <span class='ocrx_word' id='word_1_240' title='bbox 994 1561 1040 1596; x_wconf 88' lang='lat' dir='ltr'><strong>qui</strong></span> 
     </span>
    </p>
   </div>
   <div class='ocr_carea' id='block_1_34' title="bbox 249 1604 1040 1641">
    <p class='ocr_par' dir='ltr' id='par_1_34' title="bbox 249 1604 1040 1641">
     <span class='ocr_line' id='line_1_34' title="bbox 249 1604 1040 1641; baseline 0.006 -12"><span class='ocrx_word' id='word_1_241' title='bbox 249 1604 336 1639; x_wconf 75' lang='lat' dir='ltr'><strong>vocati</strong></span> <span class='ocrx_word' id='word_1_242' title='bbox 352 1609 416 1630; x_wconf 81' lang='lat' dir='ltr'><strong>sunt</strong></span> <span class='ocrx_word' id='word_1_243' title='bbox 429 1605 460 1631; x_wconf 82' lang='lat' dir='ltr'><strong>ad</strong></span> <span class='ocrx_word' id='word_1_244' title='bbox 477 1613 582 1632; x_wconf 69' lang='lat' dir='ltr'><strong>crenam</strong></span> <span class='ocrx_word' id='word_1_245' title='bbox 598 1606 667 1633; x_wconf 80' lang='lat' dir='ltr'><strong>hanc</strong></span> <span class='ocrx_word' id='word_1_246' title='bbox 681 1614 790 1641; x_wconf 84' lang='lat' dir='ltr'><strong>semper</strong></span> <span class='ocrx_word' id='word_1_247' title='bbox 810 1608 842 1633; x_wconf 84' lang='lat'><strong>&quot;.</strong></span> <span class='ocrx_word' id='word_1_248' title='bbox 867 1607 920 1634; x_wconf 80' lang='lat' dir='ltr'><strong>Sed</strong></span> <span class='ocrx_word' id='word_1_249' title='bbox 941 1611 968 1634; x_wconf 87' lang='lat' dir='ltr'><strong>et</strong></span> <span class='ocrx_word' id='word_1_250' title='bbox 995 1608 1040 1634; x_wconf 90' lang='lat' dir='ltr'><strong>die</strong></span> 
     </span>
    </p>
   </div>
   <div class='ocr_carea' id='block_1_35' title="bbox 251 1650 1041 1687">
    <p class='ocr_par' dir='ltr' id='par_1_35' title="bbox 251 1650 1041 1687">
     <span class='ocr_line' id='line_1_35' title="bbox 251 1650 1041 1687; baseline 0.008 -14"><span class='ocrx_word' id='word_1_251' title='bbox 251 1650 431 1676; x_wconf 66' lang='lat' dir='ltr'><strong>Siabhatorum</strong></span> <span class='ocrx_word' id='word_1_252' title='bbox 447 1651 569 1685; x_wconf 65' lang='lat' dir='ltr'><strong>praecipit</strong></span> <span class='ocrx_word' id='word_1_253' title='bbox 584 1651 657 1685; x_wconf 77' lang='lat' dir='ltr'><strong>poni,</strong></span> <span class='ocrx_word' id='word_1_254' title='bbox 671 1652 787 1687; x_wconf 85' lang='lat' dir='ltr'><strong>primum</strong></span> <span class='ocrx_word' id='word_1_255' title='bbox 801 1653 921 1686; x_wconf 79' lang='lat' dir='ltr'><strong>quidem.</strong></span> <span class='ocrx_word' id='word_1_256' title='bbox 939 1652 1000 1687; x_wconf 80' lang='lat' dir='ltr'><strong>quia</strong></span> <span class='ocrx_word' id='word_1_257' title='bbox 1014 1657 1041 1679; x_wconf 80' lang='lat' dir='ltr'><strong>et</strong></span> 
     </span>
    </p>
   </div>
   <div class='ocr_carea' id='block_1_36' title="bbox 251 1695 1040 1731">
    <p class='ocr_par' dir='ltr' id='par_1_36' title="bbox 251 1695 1040 1731">
     <span class='ocr_line' id='line_1_36' title="bbox 251 1695 1040 1731; baseline 0.005 -10"><span class='ocrx_word' id='word_1_258' title='bbox 251 1695 276 1720; x_wconf 74' lang='lat' dir='ltr'><strong>in</strong></span> <span class='ocrx_word' id='word_1_259' title='bbox 293 1695 453 1731; x_wconf 78' lang='lat' dir='ltr'><strong>intelligibili</strong></span> <span class='ocrx_word' id='word_1_260' title='bbox 475 1697 568 1731; x_wconf 81' lang='lat' dir='ltr'><strong>requie</strong></span> <span class='ocrx_word' id='word_1_261' title='bbox 584 1705 643 1731; x_wconf 70' lang='lat' dir='ltr'><strong>quae</strong></span> <span class='ocrx_word' id='word_1_262' title='bbox 658 1704 700 1725; x_wconf 86' lang='lat' dir='ltr'><strong>cst</strong></span> <span class='ocrx_word' id='word_1_263' title='bbox 717 1706 811 1724; x_wconf 88' lang='lat' dir='ltr'><strong>verum</strong></span> <span class='ocrx_word' id='word_1_264' title='bbox 828 1698 986 1730; x_wconf 82' lang='lat' dir='ltr'><strong>Sabbatunt,</strong></span> <span class='ocrx_word' id='word_1_265' title='bbox 1000 1699 1040 1725; x_wconf 90' lang='lat' dir='ltr'><strong>lo—</strong></span> 
     </span>
    </p>
   </div>
   <div class='ocr_carea' id='block_1_37' title="bbox 211 1743 1042 1785">
    <p class='ocr_par' dir='ltr' id='par_1_37' title="bbox 211 1743 1042 1785">
     <span class='ocr_line' id='line_1_37' title="bbox 211 1743 1042 1785; baseline 0.006 -18"><span class='ocrx_word' id='word_1_266' title='bbox 211 1779 219 1785; x_wconf 32' lang='grc' dir='ltr'>ν</span> <span class='ocrx_word' id='word_1_267' title='bbox 250 1750 311 1769; x_wconf 67' lang='lat' dir='ltr'><strong>cum</strong></span> <span class='ocrx_word' id='word_1_268' title='bbox 325 1743 416 1774; x_wconf 86' lang='lat' dir='ltr'><strong>habet,</strong></span> <span class='ocrx_word' id='word_1_269' title='bbox 431 1748 458 1770; x_wconf 92' lang='lat' dir='ltr'><strong>et</strong></span> <span class='ocrx_word' id='word_1_270' title='bbox 471 1743 522 1770; x_wconf 92' lang='lat' dir='ltr'><strong>hoc</strong></span> <span class='ocrx_word' id='word_1_271' title='bbox 534 1749 576 1771; x_wconf 87' lang='lat' dir='ltr'><strong>est</strong></span> <span class='ocrx_word' id='word_1_272' title='bbox 589 1752 681 1771; x_wconf 79' lang='lat' dir='ltr'><strong>mensa</strong></span> <span class='ocrx_word' id='word_1_273' title='bbox 696 1745 813 1777; x_wconf 88' lang='lat' dir='ltr'><strong>Domini,</strong></span> <span class='ocrx_word' id='word_1_274' title='bbox 829 1745 879 1772; x_wconf 87' lang='lat' dir='ltr'><strong>etsi</strong></span> <span class='ocrx_word' id='word_1_275' title='bbox 893 1752 970 1773; x_wconf 72' lang='lat' dir='ltr'><strong>cmna</strong></span> <span class='ocrx_word' id='word_1_276' title='bbox 983 1746 1042 1780; x_wconf 83' lang='lat' dir='ltr'><strong>ejus</strong></span> 
     </span>
    </p>
   </div>
   <div class='ocr_carea' id='block_1_38' title="bbox 256 1789 1042 1826">
    <p class='ocr_par' dir='ltr' id='par_1_38' title="bbox 256 1789 1042 1826">
     <span class='ocr_line' id='line_1_38' title="bbox 256 1789 1042 1826; baseline 0.006 -12"><span class='ocrx_word' id='word_1_277' title='bbox 256 1794 298 1814; x_wconf 85' lang='lat' dir='ltr'><strong>est</strong></span> <span class='ocrx_word' id='word_1_278' title='bbox 317 1796 396 1821; x_wconf 86' lang='lat' dir='ltr'><strong>nova,</strong></span> <span class='ocrx_word' id='word_1_279' title='bbox 419 1789 648 1823; x_wconf 89' lang='lat' dir='ltr'><strong>quemadmodum</strong></span> <span class='ocrx_word' id='word_1_280' title='bbox 676 1790 739 1818; x_wconf 89' lang='lat' dir='ltr'><strong>licet</strong></span> <span class='ocrx_word' id='word_1_281' title='bbox 752 1791 778 1817; x_wconf 90' lang='lat' dir='ltr'><strong>in</strong></span> <span class='ocrx_word' id='word_1_282' title='bbox 805 1791 857 1823; x_wconf 91' lang='lat' dir='ltr'><strong>his,</strong></span> <span class='ocrx_word' id='word_1_283' title='bbox 883 1799 944 1826; x_wconf 71' lang='lat' dir='ltr'><strong>quae</strong></span> <span class='ocrx_word' id='word_1_284' title='bbox 970 1792 1042 1819; x_wconf 84' lang='lat' dir='ltr'><strong>dicta</strong></span> 
     </span>
    </p>
   </div>
   <div class='ocr_carea' id='block_1_39' title="bbox 250 1835 1041 1873">
    <p class='ocr_par' dir='ltr' id='par_1_39' title="bbox 250 1835 1041 1873">
     <span class='ocr_line' id='line_1_39' title="bbox 250 1835 1041 1873; baseline 0.004 -12"><span class='ocrx_word' id='word_1_285' title='bbox 250 1839 315 1862; x_wconf 90' lang='lat' dir='ltr'><strong>sunt</strong></span> <span class='ocrx_word' id='word_1_286' title='bbox 338 1843 352 1862; x_wconf 86' lang='lat' dir='ltr'><strong>a</strong></span> <span class='ocrx_word' id='word_1_287' title='bbox 375 1835 490 1862; x_wconf 89' lang='lat' dir='ltr'><strong>Domino</strong></span> <span class='ocrx_word' id='word_1_288' title='bbox 508 1836 543 1863; x_wconf 90' lang='lat' dir='ltr'><strong>de</strong></span> <span class='ocrx_word' id='word_1_289' title='bbox 568 1836 652 1864; x_wconf 86' lang='lat' dir='ltr'><strong>calice</strong></span> <span class='ocrx_word' id='word_1_290' title='bbox 675 1838 736 1864; x_wconf 75' lang='lat' dir='ltr'><strong>vita:</strong></span> <span class='ocrx_word' id='word_1_291' title='bbox 751 1841 870 1868; x_wconf 56' lang='lat' dir='ltr'><strong>aeternae,</strong></span> <span class='ocrx_word' id='word_1_292' title='bbox 893 1838 1041 1873; x_wconf 81' lang='lat' dir='ltr'><strong>conjicere.</strong></span> 
     </span>
    </p>
   </div>
   <div class='ocr_carea' id='block_1_40' title="bbox 243 1880 1043 1919">
    <p class='ocr_par' dir='ltr' id='par_1_40' title="bbox 243 1880 1043 1919">
     <span class='ocr_line' id='line_1_40' title="bbox 243 1880 1043 1919; baseline 0.005 -12"><span class='ocrx_word' id='word_1_293' title='bbox 243 1880 317 1914; x_wconf 71' lang='lat' dir='ltr'><strong>Quia</strong></span> <span class='ocrx_word' id='word_1_294' title='bbox 344 1886 433 1908; x_wconf 85' lang='lat' dir='ltr'><strong>autem</strong></span> <span class='ocrx_word' id='word_1_295' title='bbox 458 1889 512 1908; x_wconf 90' lang='lat' dir='ltr'><strong>non</strong></span> <span class='ocrx_word' id='word_1_296' title='bbox 535 1881 633 1909; x_wconf 82' lang='lat' dir='ltr'><strong>frustra</strong></span> <span class='ocrx_word' id='word_1_297' title='bbox 658 1883 726 1915; x_wconf 66' lang='lat' dir='ltr'><strong>haec,</strong></span> <span class='ocrx_word' id='word_1_298' title='bbox 741 1891 801 1918; x_wconf 69' lang='lat' dir='ltr'><strong>qua:</strong></span> <span class='ocrx_word' id='word_1_299' title='bbox 817 1891 890 1911; x_wconf 93' lang='lat' dir='ltr'><strong>nunc</strong></span> <span class='ocrx_word' id='word_1_300' title='bbox 906 1884 1043 1919; x_wconf 77' lang='lat' dir='ltr'><strong>legislalor</strong></span> 
     </span>
    </p>
   </div>
   <div class='ocr_carea' id='block_1_41' title="bbox 250 1926 1044 1964">
    <p class='ocr_par' dir='ltr' id='par_1_41' title="bbox 250 1926 1044 1964">
     <span class='ocr_line' id='line_1_41' title="bbox 250 1926 1044 1964; baseline 0.005 -12"><span class='ocrx_word' id='word_1_301' title='bbox 250 1927 386 1961; x_wconf 82' lang='lat' dir='ltr'><strong>exposuit,</strong></span> <span class='ocrx_word' id='word_1_302' title='bbox 403 1927 431 1953; x_wconf 93' lang='lat' dir='ltr'><strong>in</strong></span> <span class='ocrx_word' id='word_1_303' title='bbox 451 1926 593 1962; x_wconf 68' lang='lat' dir='ltr'><strong>Uuigeniti</strong></span> <span class='ocrx_word' id='word_1_304' title='bbox 607 1928 757 1963; x_wconf 80' lang='lat' dir='ltr'><strong>accipimus</strong></span> <span class='ocrx_word' id='word_1_305' title='bbox 770 1936 874 1961; x_wconf 90' lang='lat' dir='ltr'><strong>mensa,</strong></span> <span class='ocrx_word' id='word_1_306' title='bbox 893 1937 943 1956; x_wconf 91' lang='lat' dir='ltr'><strong>nec</strong></span> <span class='ocrx_word' id='word_1_307' title='bbox 957 1929 1044 1964; x_wconf 89' lang='lat' dir='ltr'><strong>loqui-</strong></span> 
     </span>
    </p>
   </div>
   <div class='ocr_carea' id='block_1_42' title="bbox 251 1974 1044 2010">
    <p class='ocr_par' dir='ltr' id='par_1_42' title="bbox 251 1974 1044 2010">
     <span class='ocr_line' id='line_1_42' title="bbox 251 1974 1044 2010; baseline 0.004 -11"><span class='ocrx_word' id='word_1_308' title='bbox 251 1980 312 1999; x_wconf 89' lang='lat' dir='ltr'><strong>mur</strong></span> <span class='ocrx_word' id='word_1_309' title='bbox 337 1977 505 2008; x_wconf 83' lang='lat' dir='ltr'><strong>arroganter,</strong></span> <span class='ocrx_word' id='word_1_310' title='bbox 527 1979 575 2000; x_wconf 85' lang='lat' dir='ltr'><strong>aut</strong></span> <span class='ocrx_word' id='word_1_311' title='bbox 595 1974 745 2001; x_wconf 75' lang='lat' dir='ltr'><strong>scttrriliter</strong></span> <span class='ocrx_word' id='word_1_312' title='bbox 769 1975 948 2009; x_wconf 83' lang='lat' dir='ltr'><strong>exquirimus,</strong></span> <span class='ocrx_word' id='word_1_313' title='bbox 971 1975 1044 2010; x_wconf 90' lang='lat' dir='ltr'><strong>quod</strong></span> 
     </span>
    </p>
   </div>
   <div class='ocr_carea' id='block_1_43' title="bbox 251 2017 1044 2054">
    <p class='ocr_par' dir='ltr' id='par_1_43' title="bbox 251 2017 1044 2054">
     <span class='ocr_line' id='line_1_43' title="bbox 251 2017 1044 2054; baseline 0.005 -11"><span class='ocrx_word' id='word_1_314' title='bbox 251 2025 306 2044; x_wconf 85' lang='lat' dir='ltr'><strong>non</strong></span> <span class='ocrx_word' id='word_1_315' title='bbox 320 2017 354 2045; x_wconf 89' lang='lat' dir='ltr'><strong>ad</strong></span> <span class='ocrx_word' id='word_1_316' title='bbox 368 2017 549 2045; x_wconf 90' lang='lat' dir='ltr'><strong>intentionem</strong></span> <span class='ocrx_word' id='word_1_317' title='bbox 562 2017 629 2053; x_wconf 75' lang='lat' dir='ltr'><strong>iegis</strong></span> <span class='ocrx_word' id='word_1_318' title='bbox 644 2020 773 2054; x_wconf 79' lang='lat' dir='ltr'><strong>pertinet,</strong></span> <span class='ocrx_word' id='word_1_319' title='bbox 791 2020 838 2047; x_wconf 90' lang='lat' dir='ltr'><strong>sed</strong></span> <span class='ocrx_word' id='word_1_320' title='bbox 855 2020 910 2047; x_wconf 91' lang='lat' dir='ltr'><strong>imo</strong></span> <span class='ocrx_word' id='word_1_321' title='bbox 923 2021 1000 2048; x_wconf 89' lang='lat' dir='ltr'><strong>valde</strong></span> <span class='ocrx_word' id='word_1_322' title='bbox 1017 2024 1044 2048; x_wconf 87' lang='lat' dir='ltr'><strong>et</strong></span> 
     </span>
    </p>
   </div>
   <div class='ocr_carea' id='block_1_44' title="bbox 251 2063 1044 2099">
    <p class='ocr_par' dir='ltr' id='par_1_44' title="bbox 251 2063 1044 2099">
     <span class='ocr_line' id='line_1_44' title="bbox 251 2063 1044 2099; baseline 0.008 -10"><span class='ocrx_word' id='word_1_323' title='bbox 251 2070 315 2090; x_wconf 85' lang='lat' dir='ltr'><strong>vere</strong></span> <span class='ocrx_word' id='word_1_324' title='bbox 340 2063 514 2098; x_wconf 84' lang='lat' dir='ltr'><strong>conjicimus.</strong></span> <span class='ocrx_word' id='word_1_325' title='bbox 545 2064 604 2099; x_wconf 87' lang='lat' dir='ltr'><strong>ipsa</strong></span> <span class='ocrx_word' id='word_1_326' title='bbox 637 2065 756 2092; x_wconf 78' lang='lat' dir='ltr'><strong>auditori</strong></span> <span class='ocrx_word' id='word_1_327' title='bbox 784 2066 864 2093; x_wconf 88' lang='lat' dir='ltr'><strong>verba</strong></span> <span class='ocrx_word' id='word_1_328' title='bbox 888 2067 1044 2095; x_wconf 70' lang='lat' dir='ltr'><strong>satisfacere</strong></span> 
     </span>
    </p>
   </div>
   <div class='ocr_carea' id='block_1_45' title="bbox 251 2109 1043 2145">
    <p class='ocr_par' dir='ltr' id='par_1_45' title="bbox 251 2109 1043 2145">
     <span class='ocr_line' id='line_1_45' title="bbox 251 2109 1043 2145; baseline 0.004 -10"><span class='ocrx_word' id='word_1_329' title='bbox 251 2113 375 2143; x_wconf 84' lang='lat' dir='ltr'><strong>possunt,</strong></span> <span class='ocrx_word' id='word_1_330' title='bbox 402 2109 429 2135; x_wconf 94' lang='lat' dir='ltr'><strong>in</strong></span> <span class='ocrx_word' id='word_1_331' title='bbox 448 2110 547 2143; x_wconf 88' lang='lat' dir='ltr'><strong>quibus</strong></span> <span class='ocrx_word' id='word_1_332' title='bbox 571 2110 616 2137; x_wconf 90' lang='lat' dir='ltr'><strong>hic</strong></span> <span class='ocrx_word' id='word_1_333' title='bbox 652 2111 762 2145; x_wconf 83' lang='lat' dir='ltr'><strong>proprie</strong></span> <span class='ocrx_word' id='word_1_334' title='bbox 792 2111 901 2139; x_wconf 89' lang='lat' dir='ltr'><strong>locutus</strong></span> <span class='ocrx_word' id='word_1_335' title='bbox 924 2113 1043 2145; x_wconf 83' lang='lat' dir='ltr'><strong>videtur,</strong></span> 
     </span>
    </p>
   </div>
   <div class='ocr_carea' id='block_1_46' title="bbox 251 2155 398 2181">
    <p class='ocr_par' dir='ltr' id='par_1_46' title="bbox 251 2155 398 2181">
     <span class='ocr_line' id='line_1_46' title="bbox 251 2155 398 2181; baseline 0.007 -1"><span class='ocrx_word' id='word_1_336' title='bbox 251 2156 288 2181; x_wconf 84' lang='lat' dir='ltr'><strong>ait</strong></span> <span class='ocrx_word' id='word_1_337' title='bbox 303 2155 376 2181; x_wconf 86' lang='lat' dir='ltr'><strong>enim</strong></span> <span class='ocrx_word' id='word_1_338' title='bbox 391 2163 398 2181; x_wconf 71' lang='grc' dir='ltr'>ε</span> 
     </span>
    </p>
   </div>
   <div class='ocr_carea' id='block_1_47' title="bbox 290 2199 1043 2235">
    <p class='ocr_par' dir='ltr' id='par_1_47' title="bbox 290 2199 1043 2235">
     <span class='ocr_line' id='line_1_47' title="bbox 290 2199 1043 2235; baseline 0.005 -7"><span class='ocrx_word' id='word_1_339' title='bbox 290 2199 320 2228; x_wconf 91' lang='lat' dir='ltr'><strong>Ut</strong></span> <span class='ocrx_word' id='word_1_340' title='bbox 348 2201 381 2227; x_wconf 87' lang='lat' dir='ltr'><strong>sit</strong></span> <span class='ocrx_word' id='word_1_341' title='bbox 411 2202 486 2235; x_wconf 77' lang='lat' dir='ltr'><strong>panis</strong></span> <span class='ocrx_word' id='word_1_342' title='bbox 514 2203 541 2228; x_wconf 81' lang='lat' dir='ltr'><strong>in</strong></span> <span class='ocrx_word' id='word_1_343' title='bbox 558 2203 745 2231; x_wconf 74' lang='lat' dir='ltr'><strong>monimentum</strong></span> <span class='ocrx_word' id='word_1_344' title='bbox 761 2204 900 2231; x_wconf 79' lang='lat' dir='ltr'><strong>oblationis</strong></span> <span class='ocrx_word' id='word_1_345' title='bbox 926 2205 1043 2232; x_wconf 79' lang='lat' dir='ltr'><strong>Domini.</strong></span> 
     </span>
    </p>
   </div>
   <div class='ocr_carea' id='block_1_48' title="bbox 1092 264 1882 305">
    <p class='ocr_par' dir='ltr' id='par_1_48' title="bbox 1092 264 1882 305">
     <span class='ocr_line' id='line_1_48' title="bbox 1092 264 1882 305; baseline -0.01 -7"><span class='ocrx_word' id='word_1_346' title='bbox 1092 271 1235 305; x_wconf 85' lang='lat' dir='ltr'><strong>solumque</strong></span> <span class='ocrx_word' id='word_1_347' title='bbox 1250 270 1352 301; x_wconf 83' lang='lat' dir='ltr'><strong>Aaron,</strong></span> <span class='ocrx_word' id='word_1_348' title='bbox 1365 272 1392 295; x_wconf 90' lang='lat' dir='ltr'><strong>et</strong></span> <span class='ocrx_word' id='word_1_349' title='bbox 1410 267 1478 294; x_wconf 84' lang='lat' dir='ltr'><strong>ﬁlios</strong></span> <span class='ocrx_word' id='word_1_350' title='bbox 1495 266 1555 301; x_wconf 82' lang='lat' dir='ltr'><strong>ejus</strong></span> <span class='ocrx_word' id='word_1_351' title='bbox 1579 265 1660 300; x_wconf 89' lang='lat' dir='ltr'><strong>hujus</strong></span> <span class='ocrx_word' id='word_1_352' title='bbox 1679 264 1731 291; x_wconf 91' lang='lat' dir='ltr'><strong>cibi</strong></span> <span class='ocrx_word' id='word_1_353' title='bbox 1747 271 1807 291; x_wconf 86' lang='lat' dir='ltr'><strong>esse</strong></span> <span class='ocrx_word' id='word_1_354' title='bbox 1817 271 1882 298; x_wconf 82' lang='lat' dir='ltr'><strong>par-</strong></span> 
     </span>
    </p>
   </div>
   <div class='ocr_carea' id='block_1_49' title="bbox 1092 310 1882 350">
    <p class='ocr_par' dir='ltr' id='par_1_49' title="bbox 1092 310 1882 350">
     <span class='ocr_line' id='line_1_49' title="bbox 1092 310 1882 350; baseline -0.008 -8"><span class='ocrx_word' id='word_1_355' title='bbox 1092 316 1198 350; x_wconf 88' lang='lat' dir='ltr'><strong>ticipes,</strong></span> <span class='ocrx_word' id='word_1_356' title='bbox 1220 315 1343 350; x_wconf 69' lang='lat' dir='ltr'><strong>praecipit</strong></span> <span class='ocrx_word' id='word_1_357' title='bbox 1356 314 1499 342; x_wconf 79' lang='lat' dir='ltr'><strong>comedere</strong></span> <span class='ocrx_word' id='word_1_358' title='bbox 1514 320 1568 340; x_wconf 93' lang='lat' dir='ltr'><strong>non</strong></span> <span class='ocrx_word' id='word_1_359' title='bbox 1584 312 1695 345; x_wconf 85' lang='lat' dir='ltr'><strong>ubique,</strong></span> <span class='ocrx_word' id='word_1_360' title='bbox 1711 310 1759 338; x_wconf 85' lang='lat' dir='ltr'><strong>sed</strong></span> <span class='ocrx_word' id='word_1_361' title='bbox 1776 310 1804 337; x_wconf 90' lang='lat' dir='ltr'><strong>in</strong></span> <span class='ocrx_word' id='word_1_362' title='bbox 1821 310 1882 337; x_wconf 82' lang='lat' dir='ltr'><strong>loro</strong></span> 
     </span>
    </p>
   </div>
   <div class='ocr_carea' id='block_1_50' title="bbox 1091 356 1882 391">
    <p class='ocr_par' dir='ltr' id='par_1_50' title="bbox 1091 356 1882 391">
     <span class='ocr_line' id='line_1_50' title="bbox 1091 356 1882 391; baseline -0.01 -2"><span class='ocrx_word' id='word_1_363' title='bbox 1091 366 1195 389; x_wconf 85' lang='lat' dir='ltr'><strong>sancto.</strong></span> <span class='ocrx_word' id='word_1_364' title='bbox 1210 361 1250 388; x_wconf 87' lang='lat' dir='ltr'><strong>Sit</strong></span> <span class='ocrx_word' id='word_1_365' title='bbox 1266 365 1356 388; x_wconf 92' lang='lat' dir='ltr'><strong>autem</strong></span> <span class='ocrx_word' id='word_1_366' title='bbox 1375 360 1454 386; x_wconf 91' lang='lat' dir='ltr'><strong>nobis</strong></span> <span class='ocrx_word' id='word_1_367' title='bbox 1465 363 1576 386; x_wconf 86' lang='lat' dir='ltr'><strong>sanctus</strong></span> <span class='ocrx_word' id='word_1_368' title='bbox 1589 358 1665 384; x_wconf 88' lang='lat' dir='ltr'><strong>locus</strong></span> <span class='ocrx_word' id='word_1_369' title='bbox 1680 356 1756 391; x_wconf 84' lang='lat' dir='ltr'><strong>prius</strong></span> <span class='ocrx_word' id='word_1_370' title='bbox 1771 356 1882 390; x_wconf 89' lang='lat' dir='ltr'><strong>quidem</strong></span> 
     </span>
    </p>
   </div>
   <div class='ocr_carea' id='block_1_51' title="bbox 1091 401 1883 439">
    <p class='ocr_par' dir='ltr' id='par_1_51' title="bbox 1091 401 1883 439">
     <span class='ocr_line' id='line_1_51' title="bbox 1091 401 1883 439; baseline -0.009 -5"><span class='ocrx_word' id='word_1_371' title='bbox 1091 407 1151 434; x_wconf 85' lang='lat' dir='ltr'><strong>aula</strong></span> <span class='ocrx_word' id='word_1_372' title='bbox 1165 407 1224 438; x_wconf 93' lang='lat' dir='ltr'><strong>Dei,</strong></span> <span class='ocrx_word' id='word_1_373' title='bbox 1238 406 1338 434; x_wconf 87' lang='lat' dir='ltr'><strong>deinde</strong></span> <span class='ocrx_word' id='word_1_374' title='bbox 1350 410 1443 432; x_wconf 86' lang='lat' dir='ltr'><strong>nostra</strong></span> <span class='ocrx_word' id='word_1_375' title='bbox 1457 411 1570 439; x_wconf 79' lang='lat' dir='ltr'><strong>corpora</strong></span> <span class='ocrx_word' id='word_1_376' title='bbox 1585 403 1694 437; x_wconf 65' lang='lat' dir='ltr'><strong>quando</strong></span> <span class='ocrx_word' id='word_1_377' title='bbox 1719 406 1783 429; x_wconf 83' lang='lat' dir='ltr'><strong>sunt</strong></span> <span class='ocrx_word' id='word_1_378' title='bbox 1795 409 1811 428; x_wconf 90' lang='lat' dir='ltr'><strong>a</strong></span> <span class='ocrx_word' id='word_1_379' title='bbox 1824 401 1883 436; x_wconf 88' lang='lat' dir='ltr'><strong>pol-</strong></span> 
     </span>
    </p>
   </div>
   <div class='ocr_carea' id='block_1_52' title="bbox 1092 448 1884 483">
    <p class='ocr_par' dir='ltr' id='par_1_52' title="bbox 1092 448 1884 483">
     <span class='ocr_line' id='line_1_52' title="bbox 1092 448 1884 483; baseline -0.008 -3"><span class='ocrx_word' id='word_1_380' title='bbox 1092 452 1243 483; x_wconf 86' lang='lat' dir='ltr'><strong>lutionibus</strong></span> <span class='ocrx_word' id='word_1_381' title='bbox 1274 452 1385 483; x_wconf 89' lang='lat' dir='ltr'><strong>munda,</strong></span> <span class='ocrx_word' id='word_1_382' title='bbox 1407 451 1443 478; x_wconf 87' lang='lat' dir='ltr'><strong>ita</strong></span> <span class='ocrx_word' id='word_1_383' title='bbox 1461 455 1532 477; x_wconf 88' lang='lat' dir='ltr'><strong>utet</strong></span> <span class='ocrx_word' id='word_1_384' title='bbox 1552 449 1630 476; x_wconf 91' lang='lat' dir='ltr'><strong>nobis</strong></span> <span class='ocrx_word' id='word_1_385' title='bbox 1647 449 1811 476; x_wconf 79' lang='lat' dir='ltr'><strong>conveniant</strong></span> <span class='ocrx_word' id='word_1_386' title='bbox 1826 448 1884 475; x_wconf 55' lang='lat' dir='ltr'><strong>haec</strong></span> 
     </span>
    </p>
   </div>
   <div class='ocr_carea' id='block_1_53' title="bbox 1090 494 1884 532">
    <p class='ocr_par' dir='ltr' id='par_1_53' title="bbox 1090 494 1884 532">
     <span class='ocr_line' id='line_1_53' title="bbox 1090 494 1884 532; baseline -0.006 -7"><span class='ocrx_word' id='word_1_387' title='bbox 1090 498 1167 525; x_wconf 80' lang='lat' dir='ltr'><strong>Pauli</strong></span> <span class='ocrx_word' id='word_1_388' title='bbox 1192 498 1275 526; x_wconf 89' lang='lat' dir='ltr'><strong>verba</strong></span> <span class='ocrx_word' id='word_1_389' title='bbox 1289 505 1294 523; x_wconf 95' lang='lat'>:</span> <span class='ocrx_word' id='word_1_390' title='bbox 1311 497 1444 532; x_wconf 86' lang='lat' dir='ltr'><strong>Templum</strong></span> <span class='ocrx_word' id='word_1_391' title='bbox 1461 497 1527 523; x_wconf 85' lang='lat' dir='ltr'><strong>enim</strong></span> <span class='ocrx_word' id='word_1_392' title='bbox 1549 495 1596 522; x_wconf 75' lang='lat' dir='ltr'><strong>Dei</strong></span> <span class='ocrx_word' id='word_1_393' title='bbox 1620 499 1739 522; x_wconf 82' lang='lat' dir='ltr'><strong>sanctum</strong></span> <span class='ocrx_word' id='word_1_394' title='bbox 1755 499 1801 525; x_wconf 82' lang='lat' dir='ltr'><strong>est,</strong></span> <span class='ocrx_word' id='word_1_395' title='bbox 1815 494 1884 528; x_wconf 83' lang='lat' dir='ltr'><strong>quod</strong></span> 
     </span>
    </p>
   </div>
   <div class='ocr_carea' id='block_1_54' title="bbox 1091 540 1884 579">
    <p class='ocr_par' dir='ltr' id='par_1_54' title="bbox 1091 540 1884 579">
     <span class='ocr_line' id='line_1_54' title="bbox 1091 540 1884 579; baseline -0.005 -8"><span class='ocrx_word' id='word_1_396' title='bbox 1091 545 1151 571; x_wconf 69' lang='lat' dir='ltr'><strong>estis</strong></span> <span class='ocrx_word' id='word_1_397' title='bbox 1163 553 1205 572; x_wconf 78' lang='lat' dir='ltr'><strong>vos</strong></span> <span class='ocrx_word' id='word_1_398' title='bbox 1217 545 1249 571; x_wconf 80' lang='lat'><strong>”.</strong></span> <span class='ocrx_word' id='word_1_399' title='bbox 1264 543 1376 579; x_wconf 88' lang='lat' dir='ltr'><strong>Insuper</strong></span> <span class='ocrx_word' id='word_1_400' title='bbox 1388 544 1497 570; x_wconf 84' lang='lat' dir='ltr'><strong>elevans</strong></span> <span class='ocrx_word' id='word_1_401' title='bbox 1511 543 1571 577; x_wconf 88' lang='lat' dir='ltr'><strong>ejus</strong></span> <span class='ocrx_word' id='word_1_402' title='bbox 1584 542 1710 577; x_wconf 78' lang='lat' dir='ltr'><strong>gloriam,</strong></span> <span class='ocrx_word' id='word_1_403' title='bbox 1727 545 1754 568; x_wconf 91' lang='lat' dir='ltr'><strong>et</strong></span> <span class='ocrx_word' id='word_1_404' title='bbox 1763 540 1884 576; x_wconf 82' lang='lat' dir='ltr'><strong>mysterii</strong></span> 
     </span>
    </p>
   </div>
   <div class='ocr_carea' id='block_1_55' title="bbox 1092 589 1672 626">
    <p class='ocr_par' dir='ltr' id='par_1_55' title="bbox 1092 589 1672 626">
     <span class='ocr_line' id='line_1_55' title="bbox 1092 589 1672 626; baseline -0.005 -8"><span class='ocrx_word' id='word_1_405' title='bbox 1092 591 1250 626; x_wconf 83' lang='lat' dir='ltr'><strong>dignitatem</strong></span> <span class='ocrx_word' id='word_1_406' title='bbox 1267 590 1385 618; x_wconf 57' lang='lat' dir='ltr'><strong>eboreus</strong></span> <span class='ocrx_word' id='word_1_407' title='bbox 1403 590 1430 617; x_wconf 93' lang='lat' dir='ltr'><strong>in</strong></span> <span class='ocrx_word' id='word_1_408' title='bbox 1445 589 1561 617; x_wconf 88' lang='lat' dir='ltr'><strong>sublime</strong></span> <span class='ocrx_word' id='word_1_409' title='bbox 1574 589 1649 616; x_wconf 87' lang='lat' dir='ltr'><strong>addit</strong></span> <span class='ocrx_word' id='word_1_410' title='bbox 1665 597 1672 615; x_wconf 90' lang='lat'>:</span> 
     </span>
    </p>
   </div>
   <div class='ocr_carea' id='block_1_56' title="bbox 1127 633 1887 670">
    <p class='ocr_par' dir='ltr' id='par_1_56' title="bbox 1127 633 1887 670">
     <span class='ocr_line' id='line_1_56' title="bbox 1127 633 1887 670; baseline -0.007 -6"><span class='ocrx_word' id='word_1_411' title='bbox 1127 636 1253 664; x_wconf 77' lang='lat' dir='ltr'><strong>Sanctum</strong></span> <span class='ocrx_word' id='word_1_412' title='bbox 1262 642 1413 664; x_wconf 79' lang='lat' dir='ltr'><strong>sanctorum</strong></span> <span class='ocrx_word' id='word_1_413' title='bbox 1422 641 1459 663; x_wconf 75' lang='lat' dir='ltr'><strong>est</strong></span> <span class='ocrx_word' id='word_1_414' title='bbox 1468 636 1499 663; x_wconf 90' lang='lat' dir='ltr'><strong>de</strong></span> <span class='ocrx_word' id='word_1_415' title='bbox 1506 635 1636 670; x_wconf 80' lang='lat' dir='ltr'><strong>sacriﬁcio</strong></span> <span class='ocrx_word' id='word_1_416' title='bbox 1642 634 1748 662; x_wconf 83' lang='lat' dir='ltr'><strong>Domini</strong></span> <span class='ocrx_word' id='word_1_417' title='bbox 1752 633 1815 668; x_wconf 83' lang='lat' dir='ltr'><strong>jure</strong></span> <span class='ocrx_word' id='word_1_418' title='bbox 1826 641 1887 667; x_wconf 85' lang='lat' dir='ltr'><strong>per-</strong></span> 
     </span>
    </p>
   </div>
   <div class='ocr_carea' id='block_1_57' title="bbox 1092 679 1886 718">
    <p class='ocr_par' dir='ltr' id='par_1_57' title="bbox 1092 679 1886 718">
     <span class='ocr_line' id='line_1_57' title="bbox 1092 679 1886 718; baseline -0.006 -8"><span class='ocrx_word' id='word_1_419' title='bbox 1092 688 1179 717; x_wconf 85' lang='lat' dir='ltr'><strong>petuo.</strong></span> <span class='ocrx_word' id='word_1_420' title='bbox 1191 683 1261 718; x_wconf 75' lang='lat' dir='ltr'><strong>Ergo</strong></span> <span class='ocrx_word' id='word_1_421' title='bbox 1270 687 1363 710; x_wconf 83' lang='lat' dir='ltr'><strong>sancta</strong></span> <span class='ocrx_word' id='word_1_422' title='bbox 1373 687 1415 710; x_wconf 89' lang='lat' dir='ltr'><strong>est</strong></span> <span class='ocrx_word' id='word_1_423' title='bbox 1423 682 1522 715; x_wconf 85' lang='lat' dir='ltr'><strong>oratio,</strong></span> <span class='ocrx_word' id='word_1_424' title='bbox 1530 685 1623 709; x_wconf 85' lang='lat' dir='ltr'><strong>sancta</strong></span> <span class='ocrx_word' id='word_1_425' title='bbox 1630 680 1730 708; x_wconf 77' lang='lat' dir='ltr'><strong>divina:</strong></span> <span class='ocrx_word' id='word_1_426' title='bbox 1739 679 1886 714; x_wconf 72' lang='lat' dir='ltr'><strong>Scriptura:</strong></span> 
     </span>
    </p>
   </div>
   <div class='ocr_carea' id='block_1_58' title="bbox 1092 727 1887 764">
    <p class='ocr_par' dir='ltr' id='par_1_58' title="bbox 1092 727 1887 764">
     <span class='ocr_line' id='line_1_58' title="bbox 1092 727 1887 764; baseline -0.004 -8"><span class='ocrx_word' id='word_1_427' title='bbox 1092 729 1173 756; x_wconf 89' lang='lat' dir='ltr'><strong>lectio</strong></span> <span class='ocrx_word' id='word_1_428' title='bbox 1182 734 1209 757; x_wconf 88' lang='lat' dir='ltr'><strong>et</strong></span> <span class='ocrx_word' id='word_1_429' title='bbox 1221 729 1454 764; x_wconf 85' lang='lat' dir='ltr'><strong>interpretationis</strong></span> <span class='ocrx_word' id='word_1_430' title='bbox 1464 729 1578 761; x_wconf 86' lang='lat' dir='ltr'><strong>auditio,</strong></span> <span class='ocrx_word' id='word_1_431' title='bbox 1589 732 1681 755; x_wconf 83' lang='lat' dir='ltr'><strong>sancta</strong></span> <span class='ocrx_word' id='word_1_432' title='bbox 1691 731 1766 759; x_wconf 88' lang='lat' dir='ltr'><strong>sunt,</strong></span> <span class='ocrx_word' id='word_1_433' title='bbox 1778 731 1808 754; x_wconf 90' lang='lat' dir='ltr'><strong>ut</strong></span> <span class='ocrx_word' id='word_1_434' title='bbox 1821 727 1887 754; x_wconf 83' lang='lat' dir='ltr'><strong>bre-</strong></span> 
     </span>
    </p>
   </div>
   <div class='ocr_carea' id='block_1_59' title="bbox 1092 773 1885 810">
    <p class='ocr_par' dir='ltr' id='par_1_59' title="bbox 1092 773 1885 810">
     <span class='ocr_line' id='line_1_59' title="bbox 1092 773 1885 810; baseline -0.004 -7"><span class='ocrx_word' id='word_1_435' title='bbox 1092 775 1162 803; x_wconf 83' lang='lat' dir='ltr'><strong>viter</strong></span> <span class='ocrx_word' id='word_1_436' title='bbox 1177 776 1276 806; x_wconf 86' lang='lat' dir='ltr'><strong>dicam.</strong></span> <span class='ocrx_word' id='word_1_437' title='bbox 1297 775 1388 803; x_wconf 89' lang='lat' dir='ltr'><strong>omnia</strong></span> <span class='ocrx_word' id='word_1_438' title='bbox 1401 783 1462 810; x_wconf 86' lang='lat' dir='ltr'><strong>quae</strong></span> <span class='ocrx_word' id='word_1_439' title='bbox 1478 775 1505 801; x_wconf 93' lang='lat' dir='ltr'><strong>in</strong></span> <span class='ocrx_word' id='word_1_440' title='bbox 1526 774 1654 802; x_wconf 85' lang='lat' dir='ltr'><strong>Ecclesiis</strong></span> <span class='ocrx_word' id='word_1_441' title='bbox 1669 774 1716 801; x_wconf 88' lang='lat' dir='ltr'><strong>Dei</strong></span> <span class='ocrx_word' id='word_1_442' title='bbox 1734 773 1885 801; x_wconf 89' lang='lat' dir='ltr'><strong>secundum</strong></span> 
     </span>
    </p>
   </div>
   <div class='ocr_carea' id='block_1_60' title="bbox 1092 821 1886 858">
    <p class='ocr_par' dir='ltr' id='par_1_60' title="bbox 1092 821 1886 858">
     <span class='ocr_line' id='line_1_60' title="bbox 1092 821 1886 858; baseline -0.004 -9"><span class='ocrx_word' id='word_1_443' title='bbox 1092 823 1179 858; x_wconf 74' lang='lat' dir='ltr'><strong>legem</strong></span> <span class='ocrx_word' id='word_1_444' title='bbox 1191 823 1251 858; x_wconf 88' lang='lat' dir='ltr'><strong>ejus</strong></span> <span class='ocrx_word' id='word_1_445' title='bbox 1261 822 1390 849; x_wconf 91' lang='lat' dir='ltr'><strong>dicuntur</strong></span> <span class='ocrx_word' id='word_1_446' title='bbox 1404 827 1432 849; x_wconf 90' lang='lat' dir='ltr'><strong>et</strong></span> <span class='ocrx_word' id='word_1_447' title='bbox 1442 825 1572 857; x_wconf 73' lang='lat' dir='ltr'><strong>aguntur.</strong></span> <span class='ocrx_word' id='word_1_448' title='bbox 1589 821 1688 848; x_wconf 85' lang='lat' dir='ltr'><strong>Sancta</strong></span> <span class='ocrx_word' id='word_1_449' title='bbox 1709 825 1800 847; x_wconf 84' lang='lat' dir='ltr'><strong>autem</strong></span> <span class='ocrx_word' id='word_1_450' title='bbox 1820 828 1886 847; x_wconf 87' lang='lat' dir='ltr'><strong>san-</strong></span> 
     </span>
    </p>
   </div>
   <div class='ocr_carea' id='block_1_61' title="bbox 1093 866 1888 898">
    <p class='ocr_par' dir='ltr' id='par_1_61' title="bbox 1093 866 1888 898">
     <span class='ocr_line' id='line_1_61' title="bbox 1093 866 1888 898; baseline -0.005 -2"><span class='ocrx_word' id='word_1_451' title='bbox 1093 873 1199 896; x_wconf 89' lang='lat' dir='ltr'><strong>ctorum</strong></span> <span class='ocrx_word' id='word_1_452' title='bbox 1217 868 1250 895; x_wconf 89' lang='lat' dir='ltr'><strong>de</strong></span> <span class='ocrx_word' id='word_1_453' title='bbox 1275 868 1408 896; x_wconf 83' lang='lat' dir='ltr'><strong>sacriﬁcio</strong></span> <span class='ocrx_word' id='word_1_454' title='bbox 1423 867 1541 898; x_wconf 84' lang='lat' dir='ltr'><strong>Domini,</strong></span> <span class='ocrx_word' id='word_1_455' title='bbox 1558 867 1591 894; x_wconf 89' lang='lat' dir='ltr'><strong>de</strong></span> <span class='ocrx_word' id='word_1_456' title='bbox 1608 866 1736 894; x_wconf 88' lang='lat' dir='ltr'><strong>omnibus</strong></span> <span class='ocrx_word' id='word_1_457' title='bbox 1760 866 1888 893; x_wconf 85' lang='lat' dir='ltr'><strong>videlicet</strong></span> 
     </span>
    </p>
   </div>
   <div class='ocr_carea' id='block_1_62' title="bbox 1093 912 1887 950">
    <p class='ocr_par' dir='ltr' id='par_1_62' title="bbox 1093 912 1887 950">
     <span class='ocr_line' id='line_1_62' title="bbox 1093 912 1887 950; baseline -0.005 -8"><span class='ocrx_word' id='word_1_458' title='bbox 1093 923 1153 950; x_wconf 62' lang='lat' dir='ltr'><strong>qua:</strong></span> <span class='ocrx_word' id='word_1_459' title='bbox 1173 914 1329 942; x_wconf 78' lang='lat' dir='ltr'><strong>otIeruntur</strong></span> <span class='ocrx_word' id='word_1_460' title='bbox 1346 919 1373 941; x_wconf 90' lang='lat' dir='ltr'><strong>et</strong></span> <span class='ocrx_word' id='word_1_461' title='bbox 1387 917 1513 949; x_wconf 75' lang='lat' dir='ltr'><strong>aguntur,</strong></span> <span class='ocrx_word' id='word_1_462' title='bbox 1531 913 1564 940; x_wconf 89' lang='lat' dir='ltr'><strong>ad</strong></span> <span class='ocrx_word' id='word_1_463' title='bbox 1579 913 1639 947; x_wconf 83' lang='lat' dir='ltr'><strong>ejus</strong></span> <span class='ocrx_word' id='word_1_464' title='bbox 1655 912 1768 947; x_wconf 78' lang='lat' dir='ltr'><strong>gloriam</strong></span> <span class='ocrx_word' id='word_1_465' title='bbox 1791 919 1887 939; x_wconf 83' lang='lat' dir='ltr'><strong>mensa</strong></span> 
     </span>
    </p>
   </div>
   <div class='ocr_carea' id='block_1_63' title="bbox 1095 957 1885 995">
    <p class='ocr_par' dir='ltr' id='par_1_63' title="bbox 1095 957 1885 995">
     <span class='ocr_line' id='line_1_63' title="bbox 1095 957 1885 995; baseline -0.005 -7"><span class='ocrx_word' id='word_1_466' title='bbox 1095 964 1150 994; x_wconf 85' lang='lat' dir='ltr'><strong>est,</strong></span> <span class='ocrx_word' id='word_1_467' title='bbox 1162 968 1244 995; x_wconf 86' lang='lat' dir='ltr'><strong>quam</strong></span> <span class='ocrx_word' id='word_1_468' title='bbox 1261 960 1295 988; x_wconf 88' lang='lat' dir='ltr'><strong>de</strong></span> <span class='ocrx_word' id='word_1_469' title='bbox 1309 959 1442 987; x_wconf 83' lang='lat' dir='ltr'><strong>sacriﬁcio</strong></span> <span class='ocrx_word' id='word_1_470' title='bbox 1453 967 1504 986; x_wconf 76' lang='lat' dir='ltr'><strong>suo</strong></span> <span class='ocrx_word' id='word_1_471' title='bbox 1526 958 1651 986; x_wconf 88' lang='lat' dir='ltr'><strong>Christus</strong></span> <span class='ocrx_word' id='word_1_472' title='bbox 1664 958 1799 993; x_wconf 85' lang='lat' dir='ltr'><strong>proponit.</strong></span> <span class='ocrx_word' id='word_1_473' title='bbox 1819 957 1885 984; x_wconf 74' lang='lat' dir='ltr'><strong>Nam</strong></span> 
     </span>
    </p>
   </div>
   <div class='ocr_carea' id='block_1_64' title="bbox 1094 1005 1886 1041">
    <p class='ocr_par' dir='ltr' id='par_1_64' title="bbox 1094 1005 1886 1041">
     <span class='ocr_line' id='line_1_64' title="bbox 1094 1005 1886 1041; baseline -0.005 -8"><span class='ocrx_word' id='word_1_474' title='bbox 1094 1014 1147 1033; x_wconf 93' lang='lat' dir='ltr'><strong>non</strong></span> <span class='ocrx_word' id='word_1_475' title='bbox 1164 1006 1323 1041; x_wconf 89' lang='lat' dir='ltr'><strong>simpliciter</strong></span> <span class='ocrx_word' id='word_1_476' title='bbox 1334 1005 1412 1036; x_wconf 81' lang='lat' dir='ltr'><strong>dixit,</strong></span> <span class='ocrx_word' id='word_1_477' title='bbox 1428 1005 1491 1040; x_wconf 86' lang='lat' dir='ltr'><strong>quia</strong></span> <span class='ocrx_word' id='word_1_478' title='bbox 1505 1009 1630 1032; x_wconf 89' lang='lat' dir='ltr'><strong>sanctum</strong></span> <span class='ocrx_word' id='word_1_479' title='bbox 1652 1008 1808 1030; x_wconf 85' lang='lat' dir='ltr'><strong>sanctorum</strong></span> <span class='ocrx_word' id='word_1_480' title='bbox 1824 1007 1865 1030; x_wconf 84' lang='lat' dir='ltr'><strong>est</strong></span> <span class='ocrx_word' id='word_1_481' title='bbox 1879 1013 1886 1030; x_wconf 91' lang='lat'><strong>:</strong></span> 
     </span>
    </p>
   </div>
   <div class='ocr_carea' id='block_1_65' title="bbox 1093 1050 1888 1085">
    <p class='ocr_par' dir='ltr' id='par_1_65' title="bbox 1093 1050 1888 1085">
     <span class='ocr_line' id='line_1_65' title="bbox 1093 1050 1888 1085; baseline -0.005 -5"><span class='ocrx_word' id='word_1_482' title='bbox 1093 1053 1141 1080; x_wconf 84' lang='lat' dir='ltr'><strong>sed</strong></span> <span class='ocrx_word' id='word_1_483' title='bbox 1160 1053 1263 1080; x_wconf 86' lang='lat' dir='ltr'><strong>addidit</strong></span> <span class='ocrx_word' id='word_1_484' title='bbox 1279 1052 1429 1079; x_wconf 87' lang='lat' dir='ltr'><strong>secundum</strong></span> <span class='ocrx_word' id='word_1_485' title='bbox 1447 1050 1528 1082; x_wconf 76' lang='lat' dir='ltr'><strong>LXX,</strong></span> <span class='ocrx_word' id='word_1_486' title='bbox 1545 1051 1597 1085; x_wconf 92' lang='lat' dir='ltr'><strong>ipsi</strong></span> <span class='ocrx_word' id='word_1_487' title='bbox 1616 1058 1670 1078; x_wconf 92' lang='lat' dir='ltr'><strong>non</strong></span> <span class='ocrx_word' id='word_1_488' title='bbox 1690 1050 1777 1077; x_wconf 83' lang='lat' dir='ltr'><strong>solum</strong></span> <span class='ocrx_word' id='word_1_489' title='bbox 1794 1050 1839 1085; x_wconf 89' lang='lat' dir='ltr'><strong>qni</strong></span> <span class='ocrx_word' id='word_1_490' title='bbox 1852 1051 1888 1076; x_wconf 85' lang='lat' dir='ltr'><strong>ah</strong></span> 
     </span>
    </p>
   </div>
   <div class='ocr_carea' id='block_1_66' title="bbox 1093 1095 1887 1126">
    <p class='ocr_par' dir='ltr' id='par_1_66' title="bbox 1093 1095 1887 1126">
     <span class='ocr_line' id='line_1_66' title="bbox 1093 1095 1887 1126; baseline -0.006 0"><span class='ocrx_word' id='word_1_491' title='bbox 1093 1107 1127 1126; x_wconf 90' lang='lat' dir='ltr'><strong>eo</strong></span> <span class='ocrx_word' id='word_1_492' title='bbox 1152 1098 1367 1126; x_wconf 85' lang='lat' dir='ltr'><strong>satisfactionem</strong></span> <span class='ocrx_word' id='word_1_493' title='bbox 1392 1097 1475 1124; x_wconf 86' lang='lat' dir='ltr'><strong>habet</strong></span> <span class='ocrx_word' id='word_1_494' title='bbox 1496 1096 1544 1123; x_wconf 85' lang='lat' dir='ltr'><strong>sed</strong></span> <span class='ocrx_word' id='word_1_495' title='bbox 1556 1101 1584 1123; x_wconf 85' lang='lat' dir='ltr'><strong>et</strong></span> <span class='ocrx_word' id='word_1_496' title='bbox 1606 1095 1809 1123; x_wconf 83' lang='lat' dir='ltr'><strong>subsistentiam</strong></span> <span class='ocrx_word' id='word_1_497' title='bbox 1832 1103 1887 1122; x_wconf 90' lang='lat' dir='ltr'><strong>non</strong></span> 
     </span>
    </p>
   </div>
   <div class='ocr_carea' id='block_1_67' title="bbox 1093 1142 1887 1180">
    <p class='ocr_par' dir='ltr' id='par_1_67' title="bbox 1093 1142 1887 1180">
     <span class='ocr_line' id='line_1_67' title="bbox 1093 1142 1887 1180; baseline -0.005 -9"><span class='ocrx_word' id='word_1_498' title='bbox 1093 1144 1260 1180; x_wconf 76' lang='lat' dir='ltr'><strong>negligenter</strong></span> <span class='ocrx_word' id='word_1_499' title='bbox 1274 1151 1333 1170; x_wconf 86' lang='lat' dir='ltr'><strong>eam</strong></span> <span class='ocrx_word' id='word_1_500' title='bbox 1350 1143 1396 1170; x_wconf 89' lang='lat' dir='ltr'><strong>sed</strong></span> <span class='ocrx_word' id='word_1_501' title='bbox 1411 1142 1522 1177; x_wconf 88' lang='lat' dir='ltr'><strong>proprio</strong></span> <span class='ocrx_word' id='word_1_502' title='bbox 1540 1142 1672 1177; x_wconf 75' lang='lat' dir='ltr'><strong>sanguine</strong></span> <span class='ocrx_word' id='word_1_503' title='bbox 1689 1151 1694 1168; x_wconf 93' lang='lat'>:</span> <span class='ocrx_word' id='word_1_504' title='bbox 1708 1142 1754 1176; x_wconf 89' lang='lat' dir='ltr'><strong>qui</strong></span> <span class='ocrx_word' id='word_1_505' title='bbox 1774 1149 1823 1176; x_wconf 91' lang='lat' dir='ltr'><strong>pro</strong></span> <span class='ocrx_word' id='word_1_506' title='bbox 1837 1149 1887 1168; x_wconf 40' lang='lat' dir='ltr'><strong>no‘</strong></span> 
     </span>
    </p>
   </div>
   <div class='ocr_carea' id='block_1_68' title="bbox 1092 1189 1732 1217">
    <p class='ocr_par' dir='ltr' id='par_1_68' title="bbox 1092 1189 1732 1217">
     <span class='ocr_line' id='line_1_68' title="bbox 1092 1189 1732 1217; baseline -0.005 0"><span class='ocrx_word' id='word_1_507' title='bbox 1092 1189 1134 1217; x_wconf 84' lang='lat' dir='ltr'><strong>bis</strong></span> <span class='ocrx_word' id='word_1_508' title='bbox 1150 1190 1253 1217; x_wconf 79' lang='lat' dir='ltr'><strong>effusus</strong></span> <span class='ocrx_word' id='word_1_509' title='bbox 1267 1193 1309 1216; x_wconf 91' lang='lat' dir='ltr'><strong>est</strong></span> <span class='ocrx_word' id='word_1_510' title='bbox 1320 1189 1482 1216; x_wconf 86' lang='lat' dir='ltr'><strong>ostendente</strong></span> <span class='ocrx_word' id='word_1_511' title='bbox 1497 1193 1524 1215; x_wconf 92' lang='lat' dir='ltr'><strong>et</strong></span> <span class='ocrx_word' id='word_1_512' title='bbox 1535 1189 1732 1215; x_wconf 85' lang='lat' dir='ltr'><strong>constituente.</strong></span> 
     </span>
    </p>
   </div>
   <div class='ocr_carea' id='block_1_69' title="bbox 1128 1234 1889 1270">
    <p class='ocr_par' dir='ltr' id='par_1_69' title="bbox 1128 1234 1889 1270">
     <span class='ocr_line' id='line_1_69' title="bbox 1128 1234 1889 1270; baseline -0.005 -7"><span class='ocrx_word' id='word_1_513' title='bbox 1128 1235 1209 1263; x_wconf 79' lang='lat' dir='ltr'><strong>Vens.</strong></span> <span class='ocrx_word' id='word_1_514' title='bbox 1219 1236 1312 1262; x_wconf 72' lang='grc' dir='ltr'><strong>10-ιῶ.</strong></span> <span class='ocrx_word' id='word_1_515' title='bbox 1322 1245 1331 1261; x_wconf 79' lang='grc' dir='ltr'><strong>ι</strong></span> <span class='ocrx_word' id='word_1_516' title='bbox 1347 1236 1418 1263; x_wconf 84' lang='lat' dir='ltr'><strong>Ecce</strong></span> <span class='ocrx_word' id='word_1_517' title='bbox 1430 1239 1520 1262; x_wconf 84' lang='lat' dir='ltr'><strong>autem</strong></span> <span class='ocrx_word' id='word_1_518' title='bbox 1538 1242 1665 1270; x_wconf 79' lang='lat' dir='ltr'><strong>egressus</strong></span> <span class='ocrx_word' id='word_1_519' title='bbox 1679 1234 1750 1261; x_wconf 87' lang='lat' dir='ltr'><strong>lilius</strong></span> <span class='ocrx_word' id='word_1_520' title='bbox 1765 1234 1889 1261; x_wconf 57' lang='lat' dir='ltr'><strong>mulieris</strong></span> 
     </span>
    </p>
   </div>
   <div class='ocr_carea' id='block_1_70' title="bbox 1092 1280 1889 1317">
    <p class='ocr_par' dir='ltr' id='par_1_70' title="bbox 1092 1280 1889 1317">
     <span class='ocr_line' id='line_1_70' title="bbox 1092 1280 1889 1317; baseline -0.004 -8"><span class='ocrx_word' id='word_1_521' title='bbox 1092 1282 1262 1315; x_wconf 88' lang='lat' dir='ltr'><strong>lsraelitidis,</strong></span> <span class='ocrx_word' id='word_1_522' title='bbox 1277 1290 1358 1317; x_wconf 86' lang='lat' dir='ltr'><strong>quem</strong></span> <span class='ocrx_word' id='word_1_523' title='bbox 1374 1285 1518 1316; x_wconf 89' lang='lat' dir='ltr'><strong>pepererat</strong></span> <span class='ocrx_word' id='word_1_524' title='bbox 1531 1281 1565 1308; x_wconf 88' lang='lat' dir='ltr'><strong>de</strong></span> <span class='ocrx_word' id='word_1_525' title='bbox 1581 1280 1639 1308; x_wconf 91' lang='lat' dir='ltr'><strong>viro</strong></span> <span class='ocrx_word' id='word_1_526' title='bbox 1663 1280 1791 1316; x_wconf 64' lang='lat' dir='ltr'><strong>Egyptio</strong></span> <span class='ocrx_word' id='word_1_527' title='bbox 1815 1280 1889 1307; x_wconf 79' lang='lat' dir='ltr'><strong>inter</strong></span> 
     </span>
    </p>
   </div>
   <div class='ocr_carea' id='block_1_71' title="bbox 1093 1327 1886 1365">
    <p class='ocr_par' dir='ltr' id='par_1_71' title="bbox 1093 1327 1886 1365">
     <span class='ocr_line' id='line_1_71' title="bbox 1093 1327 1886 1365; baseline -0.005 -8"><span class='ocrx_word' id='word_1_528' title='bbox 1093 1329 1161 1357; x_wconf 77' lang='lat' dir='ltr'><strong>filios</strong></span> <span class='ocrx_word' id='word_1_529' title='bbox 1176 1330 1270 1358; x_wconf 86' lang='lat' dir='ltr'><strong>lsrael.</strong></span> <span class='ocrx_word' id='word_1_530' title='bbox 1280 1329 1403 1365; x_wconf 78' lang='lat' dir='ltr'><strong>jurgatus</strong></span> <span class='ocrx_word' id='word_1_531' title='bbox 1413 1333 1454 1355; x_wconf 90' lang='lat' dir='ltr'><strong>est</strong></span> <span class='ocrx_word' id='word_1_532' title='bbox 1465 1328 1492 1355; x_wconf 90' lang='lat' dir='ltr'><strong>in</strong></span> <span class='ocrx_word' id='word_1_533' title='bbox 1501 1328 1597 1355; x_wconf 86' lang='lat' dir='ltr'><strong>castris</strong></span> <span class='ocrx_word' id='word_1_534' title='bbox 1609 1335 1671 1354; x_wconf 88' lang='lat' dir='ltr'><strong>cum</strong></span> <span class='ocrx_word' id='word_1_535' title='bbox 1684 1328 1742 1354; x_wconf 89' lang='lat' dir='ltr'><strong>viro</strong></span> <span class='ocrx_word' id='word_1_536' title='bbox 1755 1327 1886 1354; x_wconf 83' lang='lat' dir='ltr'><strong>Israelita.</strong></span> 
     </span>
    </p>
   </div>
   <div class='ocr_carea' id='block_1_72' title="bbox 1093 1371 1889 1410">
    <p class='ocr_par' dir='ltr' id='par_1_72' title="bbox 1093 1371 1889 1410">
     <span class='ocr_line' id='line_1_72' title="bbox 1093 1371 1889 1410; baseline -0.004 -8"><span class='ocrx_word' id='word_1_537' title='bbox 1093 1375 1214 1410; x_wconf 88' lang='lat' dir='ltr'><strong>Cumque</strong></span> <span class='ocrx_word' id='word_1_538' title='bbox 1227 1375 1441 1410; x_wconf 84' lang='lat' dir='ltr'><strong>hlasphemasset</strong></span> <span class='ocrx_word' id='word_1_539' title='bbox 1451 1381 1549 1401; x_wconf 91' lang='lat' dir='ltr'><strong>nomen</strong></span> <span class='ocrx_word' id='word_1_540' title='bbox 1559 1372 1675 1405; x_wconf 83' lang='lat' dir='ltr'><strong>Domini,</strong></span> <span class='ocrx_word' id='word_1_541' title='bbox 1689 1377 1718 1399; x_wconf 88' lang='lat' dir='ltr'><strong>et</strong></span> <span class='ocrx_word' id='word_1_542' title='bbox 1732 1371 1860 1399; x_wconf 80' lang='lat' dir='ltr'><strong>maledixi</strong></span> <span class='ocrx_word' id='word_1_543' title='bbox 1869 1388 1889 1395; x_wconf 85' lang='lat'><strong>--</strong></span> 
     </span>
    </p>
   </div>
   <div class='ocr_carea' id='block_1_73' title="bbox 1093 1419 1888 1455">
    <p class='ocr_par' dir='ltr' id='par_1_73' title="bbox 1093 1419 1888 1455">
     <span class='ocr_line' id='line_1_73' title="bbox 1093 1419 1888 1455; baseline -0.006 -7"><span class='ocrx_word' id='word_1_544' title='bbox 1093 1426 1133 1448; x_wconf 90' lang='lat' dir='ltr'><strong>set</strong></span> <span class='ocrx_word' id='word_1_545' title='bbox 1142 1422 1177 1452; x_wconf 89' lang='lat' dir='ltr'><strong>ei.</strong></span> <span class='ocrx_word' id='word_1_546' title='bbox 1191 1421 1324 1448; x_wconf 85' lang='lat' dir='ltr'><strong>adductus</strong></span> <span class='ocrx_word' id='word_1_547' title='bbox 1338 1425 1379 1448; x_wconf 86' lang='lat' dir='ltr'><strong>est</strong></span> <span class='ocrx_word' id='word_1_548' title='bbox 1387 1420 1420 1447; x_wconf 87' lang='lat' dir='ltr'><strong>ad</strong></span> <span class='ocrx_word' id='word_1_549' title='bbox 1431 1419 1550 1455; x_wconf 82' lang='lat' dir='ltr'><strong>Moysen.</strong></span> <span class='ocrx_word' id='word_1_550' title='bbox 1560 1419 1714 1446; x_wconf 82' lang='lat' dir='ltr'><strong>Vocabatur</strong></span> <span class='ocrx_word' id='word_1_551' title='bbox 1724 1423 1816 1445; x_wconf 85' lang='lat' dir='ltr'><strong>autem</strong></span> <span class='ocrx_word' id='word_1_552' title='bbox 1829 1426 1888 1444; x_wconf 82' lang='lat' dir='ltr'><strong>ma-</strong></span> 
     </span>
    </p>
   </div>
   <div class='ocr_carea' id='block_1_74' title="bbox 1082 1464 1889 1501">
    <p class='ocr_par' dir='ltr' id='par_1_74' title="bbox 1082 1464 1889 1501">
     <span class='ocr_line' id='line_1_74' title="bbox 1082 1464 1889 1501; baseline -0.004 -7"><span class='ocrx_word' id='word_1_553' title='bbox 1082 1473 1134 1495; x_wconf 86' lang='lat' dir='ltr'><strong>.tcr</strong></span> <span class='ocrx_word' id='word_1_554' title='bbox 1143 1467 1202 1501; x_wconf 88' lang='lat' dir='ltr'><strong>ejus</strong></span> <span class='ocrx_word' id='word_1_555' title='bbox 1209 1467 1368 1498; x_wconf 88' lang='lat' dir='ltr'><strong>Salomiteh,</strong></span> <span class='ocrx_word' id='word_1_556' title='bbox 1377 1466 1428 1493; x_wconf 82' lang='lat' dir='ltr'><strong>ﬁlia</strong></span> <span class='ocrx_word' id='word_1_557' title='bbox 1438 1466 1528 1497; x_wconf 85' lang='lat' dir='ltr'><strong>Dabri,</strong></span> <span class='ocrx_word' id='word_1_558' title='bbox 1536 1465 1570 1493; x_wconf 83' lang='lat' dir='ltr'><strong>de</strong></span> <span class='ocrx_word' id='word_1_559' title='bbox 1581 1465 1652 1492; x_wconf 91' lang='lat' dir='ltr'><strong>tribu</strong></span> <span class='ocrx_word' id='word_1_560' title='bbox 1662 1464 1730 1492; x_wconf 86' lang='lat' dir='ltr'><strong>Dan.</strong></span> <span class='ocrx_word' id='word_1_561' title='bbox 1742 1464 1889 1492; x_wconf 76' lang='lat' dir='ltr'><strong>Miserunt-</strong></span> 
     </span>
    </p>
   </div>
   <div class='ocr_carea' id='block_1_75' title="bbox 1093 1511 1890 1549">
    <p class='ocr_par' dir='ltr' id='par_1_75' title="bbox 1093 1511 1890 1549">
     <span class='ocr_line' id='line_1_75' title="bbox 1093 1511 1890 1549; baseline -0.005 -8"><span class='ocrx_word' id='word_1_562' title='bbox 1093 1522 1146 1549; x_wconf 88' lang='lat' dir='ltr'><strong>que</strong></span> <span class='ocrx_word' id='word_1_563' title='bbox 1161 1522 1224 1541; x_wconf 87' lang='lat' dir='ltr'><strong>eum</strong></span> <span class='ocrx_word' id='word_1_564' title='bbox 1240 1514 1267 1540; x_wconf 92' lang='lat' dir='ltr'><strong>in</strong></span> <span class='ocrx_word' id='word_1_565' title='bbox 1281 1521 1428 1545; x_wconf 82' lang='lat' dir='ltr'><strong>carcerem,</strong></span> <span class='ocrx_word' id='word_1_566' title='bbox 1441 1513 1529 1540; x_wconf 82' lang='lat' dir='ltr'><strong>donec</strong></span> <span class='ocrx_word' id='word_1_567' title='bbox 1540 1516 1661 1544; x_wconf 88' lang='lat' dir='ltr'><strong>nossent,</strong></span> <span class='ocrx_word' id='word_1_568' title='bbox 1676 1511 1748 1547; x_wconf 91' lang='lat' dir='ltr'><strong>quod</strong></span> <span class='ocrx_word' id='word_1_569' title='bbox 1761 1511 1890 1546; x_wconf 81' lang='lat' dir='ltr'><strong>jussisset</strong></span> 
     </span>
    </p>
   </div>
   <div class='ocr_carea' id='block_1_76' title="bbox 1095 1557 1888 1593">
    <p class='ocr_par' dir='ltr' id='par_1_76' title="bbox 1095 1557 1888 1593">
     <span class='ocr_line' id='line_1_76' title="bbox 1095 1557 1888 1593; baseline -0.005 -7"><span class='ocrx_word' id='word_1_570' title='bbox 1095 1560 1237 1586; x_wconf 84' lang='lat' dir='ltr'><strong>Dominus.</strong></span> <span class='ocrx_word' id='word_1_571' title='bbox 1252 1559 1302 1592; x_wconf 87' lang='lat' dir='ltr'><strong>Qui</strong></span> <span class='ocrx_word' id='word_1_572' title='bbox 1319 1559 1426 1586; x_wconf 87' lang='lat' dir='ltr'><strong>locutus</strong></span> <span class='ocrx_word' id='word_1_573' title='bbox 1440 1562 1482 1585; x_wconf 88' lang='lat' dir='ltr'><strong>est</strong></span> <span class='ocrx_word' id='word_1_574' title='bbox 1496 1558 1530 1585; x_wconf 86' lang='lat' dir='ltr'><strong>ad</strong></span> <span class='ocrx_word' id='word_1_575' title='bbox 1548 1558 1669 1593; x_wconf 84' lang='lat' dir='ltr'><strong>Moysen,</strong></span> <span class='ocrx_word' id='word_1_576' title='bbox 1685 1557 1780 1584; x_wconf 89' lang='lat' dir='ltr'><strong>dicens</strong></span> <span class='ocrx_word' id='word_1_577' title='bbox 1794 1557 1888 1584; x_wconf 85' lang='lat' dir='ltr'><strong>:Educ</strong></span> 
     </span>
    </p>
   </div>
   <div class='ocr_carea' id='block_1_77' title="bbox 1069 1605 1889 1641">
    <p class='ocr_par' dir='ltr' id='par_1_77' title="bbox 1069 1605 1889 1641">
     <span class='ocr_line' id='line_1_77' title="bbox 1069 1605 1889 1641; baseline -0.005 -8"><span class='ocrx_word' id='word_1_578' title='bbox 1069 1609 1076 1617; x_wconf 93' lang='lat'>‘</span> <span class='ocrx_word' id='word_1_579' title='bbox 1094 1606 1282 1641; x_wconf 84' lang='lat' dir='ltr'><strong>blasphemum</strong></span> <span class='ocrx_word' id='word_1_580' title='bbox 1307 1605 1387 1632; x_wconf 86' lang='lat' dir='ltr'><strong>istum</strong></span> <span class='ocrx_word' id='word_1_581' title='bbox 1405 1609 1481 1632; x_wconf 89' lang='lat' dir='ltr'><strong>extra</strong></span> <span class='ocrx_word' id='word_1_582' title='bbox 1498 1609 1598 1635; x_wconf 87' lang='lat' dir='ltr'><strong>castra,</strong></span> <span class='ocrx_word' id='word_1_583' title='bbox 1615 1608 1643 1630; x_wconf 80' lang='lat' dir='ltr'><strong>(-t</strong></span> <span class='ocrx_word' id='word_1_584' title='bbox 1665 1607 1769 1638; x_wconf 89' lang='lat' dir='ltr'><strong>ponant</strong></span> <span class='ocrx_word' id='word_1_585' title='bbox 1791 1611 1889 1630; x_wconf 88' lang='lat' dir='ltr'><strong>omnes</strong></span> 
     </span>
    </p>
   </div>
   <div class='ocr_carea' id='block_1_78' title="bbox 1092 1649 1890 1687">
    <p class='ocr_par' dir='ltr' id='par_1_78' title="bbox 1092 1649 1890 1687">
     <span class='ocr_line' id='line_1_78' title="bbox 1092 1649 1890 1687; baseline -0.004 -8"><span class='ocrx_word' id='word_1_586' title='bbox 1092 1652 1138 1687; x_wconf 88' lang='lat' dir='ltr'><strong>qtti</strong></span> <span class='ocrx_word' id='word_1_587' title='bbox 1155 1652 1311 1683; x_wconf 86' lang='lat' dir='ltr'><strong>audierunt,</strong></span> <span class='ocrx_word' id='word_1_588' title='bbox 1330 1659 1427 1679; x_wconf 87' lang='lat' dir='ltr'><strong>manus</strong></span> <span class='ocrx_word' id='word_1_589' title='bbox 1448 1659 1511 1678; x_wconf 87' lang='lat' dir='ltr'><strong>suas</strong></span> <span class='ocrx_word' id='word_1_590' title='bbox 1526 1658 1608 1685; x_wconf 90' lang='lat' dir='ltr'><strong>super</strong></span> <span class='ocrx_word' id='word_1_591' title='bbox 1624 1655 1705 1685; x_wconf 83' lang='lat' dir='ltr'><strong>caput</strong></span> <span class='ocrx_word' id='word_1_592' title='bbox 1723 1650 1785 1684; x_wconf 86' lang='lat' dir='ltr'><strong>ejus</strong></span> <span class='ocrx_word' id='word_1_593' title='bbox 1799 1653 1827 1677; x_wconf 87' lang='lat' dir='ltr'><strong>et</strong></span> <span class='ocrx_word' id='word_1_594' title='bbox 1849 1649 1890 1676; x_wconf 81' lang='lat' dir='ltr'><strong>la-</strong></span> 
     </span>
    </p>
   </div>
   <div class='ocr_carea' id='block_1_79' title="bbox 1093 1697 1576 1733">
    <p class='ocr_par' dir='ltr' id='par_1_79' title="bbox 1093 1697 1576 1733">
     <span class='ocr_line' id='line_1_79' title="bbox 1093 1697 1576 1733; baseline -0.004 -8"><span class='ocrx_word' id='word_1_595' title='bbox 1093 1698 1167 1733; x_wconf 89' lang='lat' dir='ltr'><strong>pidct</strong></span> <span class='ocrx_word' id='word_1_596' title='bbox 1181 1706 1243 1724; x_wconf 79' lang='lat' dir='ltr'><strong>eum</strong></span> <span class='ocrx_word' id='word_1_597' title='bbox 1258 1698 1375 1733; x_wconf 86' lang='lat' dir='ltr'><strong>populus</strong></span> <span class='ocrx_word' id='word_1_598' title='bbox 1387 1697 1540 1724; x_wconf 80' lang='lat' dir='ltr'><strong>universus.</strong></span> <span class='ocrx_word' id='word_1_599' title='bbox 1567 1706 1576 1722; x_wconf 80' lang='grc' dir='ltr'><strong>ι</strong></span> 
     </span>
    </p>
   </div>
   <div class='ocr_carea' id='block_1_80' title="bbox 1125 1741 1890 1779">
    <p class='ocr_par' dir='ltr' id='par_1_80' title="bbox 1125 1741 1890 1779">
     <span class='ocr_line' id='line_1_80' title="bbox 1125 1741 1890 1779; baseline -0.004 -8"><span class='ocrx_word' id='word_1_600' title='bbox 1125 1744 1300 1771; x_wconf 82' lang='lat' dir='ltr'><strong>Admirabilia</strong></span> <span class='ocrx_word' id='word_1_601' title='bbox 1316 1748 1342 1771; x_wconf 84' lang='lat' dir='ltr'><strong>et</strong></span> <span class='ocrx_word' id='word_1_602' title='bbox 1357 1751 1430 1770; x_wconf 92' lang='lat' dir='ltr'><strong>nunc</strong></span> <span class='ocrx_word' id='word_1_603' title='bbox 1442 1743 1523 1770; x_wconf 84' lang='lat' dir='ltr'><strong>nobis</strong></span> <span class='ocrx_word' id='word_1_604' title='bbox 1537 1743 1775 1779; x_wconf 76' lang='lat' dir='ltr'><strong>legislalortradit,</strong></span> <span class='ocrx_word' id='word_1_605' title='bbox 1788 1742 1815 1769; x_wconf 88' lang='lat' dir='ltr'><strong>in</strong></span> <span class='ocrx_word' id='word_1_606' title='bbox 1827 1741 1890 1777; x_wconf 85' lang='lat' dir='ltr'><strong>qui-</strong></span> 
     </span>
    </p>
   </div>
   <div class='ocr_carea' id='block_1_81' title="bbox 1093 1786 1889 1824">
    <p class='ocr_par' dir='ltr' id='par_1_81' title="bbox 1093 1786 1889 1824">
     <span class='ocr_line' id='line_1_81' title="bbox 1093 1786 1889 1824; baseline -0.003 -9"><span class='ocrx_word' id='word_1_607' title='bbox 1093 1789 1144 1816; x_wconf 86' lang='lat' dir='ltr'><strong>bus</strong></span> <span class='ocrx_word' id='word_1_608' title='bbox 1160 1788 1270 1824; x_wconf 78' lang='lat' dir='ltr'><strong>dignum</strong></span> <span class='ocrx_word' id='word_1_609' title='bbox 1286 1792 1328 1814; x_wconf 89' lang='lat' dir='ltr'><strong>est</strong></span> <span class='ocrx_word' id='word_1_610' title='bbox 1343 1787 1435 1814; x_wconf 81' lang='lat' dir='ltr'><strong>dicere</strong></span> <span class='ocrx_word' id='word_1_611' title='bbox 1454 1797 1459 1814; x_wconf 94' lang='lat'>:</span> <span class='ocrx_word' id='word_1_612' title='bbox 1480 1786 1565 1819; x_wconf 86' lang='lat' dir='ltr'><strong>Quam</strong></span> <span class='ocrx_word' id='word_1_613' title='bbox 1582 1787 1672 1814; x_wconf 83' lang='lat' dir='ltr'><strong>dulcia</strong></span> <span class='ocrx_word' id='word_1_614' title='bbox 1687 1787 1807 1823; x_wconf 76' lang='lat' dir='ltr'><strong>faucibus</strong></span> <span class='ocrx_word' id='word_1_615' title='bbox 1823 1787 1889 1813; x_wconf 71' lang='lat' dir='ltr'><strong>meis</strong></span> 
     </span>
    </p>
   </div>
   <div class='ocr_carea' id='block_1_82' title="bbox 1094 1833 1890 1870">
    <p class='ocr_par' dir='ltr' id='par_1_82' title="bbox 1094 1833 1890 1870">
     <span class='ocr_line' id='line_1_82' title="bbox 1094 1833 1890 1870; baseline -0.001 -9"><span class='ocrx_word' id='word_1_616' title='bbox 1094 1835 1197 1870; x_wconf 84' lang='lat' dir='ltr'><strong>eloquia</strong></span> <span class='ocrx_word' id='word_1_617' title='bbox 1213 1839 1269 1866; x_wconf 89' lang='lat' dir='ltr'><strong>tua,</strong></span> <span class='ocrx_word' id='word_1_618' title='bbox 1286 1834 1407 1866; x_wconf 83' lang='lat' dir='ltr'><strong>Domine,</strong></span> <span class='ocrx_word' id='word_1_619' title='bbox 1425 1842 1503 1869; x_wconf 82' lang='lat' dir='ltr'><strong>super</strong></span> <span class='ocrx_word' id='word_1_620' title='bbox 1519 1834 1569 1860; x_wconf 87' lang='lat' dir='ltr'><strong>mel</strong></span> <span class='ocrx_word' id='word_1_621' title='bbox 1582 1838 1606 1860; x_wconf 76' lang='lat' dir='ltr'><strong>et</strong></span> <span class='ocrx_word' id='word_1_622' title='bbox 1623 1834 1713 1869; x_wconf 76' lang='lat' dir='ltr'><strong>[auum</strong></span> <span class='ocrx_word' id='word_1_623' title='bbox 1729 1835 1768 1860; x_wconf 88' lang='lat' dir='ltr'><strong>ori</strong></span> <span class='ocrx_word' id='word_1_624' title='bbox 1785 1841 1842 1860; x_wconf 82' lang='lat' dir='ltr'><strong>meo</strong></span> <span class='ocrx_word' id='word_1_625' title='bbox 1854 1833 1890 1860; x_wconf 81' lang='lat'><strong>&quot;.</strong></span> 
     </span>
    </p>
   </div>
   <div class='ocr_carea' id='block_1_83' title="bbox 1093 1878 1889 1914">
    <p class='ocr_par' dir='ltr' id='par_1_83' title="bbox 1093 1878 1889 1914">
     <span class='ocr_line' id='line_1_83' title="bbox 1093 1878 1889 1914; baseline -0.001 -8"><span class='ocrx_word' id='word_1_626' title='bbox 1093 1879 1251 1907; x_wconf 87' lang='lat' dir='ltr'><strong>Necessaria</strong></span> <span class='ocrx_word' id='word_1_627' title='bbox 1267 1879 1350 1912; x_wconf 86' lang='lat' dir='ltr'><strong>enim,</strong></span> <span class='ocrx_word' id='word_1_628' title='bbox 1368 1883 1394 1906; x_wconf 85' lang='lat' dir='ltr'><strong>et</strong></span> <span class='ocrx_word' id='word_1_629' title='bbox 1410 1879 1492 1906; x_wconf 89' lang='lat' dir='ltr'><strong>nimis</strong></span> <span class='ocrx_word' id='word_1_630' title='bbox 1503 1879 1578 1906; x_wconf 87' lang='lat' dir='ltr'><strong>utilia</strong></span> <span class='ocrx_word' id='word_1_631' title='bbox 1592 1879 1619 1905; x_wconf 95' lang='lat' dir='ltr'><strong>in</strong></span> <span class='ocrx_word' id='word_1_632' title='bbox 1630 1878 1792 1914; x_wconf 79' lang='lat' dir='ltr'><strong>imaginibus</strong></span> <span class='ocrx_word' id='word_1_633' title='bbox 1808 1878 1889 1910; x_wconf 86' lang='lat' dir='ltr'><strong>vivis,</strong></span> 
     </span>
    </p>
   </div>
   <div class='ocr_carea' id='block_1_84' title="bbox 1095 1925 1889 1962">
    <p class='ocr_par' dir='ltr' id='par_1_84' title="bbox 1095 1925 1889 1962">
     <span class='ocr_line' id='line_1_84' title="bbox 1095 1925 1889 1962; baseline -0.003 -9"><span class='ocrx_word' id='word_1_634' title='bbox 1095 1931 1122 1953; x_wconf 87' lang='lat' dir='ltr'><strong>et</strong></span> <span class='ocrx_word' id='word_1_635' title='bbox 1132 1926 1215 1962; x_wconf 80' lang='lat' dir='ltr'><strong>signis</strong></span> <span class='ocrx_word' id='word_1_636' title='bbox 1227 1925 1364 1957; x_wconf 87' lang='lat' dir='ltr'><strong>animatis,</strong></span> <span class='ocrx_word' id='word_1_637' title='bbox 1377 1930 1405 1953; x_wconf 91' lang='lat' dir='ltr'><strong>et</strong></span> <span class='ocrx_word' id='word_1_638' title='bbox 1415 1925 1593 1960; x_wconf 84' lang='lat' dir='ltr'><strong>operantibus</strong></span> <span class='ocrx_word' id='word_1_639' title='bbox 1603 1926 1683 1952; x_wconf 89' lang='lat' dir='ltr'><strong>modo</strong></span> <span class='ocrx_word' id='word_1_640' title='bbox 1695 1925 1812 1959; x_wconf 91' lang='lat' dir='ltr'><strong>quodam</strong></span> <span class='ocrx_word' id='word_1_641' title='bbox 1825 1932 1838 1951; x_wconf 87' lang='lat' dir='ltr'><strong>s</strong></span> <span class='ocrx_word' id='word_1_642' title='bbox 1847 1932 1889 1952; x_wconf 56' lang='lat' dir='ltr'><strong>‘so</strong></span> 
     </span>
    </p>
   </div>
   <div class='ocr_carea' id='block_1_85' title="bbox 1094 1971 1891 2005">
    <p class='ocr_par' dir='ltr' id='par_1_85' title="bbox 1094 1971 1891 2005">
     <span class='ocr_line' id='line_1_85' title="bbox 1094 1971 1891 2005; baseline -0.004 -6"><span class='ocrx_word' id='word_1_643' title='bbox 1094 1972 1267 2000; x_wconf 87' lang='lat' dir='ltr'><strong>moventibus</strong></span> <span class='ocrx_word' id='word_1_644' title='bbox 1284 1972 1376 1999; x_wconf 86' lang='lat' dir='ltr'><strong>tradit.</strong></span> <span class='ocrx_word' id='word_1_645' title='bbox 1394 1971 1518 1999; x_wconf 80' lang='lat' dir='ltr'><strong>Exterior</strong></span> <span class='ocrx_word' id='word_1_646' title='bbox 1535 1971 1610 1998; x_wconf 91' lang='lat' dir='ltr'><strong>enim</strong></span> <span class='ocrx_word' id='word_1_647' title='bbox 1629 1971 1761 2005; x_wconf 83' lang='lat' dir='ltr'><strong>sapientia</strong></span> <span class='ocrx_word' id='word_1_648' title='bbox 1780 1976 1832 2003; x_wconf 79' lang='lat' dir='ltr'><strong>est,</strong></span> <span class='ocrx_word' id='word_1_649' title='bbox 1856 1971 1891 1997; x_wconf 76' lang='lat' dir='ltr'><strong>de.</strong></span> 
     </span>
    </p>
   </div>
   <div class='ocr_carea' id='block_1_86' title="bbox 1094 2016 1891 2052">
    <p class='ocr_par' dir='ltr' id='par_1_86' title="bbox 1094 2016 1891 2052">
     <span class='ocr_line' id='line_1_86' title="bbox 1094 2016 1891 2052; baseline -0.003 -8"><span class='ocrx_word' id='word_1_650' title='bbox 1094 2025 1147 2052; x_wconf 92' lang='lat' dir='ltr'><strong>qua</strong></span> <span class='ocrx_word' id='word_1_651' title='bbox 1170 2017 1207 2044; x_wconf 86' lang='lat' dir='ltr'><strong>ait</strong></span> <span class='ocrx_word' id='word_1_652' title='bbox 1224 2017 1321 2044; x_wconf 84' lang='lat' dir='ltr'><strong>Paulus</strong></span> <span class='ocrx_word' id='word_1_653' title='bbox 1335 2025 1340 2043; x_wconf 92' lang='lat'>:</span> <span class='ocrx_word' id='word_1_654' title='bbox 1357 2017 1426 2049; x_wconf 83' lang='lat' dir='ltr'><strong>Quia</strong></span> <span class='ocrx_word' id='word_1_655' title='bbox 1441 2016 1548 2043; x_wconf 80' lang='lat' dir='ltr'><strong>stultam</strong></span> <span class='ocrx_word' id='word_1_656' title='bbox 1571 2017 1633 2052; x_wconf 81' lang='lat' dir='ltr'><strong>fecit</strong></span> <span class='ocrx_word' id='word_1_657' title='bbox 1650 2016 1718 2043; x_wconf 79' lang='lat' dir='ltr'><strong>Deus</strong></span> <span class='ocrx_word' id='word_1_658' title='bbox 1731 2017 1891 2050; x_wconf 68' lang='lat' dir='ltr'><strong>sapit-mium</strong></span> 
     </span>
    </p>
   </div>
   <div class='ocr_carea' id='block_1_87' title="bbox 1095 2061 1890 2098">
    <p class='ocr_par' dir='ltr' id='par_1_87' title="bbox 1095 2061 1890 2098">
     <span class='ocr_line' id='line_1_87' title="bbox 1095 2061 1890 2098; baseline -0.004 -8"><span class='ocrx_word' id='word_1_659' title='bbox 1095 2063 1174 2098; x_wconf 81' lang='lat' dir='ltr'><strong>hujus</strong></span> <span class='ocrx_word' id='word_1_660' title='bbox 1190 2063 1281 2090; x_wconf 86' lang='lat' dir='ltr'><strong>mundi</strong></span> <span class='ocrx_word' id='word_1_661' title='bbox 1295 2064 1328 2090; x_wconf 84' lang='lat'><strong>&quot;.</strong></span> <span class='ocrx_word' id='word_1_662' title='bbox 1348 2063 1382 2090; x_wconf 89' lang='lat' dir='ltr'><strong>Et</strong></span> <span class='ocrx_word' id='word_1_663' title='bbox 1400 2069 1494 2090; x_wconf 85' lang='lat' dir='ltr'><strong>rursus</strong></span> <span class='ocrx_word' id='word_1_664' title='bbox 1508 2071 1514 2088; x_wconf 95' lang='lat'>:</span> <span class='ocrx_word' id='word_1_665' title='bbox 1533 2061 1672 2097; x_wconf 83' lang='lat' dir='ltr'><strong>Sapientia</strong></span> <span class='ocrx_word' id='word_1_666' title='bbox 1693 2062 1772 2096; x_wconf 74' lang='lat' dir='ltr'><strong>hujus</strong></span> <span class='ocrx_word' id='word_1_667' title='bbox 1787 2062 1890 2094; x_wconf 84' lang='lat' dir='ltr'><strong>mundi,</strong></span> 
     </span>
    </p>
   </div>
   <div class='ocr_carea' id='block_1_88' title="bbox 1095 2108 1892 2143">
    <p class='ocr_par' dir='ltr' id='par_1_88' title="bbox 1095 2108 1892 2143">
     <span class='ocr_line' id='line_1_88' title="bbox 1095 2108 1892 2143; baseline -0.003 -7"><span class='ocrx_word' id='word_1_668' title='bbox 1095 2109 1207 2137; x_wconf 82' lang='lat' dir='ltr'><strong>stultitia</strong></span> <span class='ocrx_word' id='word_1_669' title='bbox 1221 2114 1259 2136; x_wconf 82' lang='lat' dir='ltr'><strong>est</strong></span> <span class='ocrx_word' id='word_1_670' title='bbox 1275 2109 1347 2143; x_wconf 81' lang='lat' dir='ltr'><strong>apud</strong></span> <span class='ocrx_word' id='word_1_671' title='bbox 1360 2109 1444 2136; x_wconf 88' lang='lat' dir='ltr'><strong>Deunt</strong></span> <span class='ocrx_word' id='word_1_672' title='bbox 1456 2109 1488 2135; x_wconf 79' lang='lat'><strong>&#39;°.</strong></span> <span class='ocrx_word' id='word_1_673' title='bbox 1506 2108 1576 2135; x_wconf 82' lang='lat' dir='ltr'><strong>Dicit</strong></span> <span class='ocrx_word' id='word_1_674' title='bbox 1592 2108 1666 2135; x_wconf 82' lang='lat' dir='ltr'><strong>enim</strong></span> <span class='ocrx_word' id='word_1_675' title='bbox 1687 2115 1758 2139; x_wconf 78' lang='lat' dir='ltr'><strong>eam,</strong></span> <span class='ocrx_word' id='word_1_676' title='bbox 1774 2115 1836 2142; x_wconf 77' lang='lat' dir='ltr'><strong>qna:</strong></span> <span class='ocrx_word' id='word_1_677' title='bbox 1849 2113 1892 2134; x_wconf 81' lang='lat' dir='ltr'><strong>est</strong></span> 
     </span>
    </p>
   </div>
   <div class='ocr_carea' id='block_1_89' title="bbox 1094 2154 1892 2191">
    <p class='ocr_par' dir='ltr' id='par_1_89' title="bbox 1094 2154 1892 2191">
     <span class='ocr_line' id='line_1_89' title="bbox 1094 2154 1892 2191; baseline -0.004 -9"><span class='ocrx_word' id='word_1_678' title='bbox 1094 2164 1157 2191; x_wconf 78' lang='lat' dir='ltr'><strong>erga</strong></span> <span class='ocrx_word' id='word_1_679' title='bbox 1172 2163 1268 2183; x_wconf 89' lang='lat' dir='ltr'><strong>cursus</strong></span> <span class='ocrx_word' id='word_1_680' title='bbox 1284 2156 1416 2187; x_wconf 89' lang='lat' dir='ltr'><strong>siderum,</strong></span> <span class='ocrx_word' id='word_1_681' title='bbox 1433 2159 1460 2182; x_wconf 91' lang='lat' dir='ltr'><strong>et</strong></span> <span class='ocrx_word' id='word_1_682' title='bbox 1476 2162 1616 2182; x_wconf 86' lang='lat' dir='ltr'><strong>mensuras</strong></span> <span class='ocrx_word' id='word_1_683' title='bbox 1633 2154 1704 2186; x_wconf 62' lang='grc' dir='ltr'><strong>εαξη,</strong></span> <span class='ocrx_word' id='word_1_684' title='bbox 1720 2159 1747 2181; x_wconf 84' lang='lat' dir='ltr'><strong>et</strong></span> <span class='ocrx_word' id='word_1_685' title='bbox 1774 2154 1892 2181; x_wconf 85' lang='lat' dir='ltr'><strong>aliorum</strong></span> 
     </span>
    </p>
   </div>
   <div class='ocr_carea' id='block_1_90' title="bbox 1096 2201 1891 2237">
    <p class='ocr_par' dir='ltr' id='par_1_90' title="bbox 1096 2201 1891 2237">
     <span class='ocr_line' id='line_1_90' title="bbox 1096 2201 1891 2237; baseline -0.004 -8"><span class='ocrx_word' id='word_1_686' title='bbox 1096 2202 1175 2230; x_wconf 85' lang='lat' dir='ltr'><strong>nobis</strong></span> <span class='ocrx_word' id='word_1_687' title='bbox 1207 2201 1525 2237; x_wconf 81' lang='lat' dir='ltr'><strong>ineomprehcnsibilium</strong></span> <span class='ocrx_word' id='word_1_688' title='bbox 1547 2201 1805 2236; x_wconf 74' lang='lat' dir='ltr'><strong>perserutationem,</strong></span> <span class='ocrx_word' id='word_1_689' title='bbox 1830 2208 1891 2234; x_wconf 58' lang='lat' dir='ltr'><strong>quae</strong></span> 
     </span>
    </p>
   </div>
   <div class='ocr_carea' id='block_1_91' title="bbox 252 2245 1892 2293">
    <p class='ocr_par' dir='ltr' id='par_1_91' title="bbox 252 2245 1892 2293">
     <span class='ocr_line' id='line_1_91' title="bbox 252 2245 1892 2293; baseline -0.001 -21"><span class='ocrx_word' id='word_1_690' title='bbox 252 2245 330 2279; x_wconf 85' lang='lat' dir='ltr'><strong>Quis,</strong></span> <span class='ocrx_word' id='word_1_691' title='bbox 347 2251 394 2273; x_wconf 90' lang='lat' dir='ltr'><strong>aut</strong></span> <span class='ocrx_word' id='word_1_692' title='bbox 407 2246 434 2273; x_wconf 92' lang='lat' dir='ltr'><strong>in</strong></span> <span class='ocrx_word' id='word_1_693' title='bbox 447 2248 524 2282; x_wconf 83' lang='lat' dir='ltr'><strong>cujus</strong></span> <span class='ocrx_word' id='word_1_694' title='bbox 537 2250 820 2278; x_wconf 85' lang='lat' dir='ltr'><strong>commemoratione?</strong></span> <span class='ocrx_word' id='word_1_695' title='bbox 834 2251 887 2278; x_wconf 88' lang='lat' dir='ltr'><strong>Sed</strong></span> <span class='ocrx_word' id='word_1_696' title='bbox 901 2251 965 2278; x_wconf 92' lang='lat' dir='ltr'><strong>illud</strong></span> <span class='ocrx_word' id='word_1_697' title='bbox 979 2259 1043 2286; x_wconf 89' lang='lat' dir='ltr'><strong>pro-</strong></span> <span class='ocrx_word' id='word_1_698' title='bbox 1061 2263 1083 2293; x_wconf 71' lang='grc' dir='ltr'><strong>υ</strong></span> <span class='ocrx_word' id='word_1_699' title='bbox 1097 2249 1169 2283; x_wconf 86' lang='lat' dir='ltr'><strong>apud</strong></span> <span class='ocrx_word' id='word_1_700' title='bbox 1194 2248 1334 2283; x_wconf 67' lang='lat' dir='ltr'><strong>AEgyptios</strong></span> <span class='ocrx_word' id='word_1_701' title='bbox 1358 2247 1548 2279; x_wconf 87' lang='lat' dir='ltr'><strong>studebantur,</strong></span> <span class='ocrx_word' id='word_1_702' title='bbox 1565 2252 1592 2274; x_wconf 76' lang='lat' dir='ltr'><strong>et</strong></span> <span class='ocrx_word' id='word_1_703' title='bbox 1613 2247 1666 2275; x_wconf 88' lang='lat' dir='ltr'><strong>illic</strong></span> <span class='ocrx_word' id='word_1_704' title='bbox 1690 2247 1892 2281; x_wconf 84' lang='lat' dir='ltr'><strong>quodammodo</strong></span> 
     </span>
    </p>
   </div>
   <div class='ocr_carea' id='block_1_92' title="bbox 252 2292 1042 2329">
    <p class='ocr_par' dir='ltr' id='par_1_92' title="bbox 252 2292 1042 2329">
     <span class='ocr_line' id='line_1_92' title="bbox 252 2292 1042 2329; baseline 0.006 -10"><span class='ocrx_word' id='word_1_705' title='bbox 252 2292 295 2320; x_wconf 86' lang='lat' dir='ltr'><strong>cul</strong></span> <span class='ocrx_word' id='word_1_706' title='bbox 305 2293 388 2320; x_wconf 90' lang='lat' dir='ltr'><strong>dubio</strong></span> <span class='ocrx_word' id='word_1_707' title='bbox 402 2298 454 2326; x_wconf 87' lang='lat' dir='ltr'><strong>est,</strong></span> <span class='ocrx_word' id='word_1_708' title='bbox 464 2295 538 2329; x_wconf 87' lang='lat' dir='ltr'><strong>quod</strong></span> <span class='ocrx_word' id='word_1_709' title='bbox 552 2302 580 2322; x_wconf 92' lang='lat' dir='ltr'><strong>se</strong></span> <span class='ocrx_word' id='word_1_710' title='bbox 594 2296 696 2323; x_wconf 81' lang='lat' dir='ltr'><strong>dixisse</strong></span> <span class='ocrx_word' id='word_1_711' title='bbox 709 2296 810 2323; x_wconf 88' lang='lat' dir='ltr'><strong>Paulus</strong></span> <span class='ocrx_word' id='word_1_712' title='bbox 823 2297 971 2324; x_wconf 91' lang='lat' dir='ltr'><strong>Dominum</strong></span> <span class='ocrx_word' id='word_1_713' title='bbox 988 2302 1042 2324; x_wconf 94' lang='lat' dir='ltr'><strong>tra-</strong></span> 
     </span>
    </p>
   </div>
   <div class='ocr_carea' id='block_1_93' title="bbox 251 2339 1044 2378">
    <p class='ocr_par' dir='ltr' id='par_1_93' title="bbox 251 2339 1044 2378">
     <span class='ocr_line' id='line_1_93' title="bbox 251 2339 1044 2378; baseline 0.006 -12"><span class='ocrx_word' id='word_1_714' title='bbox 251 2339 361 2367; x_wconf 85' lang='lat' dir='ltr'><strong>dentem</strong></span> <span class='ocrx_word' id='word_1_715' title='bbox 378 2340 534 2376; x_wconf 80' lang='lat' dir='ltr'><strong>mystcrium</strong></span> <span class='ocrx_word' id='word_1_716' title='bbox 560 2342 678 2376; x_wconf 86' lang='lat' dir='ltr'><strong>scripsit.</strong></span> <span class='ocrx_word' id='word_1_717' title='bbox 694 2342 916 2378; x_wconf 85' lang='lat' dir='ltr'><strong>Quotiescunque</strong></span> <span class='ocrx_word' id='word_1_718' title='bbox 930 2343 988 2370; x_wconf 70' lang='lat' dir='ltr'><strong>haec</strong></span> <span class='ocrx_word' id='word_1_719' title='bbox 1002 2343 1044 2371; x_wconf 70' lang='grc' dir='ltr'><strong>Γε-</strong></span> 
     </span>
    </p>
   </div>
   <div class='ocr_carea' id='block_1_94' title="bbox 251 2386 1044 2420">
    <p class='ocr_par' dir='ltr' id='par_1_94' title="bbox 251 2386 1044 2420">
     <span class='ocr_line' id='line_1_94' title="bbox 251 2386 1044 2420; baseline 0.004 -8"><span class='ocrx_word' id='word_1_720' title='bbox 251 2386 356 2419; x_wconf 83' lang='lat' dir='ltr'><strong>ceritis,</strong></span> <span class='ocrx_word' id='word_1_721' title='bbox 386 2386 413 2414; x_wconf 93' lang='lat' dir='ltr'><strong>in</strong></span> <span class='ocrx_word' id='word_1_722' title='bbox 442 2387 599 2414; x_wconf 84' lang='lat' dir='ltr'><strong>tuemoriatn</strong></span> <span class='ocrx_word' id='word_1_723' title='bbox 625 2388 677 2414; x_wconf 91' lang='lat' dir='ltr'><strong>mei</strong></span> <span class='ocrx_word' id='word_1_724' title='bbox 704 2387 797 2420; x_wconf 81' lang='lat' dir='ltr'><strong>facite,</strong></span> <span class='ocrx_word' id='word_1_725' title='bbox 825 2387 924 2415; x_wconf 88' lang='lat' dir='ltr'><strong>deinde</strong></span> <span class='ocrx_word' id='word_1_726' title='bbox 950 2395 1044 2415; x_wconf 85' lang='lat' dir='ltr'><strong>rursus</strong></span> 
     </span>
    </p>
   </div>
   <div class='ocr_carea' id='block_1_95' title="bbox 252 2432 439 2460">
    <p class='ocr_par' dir='ltr' id='par_1_95' title="bbox 252 2432 439 2460">
     <span class='ocr_line' id='line_1_95' title="bbox 252 2432 439 2460; baseline 0.011 -2"><span class='ocrx_word' id='word_1_727' title='bbox 252 2432 372 2460; x_wconf 82' lang='lat' dir='ltr'><strong>additum</strong></span> <span class='ocrx_word' id='word_1_728' title='bbox 389 2438 439 2460; x_wconf 91' lang='lat' dir='ltr'><strong>est.</strong></span> 
     </span>
    </p>
   </div>
   <div class='ocr_carea' id='block_1_96' title="bbox 290 2477 1042 2513">
    <p class='ocr_par' dir='ltr' id='par_1_96' title="bbox 290 2477 1042 2513">
     <span class='ocr_line' id='line_1_96' title="bbox 290 2477 1042 2513; baseline 0.003 -9"><span class='ocrx_word' id='word_1_729' title='bbox 290 2477 342 2504; x_wconf 79' lang='lat' dir='ltr'><strong>Per</strong></span> <span class='ocrx_word' id='word_1_730' title='bbox 365 2478 471 2513; x_wconf 78' lang='lat' dir='ltr'><strong>singula</strong></span> <span class='ocrx_word' id='word_1_731' title='bbox 487 2478 604 2506; x_wconf 86' lang='lat' dir='ltr'><strong>Sabbata</strong></span> <span class='ocrx_word' id='word_1_732' title='bbox 621 2479 794 2506; x_wconf 80' lang='lat' dir='ltr'><strong>mutabuntur</strong></span> <span class='ocrx_word' id='word_1_733' title='bbox 815 2488 904 2507; x_wconf 84' lang='lat' dir='ltr'><strong>coram</strong></span> <span class='ocrx_word' id='word_1_734' title='bbox 922 2479 1042 2512; x_wconf 81' lang='lat' dir='ltr'><strong>Domino,</strong></span> 
     </span>
    </p>
   </div>
   <div class='ocr_carea' id='block_1_97' title="bbox 253 2524 1043 2561">
    <p class='ocr_par' dir='ltr' id='par_1_97' title="bbox 253 2524 1043 2561">
     <span class='ocr_line' id='line_1_97' title="bbox 253 2524 1043 2561; baseline 0.005 -12"><span class='ocrx_word' id='word_1_735' title='bbox 253 2524 365 2558; x_wconf 67' lang='lat' dir='ltr'><strong>suscepti</strong></span> <span class='ocrx_word' id='word_1_736' title='bbox 373 2533 389 2550; x_wconf 83' lang='grc' dir='ltr'><em>α</em></span> <span class='ocrx_word' id='word_1_737' title='bbox 397 2524 460 2559; x_wconf 80' lang='lat' dir='ltr'><strong>ﬁliis</strong></span> <span class='ocrx_word' id='word_1_738' title='bbox 470 2525 553 2552; x_wconf 77' lang='lat' dir='ltr'><strong>Israel</strong></span> <span class='ocrx_word' id='word_1_739' title='bbox 564 2526 659 2561; x_wconf 66' lang='lat' dir='ltr'><strong>[indere</strong></span> <span class='ocrx_word' id='word_1_740' title='bbox 666 2527 833 2561; x_wconf 84' lang='lat' dir='ltr'><strong>sempiterno.</strong></span> <span class='ocrx_word' id='word_1_741' title='bbox 847 2527 910 2554; x_wconf 83' lang='lat' dir='ltr'><strong>Sive</strong></span> <span class='ocrx_word' id='word_1_742' title='bbox 923 2532 952 2554; x_wconf 87' lang='grc' dir='ltr'><strong>ιιι</strong></span> <span class='ocrx_word' id='word_1_743' title='bbox 962 2526 1043 2560; x_wconf 73' lang='lat' dir='ltr'><strong>LXX,</strong></span> 
     </span>
    </p>
   </div>
   <div class='ocr_carea' id='block_1_98' title="bbox 254 2570 1046 2606">
    <p class='ocr_par' dir='ltr' id='par_1_98' title="bbox 254 2570 1046 2606">
     <span class='ocr_line' id='line_1_98' title="bbox 254 2570 1046 2606; baseline 0.004 -11"><span class='ocrx_word' id='word_1_744' title='bbox 254 2572 437 2596; x_wconf 71' lang='lat' dir='ltr'><strong>testamentum</strong></span> <span class='ocrx_word' id='word_1_745' title='bbox 450 2570 637 2603; x_wconf 79' lang='lat' dir='ltr'><strong>sempiternum</strong></span> <span class='ocrx_word' id='word_1_746' title='bbox 654 2579 661 2596; x_wconf 91' lang='lat'>:</span> <span class='ocrx_word' id='word_1_747' title='bbox 677 2570 741 2597; x_wconf 92' lang='lat' dir='ltr'><strong>illud</strong></span> <span class='ocrx_word' id='word_1_748' title='bbox 759 2571 852 2606; x_wconf 85' lang='lat' dir='ltr'><strong>procul</strong></span> <span class='ocrx_word' id='word_1_749' title='bbox 868 2571 952 2598; x_wconf 90' lang='lat' dir='ltr'><strong>dubio</strong></span> <span class='ocrx_word' id='word_1_750' title='bbox 966 2576 1046 2598; x_wconf 86' lang='lat' dir='ltr'><strong>testa-</strong></span> 
     </span>
    </p>
   </div>
   <div class='ocr_carea' id='block_1_99' title="bbox 254 2614 1043 2652">
    <p class='ocr_par' dir='ltr' id='par_1_99' title="bbox 254 2614 1043 2652">
     <span class='ocr_line' id='line_1_99' title="bbox 254 2614 1043 2652; baseline 0.005 -11"><span class='ocrx_word' id='word_1_751' title='bbox 254 2618 376 2642; x_wconf 84' lang='lat' dir='ltr'><strong>mentum</strong></span> <span class='ocrx_word' id='word_1_752' title='bbox 394 2614 498 2647; x_wconf 85' lang='lat' dir='ltr'><strong>diccns,</strong></span> <span class='ocrx_word' id='word_1_753' title='bbox 514 2616 592 2650; x_wconf 81' lang='lat' dir='ltr'><strong>cujus</strong></span> <span class='ocrx_word' id='word_1_754' title='bbox 605 2615 735 2645; x_wconf 90' lang='lat' dir='ltr'><strong>Dominus</strong></span> <span class='ocrx_word' id='word_1_755' title='bbox 750 2618 860 2644; x_wconf 87' lang='lat' dir='ltr'><strong>tradens</strong></span> <span class='ocrx_word' id='word_1_756' title='bbox 873 2618 1043 2652; x_wconf 85' lang='lat' dir='ltr'><strong>mysterium,</strong></span> 
     </span>
    </p>
   </div>
   <div class='ocr_carea' id='block_1_100' title="bbox 254 2659 1048 2698">
    <p class='ocr_par' dir='ltr' id='par_1_100' title="bbox 254 2659 1048 2698">
     <span class='ocr_line' id='line_1_100' title="bbox 254 2659 1048 2698; baseline 0.003 -10"><span class='ocrx_word' id='word_1_757' title='bbox 254 2660 420 2688; x_wconf 85' lang='lat' dir='ltr'><strong>mentionem</strong></span> <span class='ocrx_word' id='word_1_758' title='bbox 434 2659 506 2688; x_wconf 81' lang='lat' dir='ltr'><strong>facit.</strong></span> <span class='ocrx_word' id='word_1_759' title='bbox 521 2661 574 2689; x_wconf 81' lang='lat' dir='ltr'><strong>Sed</strong></span> <span class='ocrx_word' id='word_1_760' title='bbox 592 2666 619 2689; x_wconf 81' lang='lat' dir='ltr'><strong>et</strong></span> <span class='ocrx_word' id='word_1_761' title='bbox 636 2670 685 2689; x_wconf 89' lang='lat' dir='ltr'><strong>nos</strong></span> <span class='ocrx_word' id='word_1_762' title='bbox 706 2662 838 2695; x_wconf 87' lang='lat' dir='ltr'><strong>dicentes,</strong></span> <span class='ocrx_word' id='word_1_763' title='bbox 855 2669 986 2698; x_wconf 88' lang='lat' dir='ltr'><strong>quantmn</strong></span> <span class='ocrx_word' id='word_1_764' title='bbox 1002 2672 1048 2691; x_wconf 80' lang='lat' dir='ltr'><strong>ve-</strong></span> 
     </span>
    </p>
   </div>
   <div class='ocr_carea' id='block_1_101' title="bbox 253 2707 1047 2744">
    <p class='ocr_par' dir='ltr' id='par_1_101' title="bbox 253 2707 1047 2744">
     <span class='ocr_line' id='line_1_101' title="bbox 253 2707 1047 2744; baseline 0.005 -10"><span class='ocrx_word' id='word_1_765' title='bbox 253 2707 352 2740; x_wconf 78' lang='lat' dir='ltr'><strong>ritatis,</strong></span> <span class='ocrx_word' id='word_1_766' title='bbox 367 2713 555 2744; x_wconf 78' lang='lat' dir='ltr'><strong>quantumque</strong></span> <span class='ocrx_word' id='word_1_767' title='bbox 571 2709 709 2744; x_wconf 74' lang='lat' dir='ltr'><strong>dignitatis</strong></span> <span class='ocrx_word' id='word_1_768' title='bbox 723 2710 832 2740; x_wconf 82' lang='lat' dir='ltr'><strong>habeat.</strong></span> <span class='ocrx_word' id='word_1_769' title='bbox 848 2719 911 2738; x_wconf 93' lang='lat' dir='ltr'><strong>cum</strong></span> <span class='ocrx_word' id='word_1_770' title='bbox 928 2711 1047 2738; x_wconf 87' lang='lat' dir='ltr'><strong>maximo</strong></span> 
     </span>
    </p>
   </div>
   <div class='ocr_carea' id='block_1_102' title="bbox 255 2754 1047 2789">
    <p class='ocr_par' dir='ltr' id='par_1_102' title="bbox 255 2754 1047 2789">
     <span class='ocr_line' id='line_1_102' title="bbox 255 2754 1047 2789; baseline 0.003 -7"><span class='ocrx_word' id='word_1_771' title='bbox 255 2754 352 2782; x_wconf 82' lang='lat' dir='ltr'><strong>timore</strong></span> <span class='ocrx_word' id='word_1_772' title='bbox 373 2759 401 2782; x_wconf 84' lang='lat' dir='ltr'><strong>et</strong></span> <span class='ocrx_word' id='word_1_773' title='bbox 423 2762 515 2782; x_wconf 75' lang='lat' dir='ltr'><strong>amore</strong></span> <span class='ocrx_word' id='word_1_774' title='bbox 533 2755 703 2783; x_wconf 84' lang='lat' dir='ltr'><strong>accedamus.</strong></span> <span class='ocrx_word' id='word_1_775' title='bbox 735 2756 803 2789; x_wconf 82' lang='lat' dir='ltr'><strong>Quia</strong></span> <span class='ocrx_word' id='word_1_776' title='bbox 825 2757 954 2784; x_wconf 89' lang='lat' dir='ltr'><strong>mundam</strong></span> <span class='ocrx_word' id='word_1_777' title='bbox 981 2757 1047 2784; x_wconf 85' lang='lat' dir='ltr'><strong>dicit</strong></span> 
     </span>
    </p>
   </div>
   <div class='ocr_carea' id='block_1_103' title="bbox 309 2853 782 2887">
    <p class='ocr_par' dir='ltr' id='par_1_103' title="bbox 309 2853 782 2887">
     <span class='ocr_line' id='line_1_103' title="bbox 309 2853 782 2887; baseline 0.002 -6"><span class='ocrx_word' id='word_1_778' title='bbox 309 2854 330 2870; x_wconf 76' lang='grc'><em>’³</em></span> <span class='ocrx_word' id='word_1_779' title='bbox 344 2853 413 2882; x_wconf 68' lang='grc' dir='ltr'><strong>88η.</strong></span> <span class='ocrx_word' id='word_1_780' title='bbox 430 2862 448 2887; x_wconf 83' lang='lat' dir='ltr'><strong>t,</strong></span> <span class='ocrx_word' id='word_1_781' title='bbox 462 2854 506 2881; x_wconf 79' lang='lat'><strong>&#39;27.</strong></span> <span class='ocrx_word' id='word_1_782' title='bbox 547 2855 570 2870; x_wconf 84' lang='grc'><strong>²⁰</strong></span> <span class='ocrx_word' id='word_1_783' title='bbox 582 2853 677 2881; x_wconf 80' lang='lat' dir='ltr'><strong>Matth.</strong></span> <span class='ocrx_word' id='word_1_784' title='bbox 693 2863 719 2887; x_wconf 87' lang='lat' dir='ltr'><strong>v,</strong></span> <span class='ocrx_word' id='word_1_785' title='bbox 738 2855 782 2882; x_wconf 72' lang='grc'><strong>15.</strong></span> 
     </span>
    </p>
   </div>
   <div class='ocr_carea' id='block_1_104' title="bbox 254 2889 1015 2926">
    <p class='ocr_par' dir='ltr' id='par_1_104' title="bbox 254 2889 1015 2926">
     <span class='ocr_line' id='line_1_104' title="bbox 254 2889 1015 2926; baseline 0.003 -10"><span class='ocrx_word' id='word_1_786' title='bbox 254 2896 347 2922; x_wconf 71' lang='lat' dir='ltr'><strong>cum,</strong></span> <span class='ocrx_word' id='word_1_787' title='bbox 362 2889 422 2917; x_wconf 74' lang='grc'><strong>103.</strong></span> <span class='ocrx_word' id='word_1_788' title='bbox 481 2891 504 2906; x_wconf 87' lang='grc'><strong>¹³</strong></span> <span class='ocrx_word' id='word_1_789' title='bbox 528 2889 614 2918; x_wconf 85' lang='lat' dir='ltr'><strong>lCor.</strong></span> <span class='ocrx_word' id='word_1_790' title='bbox 635 2898 652 2922; x_wconf 87' lang='lat' dir='ltr'><strong>t,</strong></span> <span class='ocrx_word' id='word_1_791' title='bbox 666 2891 709 2916; x_wconf 71' lang='lat'><strong>20.</strong></span> <span class='ocrx_word' id='word_1_792' title='bbox 768 2890 790 2905; x_wconf 86' lang='grc'><strong>¹⁶¹</strong></span> <span class='ocrx_word' id='word_1_793' title='bbox 805 2890 814 2917; x_wconf 94' lang='lat' dir='ltr'><strong>l</strong></span> <span class='ocrx_word' id='word_1_794' title='bbox 829 2891 892 2917; x_wconf 88' lang='lat' dir='ltr'><strong>Cor.</strong></span> <span class='ocrx_word' id='word_1_795' title='bbox 917 2900 958 2926; x_wconf 86' lang='lat' dir='ltr'><strong>ut,</strong></span> <span class='ocrx_word' id='word_1_796' title='bbox 975 2892 1015 2921; x_wconf 86' lang='lat' dir='ltr'><strong>l9.</strong></span> 
     </span>
    </p>
   </div>
   <div class='ocr_carea' id='block_1_105' title="bbox 838 2855 1329 2928">
    <p class='ocr_par' dir='ltr' id='par_1_105' title="bbox 838 2855 1329 2928">
     <span class='ocr_line' id='line_1_105' title="bbox 838 2855 1323 2888; baseline 0.004 -6"><span class='ocrx_word' id='word_1_797' title='bbox 838 2855 860 2871; x_wconf 87' lang='lat'><strong>&quot;</strong></span> <span class='ocrx_word' id='word_1_798' title='bbox 879 2856 949 2883; x_wconf 78' lang='lat' dir='ltr'><strong>Psal.</strong></span> <span class='ocrx_word' id='word_1_799' title='bbox 963 2865 1028 2888; x_wconf 82' lang='lat' dir='ltr'><strong>xin,</strong></span> <span class='ocrx_word' id='word_1_800' title='bbox 1127 2859 1149 2873; x_wconf 81' lang='grc'><strong>’¹</strong></span> <span class='ocrx_word' id='word_1_801' title='bbox 1164 2858 1262 2885; x_wconf 77' lang='lat' dir='ltr'><strong>Matth.</strong></span> <span class='ocrx_word' id='word_1_802' title='bbox 1278 2866 1323 2884; x_wconf 83' lang='lat' dir='ltr'><strong>xxi</strong></span> 
     </span>
     <span class='ocr_line' id='line_1_106' title="bbox 838 2891 1329 2928; baseline 0.006 -11"><span class='ocrx_word' id='word_1_803' title='bbox 838 2891 892 2917; x_wconf 62' lang='lat' dir='ltr'><strong>lor.</strong></span> <span class='ocrx_word' id='word_1_804' title='bbox 917 2900 958 2926; x_wconf 82' lang='lat' dir='ltr'><strong>Ill,</strong></span> <span class='ocrx_word' id='word_1_805' title='bbox 975 2892 1015 2921; x_wconf 85' lang='lat' dir='ltr'><strong>l9.</strong></span> <span class='ocrx_word' id='word_1_806' title='bbox 1072 2894 1094 2908; x_wconf 82' lang='grc'><strong>’⁷</strong></span> <span class='ocrx_word' id='word_1_807' title='bbox 1108 2892 1138 2921; x_wconf 83' lang='grc' dir='ltr'><strong>ΙΙΙ</strong></span> <span class='ocrx_word' id='word_1_808' title='bbox 1157 2893 1221 2928; x_wconf 77' lang='lat' dir='ltr'><strong>Heg.</strong></span> <span class='ocrx_word' id='word_1_809' title='bbox 1237 2902 1272 2927; x_wconf 78' lang='lat' dir='ltr'><strong>tv,</strong></span> <span class='ocrx_word' id='word_1_810' title='bbox 1285 2894 1329 2920; x_wconf 68' lang='grc'><strong>50.</strong></span> 
     </span>
    </p>
   </div>
   <div class='ocr_carea' id='block_1_106' title="bbox 1097 2292 1891 2328">
    <p class='ocr_par' dir='ltr' id='par_1_106' title="bbox 1097 2292 1891 2328">
     <span class='ocr_line' id='line_1_107' title="bbox 1097 2292 1891 2328; baseline -0.004 -8"><span class='ocrx_word' id='word_1_811' title='bbox 1097 2293 1215 2327; x_wconf 88' lang='lat' dir='ltr'><strong>initittm,</strong></span> <span class='ocrx_word' id='word_1_812' title='bbox 1234 2298 1261 2321; x_wconf 91' lang='lat' dir='ltr'><strong>et</strong></span> <span class='ocrx_word' id='word_1_813' title='bbox 1280 2293 1421 2328; x_wconf 55' lang='lat' dir='ltr'><strong>praemium</strong></span> <span class='ocrx_word' id='word_1_814' title='bbox 1435 2293 1561 2327; x_wconf 79' lang='lat' dir='ltr'><strong>sumpsit,</strong></span> <span class='ocrx_word' id='word_1_815' title='bbox 1580 2301 1661 2327; x_wconf 87' lang='lat' dir='ltr'><strong>quam</strong></span> <span class='ocrx_word' id='word_1_816' title='bbox 1679 2301 1729 2319; x_wconf 82' lang='lat' dir='ltr'><strong>nec</strong></span> <span class='ocrx_word' id='word_1_817' title='bbox 1743 2292 1848 2327; x_wconf 72' lang='lat' dir='ltr'><strong>Moyses</strong></span> <span class='ocrx_word' id='word_1_818' title='bbox 1864 2293 1891 2318; x_wconf 92' lang='lat' dir='ltr'><strong>in</strong></span> 
     </span>
    </p>
   </div>
   <div class='ocr_carea' id='block_1_107' title="bbox 1095 2338 1894 2375">
    <p class='ocr_par' dir='ltr' id='par_1_107' title="bbox 1095 2338 1894 2375">
     <span class='ocr_line' id='line_1_108' title="bbox 1095 2338 1894 2375; baseline -0.005 -7"><span class='ocrx_word' id='word_1_819' title='bbox 1095 2341 1247 2368; x_wconf 81' lang='lat' dir='ltr'><strong>Pharaonis</strong></span> <span class='ocrx_word' id='word_1_820' title='bbox 1270 2340 1406 2375; x_wconf 82' lang='lat' dir='ltr'><strong>regalibus</strong></span> <span class='ocrx_word' id='word_1_821' title='bbox 1431 2339 1559 2370; x_wconf 88' lang='lat' dir='ltr'><strong>nutritus,</strong></span> <span class='ocrx_word' id='word_1_822' title='bbox 1584 2338 1726 2374; x_wconf 78' lang='lat' dir='ltr'><strong>ignoravit.</strong></span> <span class='ocrx_word' id='word_1_823' title='bbox 1750 2338 1803 2365; x_wconf 86' lang='lat' dir='ltr'><strong>Sed</strong></span> <span class='ocrx_word' id='word_1_824' title='bbox 1825 2338 1894 2364; x_wconf 87' lang='lat' dir='ltr'><strong>liber</strong></span> 
     </span>
    </p>
   </div>
   <div class='ocr_carea' id='block_1_108' title="bbox 1096 2384 1892 2422">
    <p class='ocr_par' dir='ltr' id='par_1_108' title="bbox 1096 2384 1892 2422">
     <span class='ocr_line' id='line_1_109' title="bbox 1096 2384 1892 2422; baseline -0.006 -8"><span class='ocrx_word' id='word_1_825' title='bbox 1096 2387 1200 2422; x_wconf 74' lang='lat' dir='ltr'><strong>Regum</strong></span> <span class='ocrx_word' id='word_1_826' title='bbox 1216 2386 1484 2414; x_wconf 83' lang='lat' dir='ltr'><strong>dicit:Pru&#39;cedebat</strong></span> <span class='ocrx_word' id='word_1_827' title='bbox 1512 2386 1644 2420; x_wconf 83' lang='lat' dir='ltr'><strong>sapientia</strong></span> <span class='ocrx_word' id='word_1_828' title='bbox 1669 2384 1820 2412; x_wconf 82' lang='lat' dir='ltr'><strong>Salomonis</strong></span> <span class='ocrx_word' id='word_1_829' title='bbox 1846 2393 1892 2410; x_wconf 85' lang='lat' dir='ltr'><strong>sa-</strong></span> 
     </span>
    </p>
   </div>
   <div class='ocr_carea' id='block_1_109' title="bbox 1097 2432 1891 2470">
    <p class='ocr_par' dir='ltr' id='par_1_109' title="bbox 1097 2432 1891 2470">
     <span class='ocr_line' id='line_1_110' title="bbox 1097 2432 1891 2470; baseline -0.008 -7"><span class='ocrx_word' id='word_1_830' title='bbox 1097 2437 1224 2470; x_wconf 78' lang='lat' dir='ltr'><strong>pientiam</strong></span> <span class='ocrx_word' id='word_1_831' title='bbox 1253 2436 1370 2462; x_wconf 86' lang='lat' dir='ltr'><strong>omnium</strong></span> <span class='ocrx_word' id='word_1_832' title='bbox 1393 2435 1583 2465; x_wconf 82' lang='lat' dir='ltr'><strong>Orientalium,</strong></span> <span class='ocrx_word' id='word_1_833' title='bbox 1607 2438 1630 2461; x_wconf 79' lang='lat' dir='ltr'><strong>et</strong></span> <span class='ocrx_word' id='word_1_834' title='bbox 1645 2433 1834 2468; x_wconf 62' lang='lat' dir='ltr'><strong>ngyptiormn</strong></span> <span class='ocrx_word' id='word_1_835' title='bbox 1857 2432 1891 2458; x_wconf 82' lang='lat'><strong>&quot;.</strong></span> 
     </span>
    </p>
   </div>
   <div class='ocr_carea' id='block_1_110' title="bbox 1097 2478 1892 2515">
    <p class='ocr_par' dir='ltr' id='par_1_110' title="bbox 1097 2478 1892 2515">
     <span class='ocr_line' id='line_1_111' title="bbox 1097 2478 1892 2515; baseline -0.006 -6"><span class='ocrx_word' id='word_1_836' title='bbox 1097 2483 1226 2510; x_wconf 84' lang='lat' dir='ltr'><strong>lsraelitis</strong></span> <span class='ocrx_word' id='word_1_837' title='bbox 1243 2486 1333 2509; x_wconf 88' lang='lat' dir='ltr'><strong>autem</strong></span> <span class='ocrx_word' id='word_1_838' title='bbox 1352 2481 1458 2513; x_wconf 88' lang='lat' dir='ltr'><strong>mulier,</strong></span> <span class='ocrx_word' id='word_1_839' title='bbox 1478 2481 1570 2508; x_wconf 86' lang='lat' dir='ltr'><strong>divina</strong></span> <span class='ocrx_word' id='word_1_840' title='bbox 1590 2480 1729 2515; x_wconf 89' lang='lat' dir='ltr'><strong>Scriptura</strong></span> <span class='ocrx_word' id='word_1_841' title='bbox 1753 2478 1892 2509; x_wconf 88' lang='lat' dir='ltr'><strong>videlicet,</strong></span> 
     </span>
    </p>
   </div>
   <div class='ocr_carea' id='block_1_111' title="bbox 1098 2525 1894 2564">
    <p class='ocr_par' dir='ltr' id='par_1_111' title="bbox 1098 2525 1894 2564">
     <span class='ocr_line' id='line_1_112' title="bbox 1098 2525 1894 2564; baseline -0.008 -7"><span class='ocrx_word' id='word_1_842' title='bbox 1098 2530 1132 2557; x_wconf 90' lang='lat' dir='ltr'><strong>de</strong></span> <span class='ocrx_word' id='word_1_843' title='bbox 1145 2537 1198 2564; x_wconf 91' lang='lat' dir='ltr'><strong>qua</strong></span> <span class='ocrx_word' id='word_1_844' title='bbox 1214 2529 1240 2556; x_wconf 91' lang='lat' dir='ltr'><strong>in</strong></span> <span class='ocrx_word' id='word_1_845' title='bbox 1260 2528 1414 2556; x_wconf 87' lang='lat' dir='ltr'><strong>Proverbiis</strong></span> <span class='ocrx_word' id='word_1_846' title='bbox 1428 2529 1529 2554; x_wconf 89' lang='lat' dir='ltr'><strong>dictum</strong></span> <span class='ocrx_word' id='word_1_847' title='bbox 1549 2531 1590 2554; x_wconf 86' lang='lat' dir='ltr'><strong>est</strong></span> <span class='ocrx_word' id='word_1_848' title='bbox 1605 2536 1611 2554; x_wconf 89' lang='lat'><strong>:</strong></span> <span class='ocrx_word' id='word_1_849' title='bbox 1631 2526 1727 2554; x_wconf 83' lang='lat' dir='ltr'><strong>Mulier</strong></span> <span class='ocrx_word' id='word_1_850' title='bbox 1745 2525 1894 2560; x_wconf 66' lang='lat' dir='ltr'><strong>intelligens</strong></span> 
     </span>
    </p>
   </div>
   <div class='ocr_carea' id='block_1_112' title="bbox 1100 2571 1893 2608">
    <p class='ocr_par' dir='ltr' id='par_1_112' title="bbox 1100 2571 1893 2608">
     <span class='ocr_line' id='line_1_113' title="bbox 1100 2571 1893 2608; baseline -0.008 -5"><span class='ocrx_word' id='word_1_851' title='bbox 1100 2576 1270 2607; x_wconf 80' lang='lat' dir='ltr'><strong>benedicitur,</strong></span> <span class='ocrx_word' id='word_1_852' title='bbox 1300 2576 1419 2602; x_wconf 89' lang='lat' dir='ltr'><strong>timorem</strong></span> <span class='ocrx_word' id='word_1_853' title='bbox 1449 2579 1537 2601; x_wconf 87' lang='lat' dir='ltr'><strong>autem</strong></span> <span class='ocrx_word' id='word_1_854' title='bbox 1569 2573 1675 2600; x_wconf 85' lang='lat' dir='ltr'><strong>Domini</strong></span> <span class='ocrx_word' id='word_1_855' title='bbox 1704 2573 1761 2608; x_wconf 80' lang='lat' dir='ltr'><strong>ipsa</strong></span> <span class='ocrx_word' id='word_1_856' title='bbox 1790 2571 1893 2604; x_wconf 77' lang='lat' dir='ltr'><strong>laudet,</strong></span> 
     </span>
    </p>
   </div>
   <div class='ocr_carea' id='block_1_113' title="bbox 1102 2617 1894 2658">
    <p class='ocr_par' dir='ltr' id='par_1_113' title="bbox 1102 2617 1894 2658">
     <span class='ocr_line' id='line_1_114' title="bbox 1102 2617 1894 2658; baseline -0.008 -9"><span class='ocrx_word' id='word_1_857' title='bbox 1102 2623 1164 2658; x_wconf 77' lang='lat' dir='ltr'><strong>quia</strong></span> <span class='ocrx_word' id='word_1_858' title='bbox 1183 2622 1331 2656; x_wconf 81' lang='lat' dir='ltr'><strong>super/luas</strong></span> <span class='ocrx_word' id='word_1_859' title='bbox 1344 2621 1499 2656; x_wconf 74' lang='lat' dir='ltr'><strong>qua‘stiones</strong></span> <span class='ocrx_word' id='word_1_860' title='bbox 1514 2620 1671 2654; x_wconf 79' lang='lat' dir='ltr'><strong>relinquens,</strong></span> <span class='ocrx_word' id='word_1_861' title='bbox 1682 2618 1791 2645; x_wconf 70' lang='lat' dir='ltr'><strong>adlzmsit</strong></span> <span class='ocrx_word' id='word_1_862' title='bbox 1803 2617 1894 2644; x_wconf 84' lang='lat' dir='ltr'><strong>timori</strong></span> 
     </span>
    </p>
   </div>
   <div class='ocr_carea' id='block_1_114' title="bbox 1101 2662 1893 2701">
    <p class='ocr_par' dir='ltr' id='par_1_114' title="bbox 1101 2662 1893 2701">
     <span class='ocr_line' id='line_1_115' title="bbox 1101 2662 1893 2701; baseline -0.006 -7"><span class='ocrx_word' id='word_1_863' title='bbox 1101 2667 1190 2694; x_wconf 81' lang='lat' dir='ltr'><strong>divino</strong></span> <span class='ocrx_word' id='word_1_864' title='bbox 1204 2667 1238 2694; x_wconf 77' lang='grc'><strong>’⁸.</strong></span> <span class='ocrx_word' id='word_1_865' title='bbox 1265 2665 1324 2693; x_wconf 70' lang='lat' dir='ltr'><strong>Non</strong></span> <span class='ocrx_word' id='word_1_866' title='bbox 1345 2672 1452 2701; x_wconf 90' lang='lat' dir='ltr'><strong>oportet</strong></span> <span class='ocrx_word' id='word_1_867' title='bbox 1474 2673 1538 2700; x_wconf 75' lang='lat' dir='ltr'><strong>ergo</strong></span> <span class='ocrx_word' id='word_1_868' title='bbox 1556 2663 1735 2692; x_wconf 64' lang='lat' dir='ltr'><strong>lsraelitidem</strong></span> <span class='ocrx_word' id='word_1_869' title='bbox 1750 2662 1893 2690; x_wconf 85' lang='lat' dir='ltr'><strong>mulierem</strong></span> 
     </span>
    </p>
   </div>
   <div class='ocr_carea' id='block_1_115' title="bbox 1099 2709 1895 2747">
    <p class='ocr_par' dir='ltr' id='par_1_115' title="bbox 1099 2709 1895 2747">
     <span class='ocr_line' id='line_1_116' title="bbox 1099 2709 1895 2747; baseline -0.005 -8"><span class='ocrx_word' id='word_1_870' title='bbox 1099 2717 1128 2740; x_wconf 82' lang='lat' dir='ltr'><strong>et</strong></span> <span class='ocrx_word' id='word_1_871' title='bbox 1136 2713 1296 2747; x_wconf 87' lang='lat' dir='ltr'><strong>sapientiam</strong></span> <span class='ocrx_word' id='word_1_872' title='bbox 1308 2712 1437 2747; x_wconf 85' lang='lat' dir='ltr'><strong>spiritalis</strong></span> <span class='ocrx_word' id='word_1_873' title='bbox 1448 2712 1604 2746; x_wconf 76' lang='lat' dir='ltr'><strong>Scriptnrze.</strong></span> <span class='ocrx_word' id='word_1_874' title='bbox 1615 2710 1742 2738; x_wconf 81' lang='lat' dir='ltr'><strong>exteriori</strong></span> <span class='ocrx_word' id='word_1_875' title='bbox 1753 2709 1895 2744; x_wconf 71' lang='lat' dir='ltr'><strong>sapientiae</strong></span> 
     </span>
    </p>
   </div>
   <div class='ocr_carea' id='block_1_116' title="bbox 1100 2755 1894 2792">
    <p class='ocr_par' dir='ltr' id='par_1_116' title="bbox 1100 2755 1894 2792">
     <span class='ocr_line' id='line_1_117' title="bbox 1100 2755 1894 2792; baseline -0.003 -7"><span class='ocrx_word' id='word_1_876' title='bbox 1100 2759 1182 2791; x_wconf 86' lang='lat' dir='ltr'><strong>eoire,</strong></span> <span class='ocrx_word' id='word_1_877' title='bbox 1199 2759 1235 2786; x_wconf 85' lang='lat' dir='ltr'><strong>ita</strong></span> <span class='ocrx_word' id='word_1_878' title='bbox 1249 2763 1277 2786; x_wconf 90' lang='lat' dir='ltr'><strong>ut</strong></span> <span class='ocrx_word' id='word_1_879' title='bbox 1289 2759 1498 2792; x_wconf 82' lang='lat' dir='ltr'><strong>etsubjiciatur,</strong></span> <span class='ocrx_word' id='word_1_880' title='bbox 1516 2762 1541 2785; x_wconf 87' lang='lat' dir='ltr'><strong>et</strong></span> <span class='ocrx_word' id='word_1_881' title='bbox 1554 2766 1617 2785; x_wconf 86' lang='lat' dir='ltr'><strong>eum</strong></span> <span class='ocrx_word' id='word_1_882' title='bbox 1631 2757 1676 2792; x_wconf 88' lang='lat' dir='ltr'><strong>qui</strong></span> <span class='ocrx_word' id='word_1_883' title='bbox 1693 2765 1725 2784; x_wconf 77' lang='lat' dir='ltr'><strong>ex</strong></span> <span class='ocrx_word' id='word_1_884' title='bbox 1742 2757 1782 2784; x_wconf 82' lang='lat' dir='ltr'><strong>eis</strong></span> <span class='ocrx_word' id='word_1_885' title='bbox 1802 2755 1894 2783; x_wconf 81' lang='lat' dir='ltr'><strong>nasci-</strong></span> 
     </span>
    </p>
   </div>
   <div class='ocr_carea' id='block_1_117' title="bbox 1127 2854 1890 2891">
    <p class='ocr_par' dir='ltr' id='par_1_117' title="bbox 1127 2854 1890 2891">
     <span class='ocr_line' id='line_1_118' title="bbox 1127 2854 1890 2891; baseline -0.003 -7"><span class='ocrx_word' id='word_1_886' title='bbox 1127 2859 1149 2873; x_wconf 80' lang='lat'><strong><em>“</em></strong></span> <span class='ocrx_word' id='word_1_887' title='bbox 1164 2858 1262 2885; x_wconf 77' lang='lat' dir='ltr'><strong>Matth.</strong></span> <span class='ocrx_word' id='word_1_888' title='bbox 1278 2859 1360 2890; x_wconf 80' lang='lat' dir='ltr'><strong>xin,|</strong></span> <span class='ocrx_word' id='word_1_889' title='bbox 1382 2865 1440 2891; x_wconf 82' lang='lat' dir='ltr'><strong>seq.</strong></span> <span class='ocrx_word' id='word_1_890' title='bbox 1498 2857 1521 2872; x_wconf 84' lang='grc'><strong>¹³</strong></span> <span class='ocrx_word' id='word_1_891' title='bbox 1537 2857 1557 2883; x_wconf 92' lang='lat' dir='ltr'><strong>ll</strong></span> <span class='ocrx_word' id='word_1_892' title='bbox 1574 2857 1637 2883; x_wconf 84' lang='lat' dir='ltr'><strong>Cor.</strong></span> <span class='ocrx_word' id='word_1_893' title='bbox 1653 2864 1690 2890; x_wconf 92' lang='lat' dir='ltr'><strong>vI,</strong></span> <span class='ocrx_word' id='word_1_894' title='bbox 1708 2855 1752 2883; x_wconf 79' lang='grc'><strong>16.</strong></span> <span class='ocrx_word' id='word_1_895' title='bbox 1808 2855 1831 2871; x_wconf 75' lang='grc'><strong>’⁸</strong></span> <span class='ocrx_word' id='word_1_896' title='bbox 1845 2854 1890 2883; x_wconf 80' lang='lat' dir='ltr'><strong>Ps.</strong></span> 
     </span>
    </p>
   </div>
   <div class='ocr_carea' id='block_1_118' title="bbox 1386 2893 1629 2925">
    <p class='ocr_par' dir='ltr' id='par_1_118' title="bbox 1386 2893 1629 2925">
     <span class='ocr_line' id='line_1_119' title="bbox 1386 2893 1629 2925; baseline 0.004 -6"><span class='ocrx_word' id='word_1_897' title='bbox 1386 2893 1407 2908; x_wconf 68' lang='grc' dir='ltr'><strong>ν’</strong></span> <span class='ocrx_word' id='word_1_898' title='bbox 1419 2893 1498 2919; x_wconf 87' lang='lat' dir='ltr'><strong>l&#39;rov.</strong></span> <span class='ocrx_word' id='word_1_899' title='bbox 1512 2901 1587 2925; x_wconf 83' lang='lat' dir='ltr'><strong>xvru,</strong></span> <span class='ocrx_word' id='word_1_900' title='bbox 1603 2894 1629 2920; x_wconf 79' lang='lat' dir='ltr'><strong>i.</strong></span> 
     </span>
    </p>
   </div>
  </div>
