2056 3148
171 225 241 259 1105

730 233 786 264 ἹΝ
802 231 1066 265 LEVITICUM.-—
1083 231 1157 261 LIB.
1173 230 1239 262 VII.

1380 195 1396 204 γ
1407 196 1409 201 ι
1486 196 1509 219 1,-
1746 211 1748 214 Ι

1744 229 1811 263 1106

171 284 438 319 tur.videliceteum,
449 286 496 322 qui
507 295 540 315 ex
551 292 666 323 utraque
675 289 799 322 docetur,
810 298 865 318 non
878 291 966 318 solum
982 289 1004 318 Α
1018 288 1064 324 qui
1085 288 1255 316 maledixerit
1268 287 1324 315 Deo
1343 295 1402 320 suo,
1424 287 1543 323 portabit
1559 291 1701 323 pecoatum
1719 296 1810 323 suum,

172 332 258 360 ﬁlium
286 333 454 368 lsraclitidis,
473 335 521 362 sed
541 340 567 363 et
581 336 665 364 lilium
682 337 800 373 [Egyplii
817 346 889 371 esse,
901 346 963 366 cum

172 378 260 413 sapiat
273 379 399 407 videlicet
411 388 472 415 qua:
486 381 602 417 Egyptii
627 388 699 415 sunt,
717 389 744 412 et
769 385 896 412 exteriori
921 393 964 412 sa-

172 425 283 459 pientiae
297 433 327 452 se
337 427 495 463 coniungat,
522 432 549 455 et
562 436 592 456 ea
606 437 666 464 quae
681 430 734 457 illic
760 435 824 458 sunt
839 431 964 466 dogmata

172 469 297 496 obtinere
319 470 394 497 velit.
418 471 446 498 Si
469 472 615 507 aliquando
639 475 690 502 hoc
711 475 756 502 lict
780 480 807 503 et
830 477 965 511 quispiam

174 514 236 541 talis
252 515 335 543 fuerit
355 515 427 543 inter
442 517 511 545 ﬁlios
530 519 704 555 intelligibilis
721 521 805 549 lidelis
826 521 918 555 Israel,
938 527 966 550 et

173 560 200 587 in
215 561 321 593 castris,
342 562 414 596 quod
427 566 469 589 est
485 563 613 596 Ecclesia,
632 574 712 600 quam
727 565 812 595 Iacob
831 568 858 594 in
879 568 965 603 ligura

174 614 225 640 per
249 607 386 634 somnium
415 609 520 642 videns,
541 611 671 639 dicebat:
697 612 792 640 Castra
825 613 873 640 Dei
904 620 966 642 sunt

172 653 226 680 lucc
242 654 274 686 ’⁵,
289 657 316 681 et
334 659 376 682 est
390 662 422 683 ex
442 654 602 690 lsraelitide,
616 663 644 685 et
665 657 795 692 Israelita,
827 661 961 694 rixentur,

172 700 219 734 qui
236 707 350 735 magnus
361 706 411 733 est,
428 707 455 729 et
476 703 595 730 mundus
610 709 637 731 et
652 705 696 739 qui
709 713 738 733 se
754 707 894 740 sapientiae.
916 707 963 734 Dei

174 750 260 772 totum
277 745 362 779 dedit,
376 751 404 773 et
425 747 471 782 qui
487 748 553 775 dicit
572 749 642 776 sicut
662 750 777 778 Paulus:
802 751 968 787 Sapientiam

174 790 306 826 loquimur
320 792 390 818 inter
408 794 546 828 perfectas,
562 795 719 828 sapientiam
741 802 830 824 autent
847 807 898 824 non
915 799 965 826 hu-

174 835 215 870 ius
230 837 330 869 mundi,
347 843 372 864 et
391 839 539 873 principum
555 841 645 867 swculi
660 842 750 876 lmjus.
771 845 816 879 qui
831 845 969 872 destruen-

175 888 218 909 tur
225 883 257 909 ".
267 883 401 911 Rixentur
409 889 499 912 autem
509 885 542 912 de
556 887 655 919 verbis,
666 893 712 915 aut
725 889 967 924 dogmatibuscon-

178 929 333 962 tendentes,
345 935 373 957 et
380 930 610 965 blaspbetnaverit
628 933 699 961 lilius
707 935 827 962 mulieris
838 936 968 964 Israeliti-

175 975 218 1002 dis
237 983 337 1002 nomen
352 984 358 1002 :
374 976 410 1003 sit
428 976 501 1004 enim
522 977 574 1005 hoc
597 980 706 1013 quando
727 981 749 1008 is
764 982 812 1015 qui
834 983 968 1017 sapientia

175 1022 303 1050 exteriori
317 1022 397 1049 lzesus
417 1027 469 1055 est,
493 1025 661 1052 mentionem
681 1026 745 1054 facit
765 1028 879 1056 Christi.
907 1029 968 1057 Vidi

176 1068 261 1100 enim,
286 1068 350 1102 quia
362 1067 443 1095 nimis
471 1069 648 1097 subtilitatem
681 1080 800 1108 sequens
831 1074 970 1109 legislatur

176 1115 234 1142 ait:

212 1162 330 1198 Cumque
346 1163 549 1198 blasphemasset
566 1173 668 1193 nomen.
688 1165 766 1198 Quod
784 1172 874 1194 autem
888 1172 968 1200 tacet,

177 1208 294 1235 necdum
310 1209 382 1236 enim
398 1210 508 1244 quando
523 1210 575 1237 hoc
595 1212 770 1239 sanciebatur
788 1217 846 1239 erat
863 1218 969 1245 notum,

177 1254 240 1288 quia
249 1254 366 1282 necdum
380 1259 460 1282 natus
470 1260 528 1282 erat
539 1255 572 1288 is,
586 1256 631 1291 qui
646 1264 678 1283 ex
699 1257 812 1292 virgine,
829 1262 855 1285 et
868 1258 969 1293 Spiritu

178 1304 272 1327 sancto
285 1301 443 1328 incarnatus
458 1306 510 1333 est,
530 1302 563 1329 de
579 1310 633 1337 quo
648 1303 715 1330 dixit
732 1304 837 1331 Gabriel
851 1314 858 1330 :
875 1305 905 1332 lz‘t
928 1315 970 1332 ro-

178 1348 273 1373 cabunt
298 1355 391 1374 nomen
418 1348 474 1382 ejus
489 1348 588 1380 Jesum,
601 1350 656 1384 ipse
671 1350 739 1376 enim
771 1351 873 1377 salvum
893 1351 969 1387 faciet

179 1393 304 1427 populum
324 1401 401 1420 suum
416 1402 430 1420 a
450 1395 564 1428 peccatis
587 1403 677 1422 eorum
698 1395 730 1422 ¹¹.
757 1395 857 1422 Paulus
876 1401 967 1424 autem

178 1444 311 1474 quantum
325 1440 360 1467 sit
380 1441 431 1467 hoc
450 1449 548 1468 nomen
563 1442 711 1469 ostendens
724 1442 762 1469 ait
778 1452 783 1469 :
809 1442 841 1468 Et
863 1443 933 1470 dedit
948 1445 972 1470 ci

182 1485 250 1512 Deus
270 1493 363 1512 nomen
381 1493 458 1519 super
481 1494 557 1512 omne
581 1495 684 1519 nomen,
706 1492 733 1513 ut
751 1488 778 1514 in
794 1489 896 1515 nomine
909 1489 971 1516 Jcsu

180 1538 255 1558 omne
261 1539 327 1565 genu
336 1532 469 1565 ﬂectatur,
477 1533 629 1565 cwlestium,
640 1534 811 1565 terrestrium,
822 1539 846 1561 et
855 1535 972 1570 inferno-

180 1585 240 1603 rum
256 1576 413 1610 ".Quando
426 1586 490 1614 ergo
502 1579 534 1611 is,
549 1580 596 1614 qui
611 1580 636 1606 in
655 1580 788 1615 sapientia
804 1581 926 1613 conﬁdit,
945 1586 972 1609 ct

180 1622 300 1653 intendit
325 1623 467 1656 exteriori,
495 1633 555 1660 qua:
581 1625 646 1652 dicit
677 1634 801 1661 parvum,
832 1635 971 1663 magnum,

185 1670 352 1703 maximum;
367 1675 393 1698 et
406 1672 514 1706 gradus,
524 1672 596 1706 quod
611 1672 779 1707 impossibile
790 1678 840 1706 est,
850 1673 974 1708 exquiret

182 1714 209 1741 in
225 1715 378 1748 divinitate,
397 1717 626 1751 blasphemaverit
640 1726 740 1745 nomen
759 1718 859 1746 Christi
880 1728 885 1745 :
903 1719 972 1746 blas-

180 1761 291 1796 phemat
304 1762 377 1788 enim
389 1760 498 1794 Filium,
510 1763 554 1797 qui
571 1771 634 1789 eum
648 1762 719 1790 Patri
734 1763 801 1790 dicit
817 1764 949 1791 minorem
965 1773 972 1791 :

182 1811 261 1834 extra
287 1812 374 1834 castra
396 1809 552 1836 necessarie
575 1809 729 1844 expellitur,
747 1814 773 1836 et
787 1817 802 1837 a
817 1811 974 1845 spectaculo

180 1852 311 1880 Ecclesia:
333 1853 470 1881 educitur.
496 1853 547 1887 Qui
569 1858 660 1882 autem
683 1855 838 1889 audierunt,
871 1863 975 1892 ponent

180 1905 278 1925 manus
288 1905 352 1926 suas
364 1907 447 1934 super
468 1905 548 1935 caput
562 1901 622 1936 ejus
643 1910 649 1928 :
667 1902 842 1930 ostendentes
862 1910 910 1938 per
928 1911 974 1930 ca-

180 1949 238 1977 put,
252 1944 315 1979 quia
330 1950 412 1980 caput
425 1953 488 1973 vere
510 1946 644 1980 Christus,
668 1951 750 1982 caput
769 1952 857 1975 autem
873 1948 973 1976 Christi

181 1991 252 2020 Deus
270 2002 276 2020 :
294 1993 358 2028 quia
371 1994 416 2029 qui
440 1994 539 2022 Filium
556 1995 764 2030 blasphemarit,
782 2000 810 2023 et
822 1996 931 2023 Patrem
944 1997 971 2024 in

179 2038 226 2066 illo
240 2039 450 2074 blasphemavit.

209 2086 243 2113 Et
257 2086 356 2122 lapidet
370 2095 429 2114 eum
441 2088 553 2122 populus
568 2090 712 2116 uniuersus.
725 2089 776 2122 Qui
793 2089 923 2117 occidunt
943 2095 972 2117 et

179 2132 339 2166 dispertiunt
354 2141 415 2160 eum
427 2134 473 2168 qui
489 2134 696 2169 blasphemavit.
713 2134 767 2163 Sed
782 2139 809 2163 et
820 2137 878 2163 haec
891 2136 972 2163 verba

180 2179 261 2213 hujus
275 2179 425 2206 sanctionis
435 2185 587 2214 opportune
600 2185 676 2212 nota,
686 2189 741 2217 quo
754 2182 835 2209 modo
848 2182 974 2210 adduxe-

180 2229 245 2252 runt
257 2233 320 2252 cum
333 2225 368 2252 ad
384 2224 505 2261 Moysen.
530 2226 591 2260 Ipse
615 2231 708 2254 autem
725 2235 779 2254 non
804 2235 835 2254 ex
853 2229 973 2255 auctori-

181 2274 235 2298 tate
250 2271 379 2306 agit,nec
396 2271 500 2306 profert
522 2275 617 2299 contra
641 2280 705 2300 eum
726 2275 901 2306 sententiam,
924 2274 971 2301 sed

1018 339 1045 362 et
1052 335 1097 370 qui
1106 335 1438 370 blasphemavcritnomen
1446 335 1564 367 Domini,
1576 339 1663 362 morte
1669 335 1810 362 moriatur.

1019 381 1168 416 Lapidibus
1185 382 1323 416 opprimet
1337 389 1399 408 eum
1416 381 1505 408 omnis
1523 381 1680 414 multitudo,
1698 380 1755 408 sive
1769 380 1813 408 ille

1019 427 1086 454 civis
1112 427 1169 454 sive
1195 427 1354 462 peregrinus
1381 427 1474 454 fuerit.
1501 426 1553 460 Qui
1582 427 1813 463 blasphemaverit

1018 482 1117 502 nomen
1138 474 1257 506 Domini,
1271 478 1360 501 morte
1372 473 1515 500 moriatur.
1538 483 1547 499 ›

1054 521 1159 548 Novum
1175 521 1231 553 hic,
1262 526 1290 548 et
1303 521 1374 556 quod
1392 521 1539 549 conturbet
1557 529 1638 548 aures
1665 522 1812 549 multorum

1020 566 1170 594 secundum
1199 566 1347 593 editionem
1374 566 1445 593 LXX
1463 566 1588 601 lirmcipit
1605 576 1612 593 :
1627 566 1723 599 Homo,
1736 567 1813 594 homo

1020 613 1167 647 quicunque
1189 612 1355 639 maledirerit
1383 612 1448 644 Deo,
1473 617 1608 646 penatum
1620 613 1741 647 accipiet,
1769 613 1814 648 qui

1020 664 1107 686 autem
1128 659 1246 685 nominat
1269 667 1362 685 nomen
1386 659 1504 691 Domini,
1530 664 1612 686 morte
1627 659 1767 686 moriatur.
1780 658 1814 686 Et

1019 705 1235 739 blasphemando
1250 704 1344 736 Deum,
1357 704 1498 731 nominare
1510 713 1609 732 nomen
1627 704 1734 732 Domini
1754 713 1814 740 gra-

1020 752 1080 778 vius
1093 756 1135 778 Cst
1150 761 1155 777 :
1172 759 1233 777 nam
1250 750 1295 777 ille
1310 750 1418 785 quidem
1436 755 1578 786 peccatum
1595 751 1694 786 accipit
1710 751 1812 780 solum-

1020 797 1111 829 modo,
1131 797 1176 823 ille
1193 801 1219 822 et
1244 804 1352 830 poenam
1379 797 1497 823 sustinet
1518 797 1622 824 mortis.
1647 795 1715 829 Qua:
1739 797 1812 824 enim

1021 841 1176 868 dim-rentia
1193 842 1263 868 inter
1272 842 1415 868 Dominum
1429 847 1455 869 et
1471 842 1556 869 Deum
1572 842 1692 869 ?Nonn‘e
1702 842 1746 869 hic
1764 842 1813 870 iste.

1021 887 1077 922 ipse
1093 891 1134 914 est
1146 887 1190 922 qui
1206 887 1273 914 dixit
1287 897 1292 914 :
1305 888 1383 919 Audi,
1406 888 1502 920 Israel,
1518 888 1645 914 Dominus
1660 887 1727 915 Datis
1742 893 1812 920 tuus,

1021 932 1090 960 Deus
1107 942 1171 959 unus
1186 939 1223 960 est
1241 933 1272 959 ³³.
1289 934 1321 960 Et
1336 942 1429 960 rursus
1442 944 1447 960 ;
1462 934 1561 969 Diliges
1577 934 1715 960 Dominum
1730 934 1812 960 Deum

1020 985 1094 1007 tuum
1105 985 1198 1006 extoto
1208 981 1283 1006 corde
1298 979 1523 1011 tuo".Quomodo
1537 987 1601 1014 ergo
1613 979 1660 1014 qui
1674 979 1813 1006 maledixit

1020 1026 1086 1059 Deo,
1104 1031 1245 1060 peccatum
1265 1026 1373 1060 accipit,
1391 1025 1437 1060 qui
1454 1030 1544 1052 autem
1566 1025 1747 1053 nominaverit
1761 1033 1811 1051 no-

1020 1079 1082 1099 men
1098 1071 1208 1098 Domini
1225 1076 1313 1099 morte
1331 1072 1463 1099 morietur
1477 1072 1488 1098 ?
1505 1072 1558 1099 Aut
1572 1071 1650 1106 cujus
1674 1071 1711 1099 rei
1721 1072 1812 1108 ,gratia

1024 1117 1137 1144 omnino
1162 1125 1251 1152 poena:
1276 1118 1456 1149 submittitur,
1481 1118 1526 1152 qui
1557 1118 1682 1145 nominat
1713 1126 1812 1145 nomen

1021 1163 1149 1190 Domini?
1163 1163 1289 1191 Invenies
1304 1164 1376 1190 enim
1394 1163 1489 1190 lsaiam
1503 1164 1687 1191 exsultantem
1703 1164 1731 1191 in
1749 1164 1811 1195 hoc,

1021 1216 1048 1237 et
1063 1210 1199 1237 dicentem
1217 1219 1223 1236 :
1240 1209 1360 1242 Domine,
1377 1214 1452 1236 extra
1476 1214 1500 1237 te
1516 1210 1600 1237 alium
1613 1211 1754 1242 nescimus,
1771 1219 1815 1237 no-

1021 1263 1080 1281 men
1103 1260 1176 1282 tuum
1196 1256 1362 1281 nominamus
1372 1255 1403 1281 ³⁷.
1415 1255 1492 1288 Quod
1514 1263 1578 1291 ergo
1590 1263 1690 1282 nomen
1707 1255 1813 1283 Domini

1022 1303 1082 1338 quis
1099 1303 1254 1336 nominans,
1273 1303 1323 1330 sub
1338 1303 1484 1330 maledicto
1503 1307 1531 1330 et
1547 1303 1598 1330 sub
1621 1311 1701 1338 pmna
1720 1304 1814 1330 mortis

1023 1349 1163 1376 edicitur?
1180 1348 1319 1384 Siquidem
1337 1348 1447 1383 aliquod
1467 1349 1553 1376 latens
1573 1356 1684 1382 nomen,
1698 1353 1725 1375 et
1742 1349 1814 1383 quod

1023 1395 1252 1430 nosignoramus,
1270 1394 1491 1429 legislatornunc
1507 1394 1581 1425 dicit.
1596 1394 1668 1429 quod
1690 1394 1717 1421 in
1741 1394 1816 1421 Scri-

1024 1446 1102 1477 ptura
1130 1448 1205 1468 sacra
1228 1448 1282 1467 non
1295 1444 1337 1467 est
1349 1440 1573 1467 manifestatum:
1590 1439 1726 1474 quomodo
1740 1440 1815 1474 quis-

1023 1488 1095 1524 piam
1111 1489 1160 1515 hoc
1178 1488 1310 1517 nominet,
1328 1487 1400 1521 quod
1415 1494 1468 1512 non
1486 1486 1578 1513 didicit
1593 1507 1598 1516 ,
1617 1494 1668 1513 nec
1692 1486 1726 1514 ad
1759 1494 1816 1512 tne-

1024 1535 1098 1562 dium
1118 1534 1239 1569 proferre
1251 1537 1337 1568 potest
1352 1533 1363 1558 ?
1381 1532 1447 1559 Vide
1462 1537 1551 1558 autem
1568 1532 1632 1567 quid
1652 1532 1730 1560 nobis
1745 1532 1816 1559 Deus

1024 1588 1072 1616 per
1097 1580 1206 1615 Moysen
1240 1578 1457 1606 inanil'estuvcrit
1477 1587 1483 1605 :
1503 1577 1621 1612 Cumque
1644 1577 1816 1604 descendisset

1029 1627 1157 1653 Dominus
1179 1634 1225 1659 per
1244 1625 1347 1656 nubent,
1364 1625 1434 1650 stetit
1451 1632 1508 1650 cum
1522 1632 1551 1650 eo
1566 1623 1674 1658 Moyses,
1693 1623 1816 1649 invocans

1027 1679 1119 1698 nomen
1144 1670 1259 1701 Domini,
1274 1678 1324 1704 quo
1341 1674 1491 1696 transeunte
1502 1677 1589 1695 coram
1607 1677 1636 1695 eo
1652 1669 1710 1695 ait:
1724 1667 1816 1694 Domi-

1026 1722 1102 1744 nator
1110 1716 1219 1743 Domine
1225 1715 1294 1742 Deus
1304 1715 1450 1741 misericors
1460 1719 1483 1740 et
1492 1714 1603 1740 clemens
1610 1713 1641 1741 3‘.
1652 1713 1710 1740 Non
1725 1717 1816 1740 autent

1024 1764 1078 1791 hoc
1102 1763 1182 1790 nobis
1206 1761 1403 1793 manifestarct,
1429 1761 1450 1787 si
1467 1768 1516 1787 nos
1531 1761 1581 1787 hoc
1597 1768 1650 1787 non
1673 1759 1817 1787 nominare

1025 1810 1165 1839 voluisset.
1179 1809 1232 1836 Sed
1247 1808 1319 1835 aliud
1336 1815 1407 1834 nunc
1423 1815 1472 1842 per
1487 1806 1658 1840 prmsentiam
1682 1805 1818 1841 legislator

1025 1857 1194 1884 demonstrat
1209 1863 1215 1881 :
1235 1854 1307 1880 illam
1317 1853 1389 1880 enim
1402 1851 1611 1887 blasphemiam,
1628 1859 1709 1886 quam
1724 1851 1816 1877 scicn—

1025 1904 1061 1932 do
1071 1903 1132 1938 quis
1147 1902 1302 1933 committit,
1319 1901 1390 1927 hanc
1405 1900 1456 1927 sub
1475 1907 1554 1934 pccna
1571 1898 1688 1925 maxima
1704 1905 1776 1930 esse,
1789 1901 1817 1924 et

1025 1959 1080 1977 non
1089 1949 1223 1977 venialem
1236 1948 1302 1975 vult.
1316 1947 1348 1973 Et
1356 1947 1406 1973 hoc
1415 1946 1481 1973 dicit
1492 1950 1595 1980 aperte,
1603 1944 1675 1979 quod
1689 1944 1717 1971 in
1726 1944 1817 1970 Evan~

1024 1995 1102 2031 geliis
1121 1993 1252 2022 Dominus
1265 1992 1299 2020 ait
1319 1990 1422 2018 :0mne
1441 1994 1587 2024 peccatum,
1604 1993 1628 2015 et
1653 1988 1816 2023 blasphemia

1025 2041 1173 2068 dimittetur
1187 2037 1345 2065 hominibus.
1362 2035 1413 2068 Qui
1427 2040 1518 2062 autem
1532 2034 1629 2061 dixerit
1643 2038 1734 2060 contra
1753 2032 1817 2068 Spi-l

1025 2088 1106 2114 ritum
1118 2089 1249 2114 sanctum.
1261 2091 1312 2109 non
1320 2083 1469 2109 dimittetur
1478 2080 1512 2113 ei,
1525 2087 1608 2114 neque
1617 2080 1643 2105 in
1653 2079 1700 2106 hoc
1709 2077 1815 2110 swculo,

1026 2141 1108 2168 neque
1126 2133 1153 2159 in
1171 2132 1260 2167 futuro
1275 2130 1306 2156 ³⁸.
1320 2127 1520 2163 Dlasphemiam
1541 2126 1663 2162 spiritus,
1679 2133 1740 2152 eam
1754 2132 1815 2160 quae

1026 2180 1052 2207 in
1069 2178 1181 2206 scientia
1195 2177 1242 2204 Dei
1256 2175 1443 2207 committitur,
1455 2172 1652 2208 blasphemiam
1665 2171 1815 2208 appellans,

1025 2226 1087 2261 quia
1102 2224 1215 2252 scientia
1236 2223 1338 2250 donum
1355 2225 1398 2249 est
1411 2221 1568 2256 specialiter
1589 2219 1718 2254 Spiritus,
1734 2219 1768 2245 ita
1788 2222 1814 2244 ut

1025 2272 1125 2299 l’aulus
1140 2271 1243 2298 diceret
1253 2279 1259 2296 ε
1270 2269 1337 2296 Iluic
1351 2268 1456 2302 quidem
1473 2268 1553 2294 datur
1562 2274 1609 2300 per
1616 2265 1747 2300 Spiritum
1759 2272 1814 2291 ser-

180 2316 253 2343 misit
267 2324 329 2344 eum
352 2317 378 2344 in
396 2325 543 2349 carcerem,
562 2321 590 2345 ut
618 2318 779 2352 diiudicaret
805 2327 852 2352 per
870 2327 971 2354 pm‘ce-
990 2329 1011 2356 ί)
1027 2327 1068 2345 nto
1081 2317 1230 2352 sapientiae,
1246 2316 1292 2342 alii
1307 2323 1392 2342 sermo
1403 2314 1518 2340 scientia:
1533 2313 1567 2338 ⁵⁸.
1582 2311 1765 2344 Quamobrem
1790 2315 1815 2336 et

180 2368 255 2397 ptum
272 2364 388 2390 Domini.
401 2363 469 2391 Nam
485 2364 600 2391 Mosaiea
618 2364 671 2396 lex,
683 2365 747 2392 odio
764 2365 874 2399 quidem
891 2366 973 2393 habet

181 2409 237 2443 ipsa
246 2408 346 2436 Filium
362 2410 608 2444 blasphemantem,
620 2410 693 2445 quod
707 2410 882 2437 manifestum
890 2414 972 2438 estex

180 2463 224 2487 eo,
238 2455 312 2490 quod
331 2455 488 2490 frequenter
505 2455 647 2483 Trinitatis
666 2456 787 2484 insinuat
802 2457 970 2492 mysterium,

181 2500 247 2535 (non
267 2501 376 2536 quidem
399 2505 503 2536 aperte,
520 2509 571 2529 nec
591 2502 629 2528 sic
645 2501 724 2536 plane
738 2502 772 2529 de
788 2510 818 2529 ea
840 2503 970 2537 loquitur,

184 2546 256 2573 sicut
282 2546 481 2581 Evangelium),
493 2551 520 2574 et
535 2550 678 2581 propterea
703 2554 765 2573 eum
790 2547 822 2574 ad
839 2547 971 2582 judicium

181 2591 371 2619 mandatorum
387 2591 491 2619 Domini
520 2592 678 2619 reservavit.
704 2592 824 2624 Quorum
838 2593 848 2618 ?
863 2593 971 2620 Illorum

180 2639 317 2671 videlicet,
333 2647 393 2674 qua:
406 2639 579 2672 dieunt:0ui
593 2647 643 2666 non
656 2640 737 2666 credit
762 2638 891 2666 inFilium
911 2639 971 2673 jam

176 2685 314 2721 judicatus
337 2690 374 2712 ost
389 2685 421 2712 ³³.
437 2686 470 2713 Et
487 2685 636 2712 rursus:Si
652 2694 704 2712 non
718 2686 890 2717 credideritis,
909 2686 970 2720 quia

179 2738 225 2765 ego
238 2739 308 2762 sum,
318 2731 466 2757 moriemini
478 2731 504 2756 in
515 2731 626 2764 peccatis
636 2731 761 2758 vestris“.
775 2730 910 2765 Multaque
920 2731 970 2757 alia

182 2775 243 2803 talia
253 2776 281 2802 in
294 2775 459 2809 evangelicis
479 2775 622 2810 prmeeptis
639 2775 720 2803 dicta.

215 2819 298 2851 sts.
317 2821 407 2848 15-16.
430 2831 438 2847 ‹
460 2821 492 2848 Et
508 2822 541 2849 ad
557 2822 626 2849 ﬁlios
637 2821 718 2848 Israel
737 2821 871 2856 loqueris:
886 2821 972 2848 llomo

218 2899 241 2916 "
259 2898 327 2926 Gen.
357 2907 442 2930 xxxn,
457 2899 485 2925 '2.

185 2933 226 2962 η.
284 2934 306 2950 ⁸⁸
326 2934 402 2960 Deut.
419 2943 455 2966 vr,
473 2935 498 2961 4.

195 2967 312 2996 "‘ICor.
330 2977 378 3003 xtl,
397 2969 422 2995 8.

543 2899 565 2914 ³ο
581 2898 590 2924 1
608 2898 672 2926 Cor.
691 2905 722 2930 ιι,
739 2898 764 2925 6.

538 2934 559 2948 ³⁸
575 2934 669 2961 Matth.
688 2941 752 2966 χχιι,
770 2933 814 2961 57.

823 2899 843 2914 ³¹
858 2898 924 2925 Luc.
941 2906 960 2927 ι.
976 2897 1020 2924 51.

872 2934 891 2950 ³⁷
906 2934 956 2961 lsa.
974 2941 1034 2964 λιν,
1054 2933 1080 2960 5.

1027 2372 1101 2392 nunc
1117 2362 1246 2397 intelligis
1260 2361 1423 2388 maledicere
1447 2359 1542 2390 Deum,
1563 2357 1608 2392 qui
1632 2364 1687 2383 non
1705 2355 1816 2383 sciendo

1027 2409 1207 2444 blasphemat.
1221 2408 1298 2436 Unde
1307 2415 1357 2434 nec
1367 2406 1556 2440 blaspbetnarc
1564 2411 1627 2430 eum
1636 2402 1816 2436 Symmachus

1028 2456 1097 2483 sicut
1112 2454 1197 2481 lilium
1209 2453 1337 2480 mulieres
1352 2451 1509 2478 Israelitidis
1526 2449 1644 2484 scripsit,
1666 2448 1712 2475 sed
1723 2448 1815 2475 detra~

1027 2502 1103 2529 here.
1120 2501 1191 2528 Dixit
1202 2500 1275 2527 enim
1293 2508 1299 2525 :
1315 2498 1400 2525 llonw
1411 2498 1455 2533 qui
1470 2497 1614 2524 detraxerit
1632 2495 1685 2522 Deo
1704 2503 1760 2521 suo.
1783 2495 1818 2522 Et

1026 2554 1075 2581 per
1091 2546 1142 2572 hoc
1157 2544 1273 2572 maxime
1288 2543 1450 2574 ostenditur,
1467 2542 1529 2576 quia
1544 2549 1593 2576 per
1609 2540 1721 2567 nimiam
1740 2539 1818 2574 igno-

1026 2592 1151 2623 rantiam,
1167 2599 1197 2618 ea
1210 2591 1244 2618 de
1260 2591 1322 2622 Deo,
1333 2597 1393 2624 qua:
1410 2589 1443 2616 de
1456 2588 1566 2615 homine
1578 2587 1660 2614 habet
1675 2586 1703 2614 in
1715 2586 1815 2622 quibus

1025 2639 1113 2666 locant
1135 2638 1217 2665 habet
1232 2636 1373 2667 detractio,
1396 2635 1497 2662 dicere.
1520 2635 1712 2662 Verumtamen
1733 2637 1760 2660 et
1777 2633 1816 2660 sic

1025 2689 1166 2719 peccatum
1174 2683 1283 2718 accipit,
1293 2682 1355 2717 quia
1367 2682 1430 2708 dum
1440 2681 1552 2708 deberet
1561 2681 1702 2708 scientiam
1713 2679 1814 2707 habere

1025 2736 1077 2755 non
1091 2727 1350 2754 babuit.Nouiinare
1360 2730 1449 2752 autem
1459 2732 1558 2752 nomen
1574 2724 1680 2751 Domitii
1694 2724 1720 2750 in
1732 2722 1814 2748 malc-

1026 2775 1143 2802 tlicendo
1164 2774 1201 2801 ait
1220 2781 1294 2805 cum,
1321 2772 1367 2807 qui
1399 2771 1426 2799 in
1445 2771 1558 2799 scientia
1578 2771 1757 2805 blasphemat.
1779 2767 1812 2794 ιιι

1027 2824 1116 2848 autem
1134 2819 1242 2854 procrie
1262 2818 1403 2845 Dominum
1426 2816 1636 2851 Imminant,‘qui
1648 2815 1708 2850 ejus
1726 2813 1816 2842 scien-

1343 2895 1455 2922 u.lnan.
1471 2902 1511 2924 ιιι,
1535 2893 1576 2920 ts.
1613 2892 1726 2919 “Joan.
1752 2898 1812 2924 vni.

1060 2898 1082 2913 δ’
1100 2896 1197 2931 Philip.
1216 2896 1304 2926 ".10.
1343 2896 1455 2922 ".Inan.
1471 2902 1511 2924 ιιι,
1535 2896 1576 2920 ιδ.
1613 2896 1726 2919 “Joan.
1752 2899 1785 2920 vn

1060 2933 1080 2960 ἲ.
1132 2932 1152 2947 ³·
1168 2931 1252 2959 lixod.
1269 2939 1360 2961 xxxiv,
1380 2931 1406 2957 5.
1465 2931 1485 2945 "
1502 2927 1597 2955 Matth.
1614 2935 1662 2961 xtl,
1680 2927 1724 2959 Si,
1741 2928 1785 2954 3i.

1132 2932 1152 2947 ³·
1168 2931 1252 2959 lixod.
1269 2939 1360 2963 xxxiv,
1380 2931 1406 2957 5.
