  <div class='ocr_page' id='page_1' title='image "/cluster/home/n/w/nwhite01/storage/ocr_20150623/93/njp.32101077772836/623.png"; bbox 0 0 2056 3148; ppageno 0'>
   <div class='ocr_carea' id='block_1_1' title="bbox 221 204 291 239">
    <p class='ocr_par' dir='ltr' id='par_1_1' title="bbox 221 204 291 239">
     <span class='ocr_line' id='line_1_1' title="bbox 221 204 291 239; baseline 0 0"><span class='ocrx_word' id='word_1_1' title='bbox 221 204 291 239; x_wconf 80' lang='grc'><strong>110⁸1</strong></span> 
     </span>
    </p>
   </div>
   <div class='ocr_carea' id='block_1_2' title="bbox 819 207 1266 239">
    <p class='ocr_par' dir='ltr' id='par_1_2' title="bbox 819 207 1266 239">
     <span class='ocr_line' id='line_1_2' title="bbox 819 207 1266 239; baseline 0 -1"><span class='ocrx_word' id='word_1_2' title='bbox 819 209 1001 238; x_wconf 67' lang='lat' dir='ltr'><strong>HESYt‘Hll</strong></span> <span class='ocrx_word' id='word_1_3' title='bbox 1025 207 1266 239; x_wconf 75' lang='lat' dir='ltr'><strong>PRESBYTERI</strong></span> 
     </span>
    </p>
   </div>
   <div class='ocr_carea' id='block_1_3' title="bbox 1793 203 1862 236">
    <p class='ocr_par' dir='ltr' id='par_1_3' title="bbox 1793 203 1862 236">
     <span class='ocr_line' id='line_1_3' title="bbox 1793 203 1862 236; baseline 0 0"><span class='ocrx_word' id='word_1_4' title='bbox 1793 203 1862 236; x_wconf 78' lang='lat' dir='ltr'><strong>H08</strong></span> 
     </span>
    </p>
   </div>
   <div class='ocr_carea' id='block_1_4' title="bbox 217 259 1863 301">
    <p class='ocr_par' dir='ltr' id='par_1_4' title="bbox 217 259 1863 301">
     <span class='ocr_line' id='line_1_4' title="bbox 217 259 1863 301; baseline -0.004 -10"><span class='ocrx_word' id='word_1_5' title='bbox 217 264 283 292; x_wconf 86' lang='lat' dir='ltr'><strong>tiam</strong></span> <span class='ocrx_word' id='word_1_6' title='bbox 300 263 508 298; x_wconf 81' lang='lat' dir='ltr'><strong>Conquisierunt</strong></span> <span class='ocrx_word' id='word_1_7' title='bbox 525 269 573 297; x_wconf 84' lang='lat' dir='ltr'><strong>per</strong></span> <span class='ocrx_word' id='word_1_8' title='bbox 588 263 733 298; x_wconf 77' lang='lat' dir='ltr'><strong>Spiritum.</strong></span> <span class='ocrx_word' id='word_1_9' title='bbox 750 264 834 291; x_wconf 80' lang='lat' dir='ltr'><strong>Nemo</strong></span> <span class='ocrx_word' id='word_1_10' title='bbox 853 266 922 292; x_wconf 85' lang='lat' dir='ltr'><strong>enim</strong></span> <span class='ocrx_word' id='word_1_11' title='bbox 933 270 1018 301; x_wconf 84' lang='lat' dir='ltr'><strong>potest</strong></span> <span class='ocrx_word' id='word_1_12' title='bbox 1036 270 1058 296; x_wconf 80' lang='grc' dir='ltr'>Α</span> <span class='ocrx_word' id='word_1_13' title='bbox 1073 264 1126 292; x_wconf 89' lang='lat' dir='ltr'><strong>Sed</strong></span> <span class='ocrx_word' id='word_1_14' title='bbox 1139 269 1167 292; x_wconf 86' lang='lat' dir='ltr'><strong>et</strong></span> <span class='ocrx_word' id='word_1_15' title='bbox 1181 265 1203 292; x_wconf 92' lang='lat' dir='ltr'><strong>si</strong></span> <span class='ocrx_word' id='word_1_16' title='bbox 1216 263 1383 299; x_wconf 87' lang='lat' dir='ltr'><strong>percusserit</strong></span> <span class='ocrx_word' id='word_1_17' title='bbox 1397 261 1508 293; x_wconf 86' lang='lat' dir='ltr'><strong>animal,</strong></span> <span class='ocrx_word' id='word_1_18' title='bbox 1528 260 1656 288; x_wconf 84' lang='lat' dir='ltr'><strong>videlicet</strong></span> <span class='ocrx_word' id='word_1_19' title='bbox 1677 267 1740 286; x_wconf 88' lang='lat' dir='ltr'><strong>eum</strong></span> <span class='ocrx_word' id='word_1_20' title='bbox 1753 259 1798 294; x_wconf 79' lang='lat' dir='ltr'><strong>qui</strong></span> <span class='ocrx_word' id='word_1_21' title='bbox 1812 266 1863 294; x_wconf 84' lang='lat' dir='ltr'><strong>pe-</strong></span> 
     </span>
    </p>
   </div>
   <div class='ocr_carea' id='block_1_5' title="bbox 218 308 1009 345">
    <p class='ocr_par' dir='ltr' id='par_1_5' title="bbox 218 308 1009 345">
     <span class='ocr_line' id='line_1_5' title="bbox 218 308 1009 345; baseline 0.003 -8"><span class='ocrx_word' id='word_1_22' title='bbox 218 311 330 337; x_wconf 76' lang='lat' dir='ltr'><strong>dicere:</strong></span> <span class='ocrx_word' id='word_1_23' title='bbox 343 309 470 336; x_wconf 82' lang='lat' dir='ltr'><strong>Dominus</strong></span> <span class='ocrx_word' id='word_1_24' title='bbox 488 308 575 343; x_wconf 84' lang='lat' dir='ltr'><strong>Jesus,</strong></span> <span class='ocrx_word' id='word_1_25' title='bbox 592 310 823 345; x_wconf 71' lang='lat' dir='ltr'><strong>quemadmodum</strong></span> <span class='ocrx_word' id='word_1_26' title='bbox 838 311 942 339; x_wconf 78' lang='lat' dir='ltr'><strong>Paulus</strong></span> <span class='ocrx_word' id='word_1_27' title='bbox 961 312 1009 345; x_wconf 84' lang='lat' dir='ltr'><strong>ait,</strong></span> 
     </span>
    </p>
   </div>
   <div class='ocr_carea' id='block_1_6' title="bbox 219 354 1012 391">
    <p class='ocr_par' dir='ltr' id='par_1_6' title="bbox 219 354 1012 391">
     <span class='ocr_line' id='line_1_6' title="bbox 219 354 1012 391; baseline 0.001 -8"><span class='ocrx_word' id='word_1_28' title='bbox 219 356 270 383; x_wconf 86' lang='lat' dir='ltr'><strong>nisi</strong></span> <span class='ocrx_word' id='word_1_29' title='bbox 280 355 307 382; x_wconf 88' lang='lat' dir='ltr'><strong>in</strong></span> <span class='ocrx_word' id='word_1_30' title='bbox 318 354 419 389; x_wconf 82' lang='lat' dir='ltr'><strong>Spiritu</strong></span> <span class='ocrx_word' id='word_1_31' title='bbox 432 360 522 382; x_wconf 83' lang='lat' dir='ltr'><strong>sancto</strong></span> <span class='ocrx_word' id='word_1_32' title='bbox 534 354 578 382; x_wconf 78' lang='lat'><strong>‘°‘.</strong></span> <span class='ocrx_word' id='word_1_33' title='bbox 591 354 659 389; x_wconf 86' lang='lat' dir='ltr'><strong>Quia</strong></span> <span class='ocrx_word' id='word_1_34' title='bbox 673 364 736 391; x_wconf 78' lang='lat' dir='ltr'><strong>ergo</strong></span> <span class='ocrx_word' id='word_1_35' title='bbox 750 356 867 384; x_wconf 77' lang='lat' dir='ltr'><strong>scientes</strong></span> <span class='ocrx_word' id='word_1_36' title='bbox 883 357 1012 391; x_wconf 77' lang='lat' dir='ltr'><strong>blasphe—</strong></span> 
     </span>
    </p>
   </div>
   <div class='ocr_carea' id='block_1_7' title="bbox 220 401 1013 434">
    <p class='ocr_par' dir='ltr' id='par_1_7' title="bbox 220 401 1013 434">
     <span class='ocr_line' id='line_1_7' title="bbox 220 401 1013 434; baseline 0.001 -7"><span class='ocrx_word' id='word_1_37' title='bbox 220 404 306 433; x_wconf 87' lang='lat' dir='ltr'><strong>mant,</strong></span> <span class='ocrx_word' id='word_1_38' title='bbox 322 405 395 427; x_wconf 87' lang='lat' dir='ltr'><strong>recte</strong></span> <span class='ocrx_word' id='word_1_39' title='bbox 409 407 472 428; x_wconf 83' lang='lat' dir='ltr'><strong>sunt</strong></span> <span class='ocrx_word' id='word_1_40' title='bbox 484 401 542 428; x_wconf 86' lang='lat' dir='ltr'><strong>sine</strong></span> <span class='ocrx_word' id='word_1_41' title='bbox 559 401 649 434; x_wconf 83' lang='lat' dir='ltr'><strong>venia,</strong></span> <span class='ocrx_word' id='word_1_42' title='bbox 668 401 725 428; x_wconf 85' lang='lat' dir='ltr'><strong>sive</strong></span> <span class='ocrx_word' id='word_1_43' title='bbox 743 409 757 428; x_wconf 86' lang='lat' dir='ltr'><strong>a</strong></span> <span class='ocrx_word' id='word_1_44' title='bbox 779 402 904 428; x_wconf 85' lang='lat' dir='ltr'><strong>Patribus</strong></span> <span class='ocrx_word' id='word_1_45' title='bbox 921 403 1013 429; x_wconf 81' lang='lat' dir='ltr'><strong>scicn-</strong></span> 
     </span>
    </p>
   </div>
   <div class='ocr_carea' id='block_1_8' title="bbox 222 447 1013 483">
    <p class='ocr_par' dir='ltr' id='par_1_8' title="bbox 222 447 1013 483">
     <span class='ocr_line' id='line_1_8' title="bbox 222 447 1013 483; baseline 0.001 -9"><span class='ocrx_word' id='word_1_46' title='bbox 222 447 286 474; x_wconf 84' lang='lat' dir='ltr'><strong>tiam</strong></span> <span class='ocrx_word' id='word_1_47' title='bbox 303 447 419 478; x_wconf 85' lang='lat' dir='ltr'><strong>habent.</strong></span> <span class='ocrx_word' id='word_1_48' title='bbox 435 452 462 475; x_wconf 87' lang='lat' dir='ltr'><strong>et</strong></span> <span class='ocrx_word' id='word_1_49' title='bbox 477 448 648 482; x_wconf 85' lang='lat' dir='ltr'><strong>appellantur</strong></span> <span class='ocrx_word' id='word_1_50' title='bbox 664 453 774 483; x_wconf 89' lang='lat' dir='ltr'><strong>propter</strong></span> <span class='ocrx_word' id='word_1_51' title='bbox 790 448 841 475; x_wconf 88' lang='lat' dir='ltr'><strong>hoc</strong></span> <span class='ocrx_word' id='word_1_52' title='bbox 856 449 939 481; x_wconf 85' lang='lat' dir='ltr'><strong>cives,</strong></span> <span class='ocrx_word' id='word_1_53' title='bbox 956 450 1013 476; x_wconf 82' lang='lat' dir='ltr'><strong>sive</strong></span> 
     </span>
    </p>
   </div>
   <div class='ocr_carea' id='block_1_9' title="bbox 221 493 1011 530">
    <p class='ocr_par' dir='ltr' id='par_1_9' title="bbox 221 493 1011 530">
     <span class='ocr_line' id='line_1_9' title="bbox 221 493 1011 530; baseline 0.003 -10"><span class='ocrx_word' id='word_1_54' title='bbox 221 493 303 520; x_wconf 88' lang='lat' dir='ltr'><strong>modo</strong></span> <span class='ocrx_word' id='word_1_55' title='bbox 319 500 379 520; x_wconf 89' lang='lat' dir='ltr'><strong>eam</strong></span> <span class='ocrx_word' id='word_1_56' title='bbox 404 493 560 521; x_wconf 87' lang='lat' dir='ltr'><strong>didicerunt</strong></span> <span class='ocrx_word' id='word_1_57' title='bbox 580 498 607 521; x_wconf 89' lang='lat' dir='ltr'><strong>ct</strong></span> <span class='ocrx_word' id='word_1_58' title='bbox 622 499 766 529; x_wconf 87' lang='lat' dir='ltr'><strong>propterea</strong></span> <span class='ocrx_word' id='word_1_59' title='bbox 780 499 845 521; x_wconf 90' lang='lat' dir='ltr'><strong>sunt</strong></span> <span class='ocrx_word' id='word_1_60' title='bbox 867 495 1011 530; x_wconf 79' lang='lat' dir='ltr'><strong>peregrini.</strong></span> 
     </span>
    </p>
   </div>
   <div class='ocr_carea' id='block_1_10' title="bbox 221 540 1014 575">
    <p class='ocr_par' dir='ltr' id='par_1_10' title="bbox 221 540 1014 575">
     <span class='ocr_line' id='line_1_10' title="bbox 221 540 1014 575; baseline 0.001 -9"><span class='ocrx_word' id='word_1_61' title='bbox 221 540 291 567; x_wconf 81' lang='lat' dir='ltr'><strong>Cum</strong></span> <span class='ocrx_word' id='word_1_62' title='bbox 304 540 451 566; x_wconf 87' lang='lat' dir='ltr'><strong>nominant</strong></span> <span class='ocrx_word' id='word_1_63' title='bbox 471 548 537 575; x_wconf 74' lang='lat' dir='ltr'><strong>ergo</strong></span> <span class='ocrx_word' id='word_1_64' title='bbox 550 548 653 567; x_wconf 81' lang='lat' dir='ltr'><strong>nomen</strong></span> <span class='ocrx_word' id='word_1_65' title='bbox 670 540 791 572; x_wconf 85' lang='lat' dir='ltr'><strong>Domini,</strong></span> <span class='ocrx_word' id='word_1_66' title='bbox 805 545 878 567; x_wconf 86' lang='lat' dir='ltr'><strong>recte</strong></span> <span class='ocrx_word' id='word_1_67' title='bbox 894 541 1014 567; x_wconf 87' lang='lat' dir='ltr'><strong>morien-</strong></span> 
     </span>
    </p>
   </div>
   <div class='ocr_carea' id='block_1_11' title="bbox 223 586 1015 621">
    <p class='ocr_par' dir='ltr' id='par_1_11' title="bbox 223 586 1015 621">
     <span class='ocr_line' id='line_1_11' title="bbox 223 586 1015 621; baseline 0 -8"><span class='ocrx_word' id='word_1_68' title='bbox 223 592 267 613; x_wconf 91' lang='lat' dir='ltr'><strong>tur</strong></span> <span class='ocrx_word' id='word_1_69' title='bbox 284 595 290 613; x_wconf 87' lang='lat'><strong>:</strong></span> <span class='ocrx_word' id='word_1_70' title='bbox 308 586 334 613; x_wconf 89' lang='lat' dir='ltr'><strong>id</strong></span> <span class='ocrx_word' id='word_1_71' title='bbox 360 591 412 617; x_wconf 85' lang='lat' dir='ltr'><strong>est,</strong></span> <span class='ocrx_word' id='word_1_72' title='bbox 429 594 491 614; x_wconf 92' lang='lat' dir='ltr'><strong>cum</strong></span> <span class='ocrx_word' id='word_1_73' title='bbox 512 586 655 614; x_wconf 88' lang='lat' dir='ltr'><strong>nominant</strong></span> <span class='ocrx_word' id='word_1_74' title='bbox 670 592 697 614; x_wconf 87' lang='lat' dir='ltr'><strong>ct</strong></span> <span class='ocrx_word' id='word_1_75' title='bbox 711 587 912 621; x_wconf 81' lang='lat' dir='ltr'><strong>blasphemant.</strong></span> <span class='ocrx_word' id='word_1_76' title='bbox 932 587 1015 614; x_wconf 84' lang='lat' dir='ltr'><strong>Vides</strong></span> 
     </span>
    </p>
   </div>
   <div class='ocr_carea' id='block_1_12' title="bbox 221 629 1015 665">
    <p class='ocr_par' dir='ltr' id='par_1_12' title="bbox 221 629 1015 665">
     <span class='ocr_line' id='line_1_12' title="bbox 221 629 1015 665; baseline 0 -9"><span class='ocrx_word' id='word_1_77' title='bbox 221 638 298 665; x_wconf 80' lang='lat' dir='ltr'><strong>ergo,</strong></span> <span class='ocrx_word' id='word_1_78' title='bbox 311 630 374 664; x_wconf 91' lang='lat' dir='ltr'><strong>qnia</strong></span> <span class='ocrx_word' id='word_1_79' title='bbox 389 635 415 656; x_wconf 92' lang='lat' dir='ltr'><strong>et</strong></span> <span class='ocrx_word' id='word_1_80' title='bbox 437 630 482 657; x_wconf 92' lang='lat' dir='ltr'><strong>ille</strong></span> <span class='ocrx_word' id='word_1_81' title='bbox 498 629 631 657; x_wconf 72' lang='lat' dir='ltr'><strong>lsraelicze</strong></span> <span class='ocrx_word' id='word_1_82' title='bbox 645 630 769 657; x_wconf 83' lang='lat' dir='ltr'><strong>mulieris</strong></span> <span class='ocrx_word' id='word_1_83' title='bbox 796 630 948 657; x_wconf 77' lang='lat' dir='ltr'><strong>nominavit</strong></span> <span class='ocrx_word' id='word_1_84' title='bbox 965 638 1015 656; x_wconf 92' lang='lat' dir='ltr'><strong>no—</strong></span> 
     </span>
    </p>
   </div>
   <div class='ocr_carea' id='block_1_13' title="bbox 222 675 1014 710">
    <p class='ocr_par' dir='ltr' id='par_1_13' title="bbox 222 675 1014 710">
     <span class='ocr_line' id='line_1_13' title="bbox 222 675 1014 710; baseline 0 -8"><span class='ocrx_word' id='word_1_85' title='bbox 222 683 297 708; x_wconf 87' lang='lat' dir='ltr'><strong>men,</strong></span> <span class='ocrx_word' id='word_1_86' title='bbox 321 681 348 703; x_wconf 88' lang='lat' dir='ltr'><strong>et</strong></span> <span class='ocrx_word' id='word_1_87' title='bbox 369 675 578 710; x_wconf 72' lang='lat' dir='ltr'><strong>blasphemavit,</strong></span> <span class='ocrx_word' id='word_1_88' title='bbox 607 684 715 710; x_wconf 72' lang='lat' dir='ltr'><strong>pronam</strong></span> <span class='ocrx_word' id='word_1_89' title='bbox 740 676 792 703; x_wconf 87' lang='lat' dir='ltr'><strong>sibi</strong></span> <span class='ocrx_word' id='word_1_90' title='bbox 815 675 1014 710; x_wconf 86' lang='lat' dir='ltr'><strong>superinduxit.</strong></span> 
     </span>
    </p>
   </div>
   <div class='ocr_carea' id='block_1_14' title="bbox 223 720 1015 755">
    <p class='ocr_par' dir='ltr' id='par_1_14' title="bbox 223 720 1015 755">
     <span class='ocr_line' id='line_1_14' title="bbox 223 720 1015 755; baseline 0.001 -9"><span class='ocrx_word' id='word_1_91' title='bbox 223 720 278 747; x_wconf 78' lang='lat' dir='ltr'><strong>Sed</strong></span> <span class='ocrx_word' id='word_1_92' title='bbox 300 720 328 747; x_wconf 94' lang='lat' dir='ltr'><strong>in</strong></span> <span class='ocrx_word' id='word_1_93' title='bbox 350 721 401 748; x_wconf 89' lang='lat' dir='ltr'><strong>hac</strong></span> <span class='ocrx_word' id='word_1_94' title='bbox 418 721 558 748; x_wconf 87' lang='lat' dir='ltr'><strong>sanctione</strong></span> <span class='ocrx_word' id='word_1_95' title='bbox 581 721 633 748; x_wconf 88' lang='lat' dir='ltr'><strong>hoc</strong></span> <span class='ocrx_word' id='word_1_96' title='bbox 663 721 736 755; x_wconf 87' lang='lat' dir='ltr'><strong>quod</strong></span> <span class='ocrx_word' id='word_1_97' title='bbox 760 720 867 748; x_wconf 84' lang='lat' dir='ltr'><strong>videtur</strong></span> <span class='ocrx_word' id='word_1_98' title='bbox 890 720 1015 752; x_wconf 87' lang='lat' dir='ltr'><strong>dubium,</strong></span> 
     </span>
    </p>
   </div>
   <div class='ocr_carea' id='block_1_15' title="bbox 222 765 717 801">
    <p class='ocr_par' dir='ltr' id='par_1_15' title="bbox 222 765 717 801">
     <span class='ocr_line' id='line_1_15' title="bbox 222 765 717 801; baseline 0.002 -9"><span class='ocrx_word' id='word_1_99' title='bbox 222 765 320 801; x_wconf 79' lang='lat' dir='ltr'><strong>Aquila</strong></span> <span class='ocrx_word' id='word_1_100' title='bbox 338 766 444 801; x_wconf 77' lang='lat' dir='ltr'><strong>planius</strong></span> <span class='ocrx_word' id='word_1_101' title='bbox 458 767 553 798; x_wconf 87' lang='lat' dir='ltr'><strong>edidit,</strong></span> <span class='ocrx_word' id='word_1_102' title='bbox 566 767 605 793; x_wconf 81' lang='lat' dir='ltr'><strong>ait</strong></span> <span class='ocrx_word' id='word_1_103' title='bbox 619 767 692 794; x_wconf 91' lang='lat' dir='ltr'><strong>cnim</strong></span> <span class='ocrx_word' id='word_1_104' title='bbox 712 776 717 793; x_wconf 89' lang='lat'>:</span> 
     </span>
    </p>
   </div>
   <div class='ocr_carea' id='block_1_16' title="bbox 266 822 1019 858">
    <p class='ocr_par' dir='ltr' id='par_1_16' title="bbox 266 822 1019 858">
     <span class='ocr_line' id='line_1_16' title="bbox 266 822 1019 858; baseline 0.003 -10"><span class='ocrx_word' id='word_1_105' title='bbox 266 822 311 849; x_wconf 86' lang='lat' dir='ltr'><strong>Vir</strong></span> <span class='ocrx_word' id='word_1_106' title='bbox 322 825 426 858; x_wconf 81' lang='lat' dir='ltr'><strong>quando</strong></span> <span class='ocrx_word' id='word_1_107' title='bbox 441 823 659 858; x_wconf 83' lang='lat' dir='ltr'><strong>blasphemaverit</strong></span> <span class='ocrx_word' id='word_1_108' title='bbox 674 823 756 849; x_wconf 86' lang='lat' dir='ltr'><strong>Deum</strong></span> <span class='ocrx_word' id='word_1_109' title='bbox 774 831 863 855; x_wconf 75' lang='lat' dir='ltr'><strong>suum,</strong></span> <span class='ocrx_word' id='word_1_110' title='bbox 877 828 901 850; x_wconf 84' lang='lat' dir='ltr'><strong>et</strong></span> <span class='ocrx_word' id='word_1_111' title='bbox 911 832 1019 858; x_wconf 78' lang='lat' dir='ltr'><strong>accepe-</strong></span> 
     </span>
    </p>
   </div>
   <div class='ocr_carea' id='block_1_17' title="bbox 223 869 1017 904">
    <p class='ocr_par' dir='ltr' id='par_1_17' title="bbox 223 869 1017 904">
     <span class='ocr_line' id='line_1_17' title="bbox 223 869 1017 904; baseline 0.001 -9"><span class='ocrx_word' id='word_1_112' title='bbox 223 869 258 895; x_wconf 84' lang='lat' dir='ltr'><strong>rit</strong></span> <span class='ocrx_word' id='word_1_113' title='bbox 283 869 451 904; x_wconf 85' lang='lat' dir='ltr'><strong>iniquitatem</strong></span> <span class='ocrx_word' id='word_1_114' title='bbox 473 870 532 901; x_wconf 85' lang='lat' dir='ltr'><strong>sibi,</strong></span> <span class='ocrx_word' id='word_1_115' title='bbox 552 874 576 895; x_wconf 91' lang='lat' dir='ltr'><strong>et</strong></span> <span class='ocrx_word' id='word_1_116' title='bbox 586 870 757 896; x_wconf 86' lang='lat' dir='ltr'><strong>denominans</strong></span> <span class='ocrx_word' id='word_1_117' title='bbox 779 877 873 896; x_wconf 84' lang='lat' dir='ltr'><strong>nomen</strong></span> <span class='ocrx_word' id='word_1_118' title='bbox 899 869 1017 902; x_wconf 76' lang='lat' dir='ltr'><strong>Domitii,</strong></span> 
     </span>
    </p>
   </div>
   <div class='ocr_carea' id='block_1_18' title="bbox 224 915 1017 948">
    <p class='ocr_par' dir='ltr' id='par_1_18' title="bbox 224 915 1017 948">
     <span class='ocr_line' id='line_1_18' title="bbox 224 915 1017 948; baseline -0.001 -5"><span class='ocrx_word' id='word_1_119' title='bbox 224 919 307 943; x_wconf 84' lang='lat' dir='ltr'><strong>morte</strong></span> <span class='ocrx_word' id='word_1_120' title='bbox 315 915 454 943; x_wconf 79' lang='lat' dir='ltr'><strong>moriatur.</strong></span> <span class='ocrx_word' id='word_1_121' title='bbox 464 915 523 942; x_wconf 92' lang='lat' dir='ltr'><strong>Non</strong></span> <span class='ocrx_word' id='word_1_122' title='bbox 532 915 608 948; x_wconf 92' lang='lat' dir='ltr'><strong>dixit,</strong></span> <span class='ocrx_word' id='word_1_123' title='bbox 616 915 770 948; x_wconf 90' lang='lat' dir='ltr'><strong>nominans,</strong></span> <span class='ocrx_word' id='word_1_124' title='bbox 779 916 826 942; x_wconf 88' lang='lat' dir='ltr'><strong>sed</strong></span> <span class='ocrx_word' id='word_1_125' title='bbox 835 916 1017 948; x_wconf 82' lang='lat' dir='ltr'><strong>denominans,</strong></span> 
     </span>
    </p>
   </div>
   <div class='ocr_carea' id='block_1_19' title="bbox 1064 305 1863 342">
    <p class='ocr_par' dir='ltr' id='par_1_19' title="bbox 1064 305 1863 342">
     <span class='ocr_line' id='line_1_19' title="bbox 1064 305 1863 342; baseline -0.009 -5"><span class='ocrx_word' id='word_1_126' title='bbox 1064 309 1137 337; x_wconf 86' lang='lat' dir='ltr'><strong>coris</strong></span> <span class='ocrx_word' id='word_1_127' title='bbox 1155 309 1235 336; x_wconf 86' lang='lat' dir='ltr'><strong>modo</strong></span> <span class='ocrx_word' id='word_1_128' title='bbox 1257 308 1336 338; x_wconf 80' lang='lat' dir='ltr'><strong>vivit.</strong></span> <span class='ocrx_word' id='word_1_129' title='bbox 1353 307 1387 334; x_wconf 88' lang='lat' dir='ltr'><strong>de</strong></span> <span class='ocrx_word' id='word_1_130' title='bbox 1402 315 1456 342; x_wconf 84' lang='lat' dir='ltr'><strong>quo</strong></span> <span class='ocrx_word' id='word_1_131' title='bbox 1475 307 1512 333; x_wconf 89' lang='lat' dir='ltr'><strong>ait</strong></span> <span class='ocrx_word' id='word_1_132' title='bbox 1528 305 1629 333; x_wconf 86' lang='lat' dir='ltr'><strong>David:</strong></span> <span class='ocrx_word' id='word_1_133' title='bbox 1647 306 1734 332; x_wconf 82' lang='lat' dir='ltr'><strong>Homo</strong></span> <span class='ocrx_word' id='word_1_134' title='bbox 1756 312 1815 330; x_wconf 82' lang='lat' dir='ltr'><strong>cum</strong></span> <span class='ocrx_word' id='word_1_135' title='bbox 1834 305 1863 331; x_wconf 70' lang='lat' dir='ltr'><strong>in</strong></span> 
     </span>
    </p>
   </div>
   <div class='ocr_carea' id='block_1_20' title="bbox 1063 351 1863 387">
    <p class='ocr_par' dir='ltr' id='par_1_20' title="bbox 1063 351 1863 387">
     <span class='ocr_line' id='line_1_20' title="bbox 1063 351 1863 387; baseline -0.008 -5"><span class='ocrx_word' id='word_1_136' title='bbox 1063 356 1160 382; x_wconf 84' lang='lat' dir='ltr'><strong>honore</strong></span> <span class='ocrx_word' id='word_1_137' title='bbox 1175 360 1249 387; x_wconf 78' lang='lat' dir='ltr'><strong>esset,</strong></span> <span class='ocrx_word' id='word_1_138' title='bbox 1266 363 1317 381; x_wconf 88' lang='lat' dir='ltr'><strong>non</strong></span> <span class='ocrx_word' id='word_1_139' title='bbox 1335 354 1476 385; x_wconf 69' lang='lat' dir='ltr'><strong>intellexit,</strong></span> <span class='ocrx_word' id='word_1_140' title='bbox 1494 356 1664 386; x_wconf 82' lang='lat' dir='ltr'><strong>comparatus</strong></span> <span class='ocrx_word' id='word_1_141' title='bbox 1684 356 1722 378; x_wconf 83' lang='lat' dir='ltr'><strong>est</strong></span> <span class='ocrx_word' id='word_1_142' title='bbox 1733 351 1863 385; x_wconf 77' lang='lat' dir='ltr'><strong>jumentis</strong></span> 
     </span>
    </p>
   </div>
   <div class='ocr_carea' id='block_1_21' title="bbox 1063 397 1864 436">
    <p class='ocr_par' dir='ltr' id='par_1_21' title="bbox 1063 397 1864 436">
     <span class='ocr_line' id='line_1_21' title="bbox 1063 397 1864 436; baseline -0.006 -8"><span class='ocrx_word' id='word_1_143' title='bbox 1063 401 1255 436; x_wconf 73' lang='lat' dir='ltr'><strong>insipientibus,</strong></span> <span class='ocrx_word' id='word_1_144' title='bbox 1275 405 1298 427; x_wconf 82' lang='lat' dir='ltr'><strong>et</strong></span> <span class='ocrx_word' id='word_1_145' title='bbox 1318 400 1413 427; x_wconf 79' lang='lat' dir='ltr'><strong>similis</strong></span> <span class='ocrx_word' id='word_1_146' title='bbox 1429 400 1570 435; x_wconf 81' lang='lat' dir='ltr'><strong>factus&#39;est</strong></span> <span class='ocrx_word' id='word_1_147' title='bbox 1588 398 1624 424; x_wconf 88' lang='lat' dir='ltr'><strong>eis</strong></span> <span class='ocrx_word' id='word_1_148' title='bbox 1646 398 1680 429; x_wconf 69' lang='grc' dir='ltr'><strong>δ’,</strong></span> <span class='ocrx_word' id='word_1_149' title='bbox 1704 397 1801 424; x_wconf 83' lang='lat' dir='ltr'><strong>reddet</strong></span> <span class='ocrx_word' id='word_1_150' title='bbox 1821 397 1864 424; x_wconf 82' lang='lat' dir='ltr'><strong>vi-</strong></span> 
     </span>
    </p>
   </div>
   <div class='ocr_carea' id='block_1_22' title="bbox 1065 442 1861 479">
    <p class='ocr_par' dir='ltr' id='par_1_22' title="bbox 1065 442 1861 479">
     <span class='ocr_line' id='line_1_22' title="bbox 1065 442 1861 479; baseline -0.009 -4"><span class='ocrx_word' id='word_1_151' title='bbox 1065 448 1179 479; x_wconf 86' lang='lat' dir='ltr'><strong>carium,</strong></span> <span class='ocrx_word' id='word_1_152' title='bbox 1203 447 1229 474; x_wconf 94' lang='lat' dir='ltr'><strong>id</strong></span> <span class='ocrx_word' id='word_1_153' title='bbox 1249 451 1291 473; x_wconf 88' lang='lat' dir='ltr'><strong>cst</strong></span> <span class='ocrx_word' id='word_1_154' title='bbox 1309 446 1426 472; x_wconf 86' lang='lat' dir='ltr'><strong>animam</strong></span> <span class='ocrx_word' id='word_1_155' title='bbox 1451 452 1500 479; x_wconf 90' lang='lat' dir='ltr'><strong>pro</strong></span> <span class='ocrx_word' id='word_1_156' title='bbox 1519 445 1621 470; x_wconf 80' lang='lat' dir='ltr'><strong>anima.</strong></span> <span class='ocrx_word' id='word_1_157' title='bbox 1641 442 1697 470; x_wconf 85' lang='lat' dir='ltr'><strong>Nec</strong></span> <span class='ocrx_word' id='word_1_158' title='bbox 1714 443 1799 473; x_wconf 87' lang='lat' dir='ltr'><strong>enim.</strong></span> <span class='ocrx_word' id='word_1_159' title='bbox 1812 442 1861 477; x_wconf 84' lang='lat' dir='ltr'><strong>qui</strong></span> 
     </span>
    </p>
   </div>
   <div class='ocr_carea' id='block_1_23' title="bbox 1065 489 1864 529">
    <p class='ocr_par' dir='ltr' id='par_1_23' title="bbox 1065 489 1864 529">
     <span class='ocr_line' id='line_1_23' title="bbox 1065 489 1864 529; baseline -0.005 -9"><span class='ocrx_word' id='word_1_160' title='bbox 1065 498 1247 529; x_wconf 84' lang='lat' dir='ltr'><strong>peccatorem,</strong></span> <span class='ocrx_word' id='word_1_161' title='bbox 1267 496 1313 518; x_wconf 87' lang='lat' dir='ltr'><strong>aut</strong></span> <span class='ocrx_word' id='word_1_162' title='bbox 1328 491 1499 526; x_wconf 88' lang='lat' dir='ltr'><strong>popularem,</strong></span> <span class='ocrx_word' id='word_1_163' title='bbox 1514 494 1543 517; x_wconf 87' lang='lat' dir='ltr'><strong>et</strong></span> <span class='ocrx_word' id='word_1_164' title='bbox 1562 497 1618 516; x_wconf 90' lang='lat' dir='ltr'><strong>non</strong></span> <span class='ocrx_word' id='word_1_165' title='bbox 1634 489 1784 516; x_wconf 83' lang='lat' dir='ltr'><strong>habentem</strong></span> <span class='ocrx_word' id='word_1_166' title='bbox 1805 489 1864 516; x_wconf 45' lang='lat' dir='ltr'><strong>dis:</strong></span> 
     </span>
    </p>
   </div>
   <div class='ocr_carea' id='block_1_24' title="bbox 1065 534 1865 568">
    <p class='ocr_par' dir='ltr' id='par_1_24' title="bbox 1065 534 1865 568">
     <span class='ocr_line' id='line_1_24' title="bbox 1065 534 1865 568; baseline -0.01 -2"><span class='ocrx_word' id='word_1_167' title='bbox 1065 538 1214 566; x_wconf 83' lang='lat' dir='ltr'><strong>crctioncm</strong></span> <span class='ocrx_word' id='word_1_168' title='bbox 1239 537 1367 565; x_wconf 77' lang='lat' dir='ltr'><strong>subu’lem</strong></span> <span class='ocrx_word' id='word_1_169' title='bbox 1397 536 1431 563; x_wconf 86' lang='lat' dir='ltr'><strong>de</strong></span> <span class='ocrx_word' id='word_1_170' title='bbox 1450 535 1514 568; x_wconf 86' lang='lat' dir='ltr'><strong>Deo,</strong></span> <span class='ocrx_word' id='word_1_171' title='bbox 1553 542 1646 562; x_wconf 88' lang='lat' dir='ltr'><strong>errare</strong></span> <span class='ocrx_word' id='word_1_172' title='bbox 1682 534 1757 565; x_wconf 76' lang='lat' dir='ltr'><strong>fecit,</strong></span> <span class='ocrx_word' id='word_1_173' title='bbox 1785 534 1865 561; x_wconf 57' lang='lat' dir='ltr'><strong>venia</strong></span> 
     </span>
    </p>
   </div>
   <div class='ocr_carea' id='block_1_25' title="bbox 1065 580 1865 618">
    <p class='ocr_par' dir='ltr' id='par_1_25' title="bbox 1065 580 1865 618">
     <span class='ocr_line' id='line_1_25' title="bbox 1065 580 1865 618; baseline -0.006 -7"><span class='ocrx_word' id='word_1_174' title='bbox 1065 585 1178 612; x_wconf 85' lang='lat' dir='ltr'><strong>omnino</strong></span> <span class='ocrx_word' id='word_1_175' title='bbox 1193 584 1292 618; x_wconf 77' lang='lat' dir='ltr'><strong>dignus</strong></span> <span class='ocrx_word' id='word_1_176' title='bbox 1307 587 1359 610; x_wconf 90' lang='lat' dir='ltr'><strong>est.</strong></span> <span class='ocrx_word' id='word_1_177' title='bbox 1377 582 1405 609; x_wconf 83' lang='lat' dir='ltr'><strong>Si</strong></span> <span class='ocrx_word' id='word_1_178' title='bbox 1421 585 1514 609; x_wconf 91' lang='lat' dir='ltr'><strong>autem</strong></span> <span class='ocrx_word' id='word_1_179' title='bbox 1539 589 1594 608; x_wconf 92' lang='lat' dir='ltr'><strong>non</strong></span> <span class='ocrx_word' id='word_1_180' title='bbox 1617 581 1657 607; x_wconf 90' lang='lat' dir='ltr'><strong>sic</strong></span> <span class='ocrx_word' id='word_1_181' title='bbox 1673 580 1817 614; x_wconf 87' lang='lat' dir='ltr'><strong>percussit,</strong></span> <span class='ocrx_word' id='word_1_182' title='bbox 1835 584 1865 606; x_wconf 92' lang='lat' dir='ltr'><strong>ut</strong></span> 
     </span>
    </p>
   </div>
   <div class='ocr_carea' id='block_1_26' title="bbox 1066 621 1864 666">
    <p class='ocr_par' dir='ltr' id='par_1_26' title="bbox 1066 621 1864 666">
     <span class='ocr_line' id='line_1_26' title="bbox 1066 621 1864 666; baseline -0.009 -7"><span class='ocrx_word' id='word_1_183' title='bbox 1066 631 1186 666; x_wconf 79' lang='lat' dir='ltr'><strong>perfecte</strong></span> <span class='ocrx_word' id='word_1_184' title='bbox 1202 638 1265 658; x_wconf 91' lang='lat' dir='ltr'><strong>eum</strong></span> <span class='ocrx_word' id='word_1_185' title='bbox 1284 630 1317 657; x_wconf 89' lang='lat' dir='ltr'><strong>ad</strong></span> <span class='ocrx_word' id='word_1_186' title='bbox 1336 629 1505 663; x_wconf 79' lang='lat' dir='ltr'><strong>impietatem</strong></span> <span class='ocrx_word' id='word_1_187' title='bbox 1527 621 1700 662; x_wconf 74' lang='lat' dir='ltr'><strong>perduceret,</strong></span> <span class='ocrx_word' id='word_1_188' title='bbox 1717 631 1744 652; x_wconf 84' lang='lat' dir='ltr'><strong>et</strong></span> <span class='ocrx_word' id='word_1_189' title='bbox 1760 634 1792 653; x_wconf 82' lang='lat' dir='ltr'><strong>ex</strong></span> <span class='ocrx_word' id='word_1_190' title='bbox 1807 631 1864 653; x_wconf 88' lang='lat' dir='ltr'><strong>toto</strong></span> 
     </span>
    </p>
   </div>
   <div class='ocr_carea' id='block_1_27' title="bbox 1066 673 1863 706">
    <p class='ocr_par' dir='ltr' id='par_1_27' title="bbox 1066 673 1863 706">
     <span class='ocr_line' id='line_1_27' title="bbox 1066 673 1863 706; baseline -0.008 -2"><span class='ocrx_word' id='word_1_191' title='bbox 1066 685 1128 704; x_wconf 80' lang='lat' dir='ltr'><strong>eum</strong></span> <span class='ocrx_word' id='word_1_192' title='bbox 1150 684 1244 704; x_wconf 85' lang='lat' dir='ltr'><strong>errare</strong></span> <span class='ocrx_word' id='word_1_193' title='bbox 1261 676 1364 704; x_wconf 85' lang='lat' dir='ltr'><strong>faceret</strong></span> <span class='ocrx_word' id='word_1_194' title='bbox 1386 683 1400 702; x_wconf 84' lang='lat' dir='ltr'><strong>a</strong></span> <span class='ocrx_word' id='word_1_195' title='bbox 1416 675 1482 706; x_wconf 90' lang='lat' dir='ltr'><strong>Deo,</strong></span> <span class='ocrx_word' id='word_1_196' title='bbox 1494 673 1608 701; x_wconf 87' lang='lat' dir='ltr'><strong>omnino</strong></span> <span class='ocrx_word' id='word_1_197' title='bbox 1626 678 1716 700; x_wconf 79' lang='lat' dir='ltr'><strong>autem</strong></span> <span class='ocrx_word' id='word_1_198' title='bbox 1738 673 1863 706; x_wconf 74' lang='lat' dir='ltr'><strong>quaedam</strong></span> 
     </span>
    </p>
   </div>
   <div class='ocr_carea' id='block_1_28' title="bbox 1066 718 1865 756">
    <p class='ocr_par' dir='ltr' id='par_1_28' title="bbox 1066 718 1865 756">
     <span class='ocr_line' id='line_1_28' title="bbox 1066 718 1865 756; baseline -0.006 -6"><span class='ocrx_word' id='word_1_199' title='bbox 1066 723 1091 750; x_wconf 88' lang='lat' dir='ltr'><strong>ei</strong></span> <span class='ocrx_word' id='word_1_200' title='bbox 1113 722 1224 754; x_wconf 74' lang='lat' dir='ltr'><strong>dixerit,</strong></span> <span class='ocrx_word' id='word_1_201' title='bbox 1253 727 1300 749; x_wconf 89' lang='lat' dir='ltr'><strong>aut</strong></span> <span class='ocrx_word' id='word_1_202' title='bbox 1324 721 1421 756; x_wconf 79' lang='lat' dir='ltr'><strong>egerit,</strong></span> <span class='ocrx_word' id='word_1_203' title='bbox 1439 720 1574 747; x_wconf 78' lang='lat' dir='ltr'><strong>maculam</strong></span> <span class='ocrx_word' id='word_1_204' title='bbox 1605 718 1710 753; x_wconf 80' lang='lat' dir='ltr'><strong>peccati</strong></span> <span class='ocrx_word' id='word_1_205' title='bbox 1735 718 1865 753; x_wconf 71' lang='lat' dir='ltr'><strong>irrogavit</strong></span> 
     </span>
    </p>
   </div>
   <div class='ocr_carea' id='block_1_29' title="bbox 1067 764 1809 801">
    <p class='ocr_par' dir='ltr' id='par_1_29' title="bbox 1067 764 1809 801">
     <span class='ocr_line' id='line_1_29' title="bbox 1067 764 1809 801; baseline -0.009 -5"><span class='ocrx_word' id='word_1_206' title='bbox 1067 768 1219 796; x_wconf 80' lang='lat' dir='ltr'><strong>secundum</strong></span> <span class='ocrx_word' id='word_1_207' title='bbox 1237 768 1299 800; x_wconf 87' lang='lat' dir='ltr'><strong>hoc,</strong></span> <span class='ocrx_word' id='word_1_208' title='bbox 1317 771 1344 794; x_wconf 87' lang='lat' dir='ltr'><strong>et</strong></span> <span class='ocrx_word' id='word_1_209' title='bbox 1358 774 1467 801; x_wconf 70' lang='lat' dir='ltr'><strong>pmnam</strong></span> <span class='ocrx_word' id='word_1_210' title='bbox 1482 765 1646 797; x_wconf 78' lang='lat' dir='ltr'><strong>sustinebit;</strong></span> <span class='ocrx_word' id='word_1_211' title='bbox 1661 764 1701 790; x_wconf 82' lang='lat' dir='ltr'><strong>ait</strong></span> <span class='ocrx_word' id='word_1_212' title='bbox 1711 764 1784 793; x_wconf 86' lang='lat' dir='ltr'><strong>enim</strong></span> <span class='ocrx_word' id='word_1_213' title='bbox 1803 773 1809 790; x_wconf 88' lang='lat'>:</span> 
     </span>
    </p>
   </div>
   <div class='ocr_carea' id='block_1_30' title="bbox 1104 821 1865 860">
    <p class='ocr_par' dir='ltr' id='par_1_30' title="bbox 1104 821 1865 860">
     <span class='ocr_line' id='line_1_30' title="bbox 1104 821 1865 860; baseline -0.009 -7"><span class='ocrx_word' id='word_1_214' title='bbox 1104 825 1155 858; x_wconf 80' lang='lat' dir='ltr'><strong>Qui</strong></span> <span class='ocrx_word' id='word_1_215' title='bbox 1186 825 1343 860; x_wconf 77' lang='lat' dir='ltr'><strong>irrogaverit</strong></span> <span class='ocrx_word' id='word_1_216' title='bbox 1376 823 1510 851; x_wconf 87' lang='lat' dir='ltr'><strong>maculam</strong></span> <span class='ocrx_word' id='word_1_217' title='bbox 1542 821 1648 848; x_wconf 79' lang='lat' dir='ltr'><strong>cuilibet</strong></span> <span class='ocrx_word' id='word_1_218' title='bbox 1674 821 1769 847; x_wconf 82' lang='lat' dir='ltr'><strong>civium</strong></span> <span class='ocrx_word' id='word_1_219' title='bbox 1800 828 1865 847; x_wconf 86' lang='lat' dir='ltr'><strong>suo—</strong></span> 
     </span>
    </p>
   </div>
   <div class='ocr_carea' id='block_1_31' title="bbox 1069 867 1865 906">
    <p class='ocr_par' dir='ltr' id='par_1_31' title="bbox 1069 867 1865 906">
     <span class='ocr_line' id='line_1_31' title="bbox 1069 867 1865 906; baseline -0.006 -8"><span class='ocrx_word' id='word_1_220' title='bbox 1069 881 1139 904; x_wconf 88' lang='lat' dir='ltr'><strong>rum,</strong></span> <span class='ocrx_word' id='word_1_221' title='bbox 1165 872 1233 899; x_wconf 79' lang='lat' dir='ltr'><strong>sicut</strong></span> <span class='ocrx_word' id='word_1_222' title='bbox 1266 871 1342 906; x_wconf 77' lang='lat' dir='ltr'><strong>fecit,</strong></span> <span class='ocrx_word' id='word_1_223' title='bbox 1369 869 1417 904; x_wconf 83' lang='lat' dir='ltr'><strong>ﬁat</strong></span> <span class='ocrx_word' id='word_1_224' title='bbox 1443 869 1467 896; x_wconf 85' lang='lat' dir='ltr'><strong>ei</strong></span> <span class='ocrx_word' id='word_1_225' title='bbox 1491 877 1499 896; x_wconf 94' lang='lat'><em>:</em></span> <span class='ocrx_word' id='word_1_226' title='bbox 1522 868 1683 895; x_wconf 77' lang='lat' dir='ltr'><strong>Fracturum</strong></span> <span class='ocrx_word' id='word_1_227' title='bbox 1717 875 1765 901; x_wconf 87' lang='lat' dir='ltr'><strong>pro</strong></span> <span class='ocrx_word' id='word_1_228' title='bbox 1793 867 1865 902; x_wconf 79' lang='lat' dir='ltr'><strong>frac-</strong></span> 
     </span>
    </p>
   </div>
   <div class='ocr_carea' id='block_1_32' title="bbox 1070 912 1864 948">
    <p class='ocr_par' dir='ltr' id='par_1_32' title="bbox 1070 912 1864 948">
     <span class='ocr_line' id='line_1_32' title="bbox 1070 912 1864 948; baseline -0.008 -4"><span class='ocrx_word' id='word_1_229' title='bbox 1070 922 1142 948; x_wconf 86' lang='lat' dir='ltr'><strong>tura,</strong></span> <span class='ocrx_word' id='word_1_230' title='bbox 1169 918 1227 944; x_wconf 82' lang='lat' dir='ltr'><strong>sive</strong></span> <span class='ocrx_word' id='word_1_231' title='bbox 1250 921 1280 943; x_wconf 93' lang='lat' dir='ltr'><strong>ut</strong></span> <span class='ocrx_word' id='word_1_232' title='bbox 1306 915 1388 948; x_wconf 76' lang='lat' dir='ltr'><strong>LXX,</strong></span> <span class='ocrx_word' id='word_1_233' title='bbox 1411 915 1596 942; x_wconf 79' lang='lat' dir='ltr'><strong>contritionem</strong></span> <span class='ocrx_word' id='word_1_234' title='bbox 1627 922 1674 947; x_wconf 88' lang='lat' dir='ltr'><strong>pro</strong></span> <span class='ocrx_word' id='word_1_235' title='bbox 1697 912 1864 944; x_wconf 73' lang='lat' dir='ltr'><strong>contritione,</strong></span> 
     </span>
    </p>
   </div>
   <div class='ocr_carea' id='block_1_33' title="bbox 224 954 1864 997">
    <p class='ocr_par' dir='ltr' id='par_1_33' title="bbox 224 954 1864 997">
     <span class='ocr_line' id='line_1_33' title="bbox 224 954 1864 997; baseline -0.002 -10"><span class='ocrx_word' id='word_1_236' title='bbox 224 964 254 987; x_wconf 93' lang='lat' dir='ltr'><strong>ut</strong></span> <span class='ocrx_word' id='word_1_237' title='bbox 266 960 350 992; x_wconf 91' lang='lat' dir='ltr'><strong>hunc,</strong></span> <span class='ocrx_word' id='word_1_238' title='bbox 367 959 463 995; x_wconf 87' lang='lat' dir='ltr'><strong>dequo</strong></span> <span class='ocrx_word' id='word_1_239' title='bbox 479 969 552 988; x_wconf 90' lang='lat' dir='ltr'><strong>nunc</strong></span> <span class='ocrx_word' id='word_1_240' title='bbox 565 965 716 991; x_wconf 83' lang='lat' dir='ltr'><strong>sermoest,</strong></span> <span class='ocrx_word' id='word_1_241' title='bbox 733 961 813 988; x_wconf 90' lang='lat' dir='ltr'><strong>simul</strong></span> <span class='ocrx_word' id='word_1_242' title='bbox 827 961 1016 996; x_wconf 85' lang='lat' dir='ltr'><strong>blasphemare</strong></span> <span class='ocrx_word' id='word_1_243' title='bbox 1035 954 1055 980; x_wconf 76' lang='grc' dir='ltr'><strong>Β</strong></span> <span class='ocrx_word' id='word_1_244' title='bbox 1070 963 1173 990; x_wconf 71' lang='lat' dir='ltr'><strong>oculum</strong></span> <span class='ocrx_word' id='word_1_245' title='bbox 1204 971 1251 997; x_wconf 81' lang='lat' dir='ltr'><strong>pro</strong></span> <span class='ocrx_word' id='word_1_246' title='bbox 1270 962 1361 993; x_wconf 85' lang='lat' dir='ltr'><strong>oculo,</strong></span> <span class='ocrx_word' id='word_1_247' title='bbox 1384 962 1487 988; x_wconf 86' lang='lat' dir='ltr'><strong>dentem</strong></span> <span class='ocrx_word' id='word_1_248' title='bbox 1508 969 1554 994; x_wconf 84' lang='lat' dir='ltr'><strong>pro</strong></span> <span class='ocrx_word' id='word_1_249' title='bbox 1585 960 1671 986; x_wconf 88' lang='lat' dir='ltr'><strong>dente.</strong></span> <span class='ocrx_word' id='word_1_250' title='bbox 1700 958 1764 985; x_wconf 82' lang='lat' dir='ltr'><strong>Sive</strong></span> <span class='ocrx_word' id='word_1_251' title='bbox 1791 958 1864 984; x_wconf 87' lang='lat' dir='ltr'><strong>enim</strong></span> 
     </span>
    </p>
   </div>
   <div class='ocr_carea' id='block_1_34' title="bbox 223 1004 1017 1041">
    <p class='ocr_par' dir='ltr' id='par_1_34' title="bbox 223 1004 1017 1041">
     <span class='ocr_line' id='line_1_34' title="bbox 223 1004 1017 1041; baseline 0.005 -11"><span class='ocrx_word' id='word_1_252' title='bbox 223 1009 252 1031; x_wconf 86' lang='lat' dir='ltr'><strong>et</strong></span> <span class='ocrx_word' id='word_1_253' title='bbox 269 1004 413 1032; x_wconf 87' lang='lat' dir='ltr'><strong>nominare</strong></span> <span class='ocrx_word' id='word_1_254' title='bbox 431 1006 598 1038; x_wconf 81' lang='lat' dir='ltr'><strong>ostenderet,</strong></span> <span class='ocrx_word' id='word_1_255' title='bbox 619 1013 692 1038; x_wconf 83' lang='lat' dir='ltr'><strong>eum,</strong></span> <span class='ocrx_word' id='word_1_256' title='bbox 716 1006 763 1041; x_wconf 89' lang='lat' dir='ltr'><strong>qui</strong></span> <span class='ocrx_word' id='word_1_257' title='bbox 785 1007 967 1041; x_wconf 79' lang='lat' dir='ltr'><strong>blasphemat,</strong></span> <span class='ocrx_word' id='word_1_258' title='bbox 989 1011 1017 1034; x_wconf 89' lang='lat' dir='ltr'><strong>ct</strong></span> 
     </span>
    </p>
   </div>
   <div class='ocr_carea' id='block_1_35' title="bbox 225 1049 1017 1087">
    <p class='ocr_par' dir='ltr' id='par_1_35' title="bbox 225 1049 1017 1087">
     <span class='ocr_line' id='line_1_35' title="bbox 225 1049 1017 1087; baseline 0.003 -11"><span class='ocrx_word' id='word_1_259' title='bbox 225 1049 348 1077; x_wconf 85' lang='lat' dir='ltr'><strong>nominat</strong></span> <span class='ocrx_word' id='word_1_260' title='bbox 361 1057 461 1077; x_wconf 86' lang='lat' dir='ltr'><strong>nomen</strong></span> <span class='ocrx_word' id='word_1_261' title='bbox 478 1050 594 1082; x_wconf 90' lang='lat' dir='ltr'><strong>Domini,</strong></span> <span class='ocrx_word' id='word_1_262' title='bbox 611 1050 737 1078; x_wconf 83' lang='lat' dir='ltr'><strong>videlicet</strong></span> <span class='ocrx_word' id='word_1_263' title='bbox 754 1051 878 1086; x_wconf 87' lang='lat' dir='ltr'><strong>spiritus,</strong></span> <span class='ocrx_word' id='word_1_264' title='bbox 896 1051 933 1078; x_wconf 91' lang='lat' dir='ltr'><strong>ait</strong></span> <span class='ocrx_word' id='word_1_265' title='bbox 952 1059 1017 1087; x_wconf 70' lang='lat' dir='ltr'><strong>ergo</strong></span> 
     </span>
    </p>
   </div>
   <div class='ocr_carea' id='block_1_36' title="bbox 224 1095 1018 1131">
    <p class='ocr_par' dir='ltr' id='par_1_36' title="bbox 224 1095 1018 1131">
     <span class='ocr_line' id='line_1_36' title="bbox 224 1095 1018 1131; baseline 0.004 -10"><span class='ocrx_word' id='word_1_266' title='bbox 224 1095 325 1122; x_wconf 78' lang='lat' dir='ltr'><strong>Paulus</strong></span> <span class='ocrx_word' id='word_1_267' title='bbox 352 1095 479 1123; x_wconf 86' lang='lat' dir='ltr'><strong>Dominus</strong></span> <span class='ocrx_word' id='word_1_268' title='bbox 496 1097 565 1123; x_wconf 83' lang='lat' dir='ltr'><strong>enim</strong></span> <span class='ocrx_word' id='word_1_269' title='bbox 589 1096 706 1131; x_wconf 75' lang='lat' dir='ltr'><strong>Spiritus</strong></span> <span class='ocrx_word' id='word_1_270' title='bbox 728 1102 777 1124; x_wconf 87' lang='lat' dir='ltr'><strong>est.</strong></span> <span class='ocrx_word' id='word_1_271' title='bbox 801 1097 880 1124; x_wconf 88' lang='lat' dir='ltr'><strong>llunc</strong></span> <span class='ocrx_word' id='word_1_272' title='bbox 901 1098 969 1124; x_wconf 87' lang='lat' dir='ltr'><strong>mori</strong></span> <span class='ocrx_word' id='word_1_273' title='bbox 991 1102 1018 1125; x_wconf 88' lang='lat' dir='ltr'><strong>et</strong></span> 
     </span>
    </p>
   </div>
   <div class='ocr_carea' id='block_1_37' title="bbox 224 1139 1018 1177">
    <p class='ocr_par' dir='ltr' id='par_1_37' title="bbox 224 1139 1018 1177">
     <span class='ocr_line' id='line_1_37' title="bbox 224 1139 1018 1177; baseline 0.004 -10"><span class='ocrx_word' id='word_1_274' title='bbox 224 1139 312 1167; x_wconf 90' lang='lat' dir='ltr'><strong>occidi</strong></span> <span class='ocrx_word' id='word_1_275' title='bbox 331 1141 455 1176; x_wconf 67' lang='lat' dir='ltr'><strong>praecipit</strong></span> <span class='ocrx_word' id='word_1_276' title='bbox 468 1141 619 1177; x_wconf 76' lang='lat' dir='ltr'><strong>legislator,</strong></span> <span class='ocrx_word' id='word_1_277' title='bbox 636 1147 678 1170; x_wconf 92' lang='lat' dir='ltr'><strong>est</strong></span> <span class='ocrx_word' id='word_1_278' title='bbox 694 1146 785 1170; x_wconf 83' lang='lat' dir='ltr'><strong>autem</strong></span> <span class='ocrx_word' id='word_1_279' title='bbox 806 1143 829 1170; x_wconf 93' lang='lat' dir='ltr'><strong>is</strong></span> <span class='ocrx_word' id='word_1_280' title='bbox 841 1143 887 1177; x_wconf 91' lang='lat' dir='ltr'><strong>qui</strong></span> <span class='ocrx_word' id='word_1_281' title='bbox 906 1143 1018 1170; x_wconf 85' lang='lat' dir='ltr'><strong>sciendo</strong></span> 
     </span>
    </p>
   </div>
   <div class='ocr_carea' id='block_1_38' title="bbox 223 1186 740 1220">
    <p class='ocr_par' dir='ltr' id='par_1_38' title="bbox 223 1186 740 1220">
     <span class='ocr_line' id='line_1_38' title="bbox 223 1186 740 1220; baseline 0.006 -8"><span class='ocrx_word' id='word_1_282' title='bbox 223 1186 408 1220; x_wconf 82' lang='lat' dir='ltr'><strong>blasphemat,</strong></span> <span class='ocrx_word' id='word_1_283' title='bbox 428 1187 500 1215; x_wconf 84' lang='lat' dir='ltr'><strong>sicut</strong></span> <span class='ocrx_word' id='word_1_284' title='bbox 513 1188 598 1215; x_wconf 84' lang='lat' dir='ltr'><strong>semel</strong></span> <span class='ocrx_word' id='word_1_285' title='bbox 612 1188 740 1215; x_wconf 76' lang='lat' dir='ltr'><strong>diximus.</strong></span> 
     </span>
    </p>
   </div>
   <div class='ocr_carea' id='block_1_39' title="bbox 262 1231 1018 1268">
    <p class='ocr_par' dir='ltr' id='par_1_39' title="bbox 262 1231 1018 1268">
     <span class='ocr_line' id='line_1_39' title="bbox 262 1231 1018 1268; baseline 0.004 -9"><span class='ocrx_word' id='word_1_286' title='bbox 262 1231 343 1260; x_wconf 77' lang='lat' dir='ltr'><strong>Vens.</strong></span> <span class='ocrx_word' id='word_1_287' title='bbox 362 1233 458 1260; x_wconf 72' lang='lat'><strong>17—22.</strong></span> <span class='ocrx_word' id='word_1_288' title='bbox 483 1243 492 1259; x_wconf 79' lang='grc' dir='ltr'>ι</span> <span class='ocrx_word' id='word_1_289' title='bbox 515 1233 567 1266; x_wconf 85' lang='lat' dir='ltr'><strong>Qui</strong></span> <span class='ocrx_word' id='word_1_290' title='bbox 585 1234 792 1268; x_wconf 86' lang='lat' dir='ltr'><strong>percusseritet</strong></span> <span class='ocrx_word' id='word_1_291' title='bbox 816 1235 945 1262; x_wconf 81' lang='lat' dir='ltr'><strong>ceciderit</strong></span> <span class='ocrx_word' id='word_1_292' title='bbox 967 1236 1018 1262; x_wconf 89' lang='lat' dir='ltr'><strong>ho-</strong></span> 
     </span>
    </p>
   </div>
   <div class='ocr_carea' id='block_1_40' title="bbox 226 1279 1017 1314">
    <p class='ocr_par' dir='ltr' id='par_1_40' title="bbox 226 1279 1017 1314">
     <span class='ocr_line' id='line_1_40' title="bbox 226 1279 1017 1314; baseline 0.004 -8"><span class='ocrx_word' id='word_1_293' title='bbox 226 1279 340 1312; x_wconf 91' lang='lat' dir='ltr'><strong>minem,</strong></span> <span class='ocrx_word' id='word_1_294' title='bbox 363 1283 451 1306; x_wconf 89' lang='lat' dir='ltr'><strong>morte</strong></span> <span class='ocrx_word' id='word_1_295' title='bbox 474 1280 620 1307; x_wconf 85' lang='lat' dir='ltr'><strong>moriatur.</strong></span> <span class='ocrx_word' id='word_1_296' title='bbox 640 1279 691 1313; x_wconf 87' lang='lat' dir='ltr'><strong>Qui</strong></span> <span class='ocrx_word' id='word_1_297' title='bbox 716 1280 883 1314; x_wconf 86' lang='lat' dir='ltr'><strong>percusserit</strong></span> <span class='ocrx_word' id='word_1_298' title='bbox 906 1281 1017 1314; x_wconf 87' lang='lat' dir='ltr'><strong>animal,</strong></span> 
     </span>
    </p>
   </div>
   <div class='ocr_carea' id='block_1_41' title="bbox 226 1324 1020 1360">
    <p class='ocr_par' dir='ltr' id='par_1_41' title="bbox 226 1324 1020 1360">
     <span class='ocr_line' id='line_1_41' title="bbox 226 1324 1020 1360; baseline 0.001 -7"><span class='ocrx_word' id='word_1_299' title='bbox 226 1325 321 1353; x_wconf 81' lang='lat' dir='ltr'><strong>reddat</strong></span> <span class='ocrx_word' id='word_1_300' title='bbox 338 1324 481 1356; x_wconf 88' lang='lat' dir='ltr'><strong>vicarium,</strong></span> <span class='ocrx_word' id='word_1_301' title='bbox 497 1324 522 1352; x_wconf 90' lang='lat' dir='ltr'><strong>id</strong></span> <span class='ocrx_word' id='word_1_302' title='bbox 541 1330 582 1352; x_wconf 84' lang='lat' dir='ltr'><strong>est</strong></span> <span class='ocrx_word' id='word_1_303' title='bbox 594 1325 714 1352; x_wconf 84' lang='lat' dir='ltr'><strong>animam</strong></span> <span class='ocrx_word' id='word_1_304' title='bbox 731 1333 780 1360; x_wconf 91' lang='lat' dir='ltr'><strong>pro</strong></span> <span class='ocrx_word' id='word_1_305' title='bbox 796 1326 899 1354; x_wconf 87' lang='lat' dir='ltr'><strong>anima.</strong></span> <span class='ocrx_word' id='word_1_306' title='bbox 917 1326 970 1359; x_wconf 89' lang='lat' dir='ltr'><strong>Qui</strong></span> <span class='ocrx_word' id='word_1_307' title='bbox 984 1327 1020 1354; x_wconf 90' lang='lat' dir='ltr'><strong>ir-</strong></span> 
     </span>
    </p>
   </div>
   <div class='ocr_carea' id='block_1_42' title="bbox 229 1369 1022 1406">
    <p class='ocr_par' dir='ltr' id='par_1_42' title="bbox 229 1369 1022 1406">
     <span class='ocr_line' id='line_1_42' title="bbox 229 1369 1022 1406; baseline 0.003 -9"><span class='ocrx_word' id='word_1_308' title='bbox 229 1371 366 1406; x_wconf 74' lang='lat' dir='ltr'><strong>rogaverit</strong></span> <span class='ocrx_word' id='word_1_309' title='bbox 390 1369 525 1399; x_wconf 85' lang='lat' dir='ltr'><strong>maculam</strong></span> <span class='ocrx_word' id='word_1_310' title='bbox 552 1370 666 1398; x_wconf 82' lang='lat' dir='ltr'><strong>cuilibet</strong></span> <span class='ocrx_word' id='word_1_311' title='bbox 686 1371 788 1399; x_wconf 83' lang='lat' dir='ltr'><strong>civium</strong></span> <span class='ocrx_word' id='word_1_312' title='bbox 807 1379 933 1404; x_wconf 89' lang='lat' dir='ltr'><strong>suorum,</strong></span> <span class='ocrx_word' id='word_1_313' title='bbox 950 1373 1022 1400; x_wconf 86' lang='lat' dir='ltr'><strong>sicut</strong></span> 
     </span>
    </p>
   </div>
   <div class='ocr_carea' id='block_1_43' title="bbox 226 1415 1021 1453">
    <p class='ocr_par' dir='ltr' id='par_1_43' title="bbox 226 1415 1021 1453">
     <span class='ocr_line' id='line_1_43' title="bbox 226 1415 1021 1453; baseline 0.001 -9"><span class='ocrx_word' id='word_1_314' title='bbox 226 1416 292 1444; x_wconf 83' lang='lat' dir='ltr'><strong>fecit</strong></span> <span class='ocrx_word' id='word_1_315' title='bbox 309 1415 389 1443; x_wconf 80' lang='lat' dir='ltr'><strong>faciat</strong></span> <span class='ocrx_word' id='word_1_316' title='bbox 408 1415 432 1442; x_wconf 86' lang='lat' dir='ltr'><strong>ei</strong></span> <span class='ocrx_word' id='word_1_317' title='bbox 447 1423 454 1442; x_wconf 89' lang='lat'><strong>:</strong></span> <span class='ocrx_word' id='word_1_318' title='bbox 468 1415 614 1443; x_wconf 73' lang='lat' dir='ltr'><strong>fracturam</strong></span> <span class='ocrx_word' id='word_1_319' title='bbox 633 1424 682 1451; x_wconf 90' lang='lat' dir='ltr'><strong>pro</strong></span> <span class='ocrx_word' id='word_1_320' title='bbox 702 1416 833 1449; x_wconf 85' lang='lat' dir='ltr'><strong>fractura,</strong></span> <span class='ocrx_word' id='word_1_321' title='bbox 850 1418 960 1445; x_wconf 92' lang='lat' dir='ltr'><strong>oculum</strong></span> <span class='ocrx_word' id='word_1_322' title='bbox 971 1426 1021 1453; x_wconf 89' lang='lat' dir='ltr'><strong>pro</strong></span> 
     </span>
    </p>
   </div>
   <div class='ocr_carea' id='block_1_44' title="bbox 226 1461 1022 1496">
    <p class='ocr_par' dir='ltr' id='par_1_44' title="bbox 226 1461 1022 1496">
     <span class='ocr_line' id='line_1_44' title="bbox 226 1461 1022 1496; baseline 0.003 -8"><span class='ocrx_word' id='word_1_323' title='bbox 226 1461 318 1493; x_wconf 87' lang='lat' dir='ltr'><strong>oculo,</strong></span> <span class='ocrx_word' id='word_1_324' title='bbox 332 1461 442 1488; x_wconf 86' lang='lat' dir='ltr'><strong>dentem</strong></span> <span class='ocrx_word' id='word_1_325' title='bbox 458 1469 508 1496; x_wconf 87' lang='lat' dir='ltr'><strong>pro</strong></span> <span class='ocrx_word' id='word_1_326' title='bbox 519 1461 601 1489; x_wconf 86' lang='lat' dir='ltr'><strong>dente</strong></span> <span class='ocrx_word' id='word_1_327' title='bbox 614 1462 750 1489; x_wconf 89' lang='lat' dir='ltr'><strong>restituet.</strong></span> <span class='ocrx_word' id='word_1_328' title='bbox 765 1462 878 1496; x_wconf 84' lang='lat' dir='ltr'><strong>Qualem</strong></span> <span class='ocrx_word' id='word_1_329' title='bbox 892 1463 1022 1490; x_wconf 85' lang='lat' dir='ltr'><strong>inﬂixerit</strong></span> 
     </span>
    </p>
   </div>
   <div class='ocr_carea' id='block_1_45' title="bbox 226 1507 1021 1544">
    <p class='ocr_par' dir='ltr' id='par_1_45' title="bbox 226 1507 1021 1544">
     <span class='ocr_line' id='line_1_45' title="bbox 226 1507 1021 1544; baseline 0.004 -10"><span class='ocrx_word' id='word_1_330' title='bbox 226 1507 373 1539; x_wconf 86' lang='lat' dir='ltr'><strong>maculam,</strong></span> <span class='ocrx_word' id='word_1_331' title='bbox 395 1507 475 1534; x_wconf 87' lang='lat' dir='ltr'><strong>talem</strong></span> <span class='ocrx_word' id='word_1_332' title='bbox 497 1508 635 1535; x_wconf 86' lang='lat' dir='ltr'><strong>sustinere</strong></span> <span class='ocrx_word' id='word_1_333' title='bbox 649 1508 764 1544; x_wconf 78' lang='lat' dir='ltr'><strong>cogitur.</strong></span> <span class='ocrx_word' id='word_1_334' title='bbox 783 1509 836 1542; x_wconf 88' lang='lat' dir='ltr'><strong>Qui</strong></span> <span class='ocrx_word' id='word_1_335' title='bbox 858 1510 1021 1544; x_wconf 79' lang='lat' dir='ltr'><strong>percusserit</strong></span> 
     </span>
    </p>
   </div>
   <div class='ocr_carea' id='block_1_46' title="bbox 225 1554 1020 1591">
    <p class='ocr_par' dir='ltr' id='par_1_46' title="bbox 225 1554 1020 1591">
     <span class='ocr_line' id='line_1_46' title="bbox 225 1554 1020 1591; baseline 0.003 -10"><span class='ocrx_word' id='word_1_336' title='bbox 225 1555 392 1590; x_wconf 89' lang='lat' dir='ltr'><strong>jumentum,</strong></span> <span class='ocrx_word' id='word_1_337' title='bbox 412 1554 507 1582; x_wconf 82' lang='lat' dir='ltr'><strong>reddet</strong></span> <span class='ocrx_word' id='word_1_338' title='bbox 524 1555 607 1582; x_wconf 85' lang='lat' dir='ltr'><strong>aliud.</strong></span> <span class='ocrx_word' id='word_1_339' title='bbox 621 1554 672 1588; x_wconf 83' lang='lat' dir='ltr'><strong>Qui</strong></span> <span class='ocrx_word' id='word_1_340' title='bbox 690 1556 856 1591; x_wconf 84' lang='lat' dir='ltr'><strong>percusserit</strong></span> <span class='ocrx_word' id='word_1_341' title='bbox 870 1556 1020 1588; x_wconf 85' lang='lat' dir='ltr'><strong>hominem,</strong></span> 
     </span>
    </p>
   </div>
   <div class='ocr_carea' id='block_1_47' title="bbox 228 1598 1021 1636">
    <p class='ocr_par' dir='ltr' id='par_1_47' title="bbox 228 1598 1021 1636">
     <span class='ocr_line' id='line_1_47' title="bbox 228 1598 1021 1636; baseline 0.004 -10"><span class='ocrx_word' id='word_1_342' title='bbox 228 1599 367 1634; x_wconf 86' lang='lat' dir='ltr'><strong>punietur.</strong></span> <span class='ocrx_word' id='word_1_343' title='bbox 377 1598 498 1635; x_wconf 63' lang='lat' dir='ltr'><strong>[Equum</strong></span> <span class='ocrx_word' id='word_1_344' title='bbox 510 1600 645 1634; x_wconf 85' lang='lat' dir='ltr'><strong>judicium</strong></span> <span class='ocrx_word' id='word_1_345' title='bbox 660 1601 695 1628; x_wconf 86' lang='lat' dir='ltr'><strong>sit</strong></span> <span class='ocrx_word' id='word_1_346' title='bbox 709 1601 781 1628; x_wconf 89' lang='lat' dir='ltr'><strong>inter</strong></span> <span class='ocrx_word' id='word_1_347' title='bbox 791 1609 851 1634; x_wconf 78' lang='lat' dir='ltr'><strong>vos,</strong></span> <span class='ocrx_word' id='word_1_348' title='bbox 867 1602 925 1629; x_wconf 88' lang='lat' dir='ltr'><strong>sivc</strong></span> <span class='ocrx_word' id='word_1_349' title='bbox 942 1609 1021 1636; x_wconf 87' lang='lat' dir='ltr'><strong>pcre-</strong></span> 
     </span>
    </p>
   </div>
   <div class='ocr_carea' id='block_1_48' title="bbox 227 1644 1021 1682">
    <p class='ocr_par' dir='ltr' id='par_1_48' title="bbox 227 1644 1021 1682">
     <span class='ocr_line' id='line_1_48' title="bbox 227 1644 1021 1682; baseline 0.004 -11"><span class='ocrx_word' id='word_1_350' title='bbox 227 1644 332 1678; x_wconf 80' lang='lat' dir='ltr'><strong>grinus,</strong></span> <span class='ocrx_word' id='word_1_351' title='bbox 348 1645 404 1672; x_wconf 84' lang='lat' dir='ltr'><strong>sive</strong></span> <span class='ocrx_word' id='word_1_352' title='bbox 418 1646 488 1673; x_wconf 89' lang='lat' dir='ltr'><strong>civis</strong></span> <span class='ocrx_word' id='word_1_353' title='bbox 503 1646 685 1680; x_wconf 87' lang='lat' dir='ltr'><strong>peccaverint.</strong></span> <span class='ocrx_word' id='word_1_354' title='bbox 703 1646 770 1680; x_wconf 80' lang='lat' dir='ltr'><strong>Quia</strong></span> <span class='ocrx_word' id='word_1_355' title='bbox 785 1654 835 1682; x_wconf 83' lang='lat' dir='ltr'><strong>ego</strong></span> <span class='ocrx_word' id='word_1_356' title='bbox 853 1655 914 1674; x_wconf 89' lang='lat' dir='ltr'><strong>sum</strong></span> <span class='ocrx_word' id='word_1_357' title='bbox 928 1647 1021 1675; x_wconf 76' lang='lat' dir='ltr'><strong>Domi~</strong></span> 
     </span>
    </p>
   </div>
   <div class='ocr_carea' id='block_1_49' title="bbox 229 1683 838 1717">
    <p class='ocr_par' dir='ltr' id='par_1_49' title="bbox 229 1683 838 1717">
     <span class='ocr_line' id='line_1_49' title="bbox 229 1683 838 1717; baseline 0.003 -1"><span class='ocrx_word' id='word_1_358' title='bbox 229 1697 282 1717; x_wconf 91' lang='lat' dir='ltr'><strong>nus</strong></span> <span class='ocrx_word' id='word_1_359' title='bbox 298 1690 370 1717; x_wconf 85' lang='lat' dir='ltr'><strong>Deus</strong></span> <span class='ocrx_word' id='word_1_360' title='bbox 388 1695 488 1717; x_wconf 86' lang='lat' dir='ltr'><strong>vester.</strong></span> <span class='ocrx_word' id='word_1_361' title='bbox 510 1699 519 1716; x_wconf 73' lang='grc' dir='ltr'><strong><em>ι</em></strong></span> <span class='ocrx_word' id='word_1_362' title='bbox 835 1683 838 1686; x_wconf 62' lang='grc'><em>’</em></span> 
     </span>
    </p>
   </div>
   <div class='ocr_carea' id='block_1_50' title="bbox 1037 1628 1058 1656">
    <p class='ocr_par' dir='ltr' id='par_1_50' title="bbox 1037 1628 1058 1656">
     <span class='ocr_line' id='line_1_50' title="bbox 1037 1628 1058 1656; baseline 0 0"><span class='ocrx_word' id='word_1_363' title='bbox 1037 1628 1058 1656; x_wconf 90' lang='lat' dir='ltr'><strong><em>C</em></strong></span> 
     </span>
    </p>
   </div>
   <div class='ocr_carea' id='block_1_51' title="bbox 265 1745 1024 1783">
    <p class='ocr_par' dir='ltr' id='par_1_51' title="bbox 265 1745 1024 1783">
     <span class='ocr_line' id='line_1_51' title="bbox 265 1745 1024 1783; baseline 0.005 -11"><span class='ocrx_word' id='word_1_364' title='bbox 265 1745 350 1773; x_wconf 78' lang='lat' dir='ltr'><strong>Multa</strong></span> <span class='ocrx_word' id='word_1_365' title='bbox 363 1749 390 1773; x_wconf 88' lang='lat' dir='ltr'><strong>et</strong></span> <span class='ocrx_word' id='word_1_366' title='bbox 408 1754 483 1773; x_wconf 91' lang='lat' dir='ltr'><strong>nunc</strong></span> <span class='ocrx_word' id='word_1_367' title='bbox 501 1747 698 1781; x_wconf 86' lang='lat' dir='ltr'><strong>consequentia</strong></span> <span class='ocrx_word' id='word_1_368' title='bbox 719 1747 903 1783; x_wconf 80' lang='lat' dir='ltr'><strong>legislatorem</strong></span> <span class='ocrx_word' id='word_1_369' title='bbox 917 1749 1024 1776; x_wconf 84' lang='lat' dir='ltr'><strong>inveni-</strong></span> 
     </span>
    </p>
   </div>
   <div class='ocr_carea' id='block_1_52' title="bbox 231 1791 1024 1828">
    <p class='ocr_par' dir='ltr' id='par_1_52' title="bbox 231 1791 1024 1828">
     <span class='ocr_line' id='line_1_52' title="bbox 231 1791 1024 1828; baseline 0.005 -10"><span class='ocrx_word' id='word_1_370' title='bbox 231 1799 292 1818; x_wconf 81' lang='lat' dir='ltr'><strong>nius</strong></span> <span class='ocrx_word' id='word_1_371' title='bbox 307 1792 357 1823; x_wconf 90' lang='lat' dir='ltr'><strong>uti,</strong></span> <span class='ocrx_word' id='word_1_372' title='bbox 373 1791 396 1818; x_wconf 89' lang='lat' dir='ltr'><strong>si</strong></span> <span class='ocrx_word' id='word_1_373' title='bbox 412 1792 559 1819; x_wconf 86' lang='lat' dir='ltr'><strong>intentioni</strong></span> <span class='ocrx_word' id='word_1_374' title='bbox 575 1800 668 1819; x_wconf 86' lang='lat' dir='ltr'><strong>eorum</strong></span> <span class='ocrx_word' id='word_1_375' title='bbox 679 1801 740 1827; x_wconf 67' lang='lat' dir='ltr'><strong>qum</strong></span> <span class='ocrx_word' id='word_1_376' title='bbox 751 1793 850 1828; x_wconf 84' lang='lat' dir='ltr'><strong>scripta</strong></span> <span class='ocrx_word' id='word_1_377' title='bbox 869 1799 933 1821; x_wconf 92' lang='lat' dir='ltr'><strong>sunt</strong></span> <span class='ocrx_word' id='word_1_378' title='bbox 949 1802 1024 1822; x_wconf 88' lang='lat' dir='ltr'><strong>men-</strong></span> 
     </span>
    </p>
   </div>
   <div class='ocr_carea' id='block_1_53' title="bbox 231 1838 1024 1876">
    <p class='ocr_par' dir='ltr' id='par_1_53' title="bbox 231 1838 1024 1876">
     <span class='ocr_line' id='line_1_53' title="bbox 231 1838 1024 1876; baseline 0.005 -11"><span class='ocrx_word' id='word_1_379' title='bbox 231 1843 286 1865; x_wconf 82' lang='lat' dir='ltr'><strong>tem</strong></span> <span class='ocrx_word' id='word_1_380' title='bbox 303 1838 433 1873; x_wconf 75' lang='lat' dir='ltr'><strong>ﬁgamus:</strong></span> <span class='ocrx_word' id='word_1_381' title='bbox 447 1839 575 1875; x_wconf 85' lang='lat' dir='ltr'><strong>quoniam</strong></span> <span class='ocrx_word' id='word_1_382' title='bbox 591 1839 664 1867; x_wconf 88' lang='lat' dir='ltr'><strong>nulla</strong></span> <span class='ocrx_word' id='word_1_383' title='bbox 679 1839 727 1866; x_wconf 88' lang='lat' dir='ltr'><strong>Dei</strong></span> <span class='ocrx_word' id='word_1_384' title='bbox 745 1840 829 1875; x_wconf 77' lang='lat' dir='ltr'><strong>gloria</strong></span> <span class='ocrx_word' id='word_1_385' title='bbox 844 1849 876 1868; x_wconf 89' lang='lat' dir='ltr'><strong>ex</strong></span> <span class='ocrx_word' id='word_1_386' title='bbox 893 1841 1024 1876; x_wconf 88' lang='lat' dir='ltr'><strong>blasphe-</strong></span> 
     </span>
    </p>
   </div>
   <div class='ocr_carea' id='block_1_54' title="bbox 231 1885 1020 1924">
    <p class='ocr_par' dir='ltr' id='par_1_54' title="bbox 231 1885 1020 1924">
     <span class='ocr_line' id='line_1_54' title="bbox 231 1885 1020 1924; baseline 0.005 -12"><span class='ocrx_word' id='word_1_387' title='bbox 231 1885 285 1912; x_wconf 83' lang='lat' dir='ltr'><strong>mia</strong></span> <span class='ocrx_word' id='word_1_388' title='bbox 303 1885 421 1920; x_wconf 80' lang='lat' dir='ltr'><strong>alicujus</strong></span> <span class='ocrx_word' id='word_1_389' title='bbox 438 1886 556 1913; x_wconf 85' lang='lat' dir='ltr'><strong>sustinet</strong></span> <span class='ocrx_word' id='word_1_390' title='bbox 571 1886 790 1915; x_wconf 87' lang='lat' dir='ltr'><strong>imminutionem</strong></span> <span class='ocrx_word' id='word_1_391' title='bbox 805 1895 856 1916; x_wconf 87' lang='lat' dir='ltr'><strong>nec</strong></span> <span class='ocrx_word' id='word_1_392' title='bbox 875 1889 917 1916; x_wconf 87' lang='lat' dir='ltr'><strong>sui</strong></span> <span class='ocrx_word' id='word_1_393' title='bbox 934 1889 1020 1924; x_wconf 82' lang='lat' dir='ltr'><strong>gratia</strong></span> 
     </span>
    </p>
   </div>
   <div class='ocr_carea' id='block_1_55' title="bbox 231 1932 1026 1970">
    <p class='ocr_par' dir='ltr' id='par_1_55' title="bbox 231 1932 1026 1970">
     <span class='ocr_line' id='line_1_55' title="bbox 231 1932 1026 1970; baseline 0.005 -11"><span class='ocrx_word' id='word_1_394' title='bbox 231 1932 294 1964; x_wconf 79' lang='lat' dir='ltr'><strong>bos,</strong></span> <span class='ocrx_word' id='word_1_395' title='bbox 315 1932 361 1970; x_wconf 87' lang='lat' dir='ltr'><strong>qui</strong></span> <span class='ocrx_word' id='word_1_396' title='bbox 378 1939 440 1960; x_wconf 90' lang='lat' dir='ltr'><strong>cum</strong></span> <span class='ocrx_word' id='word_1_397' title='bbox 456 1932 656 1967; x_wconf 81' lang='lat' dir='ltr'><strong>blasphemant,</strong></span> <span class='ocrx_word' id='word_1_398' title='bbox 672 1933 723 1960; x_wconf 88' lang='lat' dir='ltr'><strong>sub</strong></span> <span class='ocrx_word' id='word_1_399' title='bbox 739 1934 784 1960; x_wconf 91' lang='lat' dir='ltr'><strong>tali</strong></span> <span class='ocrx_word' id='word_1_400' title='bbox 801 1942 863 1961; x_wconf 86' lang='lat' dir='ltr'><strong>esse</strong></span> <span class='ocrx_word' id='word_1_401' title='bbox 887 1943 979 1970; x_wconf 65' lang='lat' dir='ltr'><strong>paena,</strong></span> <span class='ocrx_word' id='word_1_402' title='bbox 999 1940 1026 1963; x_wconf 84' lang='lat' dir='ltr'><strong>et</strong></span> 
     </span>
    </p>
   </div>
   <div class='ocr_carea' id='block_1_56' title="bbox 231 1977 1026 2013">
    <p class='ocr_par' dir='ltr' id='par_1_56' title="bbox 231 1977 1026 2013">
     <span class='ocr_line' id='line_1_56' title="bbox 231 1977 1026 2013; baseline 0.006 -9"><span class='ocrx_word' id='word_1_403' title='bbox 231 1977 377 2007; x_wconf 78' lang='lat' dir='ltr'><strong>tormentis</strong></span> <span class='ocrx_word' id='word_1_404' title='bbox 409 1978 542 2013; x_wconf 65' lang='lat' dir='ltr'><strong>praecipit.</strong></span> <span class='ocrx_word' id='word_1_405' title='bbox 569 1978 637 2006; x_wconf 89' lang='lat' dir='ltr'><strong>Cum</strong></span> <span class='ocrx_word' id='word_1_406' title='bbox 672 1983 763 2006; x_wconf 88' lang='lat' dir='ltr'><strong>autem</strong></span> <span class='ocrx_word' id='word_1_407' title='bbox 797 1988 848 2008; x_wconf 90' lang='lat' dir='ltr'><strong>nos</strong></span> <span class='ocrx_word' id='word_1_408' title='bbox 875 1989 1026 2009; x_wconf 87' lang='lat' dir='ltr'><strong>noceamur</strong></span> 
     </span>
    </p>
   </div>
   <div class='ocr_carea' id='block_1_57' title="bbox 233 2022 1026 2062">
    <p class='ocr_par' dir='ltr' id='par_1_57' title="bbox 233 2022 1026 2062">
     <span class='ocr_line' id='line_1_57' title="bbox 233 2022 1026 2062; baseline 0.006 -12"><span class='ocrx_word' id='word_1_409' title='bbox 233 2022 331 2051; x_wconf 72' lang='lat' dir='ltr'><strong>talibus</strong></span> <span class='ocrx_word' id='word_1_410' title='bbox 344 2023 447 2056; x_wconf 78' lang='lat' dir='ltr'><strong>verbis,</strong></span> <span class='ocrx_word' id='word_1_411' title='bbox 463 2028 492 2051; x_wconf 88' lang='lat' dir='ltr'><strong>et</strong></span> <span class='ocrx_word' id='word_1_412' title='bbox 506 2023 625 2051; x_wconf 86' lang='lat' dir='ltr'><strong>divinam</strong></span> <span class='ocrx_word' id='word_1_413' title='bbox 646 2025 806 2053; x_wconf 80' lang='lat' dir='ltr'><strong>minuentes</strong></span> <span class='ocrx_word' id='word_1_414' title='bbox 821 2026 933 2060; x_wconf 81' lang='lat' dir='ltr'><strong>famam,</strong></span> <span class='ocrx_word' id='word_1_415' title='bbox 949 2028 1026 2062; x_wconf 92' lang='lat' dir='ltr'><strong>quod</strong></span> 
     </span>
    </p>
   </div>
   <div class='ocr_carea' id='block_1_58' title="bbox 233 2070 1026 2107">
    <p class='ocr_par' dir='ltr' id='par_1_58' title="bbox 233 2070 1026 2107">
     <span class='ocr_line' id='line_1_58' title="bbox 233 2070 1026 2107; baseline 0.005 -9"><span class='ocrx_word' id='word_1_416' title='bbox 233 2073 278 2098; x_wconf 86' lang='lat' dir='ltr'><strong>est</strong></span> <span class='ocrx_word' id='word_1_417' title='bbox 294 2070 452 2101; x_wconf 86' lang='lat' dir='ltr'><strong>hominibus</strong></span> <span class='ocrx_word' id='word_1_418' title='bbox 465 2071 662 2106; x_wconf 86' lang='lat' dir='ltr'><strong>perniciosum,</strong></span> <span class='ocrx_word' id='word_1_419' title='bbox 686 2072 813 2107; x_wconf 76' lang='lat' dir='ltr'><strong>ignorare</strong></span> <span class='ocrx_word' id='word_1_420' title='bbox 836 2073 977 2101; x_wconf 87' lang='lat' dir='ltr'><strong>Creatoris</strong></span> <span class='ocrx_word' id='word_1_421' title='bbox 996 2078 1026 2102; x_wconf 86' lang='lat' dir='ltr'><strong>et</strong></span> 
     </span>
    </p>
   </div>
   <div class='ocr_carea' id='block_1_59' title="bbox 233 2115 1027 2154">
    <p class='ocr_par' dir='ltr' id='par_1_59' title="bbox 233 2115 1027 2154">
     <span class='ocr_line' id='line_1_59' title="bbox 233 2115 1027 2154; baseline 0.006 -12"><span class='ocrx_word' id='word_1_422' title='bbox 233 2115 388 2142; x_wconf 86' lang='lat' dir='ltr'><strong>communis</strong></span> <span class='ocrx_word' id='word_1_423' title='bbox 402 2116 587 2148; x_wconf 82' lang='lat' dir='ltr'><strong>benefactoris</strong></span> <span class='ocrx_word' id='word_1_424' title='bbox 599 2116 772 2152; x_wconf 79' lang='lat' dir='ltr'><strong>dignitatem,</strong></span> <span class='ocrx_word' id='word_1_425' title='bbox 791 2123 865 2148; x_wconf 75' lang='lat' dir='ltr'><strong>recte</strong></span> <span class='ocrx_word' id='word_1_426' title='bbox 880 2120 1027 2154; x_wconf 74' lang='lat' dir='ltr'><strong>praesentia</strong></span> 
     </span>
    </p>
   </div>
   <div class='ocr_carea' id='block_1_60' title="bbox 235 2161 385 2189">
    <p class='ocr_par' dir='ltr' id='par_1_60' title="bbox 235 2161 385 2189">
     <span class='ocr_line' id='line_1_60' title="bbox 235 2161 385 2189; baseline 0.007 -1"><span class='ocrx_word' id='word_1_427' title='bbox 235 2161 360 2188; x_wconf 83' lang='lat' dir='ltr'><strong>subdidit</strong></span> <span class='ocrx_word' id='word_1_428' title='bbox 379 2169 385 2189; x_wconf 91' lang='lat'><strong>:</strong></span> 
     </span>
    </p>
   </div>
   <div class='ocr_carea' id='block_1_61' title="bbox 271 2215 1028 2255">
    <p class='ocr_par' dir='ltr' id='par_1_61' title="bbox 271 2215 1028 2255">
     <span class='ocr_line' id='line_1_61' title="bbox 271 2215 1028 2255; baseline 0.013 -14"><span class='ocrx_word' id='word_1_429' title='bbox 271 2215 322 2247; x_wconf 81' lang='lat' dir='ltr'><strong>Qui</strong></span> <span class='ocrx_word' id='word_1_430' title='bbox 349 2217 518 2251; x_wconf 71' lang='lat' dir='ltr'><strong>percusserit,</strong></span> <span class='ocrx_word' id='word_1_431' title='bbox 549 2222 575 2246; x_wconf 81' lang='lat' dir='ltr'><strong>et</strong></span> <span class='ocrx_word' id='word_1_432' title='bbox 596 2221 720 2247; x_wconf 82' lang='lat' dir='ltr'><strong>occiderit</strong></span> <span class='ocrx_word' id='word_1_433' title='bbox 744 2221 886 2255; x_wconf 77' lang='lat' dir='ltr'><strong>hominem,</strong></span> <span class='ocrx_word' id='word_1_434' title='bbox 905 2222 962 2250; x_wconf 88' lang='lat' dir='ltr'><strong>sive</strong></span> <span class='ocrx_word' id='word_1_435' title='bbox 987 2230 1028 2250; x_wconf 85' lang='lat' dir='ltr'><strong>sc-</strong></span> 
     </span>
    </p>
   </div>
   <div class='ocr_carea' id='block_1_62' title="bbox 235 2262 1024 2302">
    <p class='ocr_par' dir='ltr' id='par_1_62' title="bbox 235 2262 1024 2302">
     <span class='ocr_line' id='line_1_62' title="bbox 235 2262 1024 2302; baseline 0.009 -14"><span class='ocrx_word' id='word_1_436' title='bbox 235 2262 355 2289; x_wconf 85' lang='lat' dir='ltr'><strong>cundum</strong></span> <span class='ocrx_word' id='word_1_437' title='bbox 387 2263 467 2296; x_wconf 80' lang='lat' dir='ltr'><strong>LXX,</strong></span> <span class='ocrx_word' id='word_1_438' title='bbox 491 2264 543 2297; x_wconf 81' lang='lat' dir='ltr'><strong>Qui</strong></span> <span class='ocrx_word' id='word_1_439' title='bbox 566 2267 721 2300; x_wconf 75' lang='lat' dir='ltr'><strong>percusserit</strong></span> <span class='ocrx_word' id='word_1_440' title='bbox 754 2267 874 2294; x_wconf 87' lang='lat' dir='ltr'><strong>animam</strong></span> <span class='ocrx_word' id='word_1_441' title='bbox 900 2268 1024 2302; x_wconf 83' lang='lat' dir='ltr'><strong>hominis,</strong></span> 
     </span>
    </p>
   </div>
   <div class='ocr_carea' id='block_1_63' title="bbox 236 2307 1029 2346">
    <p class='ocr_par' dir='ltr' id='par_1_63' title="bbox 236 2307 1029 2346">
     <span class='ocr_line' id='line_1_63' title="bbox 236 2307 1029 2346; baseline 0.01 -14"><span class='ocrx_word' id='word_1_442' title='bbox 236 2311 320 2333; x_wconf 79' lang='lat' dir='ltr'><strong>morte</strong></span> <span class='ocrx_word' id='word_1_443' title='bbox 347 2307 487 2334; x_wconf 84' lang='lat' dir='ltr'><strong>moriatur.</strong></span> <span class='ocrx_word' id='word_1_444' title='bbox 519 2307 552 2336; x_wconf 82' lang='lat' dir='ltr'><strong>Et</strong></span> <span class='ocrx_word' id='word_1_445' title='bbox 580 2310 642 2344; x_wconf 89' lang='lat' dir='ltr'><strong>quis</strong></span> <span class='ocrx_word' id='word_1_446' title='bbox 669 2310 791 2338; x_wconf 84' lang='lat' dir='ltr'><strong>hominis</strong></span> <span class='ocrx_word' id='word_1_447' title='bbox 822 2312 940 2346; x_wconf 88' lang='lat' dir='ltr'><strong>percutit</strong></span> <span class='ocrx_word' id='word_1_448' title='bbox 968 2314 1029 2340; x_wconf 83' lang='lat' dir='ltr'><strong>ani-</strong></span> 
     </span>
    </p>
   </div>
   <div class='ocr_carea' id='block_1_64' title="bbox 236 2353 1029 2394">
    <p class='ocr_par' dir='ltr' id='par_1_64' title="bbox 236 2353 1029 2394">
     <span class='ocr_line' id='line_1_64' title="bbox 236 2353 1029 2394; baseline 0.008 -14"><span class='ocrx_word' id='word_1_449' title='bbox 236 2361 308 2381; x_wconf 87' lang='lat' dir='ltr'><strong>mam</strong></span> <span class='ocrx_word' id='word_1_450' title='bbox 323 2374 331 2386; x_wconf 91' lang='lat'><strong>,</strong></span> <span class='ocrx_word' id='word_1_451' title='bbox 352 2353 404 2380; x_wconf 83' lang='lat' dir='ltr'><strong>nisi</strong></span> <span class='ocrx_word' id='word_1_452' title='bbox 434 2354 479 2389; x_wconf 87' lang='lat' dir='ltr'><strong>qui</strong></span> <span class='ocrx_word' id='word_1_453' title='bbox 498 2362 560 2382; x_wconf 90' lang='lat' dir='ltr'><strong>eum</strong></span> <span class='ocrx_word' id='word_1_454' title='bbox 577 2355 670 2383; x_wconf 86' lang='lat' dir='ltr'><strong>illiciat</strong></span> <span class='ocrx_word' id='word_1_455' title='bbox 694 2356 727 2383; x_wconf 91' lang='lat' dir='ltr'><strong>ad</strong></span> <span class='ocrx_word' id='word_1_456' title='bbox 763 2357 951 2392; x_wconf 82' lang='lat' dir='ltr'><strong>impietatem?</strong></span> <span class='ocrx_word' id='word_1_457' title='bbox 983 2359 1029 2394; x_wconf 88' lang='lat' dir='ltr'><strong>qui</strong></span> 
     </span>
    </p>
   </div>
   <div class='ocr_carea' id='block_1_65' title="bbox 237 2401 1030 2439">
    <p class='ocr_par' dir='ltr' id='par_1_65' title="bbox 237 2401 1030 2439">
     <span class='ocr_line' id='line_1_65' title="bbox 237 2401 1030 2439; baseline 0.006 -12"><span class='ocrx_word' id='word_1_458' title='bbox 237 2408 300 2427; x_wconf 82' lang='lat' dir='ltr'><strong>eum</strong></span> <span class='ocrx_word' id='word_1_459' title='bbox 326 2401 359 2428; x_wconf 87' lang='lat' dir='ltr'><strong>ad</strong></span> <span class='ocrx_word' id='word_1_460' title='bbox 389 2401 562 2436; x_wconf 86' lang='lat' dir='ltr'><strong>blasphemos</strong></span> <span class='ocrx_word' id='word_1_461' title='bbox 589 2403 672 2430; x_wconf 87' lang='lat' dir='ltr'><strong>trahit</strong></span> <span class='ocrx_word' id='word_1_462' title='bbox 696 2404 852 2431; x_wconf 84' lang='lat' dir='ltr'><strong>sermones?</strong></span> <span class='ocrx_word' id='word_1_463' title='bbox 874 2404 901 2432; x_wconf 86' lang='lat' dir='ltr'><strong>in</strong></span> <span class='ocrx_word' id='word_1_464' title='bbox 930 2405 1030 2439; x_wconf 85' lang='lat' dir='ltr'><strong>quibus</strong></span> 
     </span>
    </p>
   </div>
   <div class='ocr_carea' id='block_1_66' title="bbox 239 2446 1031 2485">
    <p class='ocr_par' dir='ltr' id='par_1_66' title="bbox 239 2446 1031 2485">
     <span class='ocr_line' id='line_1_66' title="bbox 239 2446 1031 2485; baseline 0.008 -13"><span class='ocrx_word' id='word_1_465' title='bbox 239 2446 371 2473; x_wconf 83' lang='lat' dir='ltr'><strong>moriatur</strong></span> <span class='ocrx_word' id='word_1_466' title='bbox 396 2447 514 2481; x_wconf 88' lang='lat' dir='ltr'><strong>pessima</strong></span> <span class='ocrx_word' id='word_1_467' title='bbox 541 2449 647 2485; x_wconf 85' lang='lat' dir='ltr'><strong>peccati</strong></span> <span class='ocrx_word' id='word_1_468' title='bbox 673 2454 784 2484; x_wconf 90' lang='lat' dir='ltr'><strong>morte,</strong></span> <span class='ocrx_word' id='word_1_469' title='bbox 819 2458 879 2485; x_wconf 64' lang='lat' dir='ltr'><strong>quia</strong></span> <span class='ocrx_word' id='word_1_470' title='bbox 902 2458 964 2477; x_wconf 84' lang='lat' dir='ltr'><strong>vera</strong></span> <span class='ocrx_word' id='word_1_471' title='bbox 989 2456 1031 2478; x_wconf 85' lang='lat' dir='ltr'><strong>est</strong></span> 
     </span>
    </p>
   </div>
   <div class='ocr_carea' id='block_1_67' title="bbox 239 2492 1029 2530">
    <p class='ocr_par' dir='ltr' id='par_1_67' title="bbox 239 2492 1029 2530">
     <span class='ocr_line' id='line_1_67' title="bbox 239 2492 1029 2530; baseline 0.009 -13"><span class='ocrx_word' id='word_1_472' title='bbox 239 2498 314 2518; x_wconf 83' lang='lat' dir='ltr'><strong>mors</strong></span> <span class='ocrx_word' id='word_1_473' title='bbox 342 2492 451 2520; x_wconf 65' lang='lat' dir='ltr'><strong>anima.</strong></span> <span class='ocrx_word' id='word_1_474' title='bbox 479 2493 594 2528; x_wconf 84' lang='lat' dir='ltr'><strong>Propter</strong></span> <span class='ocrx_word' id='word_1_475' title='bbox 619 2496 808 2530; x_wconf 85' lang='lat' dir='ltr'><strong>quod_morte</strong></span> <span class='ocrx_word' id='word_1_476' title='bbox 838 2497 907 2524; x_wconf 88' lang='lat' dir='ltr'><strong>mori</strong></span> <span class='ocrx_word' id='word_1_477' title='bbox 936 2497 1029 2530; x_wconf 88' lang='lat' dir='ltr'><strong>hunc,</strong></span> 
     </span>
    </p>
   </div>
   <div class='ocr_carea' id='block_1_68' title="bbox 240 2536 1032 2574">
    <p class='ocr_par' dir='ltr' id='par_1_68' title="bbox 240 2536 1032 2574">
     <span class='ocr_line' id='line_1_68' title="bbox 240 2536 1032 2574; baseline 0.009 -12"><span class='ocrx_word' id='word_1_478' title='bbox 240 2536 286 2570; x_wconf 85' lang='lat' dir='ltr'><strong>qui</strong></span> <span class='ocrx_word' id='word_1_479' title='bbox 301 2537 362 2563; x_wconf 87' lang='lat' dir='ltr'><strong>talis</strong></span> <span class='ocrx_word' id='word_1_480' title='bbox 385 2543 436 2569; x_wconf 84' lang='lat' dir='ltr'><strong>est,</strong></span> <span class='ocrx_word' id='word_1_481' title='bbox 458 2539 589 2574; x_wconf 67' lang='lat' dir='ltr'><strong>praecipit.</strong></span> <span class='ocrx_word' id='word_1_482' title='bbox 618 2539 667 2567; x_wconf 89' lang='lat' dir='ltr'><strong>llic</strong></span> <span class='ocrx_word' id='word_1_483' title='bbox 689 2545 779 2568; x_wconf 87' lang='lat' dir='ltr'><strong>tamen</strong></span> <span class='ocrx_word' id='word_1_484' title='bbox 799 2541 917 2568; x_wconf 86' lang='lat' dir='ltr'><strong>animam</strong></span> <span class='ocrx_word' id='word_1_485' title='bbox 938 2542 1032 2570; x_wconf 86' lang='lat' dir='ltr'><strong>dicens</strong></span> 
     </span>
    </p>
   </div>
   <div class='ocr_carea' id='block_1_69' title="bbox 241 2581 1032 2620">
    <p class='ocr_par' dir='ltr' id='par_1_69' title="bbox 241 2581 1032 2620">
     <span class='ocr_line' id='line_1_69' title="bbox 241 2581 1032 2620; baseline 0.009 -12"><span class='ocrx_word' id='word_1_486' title='bbox 241 2581 362 2609; x_wconf 82' lang='lat' dir='ltr'><strong>hominis</strong></span> <span class='ocrx_word' id='word_1_487' title='bbox 387 2583 530 2611; x_wconf 82' lang='lat' dir='ltr'><strong>animalem</strong></span> <span class='ocrx_word' id='word_1_488' title='bbox 564 2586 681 2613; x_wconf 86' lang='lat' dir='ltr'><strong>maxime</strong></span> <span class='ocrx_word' id='word_1_489' title='bbox 715 2587 853 2614; x_wconf 87' lang='lat' dir='ltr'><strong>hominem</strong></span> <span class='ocrx_word' id='word_1_490' title='bbox 888 2588 979 2620; x_wconf 83' lang='lat' dir='ltr'><strong>dicit,</strong></span> <span class='ocrx_word' id='word_1_491' title='bbox 1006 2589 1032 2615; x_wconf 88' lang='lat' dir='ltr'><strong>id</strong></span> 
     </span>
    </p>
   </div>
   <div class='ocr_carea' id='block_1_70' title="bbox 242 2629 1034 2669">
    <p class='ocr_par' dir='ltr' id='par_1_70' title="bbox 242 2629 1034 2669">
     <span class='ocr_line' id='line_1_70' title="bbox 242 2629 1034 2669; baseline 0.01 -14"><span class='ocrx_word' id='word_1_492' title='bbox 242 2631 286 2655; x_wconf 77' lang='lat' dir='ltr'><strong>est</strong></span> <span class='ocrx_word' id='word_1_493' title='bbox 313 2634 394 2660; x_wconf 89' lang='lat' dir='ltr'><strong>eum,</strong></span> <span class='ocrx_word' id='word_1_494' title='bbox 434 2629 479 2663; x_wconf 90' lang='lat' dir='ltr'><strong>qui</strong></span> <span class='ocrx_word' id='word_1_495' title='bbox 505 2637 560 2656; x_wconf 90' lang='lat' dir='ltr'><strong>non</strong></span> <span class='ocrx_word' id='word_1_496' title='bbox 584 2635 674 2665; x_wconf 86' lang='lat' dir='ltr'><strong>potest</strong></span> <span class='ocrx_word' id='word_1_497' title='bbox 704 2633 854 2669; x_wconf 82' lang='lat' dir='ltr'><strong>intelligere</strong></span> <span class='ocrx_word' id='word_1_498' title='bbox 884 2642 943 2669; x_wconf 66' lang='lat' dir='ltr'><strong>quae</strong></span> <span class='ocrx_word' id='word_1_499' title='bbox 969 2640 1034 2663; x_wconf 90' lang='lat' dir='ltr'><strong>sunt</strong></span> 
     </span>
    </p>
   </div>
   <div class='ocr_carea' id='block_1_71' title="bbox 243 2675 1034 2711">
    <p class='ocr_par' dir='ltr' id='par_1_71' title="bbox 243 2675 1034 2711">
     <span class='ocr_line' id='line_1_71' title="bbox 243 2675 1034 2711; baseline 0.006 -9"><span class='ocrx_word' id='word_1_500' title='bbox 243 2675 356 2711; x_wconf 79' lang='lat' dir='ltr'><strong>spiritus</strong></span> <span class='ocrx_word' id='word_1_501' title='bbox 372 2696 381 2709; x_wconf 90' lang='lat'><strong>,</strong></span> <span class='ocrx_word' id='word_1_502' title='bbox 404 2676 438 2703; x_wconf 85' lang='lat' dir='ltr'><strong>de</strong></span> <span class='ocrx_word' id='word_1_503' title='bbox 469 2683 524 2710; x_wconf 83' lang='lat' dir='ltr'><strong>quo</strong></span> <span class='ocrx_word' id='word_1_504' title='bbox 555 2677 592 2704; x_wconf 88' lang='lat' dir='ltr'><strong>ait</strong></span> <span class='ocrx_word' id='word_1_505' title='bbox 620 2677 720 2705; x_wconf 82' lang='lat' dir='ltr'><strong>Paulus</strong></span> <span class='ocrx_word' id='word_1_506' title='bbox 744 2688 750 2706; x_wconf 86' lang='lat'><strong>:</strong></span> <span class='ocrx_word' id='word_1_507' title='bbox 775 2681 908 2708; x_wconf 70' lang='lat' dir='ltr'><strong>Animalis</strong></span> <span class='ocrx_word' id='word_1_508' title='bbox 944 2687 1034 2708; x_wconf 76' lang='lat' dir='ltr'><strong>autem</strong></span> 
     </span>
    </p>
   </div>
   <div class='ocr_carea' id='block_1_72' title="bbox 242 2722 1033 2760">
    <p class='ocr_par' dir='ltr' id='par_1_72' title="bbox 242 2722 1033 2760">
     <span class='ocr_line' id='line_1_72' title="bbox 242 2722 1033 2760; baseline 0.009 -12"><span class='ocrx_word' id='word_1_509' title='bbox 242 2723 319 2749; x_wconf 83' lang='lat' dir='ltr'><strong>homo</strong></span> <span class='ocrx_word' id='word_1_510' title='bbox 335 2730 386 2749; x_wconf 77' lang='lat' dir='ltr'><strong>non</strong></span> <span class='ocrx_word' id='word_1_511' title='bbox 397 2722 508 2757; x_wconf 80' lang='lat' dir='ltr'><strong>percipit</strong></span> <span class='ocrx_word' id='word_1_512' title='bbox 527 2731 559 2749; x_wconf 84' lang='lat' dir='ltr'><strong>ea</strong></span> <span class='ocrx_word' id='word_1_513' title='bbox 574 2731 633 2757; x_wconf 74' lang='lat' dir='ltr'><strong>quo:</strong></span> <span class='ocrx_word' id='word_1_514' title='bbox 647 2729 706 2750; x_wconf 84' lang='lat' dir='ltr'><strong>sunt</strong></span> <span class='ocrx_word' id='word_1_515' title='bbox 722 2726 841 2760; x_wconf 77' lang='lat' dir='ltr'><strong>spiritus.</strong></span> <span class='ocrx_word' id='word_1_516' title='bbox 862 2726 982 2754; x_wconf 74' lang='lat' dir='ltr'><strong>Stultitia</strong></span> <span class='ocrx_word' id='word_1_517' title='bbox 996 2732 1033 2754; x_wconf 76' lang='lat' dir='ltr'><strong>est</strong></span> 
     </span>
    </p>
   </div>
   <div class='ocr_carea' id='block_1_73' title="bbox 243 2766 1035 2808">
    <p class='ocr_par' dir='ltr' id='par_1_73' title="bbox 243 2766 1035 2808">
     <span class='ocr_line' id='line_1_73' title="bbox 243 2766 1035 2808; baseline 0.009 -14"><span class='ocrx_word' id='word_1_518' title='bbox 243 2768 312 2795; x_wconf 75' lang='lat' dir='ltr'><strong>enim</strong></span> <span class='ocrx_word' id='word_1_519' title='bbox 330 2768 370 2795; x_wconf 69' lang='lat' dir='ltr'><strong>illi</strong></span> <span class='ocrx_word' id='word_1_520' title='bbox 384 2772 408 2795; x_wconf 84' lang='lat' dir='ltr'><strong>et</strong></span> <span class='ocrx_word' id='word_1_521' title='bbox 423 2776 475 2795; x_wconf 89' lang='lat' dir='ltr'><strong>non</strong></span> <span class='ocrx_word' id='word_1_522' title='bbox 496 2775 579 2801; x_wconf 82' lang='lat' dir='ltr'><strong>potest</strong></span> <span class='ocrx_word' id='word_1_523' title='bbox 607 2770 763 2806; x_wconf 82' lang='lat' dir='ltr'><strong>intelligere,</strong></span> <span class='ocrx_word' id='word_1_524' title='bbox 793 2773 854 2808; x_wconf 84' lang='lat' dir='ltr'><strong>quia</strong></span> <span class='ocrx_word' id='word_1_525' title='bbox 880 2766 1035 2808; x_wconf 80' lang='lat' dir='ltr'><strong>spiritaliter</strong></span> 
     </span>
    </p>
   </div>
   <div class='ocr_carea' id='block_1_74' title="bbox 243 2814 1033 2852">
    <p class='ocr_par' dir='ltr' id='par_1_74' title="bbox 243 2814 1033 2852">
     <span class='ocr_line' id='line_1_74' title="bbox 243 2814 1033 2852; baseline 0.005 -10"><span class='ocrx_word' id='word_1_526' title='bbox 243 2815 412 2843; x_wconf 59' lang='lat' dir='ltr'><strong>nominatur</strong></span> <span class='ocrx_word' id='word_1_527' title='bbox 421 2815 453 2842; x_wconf 77' lang='lat'><strong>”.</strong></span> <span class='ocrx_word' id='word_1_528' title='bbox 466 2814 552 2849; x_wconf 85' lang='lat' dir='ltr'><strong>Quem</strong></span> <span class='ocrx_word' id='word_1_529' title='bbox 563 2816 609 2852; x_wconf 87' lang='lat' dir='ltr'><strong>qui</strong></span> <span class='ocrx_word' id='word_1_530' title='bbox 621 2819 796 2852; x_wconf 71' lang='lat' dir='ltr'><strong>percusserit,</strong></span> <span class='ocrx_word' id='word_1_531' title='bbox 811 2825 897 2847; x_wconf 81' lang='lat' dir='ltr'><strong>morte</strong></span> <span class='ocrx_word' id='word_1_532' title='bbox 909 2821 1033 2847; x_wconf 81' lang='lat' dir='ltr'><strong>moritur.</strong></span> 
     </span>
    </p>
   </div>
   <div class='ocr_carea' id='block_1_75' title="bbox 276 2898 509 2940">
    <p class='ocr_par' dir='ltr' id='par_1_75' title="bbox 276 2898 509 2940">
     <span class='ocr_line' id='line_1_75' title="bbox 276 2898 509 2940; baseline -0.004 -5"><span class='ocrx_word' id='word_1_533' title='bbox 276 2898 323 2932; x_wconf 40' lang='lat' dir='ltr'><strong>&quot;&quot;t</strong></span> <span class='ocrx_word' id='word_1_534' title='bbox 344 2908 406 2936; x_wconf 84' lang='lat' dir='ltr'><strong>Cor.</strong></span> <span class='ocrx_word' id='word_1_535' title='bbox 419 2916 469 2940; x_wconf 77' lang='lat' dir='ltr'><strong>xu,</strong></span> <span class='ocrx_word' id='word_1_536' title='bbox 483 2908 509 2934; x_wconf 80' lang='lat'><strong>3.</strong></span> 
     </span>
    </p>
   </div>
   <div class='ocr_carea' id='block_1_76' title="bbox 562 2907 798 2942">
    <p class='ocr_par' dir='ltr' id='par_1_76' title="bbox 562 2907 798 2942">
     <span class='ocr_line' id='line_1_76' title="bbox 562 2907 798 2942; baseline 0.004 -8"><span class='ocrx_word' id='word_1_537' title='bbox 562 2907 582 2924; x_wconf 83' lang='lat'>“</span> <span class='ocrx_word' id='word_1_538' title='bbox 604 2907 693 2936; x_wconf 80' lang='lat' dir='ltr'><strong>lCur.</strong></span> <span class='ocrx_word' id='word_1_539' title='bbox 709 2917 737 2942; x_wconf 87' lang='lat' dir='ltr'><strong>It,</strong></span> <span class='ocrx_word' id='word_1_540' title='bbox 758 2910 798 2937; x_wconf 70' lang='grc'><strong>14.</strong></span> 
     </span>
    </p>
   </div>
   <div class='ocr_carea' id='block_1_77' title="bbox 245 2943 361 2977">
    <p class='ocr_par' dir='ltr' id='par_1_77' title="bbox 245 2943 361 2977">
     <span class='ocr_line' id='line_1_77' title="bbox 245 2943 361 2977; baseline 0 -6"><span class='ocrx_word' id='word_1_541' title='bbox 245 2947 303 2977; x_wconf 70' lang='lat' dir='ltr'><strong>In,</strong></span> <span class='ocrx_word' id='word_1_542' title='bbox 317 2943 361 2971; x_wconf 68' lang='grc'><strong>27.</strong></span> 
     </span>
    </p>
   </div>
   <div class='ocr_carea' id='block_1_78' title="bbox 399 2943 650 2977">
    <p class='ocr_par' dir='ltr' id='par_1_78' title="bbox 399 2943 650 2977">
     <span class='ocr_line' id='line_1_78' title="bbox 399 2943 650 2977; baseline 0.004 -7"><span class='ocrx_word' id='word_1_543' title='bbox 399 2943 421 2959; x_wconf 68' lang='grc'><strong>⁸⁸</strong></span> <span class='ocrx_word' id='word_1_544' title='bbox 439 2943 508 2971; x_wconf 84' lang='lat' dir='ltr'><strong>l’sal.</strong></span> <span class='ocrx_word' id='word_1_545' title='bbox 531 2950 611 2977; x_wconf 79' lang='lat' dir='ltr'><strong>xxxv,</strong></span> <span class='ocrx_word' id='word_1_546' title='bbox 625 2943 650 2971; x_wconf 85' lang='lat'><strong>7.</strong></span> 
     </span>
    </p>
   </div>
   <div class='ocr_carea' id='block_1_79' title="bbox 842 2909 1108 2944">
    <p class='ocr_par' dir='ltr' id='par_1_79' title="bbox 842 2909 1108 2944">
     <span class='ocr_line' id='line_1_79' title="bbox 842 2909 1108 2944; baseline 0 -7"><span class='ocrx_word' id='word_1_547' title='bbox 842 2911 863 2927; x_wconf 82' lang='grc'><strong>⁸⁷</strong></span> <span class='ocrx_word' id='word_1_548' title='bbox 876 2909 945 2937; x_wconf 78' lang='lat' dir='ltr'><strong>Psal.</strong></span> <span class='ocrx_word' id='word_1_549' title='bbox 960 2918 1052 2944; x_wconf 83' lang='lat' dir='ltr'><strong>vam,</strong></span> <span class='ocrx_word' id='word_1_550' title='bbox 1068 2910 1108 2937; x_wconf 79' lang='lat' dir='ltr'><strong>l5.</strong></span> 
     </span>
    </p>
   </div>
   <div class='ocr_carea' id='block_1_80' title="bbox 1069 1003 1865 1042">
    <p class='ocr_par' dir='ltr' id='par_1_80' title="bbox 1069 1003 1865 1042">
     <span class='ocr_line' id='line_1_80' title="bbox 1069 1003 1865 1042; baseline -0.009 -6"><span class='ocrx_word' id='word_1_551' title='bbox 1069 1009 1208 1041; x_wconf 82' lang='lat' dir='ltr'><strong>virtutem,</strong></span> <span class='ocrx_word' id='word_1_552' title='bbox 1237 1016 1319 1042; x_wconf 82' lang='lat' dir='ltr'><strong>quant</strong></span> <span class='ocrx_word' id='word_1_553' title='bbox 1345 1008 1437 1035; x_wconf 83' lang='lat' dir='ltr'><strong>habuit</strong></span> <span class='ocrx_word' id='word_1_554' title='bbox 1463 1007 1541 1038; x_wconf 85' lang='lat' dir='ltr'><strong>civis,</strong></span> <span class='ocrx_word' id='word_1_555' title='bbox 1568 1006 1625 1034; x_wconf 82' lang='lat' dir='ltr'><strong>sive</strong></span> <span class='ocrx_word' id='word_1_556' title='bbox 1652 1005 1794 1040; x_wconf 84' lang='lat' dir='ltr'><strong>proximus</strong></span> <span class='ocrx_word' id='word_1_557' title='bbox 1819 1003 1865 1030; x_wconf 82' lang='lat' dir='ltr'><strong>ille</strong></span> 
     </span>
    </p>
   </div>
   <div class='ocr_carea' id='block_1_81' title="bbox 1070 1051 1864 1085">
    <p class='ocr_par' dir='ltr' id='par_1_81' title="bbox 1070 1051 1864 1085">
     <span class='ocr_line' id='line_1_81' title="bbox 1070 1051 1864 1085; baseline -0.008 -3"><span class='ocrx_word' id='word_1_558' title='bbox 1070 1056 1139 1082; x_wconf 80' lang='lat' dir='ltr'><strong>mala</strong></span> <span class='ocrx_word' id='word_1_559' title='bbox 1161 1055 1263 1082; x_wconf 87' lang='lat' dir='ltr'><strong>docens</strong></span> <span class='ocrx_word' id='word_1_560' title='bbox 1290 1059 1337 1081; x_wconf 86' lang='lat' dir='ltr'><strong>aut</strong></span> <span class='ocrx_word' id='word_1_561' title='bbox 1365 1054 1495 1085; x_wconf 85' lang='lat' dir='ltr'><strong>suadens,</strong></span> <span class='ocrx_word' id='word_1_562' title='bbox 1523 1056 1570 1079; x_wconf 84' lang='lat' dir='ltr'><strong>aut</strong></span> <span class='ocrx_word' id='word_1_563' title='bbox 1590 1051 1791 1081; x_wconf 78' lang='lat' dir='ltr'><strong>scandalizans,</strong></span> <span class='ocrx_word' id='word_1_564' title='bbox 1817 1054 1864 1077; x_wconf 82' lang='lat' dir='ltr'><strong>aut</strong></span> 
     </span>
    </p>
   </div>
   <div class='ocr_carea' id='block_1_82' title="bbox 1069 1095 1865 1132">
    <p class='ocr_par' dir='ltr' id='par_1_82' title="bbox 1069 1095 1865 1132">
     <span class='ocr_line' id='line_1_82' title="bbox 1069 1095 1865 1132; baseline -0.009 -4"><span class='ocrx_word' id='word_1_565' title='bbox 1069 1101 1260 1132; x_wconf 74' lang='lat' dir='ltr'><strong>detrahens,et</strong></span> <span class='ocrx_word' id='word_1_566' title='bbox 1270 1099 1440 1126; x_wconf 84' lang='lat' dir='ltr'><strong>calumnians</strong></span> <span class='ocrx_word' id='word_1_567' title='bbox 1450 1098 1590 1129; x_wconf 89' lang='lat' dir='ltr'><strong>contrivit,</strong></span> <span class='ocrx_word' id='word_1_568' title='bbox 1607 1097 1664 1124; x_wconf 89' lang='lat' dir='ltr'><strong>sive</strong></span> <span class='ocrx_word' id='word_1_569' title='bbox 1675 1097 1784 1124; x_wconf 89' lang='lat' dir='ltr'><strong>oculum</strong></span> <span class='ocrx_word' id='word_1_570' title='bbox 1793 1095 1865 1129; x_wconf 87' lang='lat' dir='ltr'><strong>ejus,</strong></span> 
     </span>
    </p>
   </div>
   <div class='ocr_carea' id='block_1_83' title="bbox 1069 1143 1864 1179">
    <p class='ocr_par' dir='ltr' id='par_1_83' title="bbox 1069 1143 1864 1179">
     <span class='ocr_line' id='line_1_83' title="bbox 1069 1143 1864 1179; baseline -0.008 -6"><span class='ocrx_word' id='word_1_571' title='bbox 1069 1146 1198 1173; x_wconf 83' lang='lat' dir='ltr'><strong>videlicet</strong></span> <span class='ocrx_word' id='word_1_572' title='bbox 1227 1146 1380 1177; x_wconf 86' lang='lat' dir='ltr'><strong>scientiam,</strong></span> <span class='ocrx_word' id='word_1_573' title='bbox 1410 1143 1640 1179; x_wconf 89' lang='lat' dir='ltr'><strong>unumquodlibet</strong></span> <span class='ocrx_word' id='word_1_574' title='bbox 1671 1143 1864 1177; x_wconf 75' lang='lat' dir='ltr'><strong>pra-dictorum</strong></span> 
     </span>
    </p>
   </div>
   <div class='ocr_carea' id='block_1_84' title="bbox 1070 1187 1865 1226">
    <p class='ocr_par' dir='ltr' id='par_1_84' title="bbox 1070 1187 1865 1226">
     <span class='ocr_line' id='line_1_84' title="bbox 1070 1187 1865 1226; baseline -0.008 -7"><span class='ocrx_word' id='word_1_575' title='bbox 1070 1199 1153 1226; x_wconf 80' lang='lat' dir='ltr'><strong>agens</strong></span> <span class='ocrx_word' id='word_1_576' title='bbox 1175 1191 1295 1221; x_wconf 71' lang='lat' dir='ltr'><strong>cmcavit,</strong></span> <span class='ocrx_word' id='word_1_577' title='bbox 1312 1195 1360 1217; x_wconf 88' lang='lat' dir='ltr'><strong>aut</strong></span> <span class='ocrx_word' id='word_1_578' title='bbox 1381 1190 1502 1221; x_wconf 81' lang='lat' dir='ltr'><strong>dentem,</strong></span> <span class='ocrx_word' id='word_1_579' title='bbox 1529 1189 1658 1215; x_wconf 84' lang='lat' dir='ltr'><strong>virtutem</strong></span> <span class='ocrx_word' id='word_1_580' title='bbox 1690 1187 1836 1215; x_wconf 87' lang='lat' dir='ltr'><strong>verborum</strong></span> <span class='ocrx_word' id='word_1_581' title='bbox 1857 1195 1865 1213; x_wconf 91' lang='lat'>:</span> 
     </span>
    </p>
   </div>
   <div class='ocr_carea' id='block_1_85' title="bbox 1070 1231 1866 1269">
    <p class='ocr_par' dir='ltr' id='par_1_85' title="bbox 1070 1231 1866 1269">
     <span class='ocr_line' id='line_1_85' title="bbox 1070 1231 1866 1269; baseline -0.008 -5"><span class='ocrx_word' id='word_1_582' title='bbox 1070 1237 1166 1264; x_wconf 83' lang='lat' dir='ltr'><strong>dentes</strong></span> <span class='ocrx_word' id='word_1_583' title='bbox 1176 1236 1248 1263; x_wconf 89' lang='lat' dir='ltr'><strong>enim</strong></span> <span class='ocrx_word' id='word_1_584' title='bbox 1260 1244 1309 1269; x_wconf 91' lang='lat' dir='ltr'><strong>pro</strong></span> <span class='ocrx_word' id='word_1_585' title='bbox 1318 1235 1406 1262; x_wconf 86' lang='lat' dir='ltr'><strong>verbis</strong></span> <span class='ocrx_word' id='word_1_586' title='bbox 1416 1235 1557 1268; x_wconf 86' lang='lat' dir='ltr'><strong>Scriptura</strong></span> <span class='ocrx_word' id='word_1_587' title='bbox 1570 1233 1695 1267; x_wconf 84' lang='lat' dir='ltr'><strong>accipere</strong></span> <span class='ocrx_word' id='word_1_588' title='bbox 1704 1232 1783 1264; x_wconf 87' lang='lat' dir='ltr'><strong>solet,</strong></span> <span class='ocrx_word' id='word_1_589' title='bbox 1792 1231 1866 1266; x_wconf 89' lang='lat' dir='ltr'><strong>quod</strong></span> 
     </span>
    </p>
   </div>
   <div class='ocr_carea' id='block_1_86' title="bbox 1070 1278 1868 1309">
    <p class='ocr_par' dir='ltr' id='par_1_86' title="bbox 1070 1278 1868 1309">
     <span class='ocr_line' id='line_1_86' title="bbox 1070 1278 1868 1309; baseline -0.006 -1"><span class='ocrx_word' id='word_1_590' title='bbox 1070 1281 1190 1309; x_wconf 82' lang='lat' dir='ltr'><strong>ostendit</strong></span> <span class='ocrx_word' id='word_1_591' title='bbox 1207 1281 1290 1308; x_wconf 83' lang='lat' dir='ltr'><strong>David</strong></span> <span class='ocrx_word' id='word_1_592' title='bbox 1305 1281 1418 1308; x_wconf 80' lang='lat' dir='ltr'><strong>dicetis:</strong></span> <span class='ocrx_word' id='word_1_593' title='bbox 1437 1279 1500 1306; x_wconf 81' lang='lat' dir='ltr'><strong>Filii</strong></span> <span class='ocrx_word' id='word_1_594' title='bbox 1515 1279 1650 1305; x_wconf 85' lang='lat' dir='ltr'><strong>hominum</strong></span> <span class='ocrx_word' id='word_1_595' title='bbox 1669 1278 1759 1304; x_wconf 81' lang='lat' dir='ltr'><strong>dentes</strong></span> <span class='ocrx_word' id='word_1_596' title='bbox 1776 1284 1868 1303; x_wconf 79' lang='lat' dir='ltr'><strong>eorum</strong></span> 
     </span>
    </p>
   </div>
   <div class='ocr_carea' id='block_1_87' title="bbox 1071 1322 1865 1362">
    <p class='ocr_par' dir='ltr' id='par_1_87' title="bbox 1071 1322 1865 1362">
     <span class='ocr_line' id='line_1_87' title="bbox 1071 1322 1865 1362; baseline -0.008 -8"><span class='ocrx_word' id='word_1_597' title='bbox 1071 1335 1147 1354; x_wconf 87' lang='lat' dir='ltr'><strong>arma</strong></span> <span class='ocrx_word' id='word_1_598' title='bbox 1162 1331 1187 1353; x_wconf 80' lang='lat' dir='ltr'><strong>et</strong></span> <span class='ocrx_word' id='word_1_599' title='bbox 1202 1327 1315 1362; x_wconf 62' lang='lat' dir='ltr'><strong>sagittae,</strong></span> <span class='ocrx_word' id='word_1_600' title='bbox 1330 1331 1354 1352; x_wconf 89' lang='lat' dir='ltr'><strong>et</strong></span> <span class='ocrx_word' id='word_1_601' title='bbox 1369 1326 1459 1360; x_wconf 83' lang='lat' dir='ltr'><strong>lingua</strong></span> <span class='ocrx_word' id='word_1_602' title='bbox 1471 1333 1562 1352; x_wconf 86' lang='lat' dir='ltr'><strong>eorum</strong></span> <span class='ocrx_word' id='word_1_603' title='bbox 1582 1324 1714 1350; x_wconf 79' lang='lat' dir='ltr'><strong>mne/uera</strong></span> <span class='ocrx_word' id='word_1_604' title='bbox 1732 1327 1812 1349; x_wconf 79' lang='lat' dir='ltr'><strong>acuta</strong></span> <span class='ocrx_word' id='word_1_605' title='bbox 1831 1322 1865 1348; x_wconf 72' lang='lat'><strong>&quot;.</strong></span> 
     </span>
    </p>
   </div>
   <div class='ocr_carea' id='block_1_88' title="bbox 1072 1365 1867 1405">
    <p class='ocr_par' dir='ltr' id='par_1_88' title="bbox 1072 1365 1867 1405">
     <span class='ocr_line' id='line_1_88' title="bbox 1072 1365 1867 1405; baseline -0.009 -6"><span class='ocrx_word' id='word_1_606' title='bbox 1072 1372 1109 1400; x_wconf 90' lang='lat' dir='ltr'><strong>De</strong></span> <span class='ocrx_word' id='word_1_607' title='bbox 1121 1371 1230 1399; x_wconf 88' lang='lat' dir='ltr'><strong>Christo</strong></span> <span class='ocrx_word' id='word_1_608' title='bbox 1252 1375 1343 1398; x_wconf 87' lang='lat' dir='ltr'><strong>autem</strong></span> <span class='ocrx_word' id='word_1_609' title='bbox 1356 1369 1441 1397; x_wconf 86' lang='lat' dir='ltr'><strong>Jacob</strong></span> <span class='ocrx_word' id='word_1_610' title='bbox 1455 1369 1610 1405; x_wconf 80' lang='lat' dir='ltr'><strong>patriarcha</strong></span> <span class='ocrx_word' id='word_1_611' title='bbox 1623 1368 1649 1394; x_wconf 93' lang='lat' dir='ltr'><strong>in</strong></span> <span class='ocrx_word' id='word_1_612' title='bbox 1666 1365 1867 1394; x_wconf 76' lang='lat' dir='ltr'><strong>benedictioni-</strong></span> 
     </span>
    </p>
   </div>
   <div class='ocr_carea' id='block_1_89' title="bbox 1071 1413 1867 1450">
    <p class='ocr_par' dir='ltr' id='par_1_89' title="bbox 1071 1413 1867 1450">
     <span class='ocr_line' id='line_1_89' title="bbox 1071 1413 1867 1450; baseline -0.01 -4"><span class='ocrx_word' id='word_1_613' title='bbox 1071 1419 1123 1446; x_wconf 86' lang='lat' dir='ltr'><strong>bus</strong></span> <span class='ocrx_word' id='word_1_614' title='bbox 1140 1418 1246 1446; x_wconf 87' lang='lat' dir='ltr'><strong>dicebat</strong></span> <span class='ocrx_word' id='word_1_615' title='bbox 1262 1427 1268 1444; x_wconf 89' lang='lat'><strong>:</strong></span> <span class='ocrx_word' id='word_1_616' title='bbox 1282 1418 1450 1444; x_wconf 82' lang='lat' dir='ltr'><strong>Pulchriores</strong></span> <span class='ocrx_word' id='word_1_617' title='bbox 1465 1416 1534 1443; x_wconf 83' lang='lat' dir='ltr'><strong>oculi</strong></span> <span class='ocrx_word' id='word_1_618' title='bbox 1557 1415 1614 1450; x_wconf 85' lang='lat' dir='ltr'><strong>ejus</strong></span> <span class='ocrx_word' id='word_1_619' title='bbox 1632 1415 1703 1446; x_wconf 88' lang='lat' dir='ltr'><strong>uino,</strong></span> <span class='ocrx_word' id='word_1_620' title='bbox 1728 1418 1753 1440; x_wconf 80' lang='lat' dir='ltr'><strong>et</strong></span> <span class='ocrx_word' id='word_1_621' title='bbox 1775 1413 1867 1439; x_wconf 81' lang='lat' dir='ltr'><strong>dentes</strong></span> 
     </span>
    </p>
   </div>
   <div class='ocr_carea' id='block_1_90' title="bbox 1073 1457 1867 1498">
    <p class='ocr_par' dir='ltr' id='par_1_90' title="bbox 1073 1457 1867 1498">
     <span class='ocr_line' id='line_1_90' title="bbox 1073 1457 1867 1498; baseline -0.009 -7"><span class='ocrx_word' id='word_1_622' title='bbox 1073 1465 1140 1491; x_wconf 79' lang='lat' dir='ltr'><strong>lacte</strong></span> <span class='ocrx_word' id='word_1_623' title='bbox 1154 1464 1320 1491; x_wconf 82' lang='lat' dir='ltr'><strong>candidiores</strong></span> <span class='ocrx_word' id='word_1_624' title='bbox 1332 1463 1366 1489; x_wconf 76' lang='grc'><strong>⁸⁸.</strong></span> <span class='ocrx_word' id='word_1_625' title='bbox 1380 1462 1451 1489; x_wconf 84' lang='lat' dir='ltr'><strong>Clari</strong></span> <span class='ocrx_word' id='word_1_626' title='bbox 1469 1462 1554 1490; x_wconf 80' lang='lat' dir='ltr'><strong>enim.</strong></span> <span class='ocrx_word' id='word_1_627' title='bbox 1575 1465 1603 1498; x_wconf 91' lang='lat' dir='ltr'><strong>e_t</strong></span> <span class='ocrx_word' id='word_1_628' title='bbox 1615 1459 1702 1495; x_wconf 86' lang='lat' dir='ltr'><strong>aperti</strong></span> <span class='ocrx_word' id='word_1_629' title='bbox 1714 1457 1867 1494; x_wconf 76' lang='lat' dir='ltr'><strong>evangelici</strong></span> 
     </span>
    </p>
   </div>
   <div class='ocr_carea' id='block_1_91' title="bbox 1072 1504 1867 1542">
    <p class='ocr_par' dir='ltr' id='par_1_91' title="bbox 1072 1504 1867 1542">
     <span class='ocr_line' id='line_1_91' title="bbox 1072 1504 1867 1542; baseline -0.011 -3"><span class='ocrx_word' id='word_1_630' title='bbox 1072 1510 1175 1539; x_wconf 87' lang='lat' dir='ltr'><strong>Christi</strong></span> <span class='ocrx_word' id='word_1_631' title='bbox 1199 1517 1340 1537; x_wconf 83' lang='lat' dir='ltr'><strong>sermones</strong></span> <span class='ocrx_word' id='word_1_632' title='bbox 1358 1512 1422 1537; x_wconf 87' lang='lat' dir='ltr'><strong>sunt</strong></span> <span class='ocrx_word' id='word_1_633' title='bbox 1437 1515 1520 1542; x_wconf 86' lang='lat' dir='ltr'><strong>super</strong></span> <span class='ocrx_word' id='word_1_634' title='bbox 1533 1508 1575 1534; x_wconf 88' lang='lat' dir='ltr'><strong>lac</strong></span> <span class='ocrx_word' id='word_1_635' title='bbox 1587 1506 1684 1542; x_wconf 80' lang='lat' dir='ltr'><strong>legale.</strong></span> <span class='ocrx_word' id='word_1_636' title='bbox 1704 1504 1867 1532; x_wconf 74' lang='lat' dir='ltr'><strong>Necessaria</strong></span> 
     </span>
    </p>
   </div>
   <div class='ocr_carea' id='block_1_92' title="bbox 1073 1549 1868 1592">
    <p class='ocr_par' dir='ltr' id='par_1_92' title="bbox 1073 1549 1868 1592">
     <span class='ocr_line' id='line_1_92' title="bbox 1073 1549 1868 1592; baseline -0.011 -8"><span class='ocrx_word' id='word_1_637' title='bbox 1073 1564 1137 1592; x_wconf 82' lang='lat' dir='ltr'><strong>ergo</strong></span> <span class='ocrx_word' id='word_1_638' title='bbox 1149 1563 1256 1586; x_wconf 87' lang='lat' dir='ltr'><strong>eorum,</strong></span> <span class='ocrx_word' id='word_1_639' title='bbox 1270 1563 1331 1589; x_wconf 69' lang='lat' dir='ltr'><strong>qua:</strong></span> <span class='ocrx_word' id='word_1_640' title='bbox 1348 1555 1419 1582; x_wconf 85' lang='lat' dir='ltr'><strong>dicta</strong></span> <span class='ocrx_word' id='word_1_641' title='bbox 1435 1558 1500 1580; x_wconf 89' lang='lat' dir='ltr'><strong>sunt</strong></span> <span class='ocrx_word' id='word_1_642' title='bbox 1511 1553 1612 1587; x_wconf 84' lang='lat' dir='ltr'><strong>aliquid</strong></span> <span class='ocrx_word' id='word_1_643' title='bbox 1626 1558 1739 1583; x_wconf 88' lang='lat' dir='ltr'><strong>nocens,</strong></span> <span class='ocrx_word' id='word_1_644' title='bbox 1750 1549 1868 1576; x_wconf 88' lang='lat' dir='ltr'><strong>similem</strong></span> 
     </span>
    </p>
   </div>
   <div class='ocr_carea' id='block_1_93' title="bbox 1074 1596 1867 1637">
    <p class='ocr_par' dir='ltr' id='par_1_93' title="bbox 1074 1596 1867 1637">
     <span class='ocr_line' id='line_1_93' title="bbox 1074 1596 1867 1637; baseline -0.009 -8"><span class='ocrx_word' id='word_1_645' title='bbox 1074 1602 1167 1637; x_wconf 83' lang='lat' dir='ltr'><strong>etipse</strong></span> <span class='ocrx_word' id='word_1_646' title='bbox 1175 1601 1291 1629; x_wconf 88' lang='lat' dir='ltr'><strong>sustinet</strong></span> <span class='ocrx_word' id='word_1_647' title='bbox 1304 1601 1448 1631; x_wconf 86' lang='lat' dir='ltr'><strong>maculam,</strong></span> <span class='ocrx_word' id='word_1_648' title='bbox 1463 1599 1490 1627; x_wconf 91' lang='lat' dir='ltr'><strong>in</strong></span> <span class='ocrx_word' id='word_1_649' title='bbox 1505 1599 1608 1634; x_wconf 89' lang='lat' dir='ltr'><strong>judicio</strong></span> <span class='ocrx_word' id='word_1_650' title='bbox 1624 1597 1751 1625; x_wconf 74' lang='lat' dir='ltr'><strong>videlicet</strong></span> <span class='ocrx_word' id='word_1_651' title='bbox 1762 1596 1867 1623; x_wconf 76' lang='lat' dir='ltr'><strong>futuro.</strong></span> 
     </span>
    </p>
   </div>
   <div class='ocr_carea' id='block_1_94' title="bbox 1077 1642 1868 1677">
    <p class='ocr_par' dir='ltr' id='par_1_94' title="bbox 1077 1642 1868 1677">
     <span class='ocr_line' id='line_1_94' title="bbox 1077 1642 1868 1677; baseline -0.008 -3"><span class='ocrx_word' id='word_1_652' title='bbox 1077 1647 1104 1675; x_wconf 90' lang='lat' dir='ltr'><strong>Si</strong></span> <span class='ocrx_word' id='word_1_653' title='bbox 1120 1647 1194 1675; x_wconf 87' lang='lat' dir='ltr'><strong>enim</strong></span> <span class='ocrx_word' id='word_1_654' title='bbox 1206 1646 1317 1674; x_wconf 86' lang='lat' dir='ltr'><strong>alterius</strong></span> <span class='ocrx_word' id='word_1_655' title='bbox 1331 1646 1423 1673; x_wconf 88' lang='lat' dir='ltr'><strong>virtuti</strong></span> <span class='ocrx_word' id='word_1_656' title='bbox 1439 1646 1544 1677; x_wconf 89' lang='lat' dir='ltr'><strong>nocuit,</strong></span> <span class='ocrx_word' id='word_1_657' title='bbox 1559 1649 1607 1672; x_wconf 87' lang='lat' dir='ltr'><strong>aut</strong></span> <span class='ocrx_word' id='word_1_658' title='bbox 1627 1643 1766 1675; x_wconf 81' lang='lat' dir='ltr'><strong>contrivit,</strong></span> <span class='ocrx_word' id='word_1_659' title='bbox 1781 1642 1868 1677; x_wconf 83' lang='lat' dir='ltr'><strong>ipsius</strong></span> 
     </span>
    </p>
   </div>
   <div class='ocr_carea' id='block_1_95' title="bbox 1076 1687 1870 1724">
    <p class='ocr_par' dir='ltr' id='par_1_95' title="bbox 1076 1687 1870 1724">
     <span class='ocr_line' id='line_1_95' title="bbox 1076 1687 1870 1724; baseline -0.008 -4"><span class='ocrx_word' id='word_1_660' title='bbox 1076 1697 1233 1723; x_wconf 86' lang='lat' dir='ltr'><strong>conteretur</strong></span> <span class='ocrx_word' id='word_1_661' title='bbox 1254 1702 1260 1719; x_wconf 92' lang='lat'>:</span> <span class='ocrx_word' id='word_1_662' title='bbox 1279 1692 1420 1719; x_wconf 88' lang='lat' dir='ltr'><strong>scientiam</strong></span> <span class='ocrx_word' id='word_1_663' title='bbox 1434 1690 1599 1720; x_wconf 85' lang='lat' dir='ltr'><strong>obscuravit,</strong></span> <span class='ocrx_word' id='word_1_664' title='bbox 1616 1690 1677 1724; x_wconf 89' lang='lat' dir='ltr'><strong>ejus</strong></span> <span class='ocrx_word' id='word_1_665' title='bbox 1692 1687 1807 1716; x_wconf 86' lang='lat' dir='ltr'><strong>scientia</strong></span> <span class='ocrx_word' id='word_1_666' title='bbox 1818 1695 1870 1722; x_wconf 85' lang='lat' dir='ltr'><strong>pro</strong></span> 
     </span>
    </p>
   </div>
   <div class='ocr_carea' id='block_1_96' title="bbox 1076 1734 1871 1769">
    <p class='ocr_par' dir='ltr' id='par_1_96' title="bbox 1076 1734 1871 1769">
     <span class='ocr_line' id='line_1_96' title="bbox 1076 1734 1871 1769; baseline -0.01 -1"><span class='ocrx_word' id='word_1_667' title='bbox 1076 1740 1150 1768; x_wconf 82' lang='lat' dir='ltr'><strong>nullo</strong></span> <span class='ocrx_word' id='word_1_668' title='bbox 1171 1739 1327 1769; x_wconf 82' lang='lat' dir='ltr'><strong>habebitur,</strong></span> <span class='ocrx_word' id='word_1_669' title='bbox 1351 1738 1372 1764; x_wconf 86' lang='lat' dir='ltr'><strong>si</strong></span> <span class='ocrx_word' id='word_1_670' title='bbox 1395 1738 1484 1765; x_wconf 84' lang='lat' dir='ltr'><strong>verbis</strong></span> <span class='ocrx_word' id='word_1_671' title='bbox 1506 1736 1692 1764; x_wconf 88' lang='lat' dir='ltr'><strong>doctoralibus</strong></span> <span class='ocrx_word' id='word_1_672' title='bbox 1712 1734 1819 1765; x_wconf 88' lang='lat' dir='ltr'><strong>nocuit,</strong></span> <span class='ocrx_word' id='word_1_673' title='bbox 1841 1737 1871 1761; x_wconf 83' lang='lat' dir='ltr'><strong>et</strong></span> 
     </span>
    </p>
   </div>
   <div class='ocr_carea' id='block_1_97' title="bbox 1076 1779 1870 1820">
    <p class='ocr_par' dir='ltr' id='par_1_97' title="bbox 1076 1779 1870 1820">
     <span class='ocr_line' id='line_1_97' title="bbox 1076 1779 1870 1820; baseline -0.008 -8"><span class='ocrx_word' id='word_1_674' title='bbox 1076 1785 1135 1820; x_wconf 82' lang='lat' dir='ltr'><strong>ejus</strong></span> <span class='ocrx_word' id='word_1_675' title='bbox 1152 1792 1293 1812; x_wconf 84' lang='lat' dir='ltr'><strong>sermones</strong></span> <span class='ocrx_word' id='word_1_676' title='bbox 1306 1783 1492 1810; x_wconf 80' lang='lat' dir='ltr'><strong>infructuosos</strong></span> <span class='ocrx_word' id='word_1_677' title='bbox 1507 1782 1542 1815; x_wconf 89' lang='lat' dir='ltr'><strong>ei,</strong></span> <span class='ocrx_word' id='word_1_678' title='bbox 1561 1786 1643 1816; x_wconf 88' lang='lat' dir='ltr'><strong>atque</strong></span> <span class='ocrx_word' id='word_1_679' title='bbox 1660 1781 1771 1808; x_wconf 85' lang='lat' dir='ltr'><strong>inutiles</strong></span> <span class='ocrx_word' id='word_1_680' title='bbox 1785 1779 1870 1814; x_wconf 75' lang='lat' dir='ltr'><strong>iudex</strong></span> 
     </span>
    </p>
   </div>
   <div class='ocr_carea' id='block_1_98' title="bbox 1077 1826 1870 1865">
    <p class='ocr_par' dir='ltr' id='par_1_98' title="bbox 1077 1826 1870 1865">
     <span class='ocr_line' id='line_1_98' title="bbox 1077 1826 1870 1865; baseline -0.006 -6"><span class='ocrx_word' id='word_1_681' title='bbox 1077 1831 1184 1860; x_wconf 70' lang='lat' dir='ltr'><strong>eiiiciet.</strong></span> <span class='ocrx_word' id='word_1_682' title='bbox 1204 1830 1317 1865; x_wconf 86' lang='lat' dir='ltr'><strong>Propter</strong></span> <span class='ocrx_word' id='word_1_683' title='bbox 1333 1829 1406 1864; x_wconf 88' lang='lat' dir='ltr'><strong>quod</strong></span> <span class='ocrx_word' id='word_1_684' title='bbox 1418 1837 1474 1856; x_wconf 91' lang='lat' dir='ltr'><strong>non</strong></span> <span class='ocrx_word' id='word_1_685' title='bbox 1487 1829 1564 1861; x_wconf 88' lang='lat' dir='ltr'><strong>dixit,</strong></span> <span class='ocrx_word' id='word_1_686' title='bbox 1579 1829 1624 1856; x_wconf 88' lang='lat' dir='ltr'><strong>Sic</strong></span> <span class='ocrx_word' id='word_1_687' title='bbox 1640 1828 1746 1856; x_wconf 78' lang='lat' dir='ltr'><strong>facietis</strong></span> <span class='ocrx_word' id='word_1_688' title='bbox 1759 1827 1795 1860; x_wconf 88' lang='lat' dir='ltr'><strong>ei,</strong></span> <span class='ocrx_word' id='word_1_689' title='bbox 1810 1826 1870 1858; x_wconf 84' lang='lat' dir='ltr'><strong>sed.</strong></span> 
     </span>
    </p>
   </div>
   <div class='ocr_carea' id='block_1_99' title="bbox 1077 1873 1872 1911">
    <p class='ocr_par' dir='ltr' id='par_1_99' title="bbox 1077 1873 1872 1911">
     <span class='ocr_line' id='line_1_99' title="bbox 1077 1873 1872 1911; baseline -0.006 -6"><span class='ocrx_word' id='word_1_690' title='bbox 1077 1878 1116 1905; x_wconf 88' lang='lat' dir='ltr'><strong>sic</strong></span> <span class='ocrx_word' id='word_1_691' title='bbox 1132 1878 1177 1905; x_wconf 82' lang='lat' dir='ltr'><strong>ﬁet</strong></span> <span class='ocrx_word' id='word_1_692' title='bbox 1191 1877 1227 1909; x_wconf 88' lang='lat' dir='ltr'><strong>ei,</strong></span> <span class='ocrx_word' id='word_1_693' title='bbox 1249 1877 1372 1904; x_wconf 81' lang='lat' dir='ltr'><strong>futurum</strong></span> <span class='ocrx_word' id='word_1_694' title='bbox 1386 1876 1519 1911; x_wconf 89' lang='lat' dir='ltr'><strong>judicium</strong></span> <span class='ocrx_word' id='word_1_695' title='bbox 1539 1875 1669 1908; x_wconf 84' lang='lat' dir='ltr'><strong>innuens,</strong></span> <span class='ocrx_word' id='word_1_696' title='bbox 1684 1875 1712 1901; x_wconf 85' lang='lat' dir='ltr'><strong>in</strong></span> <span class='ocrx_word' id='word_1_697' title='bbox 1724 1882 1775 1909; x_wconf 88' lang='lat' dir='ltr'><strong>qua</strong></span> <span class='ocrx_word' id='word_1_698' title='bbox 1784 1873 1872 1908; x_wconf 69' lang='lat' dir='ltr'><strong>judc:</strong></span> 
     </span>
    </p>
   </div>
   <div class='ocr_carea' id='block_1_100' title="bbox 1077 1918 1872 1958">
    <p class='ocr_par' dir='ltr' id='par_1_100' title="bbox 1077 1918 1872 1958">
     <span class='ocr_line' id='line_1_100' title="bbox 1077 1918 1872 1958; baseline -0.009 -6"><span class='ocrx_word' id='word_1_699' title='bbox 1077 1925 1167 1953; x_wconf 69' lang='lat' dir='ltr'><strong>reddet</strong></span> <span class='ocrx_word' id='word_1_700' title='bbox 1194 1924 1334 1958; x_wconf 79' lang='lat' dir='ltr'><strong>unicuique</strong></span> <span class='ocrx_word' id='word_1_701' title='bbox 1355 1923 1497 1949; x_wconf 84' lang='lat' dir='ltr'><strong>secundum</strong></span> <span class='ocrx_word' id='word_1_702' title='bbox 1518 1930 1598 1957; x_wconf 78' lang='lat' dir='ltr'><strong>opera</strong></span> <span class='ocrx_word' id='word_1_703' title='bbox 1622 1929 1671 1948; x_wconf 83' lang='lat' dir='ltr'><strong>sua</strong></span> <span class='ocrx_word' id='word_1_704' title='bbox 1693 1920 1727 1946; x_wconf 83' lang='lat'><strong>&quot;.</strong></span> <span class='ocrx_word' id='word_1_705' title='bbox 1747 1919 1826 1952; x_wconf 85' lang='lat' dir='ltr'><strong>Quod</strong></span> <span class='ocrx_word' id='word_1_706' title='bbox 1848 1918 1872 1946; x_wconf 87' lang='lat' dir='ltr'><strong>si</strong></span> 
     </span>
    </p>
   </div>
   <div class='ocr_carea' id='block_1_101' title="bbox 1078 1965 1870 2006">
    <p class='ocr_par' dir='ltr' id='par_1_101' title="bbox 1078 1965 1870 2006">
     <span class='ocr_line' id='line_1_101' title="bbox 1078 1965 1870 2006; baseline -0.01 -7"><span class='ocrx_word' id='word_1_707' title='bbox 1078 1971 1138 2006; x_wconf 91' lang='lat' dir='ltr'><strong>quis</strong></span> <span class='ocrx_word' id='word_1_708' title='bbox 1154 1971 1235 1998; x_wconf 88' lang='lat' dir='ltr'><strong>etiam</strong></span> <span class='ocrx_word' id='word_1_709' title='bbox 1251 1969 1389 1997; x_wconf 89' lang='lat' dir='ltr'><strong>hominem</strong></span> <span class='ocrx_word' id='word_1_710' title='bbox 1405 1967 1572 2003; x_wconf 87' lang='lat' dir='ltr'><strong>percusserit</strong></span> <span class='ocrx_word' id='word_1_711' title='bbox 1587 1967 1741 2002; x_wconf 83' lang='lat' dir='ltr'><strong>perfectum</strong></span> <span class='ocrx_word' id='word_1_712' title='bbox 1760 1966 1787 1992; x_wconf 91' lang='lat' dir='ltr'><strong>in</strong></span> <span class='ocrx_word' id='word_1_713' title='bbox 1804 1965 1870 1998; x_wconf 81' lang='lat' dir='ltr'><strong>ﬁde,</strong></span> 
     </span>
    </p>
   </div>
   <div class='ocr_carea' id='block_1_102' title="bbox 1078 2012 1872 2048">
    <p class='ocr_par' dir='ltr' id='par_1_102' title="bbox 1078 2012 1872 2048">
     <span class='ocr_line' id='line_1_102' title="bbox 1078 2012 1872 2048; baseline -0.01 -2"><span class='ocrx_word' id='word_1_714' title='bbox 1078 2023 1105 2046; x_wconf 89' lang='lat' dir='ltr'><strong>et</strong></span> <span class='ocrx_word' id='word_1_715' title='bbox 1121 2022 1338 2045; x_wconf 85' lang='lat' dir='ltr'><strong>consummatum</strong></span> <span class='ocrx_word' id='word_1_716' title='bbox 1354 2024 1360 2041; x_wconf 90' lang='lat'><strong>:</strong></span> <span class='ocrx_word' id='word_1_717' title='bbox 1376 2016 1429 2043; x_wconf 90' lang='lat' dir='ltr'><strong>hoc</strong></span> <span class='ocrx_word' id='word_1_718' title='bbox 1447 2015 1520 2042; x_wconf 87' lang='lat' dir='ltr'><strong>enim</strong></span> <span class='ocrx_word' id='word_1_719' title='bbox 1542 2013 1652 2048; x_wconf 90' lang='lat' dir='ltr'><strong>proprie</strong></span> <span class='ocrx_word' id='word_1_720' title='bbox 1672 2018 1714 2040; x_wconf 83' lang='lat' dir='ltr'><strong>est</strong></span> <span class='ocrx_word' id='word_1_721' title='bbox 1729 2012 1849 2039; x_wconf 85' lang='lat' dir='ltr'><strong>hominis</strong></span> <span class='ocrx_word' id='word_1_722' title='bbox 1862 2031 1872 2043; x_wconf 86' lang='lat'><strong>,</strong></span> 
     </span>
    </p>
   </div>
   <div class='ocr_carea' id='block_1_103' title="bbox 1078 2058 1873 2100">
    <p class='ocr_par' dir='ltr' id='par_1_103' title="bbox 1078 2058 1873 2100">
     <span class='ocr_line' id='line_1_103' title="bbox 1078 2058 1873 2100; baseline -0.01 -8"><span class='ocrx_word' id='word_1_723' title='bbox 1078 2069 1190 2100; x_wconf 83' lang='lat' dir='ltr'><strong>propter</strong></span> <span class='ocrx_word' id='word_1_724' title='bbox 1200 2063 1271 2098; x_wconf 82' lang='lat' dir='ltr'><strong>quod</strong></span> <span class='ocrx_word' id='word_1_725' title='bbox 1281 2063 1349 2091; x_wconf 76' lang='lat' dir='ltr'><strong>dixit</strong></span> <span class='ocrx_word' id='word_1_726' title='bbox 1359 2062 1459 2090; x_wconf 88' lang='lat' dir='ltr'><strong>David:</strong></span> <span class='ocrx_word' id='word_1_727' title='bbox 1475 2061 1600 2088; x_wconf 81' lang='lat' dir='ltr'><strong>Homines</strong></span> <span class='ocrx_word' id='word_1_728' title='bbox 1613 2064 1638 2086; x_wconf 88' lang='lat' dir='ltr'><strong>et</strong></span> <span class='ocrx_word' id='word_1_729' title='bbox 1646 2061 1770 2093; x_wconf 82' lang='lat' dir='ltr'><strong>jumentu</strong></span> <span class='ocrx_word' id='word_1_730' title='bbox 1786 2058 1873 2085; x_wconf 72' lang='lat' dir='ltr'><strong>salsos</strong></span> 
     </span>
    </p>
   </div>
   <div class='ocr_carea' id='block_1_104' title="bbox 1079 2105 1873 2147">
    <p class='ocr_par' dir='ltr' id='par_1_104' title="bbox 1079 2105 1873 2147">
     <span class='ocr_line' id='line_1_104' title="bbox 1079 2105 1873 2147; baseline -0.009 -9"><span class='ocrx_word' id='word_1_731' title='bbox 1079 2111 1171 2147; x_wconf 77' lang='lat' dir='ltr'><strong>facies,</strong></span> <span class='ocrx_word' id='word_1_732' title='bbox 1183 2110 1340 2137; x_wconf 79' lang='lat' dir='ltr'><strong>Domine&quot;:</strong></span> <span class='ocrx_word' id='word_1_733' title='bbox 1353 2108 1478 2136; x_wconf 85' lang='lat' dir='ltr'><strong>homines</strong></span> <span class='ocrx_word' id='word_1_734' title='bbox 1490 2107 1584 2139; x_wconf 78' lang='lat' dir='ltr'><strong>dicens</strong></span> <span class='ocrx_word' id='word_1_735' title='bbox 1594 2114 1652 2136; x_wconf 85' lang='lat' dir='ltr'><strong>eos,</strong></span> <span class='ocrx_word' id='word_1_736' title='bbox 1660 2105 1706 2140; x_wconf 89' lang='lat' dir='ltr'><strong>qui</strong></span> <span class='ocrx_word' id='word_1_737' title='bbox 1717 2109 1802 2140; x_wconf 80' lang='lat' dir='ltr'><strong>agunt</strong></span> <span class='ocrx_word' id='word_1_738' title='bbox 1811 2112 1873 2139; x_wconf 64' lang='lat' dir='ltr'><strong>qus</strong></span> 
     </span>
    </p>
   </div>
   <div class='ocr_carea' id='block_1_105' title="bbox 1079 2152 1871 2193">
    <p class='ocr_par' dir='ltr' id='par_1_105' title="bbox 1079 2152 1871 2193">
     <span class='ocr_line' id='line_1_105' title="bbox 1079 2152 1871 2193; baseline -0.006 -9"><span class='ocrx_word' id='word_1_739' title='bbox 1079 2157 1198 2193; x_wconf 77' lang='lat' dir='ltr'><strong>perfecta</strong></span> <span class='ocrx_word' id='word_1_740' title='bbox 1224 2160 1298 2188; x_wconf 87' lang='lat' dir='ltr'><strong>sunt,</strong></span> <span class='ocrx_word' id='word_1_741' title='bbox 1323 2156 1459 2190; x_wconf 83' lang='lat' dir='ltr'><strong>jumenta.</strong></span> <span class='ocrx_word' id='word_1_742' title='bbox 1483 2153 1670 2188; x_wconf 78' lang='lat' dir='ltr'><strong>imperfectos,</strong></span> <span class='ocrx_word' id='word_1_743' title='bbox 1696 2157 1723 2179; x_wconf 87' lang='lat' dir='ltr'><strong>et</strong></span> <span class='ocrx_word' id='word_1_744' title='bbox 1747 2152 1871 2179; x_wconf 84' lang='lat' dir='ltr'><strong>idiotas:</strong></span> 
     </span>
    </p>
   </div>
   <div class='ocr_carea' id='block_1_106' title="bbox 1080 2199 1875 2241">
    <p class='ocr_par' dir='ltr' id='par_1_106' title="bbox 1080 2199 1875 2241">
     <span class='ocr_line' id='line_1_106' title="bbox 1080 2199 1875 2241; baseline -0.01 -9"><span class='ocrx_word' id='word_1_745' title='bbox 1080 2203 1245 2241; x_wconf 86' lang='lat' dir='ltr'><strong>percusserit</strong></span> <span class='ocrx_word' id='word_1_746' title='bbox 1260 2207 1350 2230; x_wconf 85' lang='lat' dir='ltr'><strong>autem</strong></span> <span class='ocrx_word' id='word_1_747' title='bbox 1369 2201 1475 2229; x_wconf 87' lang='lat' dir='ltr'><strong>mortali</strong></span> <span class='ocrx_word' id='word_1_748' title='bbox 1491 2201 1579 2236; x_wconf 73' lang='lat' dir='ltr'><strong>plaga,</strong></span> <span class='ocrx_word' id='word_1_749' title='bbox 1594 2208 1654 2234; x_wconf 68' lang='lat' dir='ltr'><strong>quae</strong></span> <span class='ocrx_word' id='word_1_750' title='bbox 1669 2199 1752 2226; x_wconf 83' lang='lat' dir='ltr'><strong>trahit</strong></span> <span class='ocrx_word' id='word_1_751' title='bbox 1766 2199 1799 2225; x_wconf 81' lang='lat' dir='ltr'><strong>ad</strong></span> <span class='ocrx_word' id='word_1_752' title='bbox 1822 2199 1875 2225; x_wconf 88' lang='lat' dir='ltr'><strong>im-</strong></span> 
     </span>
    </p>
   </div>
   <div class='ocr_carea' id='block_1_107' title="bbox 1080 2245 1874 2287">
    <p class='ocr_par' dir='ltr' id='par_1_107' title="bbox 1080 2245 1874 2287">
     <span class='ocr_line' id='line_1_107' title="bbox 1080 2245 1874 2287; baseline -0.01 -8"><span class='ocrx_word' id='word_1_753' title='bbox 1080 2252 1207 2287; x_wconf 86' lang='lat' dir='ltr'><strong>pietatem</strong></span> <span class='ocrx_word' id='word_1_754' title='bbox 1213 2271 1219 2278; x_wconf 90' lang='lat'><strong>.</strong></span> <span class='ocrx_word' id='word_1_755' title='bbox 1225 2249 1270 2276; x_wconf 90' lang='lat' dir='ltr'><strong>bic</strong></span> <span class='ocrx_word' id='word_1_756' title='bbox 1278 2253 1364 2275; x_wconf 90' lang='lat' dir='ltr'><strong>morte</strong></span> <span class='ocrx_word' id='word_1_757' title='bbox 1372 2247 1513 2274; x_wconf 85' lang='lat' dir='ltr'><strong>morietur.</strong></span> <span class='ocrx_word' id='word_1_758' title='bbox 1522 2245 1589 2273; x_wconf 82' lang='lat' dir='ltr'><strong>Nam</strong></span> <span class='ocrx_word' id='word_1_759' title='bbox 1596 2251 1622 2273; x_wconf 86' lang='lat' dir='ltr'><strong>et</strong></span> <span class='ocrx_word' id='word_1_760' title='bbox 1630 2246 1651 2273; x_wconf 85' lang='lat' dir='ltr'><strong>si</strong></span> <span class='ocrx_word' id='word_1_761' title='bbox 1662 2246 1775 2273; x_wconf 87' lang='lat' dir='ltr'><strong>idoneus</strong></span> <span class='ocrx_word' id='word_1_762' title='bbox 1783 2245 1834 2272; x_wconf 82' lang='lat' dir='ltr'><strong>fuit</strong></span> <span class='ocrx_word' id='word_1_763' title='bbox 1840 2245 1874 2271; x_wconf 88' lang='lat' dir='ltr'><strong>ad</strong></span> 
     </span>
    </p>
   </div>
   <div class='ocr_carea' id='block_1_108' title="bbox 1047 2291 1874 2333">
    <p class='ocr_par' dir='ltr' id='par_1_108' title="bbox 1047 2291 1874 2333">
     <span class='ocr_line' id='line_1_108' title="bbox 1047 2291 1874 2333; baseline -0.008 -10"><span class='ocrx_word' id='word_1_764' title='bbox 1047 2297 1067 2323; x_wconf 86' lang='grc' dir='ltr'><strong>Ι)</strong></span> <span class='ocrx_word' id='word_1_765' title='bbox 1083 2297 1270 2333; x_wconf 85' lang='lat' dir='ltr'><strong>repellendum</strong></span> <span class='ocrx_word' id='word_1_766' title='bbox 1282 2294 1390 2326; x_wconf 88' lang='lat' dir='ltr'><strong>vulnus,</strong></span> <span class='ocrx_word' id='word_1_767' title='bbox 1401 2293 1447 2327; x_wconf 88' lang='lat' dir='ltr'><strong>qui</strong></span> <span class='ocrx_word' id='word_1_768' title='bbox 1464 2292 1683 2327; x_wconf 86' lang='lat' dir='ltr'><strong>percutiebatnr.</strong></span> <span class='ocrx_word' id='word_1_769' title='bbox 1703 2291 1755 2319; x_wconf 87' lang='lat' dir='ltr'><strong>hoc</strong></span> <span class='ocrx_word' id='word_1_770' title='bbox 1776 2298 1874 2324; x_wconf 79' lang='lat' dir='ltr'><strong>qnam-</strong></span> 
     </span>
    </p>
   </div>
   <div class='ocr_carea' id='block_1_109' title="bbox 1083 2339 1876 2375">
    <p class='ocr_par' dir='ltr' id='par_1_109' title="bbox 1083 2339 1876 2375">
     <span class='ocr_line' id='line_1_109' title="bbox 1083 2339 1876 2375; baseline -0.011 -1"><span class='ocrx_word' id='word_1_771' title='bbox 1083 2347 1150 2374; x_wconf 87' lang='lat' dir='ltr'><strong>libet</strong></span> <span class='ocrx_word' id='word_1_772' title='bbox 1163 2343 1376 2372; x_wconf 79' lang='lat' dir='ltr'><strong>satisfactionem</strong></span> <span class='ocrx_word' id='word_1_773' title='bbox 1392 2349 1446 2368; x_wconf 88' lang='lat' dir='ltr'><strong>non</strong></span> <span class='ocrx_word' id='word_1_774' title='bbox 1463 2345 1540 2374; x_wconf 85' lang='lat' dir='ltr'><strong>paret</strong></span> <span class='ocrx_word' id='word_1_775' title='bbox 1556 2339 1732 2375; x_wconf 83' lang='lat' dir='ltr'><strong>percutienti,</strong></span> <span class='ocrx_word' id='word_1_776' title='bbox 1748 2343 1776 2366; x_wconf 84' lang='lat' dir='ltr'><strong>et</strong></span> <span class='ocrx_word' id='word_1_777' title='bbox 1789 2339 1876 2366; x_wconf 85' lang='lat' dir='ltr'><strong>multo</strong></span> 
     </span>
    </p>
   </div>
   <div class='ocr_carea' id='block_1_110' title="bbox 1084 2385 1876 2427">
    <p class='ocr_par' dir='ltr' id='par_1_110' title="bbox 1084 2385 1876 2427">
     <span class='ocr_line' id='line_1_110' title="bbox 1084 2385 1876 2427; baseline -0.011 -7"><span class='ocrx_word' id='word_1_778' title='bbox 1084 2392 1169 2427; x_wconf 81' lang='lat' dir='ltr'><strong>magis</strong></span> <span class='ocrx_word' id='word_1_779' title='bbox 1181 2392 1232 2418; x_wconf 86' lang='lat' dir='ltr'><strong>sub</strong></span> <span class='ocrx_word' id='word_1_780' title='bbox 1241 2397 1320 2424; x_wconf 79' lang='lat' dir='ltr'><strong>poena</strong></span> <span class='ocrx_word' id='word_1_781' title='bbox 1329 2388 1390 2421; x_wconf 88' lang='lat' dir='ltr'><strong>erit,</strong></span> <span class='ocrx_word' id='word_1_782' title='bbox 1404 2387 1467 2422; x_wconf 89' lang='lat' dir='ltr'><strong>quia</strong></span> <span class='ocrx_word' id='word_1_783' title='bbox 1478 2391 1506 2414; x_wconf 91' lang='lat' dir='ltr'><strong>et</strong></span> <span class='ocrx_word' id='word_1_784' title='bbox 1514 2385 1579 2414; x_wconf 81' lang='lat' dir='ltr'><strong>eum</strong></span> <span class='ocrx_word' id='word_1_785' title='bbox 1589 2386 1635 2421; x_wconf 87' lang='lat' dir='ltr'><strong>qui</strong></span> <span class='ocrx_word' id='word_1_786' title='bbox 1646 2385 1736 2421; x_wconf 85' lang='lat' dir='ltr'><strong>potuit</strong></span> <span class='ocrx_word' id='word_1_787' title='bbox 1747 2385 1876 2413; x_wconf 72' lang='lat' dir='ltr'><strong>resistere</strong></span> 
     </span>
    </p>
   </div>
   <div class='ocr_carea' id='block_1_111' title="bbox 1084 2429 1566 2472">
    <p class='ocr_par' dir='ltr' id='par_1_111' title="bbox 1084 2429 1566 2472">
     <span class='ocr_line' id='line_1_111' title="bbox 1084 2429 1566 2472; baseline -0.01 -6"><span class='ocrx_word' id='word_1_788' title='bbox 1084 2439 1121 2472; x_wconf 87' lang='lat' dir='ltr'><strong>ei,</strong></span> <span class='ocrx_word' id='word_1_789' title='bbox 1139 2437 1249 2465; x_wconf 88' lang='lat' dir='ltr'><strong>occidit.</strong></span> <span class='ocrx_word' id='word_1_790' title='bbox 1561 2429 1566 2434; x_wconf 83' lang='grc'><strong>”</strong></span> 
     </span>
    </p>
   </div>
   <div class='ocr_carea' id='block_1_112' title="bbox 1118 2484 1876 2527">
    <p class='ocr_par' dir='ltr' id='par_1_112' title="bbox 1118 2484 1876 2527">
     <span class='ocr_line' id='line_1_112' title="bbox 1118 2484 1876 2527; baseline -0.012 -7"><span class='ocrx_word' id='word_1_791' title='bbox 1118 2493 1235 2527; x_wconf 58' lang='lat' dir='ltr'><strong>[Equum</strong></span> <span class='ocrx_word' id='word_1_792' title='bbox 1248 2490 1376 2523; x_wconf 74' lang='lat' dir='ltr'><strong>judicium</strong></span> <span class='ocrx_word' id='word_1_793' title='bbox 1386 2488 1420 2514; x_wconf 89' lang='lat' dir='ltr'><strong>sit</strong></span> <span class='ocrx_word' id='word_1_794' title='bbox 1435 2488 1504 2514; x_wconf 81' lang='lat' dir='ltr'><strong>inter</strong></span> <span class='ocrx_word' id='word_1_795' title='bbox 1516 2495 1570 2518; x_wconf 79' lang='lat' dir='ltr'><strong>vos,</strong></span> <span class='ocrx_word' id='word_1_796' title='bbox 1585 2487 1744 2522; x_wconf 68' lang='lat' dir='ltr'><strong>inquit,sire</strong></span> <span class='ocrx_word' id='word_1_797' title='bbox 1758 2484 1876 2520; x_wconf 79' lang='lat' dir='ltr'><strong>peregri-</strong></span> 
     </span>
    </p>
   </div>
   <div class='ocr_carea' id='block_1_113' title="bbox 1085 2531 1878 2570">
    <p class='ocr_par' dir='ltr' id='par_1_113' title="bbox 1085 2531 1878 2570">
     <span class='ocr_line' id='line_1_113' title="bbox 1085 2531 1878 2570; baseline -0.013 -4"><span class='ocrx_word' id='word_1_798' title='bbox 1085 2539 1206 2570; x_wconf 81' lang='lat' dir='ltr'><strong>nus,sive</strong></span> <span class='ocrx_word' id='word_1_799' title='bbox 1215 2537 1276 2563; x_wconf 84' lang='lat' dir='ltr'><strong>civis</strong></span> <span class='ocrx_word' id='word_1_800' title='bbox 1284 2534 1440 2570; x_wconf 81' lang='lat' dir='ltr'><strong>peccaverit,</strong></span> <span class='ocrx_word' id='word_1_801' title='bbox 1453 2534 1516 2569; x_wconf 82' lang='lat' dir='ltr'><strong>quia</strong></span> <span class='ocrx_word' id='word_1_802' title='bbox 1530 2542 1576 2568; x_wconf 70' lang='lat' dir='ltr'><strong>ego</strong></span> <span class='ocrx_word' id='word_1_803' title='bbox 1593 2542 1652 2561; x_wconf 81' lang='lat' dir='ltr'><strong>sunt</strong></span> <span class='ocrx_word' id='word_1_804' title='bbox 1663 2532 1792 2559; x_wconf 78' lang='lat' dir='ltr'><strong>Dominus</strong></span> <span class='ocrx_word' id='word_1_805' title='bbox 1807 2531 1878 2557; x_wconf 77' lang='lat' dir='ltr'><strong>Deus</strong></span> 
     </span>
    </p>
   </div>
   <div class='ocr_carea' id='block_1_114' title="bbox 1086 2575 1878 2618">
    <p class='ocr_par' dir='ltr' id='par_1_114' title="bbox 1086 2575 1878 2618">
     <span class='ocr_line' id='line_1_114' title="bbox 1086 2575 1878 2618; baseline -0.013 -6"><span class='ocrx_word' id='word_1_806' title='bbox 1086 2590 1178 2612; x_wconf 74' lang='lat' dir='ltr'><strong>vester.</strong></span> <span class='ocrx_word' id='word_1_807' title='bbox 1193 2584 1248 2611; x_wconf 83' lang='lat' dir='ltr'><strong>Nec</strong></span> <span class='ocrx_word' id='word_1_808' title='bbox 1256 2583 1335 2611; x_wconf 87' lang='lat' dir='ltr'><strong>modo</strong></span> <span class='ocrx_word' id='word_1_809' title='bbox 1348 2584 1457 2618; x_wconf 86' lang='lat' dir='ltr'><strong>excepit</strong></span> <span class='ocrx_word' id='word_1_810' title='bbox 1471 2581 1584 2616; x_wconf 80' lang='lat' dir='ltr'><strong>eos,qui</strong></span> <span class='ocrx_word' id='word_1_811' title='bbox 1595 2587 1669 2607; x_wconf 90' lang='lat' dir='ltr'><strong>nunc</strong></span> <span class='ocrx_word' id='word_1_812' title='bbox 1681 2578 1751 2606; x_wconf 88' lang='lat' dir='ltr'><strong>docti</strong></span> <span class='ocrx_word' id='word_1_813' title='bbox 1766 2581 1831 2604; x_wconf 89' lang='lat' dir='ltr'><strong>sunt</strong></span> <span class='ocrx_word' id='word_1_814' title='bbox 1842 2575 1878 2602; x_wconf 81' lang='lat' dir='ltr'><strong>ab</strong></span> 
     </span>
    </p>
   </div>
   <div class='ocr_carea' id='block_1_115' title="bbox 1089 2621 1879 2667">
    <p class='ocr_par' dir='ltr' id='par_1_115' title="bbox 1089 2621 1879 2667">
     <span class='ocr_line' id='line_1_115' title="bbox 1089 2621 1879 2667; baseline -0.013 -9"><span class='ocrx_word' id='word_1_815' title='bbox 1089 2631 1138 2662; x_wconf 85' lang='lat' dir='ltr'><strong>eis,</strong></span> <span class='ocrx_word' id='word_1_816' title='bbox 1157 2631 1202 2666; x_wconf 87' lang='lat' dir='ltr'><strong>qui</strong></span> <span class='ocrx_word' id='word_1_817' title='bbox 1220 2632 1296 2667; x_wconf 89' lang='lat' dir='ltr'><strong>prius</strong></span> <span class='ocrx_word' id='word_1_818' title='bbox 1306 2636 1333 2658; x_wconf 90' lang='lat' dir='ltr'><strong>et</strong></span> <span class='ocrx_word' id='word_1_819' title='bbox 1345 2639 1359 2657; x_wconf 86' lang='lat' dir='ltr'><strong>a</strong></span> <span class='ocrx_word' id='word_1_820' title='bbox 1373 2630 1534 2665; x_wconf 83' lang='lat' dir='ltr'><strong>parentibus</strong></span> <span class='ocrx_word' id='word_1_821' title='bbox 1554 2634 1646 2655; x_wconf 81' lang='lat' dir='ltr'><strong>sacras</strong></span> <span class='ocrx_word' id='word_1_822' title='bbox 1666 2626 1788 2652; x_wconf 84' lang='lat' dir='ltr'><strong>scierunt</strong></span> <span class='ocrx_word' id='word_1_823' title='bbox 1803 2621 1879 2650; x_wconf 81' lang='lat' dir='ltr'><strong>Scri-</strong></span> 
     </span>
    </p>
   </div>
   <div class='ocr_carea' id='block_1_116' title="bbox 1090 2676 1878 2713">
    <p class='ocr_par' dir='ltr' id='par_1_116' title="bbox 1090 2676 1878 2713">
     <span class='ocr_line' id='line_1_116' title="bbox 1090 2676 1878 2713; baseline -0.011 -9"><span class='ocrx_word' id='word_1_824' title='bbox 1090 2683 1195 2713; x_wconf 84' lang='lat' dir='ltr'><strong>pturas.</strong></span> <span class='ocrx_word' id='word_1_825' title='bbox 1215 2678 1394 2705; x_wconf 85' lang='lat' dir='ltr'><strong>Communem</strong></span> <span class='ocrx_word' id='word_1_826' title='bbox 1407 2680 1498 2704; x_wconf 86' lang='lat' dir='ltr'><strong>autem</strong></span> <span class='ocrx_word' id='word_1_827' title='bbox 1508 2679 1604 2703; x_wconf 67' lang='lat' dir='ltr'><strong>contra</strong></span> <span class='ocrx_word' id='word_1_828' title='bbox 1620 2677 1752 2706; x_wconf 69' lang='lat' dir='ltr'><strong>utrosque</strong></span> <span class='ocrx_word' id='word_1_829' title='bbox 1767 2676 1878 2705; x_wconf 68' lang='lat' dir='ltr'><strong>penam</strong></span> 
     </span>
    </p>
   </div>
   <div class='ocr_carea' id='block_1_117' title="bbox 1088 2717 1878 2758">
    <p class='ocr_par' dir='ltr' id='par_1_117' title="bbox 1088 2717 1878 2758">
     <span class='ocr_line' id='line_1_117' title="bbox 1088 2717 1878 2758; baseline -0.014 -7"><span class='ocrx_word' id='word_1_830' title='bbox 1088 2724 1193 2756; x_wconf 76' lang='lat' dir='ltr'><strong>deﬁnit,</strong></span> <span class='ocrx_word' id='word_1_831' title='bbox 1215 2729 1243 2751; x_wconf 85' lang='lat' dir='ltr'><strong>et</strong></span> <span class='ocrx_word' id='word_1_832' title='bbox 1259 2723 1341 2750; x_wconf 81' lang='lat' dir='ltr'><strong>infert</strong></span> <span class='ocrx_word' id='word_1_833' title='bbox 1359 2733 1365 2750; x_wconf 88' lang='lat'>:</span> <span class='ocrx_word' id='word_1_834' title='bbox 1382 2723 1446 2758; x_wconf 87' lang='lat' dir='ltr'><strong>quia</strong></span> <span class='ocrx_word' id='word_1_835' title='bbox 1468 2728 1518 2757; x_wconf 77' lang='lat' dir='ltr'><strong>ego</strong></span> <span class='ocrx_word' id='word_1_836' title='bbox 1533 2719 1663 2747; x_wconf 81' lang='lat' dir='ltr'><strong>Dominus</strong></span> <span class='ocrx_word' id='word_1_837' title='bbox 1679 2717 1751 2744; x_wconf 84' lang='lat' dir='ltr'><strong>Deus</strong></span> <span class='ocrx_word' id='word_1_838' title='bbox 1776 2719 1878 2747; x_wconf 79' lang='lat' dir='ltr'><strong>vester,</strong></span> 
     </span>
    </p>
   </div>
   <div class='ocr_carea' id='block_1_118' title="bbox 1089 2761 1881 2805">
    <p class='ocr_par' dir='ltr' id='par_1_118' title="bbox 1089 2761 1881 2805">
     <span class='ocr_line' id='line_1_118' title="bbox 1089 2761 1881 2805; baseline -0.015 -7"><span class='ocrx_word' id='word_1_839' title='bbox 1089 2771 1135 2805; x_wconf 85' lang='lat' dir='ltr'><strong>qui</strong></span> <span class='ocrx_word' id='word_1_840' title='bbox 1164 2770 1230 2800; x_wconf 89' lang='lat' dir='ltr'><strong>dixi,</strong></span> <span class='ocrx_word' id='word_1_841' title='bbox 1250 2771 1314 2804; x_wconf 88' lang='lat' dir='ltr'><strong>quia</strong></span> <span class='ocrx_word' id='word_1_842' title='bbox 1329 2769 1483 2804; x_wconf 77' lang='lat' dir='ltr'><strong>Quicunque</strong></span> <span class='ocrx_word' id='word_1_843' title='bbox 1502 2764 1724 2795; x_wconf 75' lang='lat' dir='ltr'><strong>scandalizat-erit</strong></span> <span class='ocrx_word' id='word_1_844' title='bbox 1745 2769 1827 2788; x_wconf 88' lang='lat' dir='ltr'><strong>unum</strong></span> <span class='ocrx_word' id='word_1_845' title='bbox 1847 2761 1881 2788; x_wconf 73' lang='lat' dir='ltr'><strong>de</strong></span> 
     </span>
    </p>
   </div>
   <div class='ocr_carea' id='block_1_119' title="bbox 1090 2809 1880 2851">
    <p class='ocr_par' dir='ltr' id='par_1_119' title="bbox 1090 2809 1880 2851">
     <span class='ocr_line' id='line_1_119' title="bbox 1090 2809 1880 2851; baseline -0.006 -10"><span class='ocrx_word' id='word_1_846' title='bbox 1090 2816 1193 2851; x_wconf 74' lang='lat' dir='ltr'><strong>pusillis</strong></span> <span class='ocrx_word' id='word_1_847' title='bbox 1209 2817 1275 2847; x_wconf 78' lang='lat' dir='ltr'><strong>istis,</strong></span> <span class='ocrx_word' id='word_1_848' title='bbox 1292 2816 1336 2850; x_wconf 87' lang='lat' dir='ltr'><strong>qui</strong></span> <span class='ocrx_word' id='word_1_849' title='bbox 1352 2817 1379 2842; x_wconf 81' lang='lat' dir='ltr'><strong>in</strong></span> <span class='ocrx_word' id='word_1_850' title='bbox 1397 2823 1437 2841; x_wconf 83' lang='lat' dir='ltr'><strong>me</strong></span> <span class='ocrx_word' id='word_1_851' title='bbox 1448 2814 1568 2843; x_wconf 72' lang='lat' dir='ltr'><strong>credam,</strong></span> <span class='ocrx_word' id='word_1_852' title='bbox 1591 2811 1694 2847; x_wconf 67' lang='lat' dir='ltr'><strong>expedit</strong></span> <span class='ocrx_word' id='word_1_853' title='bbox 1719 2809 1753 2841; x_wconf 76' lang='lat' dir='ltr'><strong>ei,</strong></span> <span class='ocrx_word' id='word_1_854' title='bbox 1771 2813 1800 2834; x_wconf 74' lang='lat' dir='ltr'><strong>lt</strong></span> <span class='ocrx_word' id='word_1_855' title='bbox 1821 2814 1880 2834; x_wconf 71' lang='lat' dir='ltr'><strong>nu-</strong></span> 
     </span>
    </p>
   </div>
   <div class='ocr_carea' id='block_1_120' title="bbox 1747 2897 1879 2926">
    <p class='ocr_par' dir='ltr' id='par_1_120' title="bbox 1747 2897 1879 2926">
     <span class='ocr_line' id='line_1_120' title="bbox 1747 2897 1879 2926; baseline -0.015 0"><span class='ocrx_word' id='word_1_856' title='bbox 1747 2899 1769 2916; x_wconf 72' lang='lat'>&quot;</span> <span class='ocrx_word' id='word_1_857' title='bbox 1782 2897 1879 2926; x_wconf 74' lang='lat' dir='ltr'><strong>Matth.</strong></span> 
     </span>
    </p>
   </div>
   <div class='ocr_carea' id='block_1_121' title="bbox 1173 2902 1694 2941">
    <p class='ocr_par' dir='ltr' id='par_1_121' title="bbox 1173 2902 1694 2941">
     <span class='ocr_line' id='line_1_121' title="bbox 1173 2902 1694 2941; baseline -0.019 -3"><span class='ocrx_word' id='word_1_858' title='bbox 1173 2910 1195 2925; x_wconf 74' lang='grc'>⁸³</span> <span class='ocrx_word' id='word_1_859' title='bbox 1214 2909 1286 2937; x_wconf 83' lang='lat' dir='ltr'><strong>Psal.</strong></span> <span class='ocrx_word' id='word_1_860' title='bbox 1300 2917 1354 2941; x_wconf 85' lang='lat' dir='ltr'><strong>L\&#39;l,</strong></span> <span class='ocrx_word' id='word_1_861' title='bbox 1437 2907 1459 2924; x_wconf 53' lang='grc' dir='ltr'><strong>δι</strong></span> <span class='ocrx_word' id='word_1_862' title='bbox 1473 2905 1541 2933; x_wconf 80' lang='lat' dir='ltr'><strong>Gen.</strong></span> <span class='ocrx_word' id='word_1_863' title='bbox 1561 2912 1632 2936; x_wconf 72' lang='lat' dir='ltr'><strong>xiix,</strong></span> <span class='ocrx_word' id='word_1_864' title='bbox 1653 2902 1694 2928; x_wconf 68' lang='lat' dir='ltr'><strong>t2.</strong></span> 
     </span>
    </p>
   </div>
  </div>
