2056 3148
168 200 237 234 1109

168 259 299 294 pendetur
323 257 393 286 mola
416 259 535 286 asinaria
551 259 587 286 ad
605 259 701 286 collum
719 259 786 293 ejus,
803 263 827 286 et
841 258 879 285 sic
896 266 967 285 mer-
982 266 1004 295 Α

168 309 248 340 gatnr
261 304 290 330 in
308 305 438 340 profundo
456 305 538 332 maris
558 305 591 332 ".
606 305 700 340 Neque
714 305 787 333 enim
802 305 862 332 haec
882 304 964 331 verba

169 348 305 381 distinxit,
322 351 369 378 sed
382 350 495 378 dicens:
512 349 780 386 Quicunque,omnes
797 359 884 386 poenae
899 350 965 378 sub-

168 395 244 430 jecit,
274 400 386 430 propter
414 397 486 432 quod
512 402 541 424 et
564 397 669 425 Paulus
688 397 756 425 dixit
776 406 782 424 :
802 396 852 429 Qui
877 401 966 423 autem

170 442 309 469 conturbat
317 451 371 475 vos,
385 444 500 477 portabit
511 444 655 478 judicium,
670 444 818 479 quicunque
829 448 866 470 est
878 442 922 469 ille
931 441 965 474 ⁸³,

170 487 197 514 id
217 491 271 519 est,
296 488 354 514 sive
369 495 480 522 parvus,
507 489 564 517 sive
585 497 709 525 magnus,
744 489 802 516 sive
824 488 966 516 scientiam

171 533 276 560 habens
294 534 437 568 plurimam
453 535 511 562 sive
527 543 650 570 parvam,
666 536 723 563 sive
739 543 813 563 nttnc
829 534 965 567 didicerit,

171 579 228 606 sive
246 579 332 614 prius,
348 580 406 607 sive
443 581 511 608 civis
533 581 596 614 ﬁde,
621 582 678 609 sive
706 581 878 616 peregrinus.
898 581 966 608 Cum

171 629 262 652 autem
278 626 335 653 haec
351 626 387 653 ita
402 635 430 654 se
447 627 575 659 habeant,
589 628 742 655 necessaria
756 631 813 655 erat
824 627 927 655 Iudaeis
941 631 968 654 et

171 672 270 699 litterm
286 673 401 705 sanctio,
419 680 508 708 neque
525 674 671 709 cupiebant
692 674 788 701 audire
802 682 808 700 :
822 673 851 700 Si
869 674 927 709 quis
944 678 967 700 te

173 718 328 752 percusserit
347 718 374 744 iu
387 718 508 744 dextram
526 718 676 752 maxillam,
702 718 789 754 prwbe
801 717 842 745 illi
862 723 887 745 et
901 717 968 744 alte-

175 771 232 790 ram
246 764 280 795 δ’,
297 764 359 798 quia
375 772 438 791 cum
453 769 545 792 essent
558 765 693 797 malevoli,
708 765 898 800 unusquisque
915 765 969 791 hoc

173 810 328 846 proximum
340 815 488 838 exacturus
502 816 571 844 erat,
588 815 616 838 et
631 819 686 838 non
703 813 761 846 ipse
773 819 865 847 agere.
880 810 968 838 Recte

173 865 238 893 ergo
251 858 292 885 eis
309 858 418 884 oculum
433 866 482 892 pro
496 858 586 891 oculo,
600 860 710 885 dentem
733 866 784 894 pro
797 858 879 885 dente
895 857 969 885 dice-

175 903 263 936 batur,
282 907 311 930 ut
330 908 404 930 metu
426 903 538 930 alterna:
557 910 646 939 pinna:
659 911 674 930 a
692 903 848 937 vinolentis,
867 908 893 930 et
916 903 967 930 ho-

175 949 294 977 micidiis
311 949 492 977 abstinerent.
985 958 1007 988 Β

210 1004 293 1032 Vens.
307 1006 353 1032 25.
368 1015 377 1032 ι
392 1005 566 1041 Locutusque
582 1010 624 1033 est
633 1006 723 1042 Moyes
737 1005 772 1033 ad
790 1005 859 1033 ﬁlios
875 999 967 1038 Israel,

175 1057 205 1079 et
223 1052 377 1079 eduxerunt
392 1060 454 1079 eum
471 1053 517 1087 qui
538 1051 776 1087 blasphemaverat
792 1056 868 1079 extra
880 1057 968 1079 castra

176 1105 209 1125 ac
233 1097 370 1133 lapidibus
392 1104 600 1134 oppresserunt,
622 1097 800 1134 feceruntque
816 1098 864 1126 ﬁlii
886 1097 970 1125 Israel

175 1145 248 1171 sient
259 1148 426 1179 praeceperat
440 1145 569 1172 Dominus
583 1143 678 1180 Moysi.
695 1153 704 1170 ι

211 1189 283 1225 Ergo
299 1197 352 1216 non
369 1190 418 1217 tibi
435 1190 534 1217 frustra
550 1198 625 1222 eum,
645 1190 690 1225 qui
706 1190 826 1217 animam
847 1190 969 1218 hominis

177 1235 323 1270 percussit,
336 1241 383 1263 aut
406 1237 522 1271 pecoris,
534 1241 581 1264 aut
601 1237 752 1268 hominem,
766 1245 849 1271 quem
861 1242 888 1264 et
901 1238 969 1265 mori

177 1285 290 1315 propter
315 1282 366 1308 hoc
388 1282 529 1318 prteccpit,
549 1282 624 1309 illum
650 1290 711 1309 esse
729 1283 880 1310 secundum
905 1282 971 1317 legis

176 1327 438 1362 contemplationem
465 1329 644 1361 ostendimus,
672 1328 717 1363 qui
739 1328 823 1355 alium
843 1328 877 1356 ad
898 1328 972 1356 blas-

179 1372 319 1406 phemiam
334 1373 500 1407 percusserit
514 1374 625 1406 docens,
639 1379 685 1401 aut
695 1381 840 1405 exacuans,
857 1378 905 1400 aut
920 1373 971 1400 tale

177 1417 279 1452 aliquid
296 1418 369 1445 aliud
388 1426 480 1453 agens.
499 1418 569 1446 Ecce
583 1419 657 1446 enim
667 1419 734 1446 ordo
747 1419 899 1447 sanctionis
910 1427 973 1454 pro-

177 1463 226 1490 bat
241 1464 292 1491 hoc
301 1468 328 1491 et
346 1464 449 1499 absque
461 1464 549 1500 aliqua
561 1465 701 1492 dubietate
717 1465 898 1498 demonstrat,
908 1465 972 1501 quia

178 1510 269 1537 dehis
297 1511 343 1545 qui
370 1511 535 1538 maledicunt
560 1511 658 1546 Deum,
690 1516 738 1539 aut
768 1512 970 1548 blasphemant,

179 1556 354 1591 praecipiens.
369 1557 513 1590 conjunxit
524 1557 566 1585 his
575 1565 638 1585 eum
650 1558 696 1593 qui
712 1557 832 1586 hominis
841 1559 970 1592 animam,

178 1607 227 1629 aut
244 1603 378 1635 animalis,
396 1608 443 1631 aut
459 1604 597 1631 hominem
615 1604 703 1639 ipsum
721 1605 902 1640 percussisset
920 1615 926 1632 ι
943 1610 969 1632 et

179 1656 235 1676 non
251 1649 338 1676 solum
351 1650 421 1677 sicut
434 1650 482 1683 illi,
501 1655 528 1678 et
543 1651 607 1678 huic
617 1659 726 1686 ptenam
742 1652 837 1679 mortis
852 1652 969 1685 induxit,

181 1694 227 1721 sed
251 1695 400 1729 explanans
417 1695 491 1730 quod
509 1704 590 1723 unam
607 1697 727 1723 habeant
749 1705 792 1727 ea.
814 1705 874 1732 qu.e
900 1697 972 1724 dicta

181 1743 253 1771 sunt,
262 1740 453 1773 intentionem,
462 1750 556 1770 rursus
567 1742 680 1773 addidit,
688 1743 732 1778 qui
741 1742 971 1777 blasphemaverit,

180 1793 288 1819 pinnam
303 1794 384 1821 quam
397 1788 487 1815 omnis
504 1788 652 1816 multitudo
665 1789 796 1816 obedieus
809 1789 862 1824 legi
879 1789 972 1823 exige-

182 1831 239 1859 bat.
268 1832 430 1861 Andivimus
455 1834 540 1867 enim,
562 1835 793 1869 quemadmodum
817 1836 852 1862 de
874 1835 973 1862 castris

180 1877 276 1905 eduxit
293 1886 366 1911 eum,
385 1881 431 1915 qui
458 1880 669 1915 blasphemavit,
695 1881 885 1916 lapidibusque
909 1888 972 1908 eum

182 1925 299 1960 opprimi
318 1926 460 1962 praecepit.
487 1926 634 1962 Propterea
656 1927 837 1962 indignationi
860 1931 887 1954 et
904 1935 974 1962 opus

180 1970 296 2004 addidit,
313 1975 340 1999 et
355 1972 441 2007 legem
456 1973 505 2000 tibi
517 1973 600 2000 etiam
618 1973 806 2008 experimento
827 1973 886 2008 ipso
906 1982 974 2000 con-

182 2015 315 2044 ﬁrmatam
324 2019 452 2048 ostendit.
461 2023 491 2045 ut
498 2025 525 2046 et
535 2022 563 2046 tu
572 2019 761 2053 blasphemare
772 2018 855 2046 Deum
865 2019 974 2047 timeres

180 2065 210 2089 et
221 2062 339 2097 fugeres,
352 2064 424 2091 illam
435 2065 534 2092 timens
543 2066 645 2100 peccati
656 2064 882 2100 magnitudinem,
892 2074 974 2100 quam

181 2115 238 2135 non
261 2109 349 2136 solum
377 2110 528 2145 principes,
559 2111 607 2138 sed
633 2118 743 2138 omnem
772 2110 973 2139 multitudinem

181 2154 321 2183 vindicare
346 2157 490 2191 praecepit.
518 2157 680 2184 Communis
708 2156 781 2185 enim
809 2158 892 2186 debet
913 2166 974 2186 esse

182 2201 310 2232 omnibus
324 2206 420 2229 contra
440 2202 615 2238 blasphemos
638 2204 812 2239 pugna,quia
834 2205 973 2232 communi

182 2251 276 2274 nostro
295 2247 473 2280 benefactori,
495 2249 632 2276 connnuni
651 2254 750 2277 nostrae
772 2251 833 2278 vita:
861 2259 895 2278 ex
920 2259 975 2286 quo

181 2299 278 2320 omnes
288 2297 316 2320 et
328 2301 399 2326 esse,
412 2298 439 2321 et
452 2294 520 2321 bene
529 2303 589 2322 esse
608 2295 749 2328 habemus,
758 2296 902 2324 detrahere
915 2301 970 2324 ten-
991 2313 1013 2340 Β

183 2343 252 2371 tant,
266 2340 327 2374 ejus
344 2340 454 2375 quidem
471 2341 563 2376 gloria!
578 2341 647 2369 nihil
660 2347 802 2376 nocentes,
814 2351 864 2371 nos
881 2348 973 2371 autem

181 2385 216 2412 ab
228 2393 261 2413 eo
275 2393 411 2420 separare,
428 2391 456 2414 et
470 2387 608 2422 expellere
625 2388 760 2416 volentes.

466 2454 582 2483 CAPUT
602 2455 686 2483 XXV.

218 2510 298 2538 Vens.
310 2511 368 2538 1-7.
392 2521 402 2537 ί
416 2511 590 2547 Locutusque
605 2517 647 2539 est
668 2512 798 2540 Dominus
812 2513 846 2540 ad
865 2513 974 2549 Moysen

181 2557 208 2584 in
225 2563 318 2586 monte
329 2557 416 2590 Sinai,
426 2558 519 2586 dicens
532 2567 538 2585 :
550 2559 674 2593 Loquere
686 2558 749 2586 ﬁliis
766 2558 848 2586 Israel
862 2564 889 2586 et
901 2559 976 2587 dices

179 2603 215 2630 ad
228 2611 276 2631 cos
292 2613 298 2631 :
312 2604 427 2637 Quando
443 2605 558 2640 ingressi
579 2605 685 2632 fueritis
706 2609 818 2638 terram,
831 2614 912 2640 quam
925 2613 976 2641 ego

180 2651 251 2679 dabo
261 2651 530 2685 vobis,sabbatizetis
541 2651 687 2678 Sabbatum
699 2652 823 2679 Domino.
834 2652 886 2679 Sex
896 2653 976 2680 annis

180 2701 256 2722 seres
267 2703 362 2731 agrum
374 2700 461 2729 tuum,
472 2699 499 2723 et
509 2703 555 2723 sex
566 2697 645 2723 annis
659 2697 767 2731 putabis
778 2697 884 2724 vineam
901 2703 975 2725 tuam

181 2741 345 2778 colligesque
363 2742 469 2770 fruetus
488 2743 557 2777 ejus.
570 2742 694 2778 Septimo
707 2749 799 2771 autem
814 2752 888 2771 attno
906 2744 976 2772 Sabr-

180 2787 275 2816 batum
291 2789 344 2816 erit
367 2793 447 2816 terra:
462 2789 644 2824 requietionis
659 2789 776 2817 Domini.
792 2790 894 2825 Agrum
916 2798 970 2817 non

215 2899 238 2916 "
252 2899 348 2928 Matth.
365 2910 442 2935 xvnt,
464 2901 490 2929 6.

531 2902 552 2918 ⁸⁸
568 2901 626 2930 Gal.
637 2909 663 2934 v,
678 2902 718 2930 l0.
757 2901 779 2918 “
795 2901 890 2931 Matth.
908 2911 934 2937 γ,
951 2903 995 2931 39.

247 2938 269 2952 ”
280 2936 349 2964 Gen.
363 2945 435 2971 xux,
460 2938 500 2965 ll.

180 2934 208 2963 ὅ.
247 2938 269 2952 ”
280 2936 349 2964 Gen.
363 2934 439 2971 xux,
460 2938 500 2965 ll.
540 2937 562 2954 ’δ
573 2937 668 2965 Matth.
683 2946 756 2972 xxvt,
773 2938 818 2966 29.

737 201 780 233 ΙΝ
799 200 1021 232 LEVITICUM.
1039 213 1073 220 -
1089 199 1165 231 LIB.
1185 200 1251 232 VII.

1752 197 1817 234 1110

1019 261 1106 289 seres,
1129 260 1157 284 et
1179 257 1286 284 vineam
1311 264 1367 284 non
1388 257 1508 292 putabis.
1535 256 1605 290 Quae
1615 262 1714 292 sponte
1724 258 1817 295 εἰμες

1019 303 1130 336 humus,
1157 311 1213 330 non
1236 308 1334 334 metes,
1359 309 1386 331 et
1411 312 1479 331 uvas
1495 304 1677 339 primitiarum
1706 309 1816 333 tuarum

1019 358 1075 378 non
1089 350 1201 386 colliges
1216 350 1292 385 quasi
1315 350 1492 378 vindemiam.
1507 350 1604 378 Annus
1622 356 1664 379 est
1676 352 1750 379 enim
1771 360 1817 380 re-

1019 396 1168 431 quietionis
1194 401 1282 423 terrae.
1309 395 1362 423 Sed
1385 401 1466 423 erunt
1490 397 1568 424 vobis
1588 397 1615 424 in
1633 397 1725 425 cibum
1743 406 1750 425 ε
1767 398 1815 426 tibi

1020 447 1048 470 et
1061 451 1141 470 servo
1155 448 1210 474 tuo.
1225 443 1332 470 ancillae
1347 448 1374 470 et
1392 443 1564 470 mercenario
1580 448 1636 475 tuo,
1651 449 1678 471 et
1693 444 1814 476 advenae.

1020 489 1066 523 qui
1079 489 1288 525 peregrinantur
1302 489 1374 524 apud
1385 495 1410 517 te
1420 509 1427 516 .
1444 489 1581 517 Jumentis
1592 490 1656 522 tuis,
1670 494 1698 517 et
1712 491 1818 525 pecori-

1020 533 1083 566 bus,
1101 535 1191 562 omnia
1208 543 1269 570 qua?
1282 540 1435 562 nascuntur
1451 535 1612 570 praebebunt
1627 536 1730 563 cibum.
1751 546 1760 562 ι

1058 580 1182 612 Terram,
1195 589 1276 616 quam
1288 586 1315 608 ct
1326 581 1409 608 Deum
1423 581 1502 608 nobis
1513 581 1578 609 dare
1592 582 1682 615 decet,
1697 587 1725 610 et
1738 582 1818 609 nobis

1022 625 1132 660 expedit
1154 626 1289 661 accipere,
1307 635 1338 653 ex
1361 634 1414 661 qua
1439 634 1532 654 veram
1547 627 1630 654 vitam
1654 627 1818 663 conquirere

1022 679 1177 706 possutnus,
1202 671 1282 698 idest
1307 672 1544 699 conversationem
1568 672 1666 700 bonam
1687 680 1747 707 qua:
1776 678 1818 700 est

1022 717 1172 744 secundum
1199 717 1259 752 ejus
1279 717 1377 753 legem,
1402 721 1485 753 atque
1506 719 1642 750 mandata,
1661 727 1721 754 qua:
1737 719 1817 747 nobis

1023 763 1106 796 dedit,
1117 763 1150 791 de
1161 771 1214 798 qua
1230 765 1270 791 ait
1282 764 1365 791 David
1384 773 1390 791 :
1406 764 1476 792 Doce
1490 773 1531 792 me
1545 765 1707 792 voluntatem
1725 770 1817 793 tuam:

1023 810 1084 844 quia
1102 814 1129 836 tu
1146 818 1172 836 es
1188 810 1257 837 Deus
1280 818 1363 842 utens,
1381 810 1497 845 Spiritus
1513 816 1573 838 tuus
1587 816 1694 839 sanctus
1708 812 1817 839 deducet

1023 863 1064 882 nte
1076 856 1104 882 in
1122 860 1222 882 terram
1243 860 1342 882 rectam
1354 856 1386 884 ⁸⁸.
1405 856 1482 884 Hanc
1503 857 1525 884 si
1543 858 1746 891 intraverimus,
1770 866 1818 886 sex

1023 902 1103 929 annis
1119 910 1210 929 serere
1233 907 1358 930 nostrum
1377 910 1482 938 agrum,
1508 908 1536 931 ct
1553 903 1676 938 plantare
1699 904 1816 938 vineam,

1023 952 1050 974 et
1065 947 1192 982 colligere
1204 947 1309 975 fruetus
1326 949 1371 983 qui
1387 957 1419 976 ex
1438 957 1469 976 ea
1487 954 1647 982 nascuntur,
1662 957 1816 985 possumus,

1024 994 1051 1021 id
1071 999 1123 1025 est,
1145 1002 1230 1029 usque
1247 995 1312 1022 dum
1329 995 1356 1021 in
1379 995 1434 1022 vita
1451 995 1500 1023 hac
1523 999 1549 1022 et
1570 995 1597 1022 in
1623 1000 1748 1023 creatura
1767 997 1818 1023 hac

1020 1040 1119 1067 visibili
1143 1048 1239 1068 sumus
1257 1051 1262 1068 :
1284 1048 1365 1076 quam
1393 1049 1441 1069 sex
1465 1041 1570 1068 dierum
1592 1049 1724 1069 numerus
1745 1046 1818 1070 recte

1021 1086 1156 1122 signiﬁcat
1182 1087 1245 1122 quia
1268 1087 1294 1114 in
1312 1095 1358 1114 sex
1385 1087 1482 1115 diebus
1495 1088 1646 1115 constituta
1659 1093 1734 1122 sunt,
1757 1095 1818 1123 qua

1021 1131 1148 1158 videntur
1167 1132 1269 1159 omnia.
1293 1130 1416 1168 Septimo
1430 1137 1522 1160 autem
1545 1141 1629 1165 anno,
1657 1132 1816 1167 Sabbatum,

1021 1181 1049 1203 et
1065 1177 1175 1212 requies
1191 1178 1244 1205 erit
1257 1182 1347 1205 terrae.
1367 1177 1482 1211 Quando
1497 1179 1571 1206 enim
1587 1179 1756 1214 intelligibile
1770 1186 1818 1206 no-

1022 1226 1107 1249 strum
1120 1224 1224 1250 venerit
1238 1222 1396 1255 Sabbatum,
1420 1223 1445 1250 id
1457 1228 1499 1251 est
1515 1224 1657 1259 praesentis
1672 1223 1762 1251 saeculi
1774 1231 1818 1251 re-

1021 1269 1109 1304 Quies,
1129 1271 1162 1297 de
1176 1279 1227 1305 qua
1243 1271 1281 1298 ait
1295 1270 1396 1298 Paulus
1410 1281 1416 1298 :
1433 1270 1502 1306 Ergo
1511 1271 1669 1304 relinquitur
1681 1270 1818 1297 Sabbatis-

1027 1324 1084 1343 mus
1099 1317 1190 1351 populi
1208 1316 1254 1344 Dei
1270 1317 1291 1333 ⁵¹
1310 1325 1316 1344 :
1334 1324 1414 1351 quem
1434 1316 1524 1352 signat
1539 1316 1596 1344 dies
1614 1316 1738 1352 septima,
1756 1317 1818 1352 quia

1028 1362 1144 1396 septima
1170 1361 1214 1389 die
1241 1362 1375 1397 requievit
1393 1361 1465 1389 Deus
1484 1362 1518 1389 ab
1539 1362 1668 1397 omnibus
1691 1362 1820 1397 operibus

1027 1407 1095 1439 suis,
1112 1407 1239 1434 videlicet
1254 1407 1408 1435 visibilibus
1421 1416 1428 1435 :
1443 1411 1508 1434 tunc
1525 1407 1693 1442 operationis
1707 1414 1761 1434 non
1777 1412 1821 1434 est

1024 1456 1141 1487 tempus,
1156 1453 1256 1480 etideo
1274 1461 1325 1480 nec
1340 1461 1434 1488 agrum
1454 1453 1520 1488 legis
1544 1457 1608 1480 tunc
1635 1458 1738 1487 serere,
1769 1460 1818 1482 nec

1024 1499 1209 1534 evangelicum
1227 1500 1334 1527 vineam
1355 1500 1477 1535 plantare
1493 1507 1648 1535 possumus.
1661 1500 1732 1535 Ager
1746 1499 1819 1526 enim

1024 1551 1038 1571 a
1054 1544 1131 1571 nobis
1145 1544 1186 1571 lex
1197 1535 1279 1572 recte
1292 1544 1464 1580 intelligitur,
1481 1544 1544 1580 quia
1569 1544 1661 1572 senior
1674 1544 1756 1576 lilius,
1773 1545 1821 1580 qui

1023 1591 1124 1625 juniori
1146 1591 1246 1626 populo
1273 1592 1389 1618 a-nmlus
1413 1596 1465 1622 est,
1494 1592 1539 1626 qui
1563 1590 1708 1626 imaginem
1728 1590 1821 1627 populi

985 1632 1007 1662 C
1028 1636 1182 1664 Judmorum
1199 1638 1276 1672 gerit,
1294 1638 1326 1665 de
1342 1646 1417 1673 agro,
1432 1634 1559 1665 videlicet
1570 1637 1730 1673 operatione
1743 1637 1819 1672 legis,

1027 1683 1124 1709 reverti
1140 1682 1249 1710 dicitur.
1267 1682 1349 1709 Vinea
1365 1687 1468 1714 autem,
1492 1682 1647 1718 evangelica
1660 1681 1718 1709 sine
1731 1681 1821 1716 aliqua

1026 1729 1163 1756 dubietate
1181 1728 1338 1764 praedicatio
1353 1733 1394 1756 est
1407 1737 1413 1755 ε
1428 1728 1553 1756 Christus
1566 1728 1639 1755 enirn
1657 1727 1683 1754 ei
1699 1727 1822 1754 Occasio-

1027 1782 1089 1802 ncm
1107 1779 1134 1802 et
1155 1775 1297 1802 materiam
1320 1773 1406 1806 dedit,
1423 1775 1469 1810 qui
1493 1775 1581 1802 dixit:
1598 1774 1653 1809 Ego
1671 1782 1729 1800 sum
1752 1773 1821 1806 uitis,

1027 1827 1070 1847 vos
1081 1825 1171 1846 autem
1182 1820 1316 1854 palmites,
1335 1820 1416 1847 Pater
1439 1829 1512 1847 metu
1528 1819 1645 1856 agricola
1662 1824 1698 1846 est
1721 1819 1755 1846 ".
1766 1818 1822 1846 Nec

1027 1873 1092 1901 ergo
1129 1866 1219 1893 colere
1239 1866 1344 1902 legalia,
1369 1871 1417 1893 aut
1435 1866 1590 1902 evangelica
1613 1865 1739 1892 mandata
1762 1869 1823 1900 post

1028 1913 1131 1940 exitum
1145 1912 1179 1939 de
1195 1913 1247 1939 hac
1271 1913 1337 1944 vita.
1359 1917 1406 1939 aut
1422 1913 1568 1940 transitum
1592 1911 1754 1947 poterimus,
1775 1910 1820 1938 sed

1028 1965 1079 1985 nec
1096 1965 1129 1985 ea
1144 1966 1204 1993 quae
1228 1962 1325 1992 sponte
1342 1962 1503 1990 nascuntur,
1530 1961 1643 1990 metere,
1663 1957 1689 1984 id
1705 1961 1748 1984 est
1772 1964 1823 1984 nec

1027 2012 1198 2040 quazcunque
1221 2004 1352 2032 naturalis
1365 2004 1409 2031 lex
1423 2004 1457 2032 ad
1465 2003 1653 2040 operationem
1665 2003 1822 2030 hominibus

1030 2050 1160 2086 suggerit.
1179 2049 1238 2077 haec
1253 2055 1295 2077 est
1317 2049 1391 2077 enirn
1414 2057 1474 2085 qua:
1485 2053 1583 2084 sponte
1607 2048 1736 2084 gignitur,
1759 2048 1822 2084 quia

1028 2101 1103 2124 extra
1115 2096 1320 2123 meditationem
1334 2095 1478 2128 librorum,
1490 2099 1517 2122 et
1527 2102 1638 2122 omnem
1655 2093 1822 2121 doctoraleut

1029 2142 1153 2170 auditum
1170 2142 1302 2178 suggerit,
1317 2146 1344 2170 ct
1355 2142 1515 2169 exhortatur
1531 2148 1592 2176 quae
1608 2144 1673 2168 sunt
1694 2139 1782 2173 utilia,
1795 2143 1823 2166 et

1029 2190 1208 2225 cogitationes
1218 2189 1297 2217 nobis
1308 2189 1471 2223 adjuvantes
1481 2188 1600 2215 animam
1613 2190 1754 2222 praestant.
1770 2184 1822 2213 Sed

1029 2244 1081 2264 nec
1096 2244 1162 2263 uvas
1178 2235 1362 2270 primitiarum
1375 2235 1431 2262 sive
1447 2239 1476 2262 ut
1492 2233 1563 2262 LXX
1581 2241 1658 2260 uram
1670 2231 1823 2267 sanctiﬁca—

1029 2283 1119 2314 tionis,
1141 2282 1309 2309 vindemiare
1332 2285 1398 2308 tunc
1415 2289 1529 2308 necesse
1555 2279 1698 2312 habemus,
1719 2283 1747 2306 et
1763 2286 1824 2313 quat

1029 2333 1070 2355 est
1082 2327 1302 2355 sanctiﬁcationis
1312 2334 1364 2354 uva
1377 2335 1383 2353 :
1398 2326 1542 2361 sciuntqui
1557 2326 1654 2353 imbuti
1668 2330 1729 2352 sunt
1741 2325 1824 2351 Chri-

1030 2374 1064 2401 sti
1080 2374 1247 2409 mysterium,
1263 2373 1308 2408 qui
1320 2372 1508 2407 expcrimcnto
1522 2371 1556 2398 de
1569 2371 1679 2398 Christo
1706 2371 1825 2406 prophe-

1036 2421 1100 2447 tiam
1116 2424 1300 2455 perceperunt
1314 2429 1319 2445 :
1338 2418 1449 2446 thvltbll
1469 2419 1495 2444 in
1506 2419 1565 2445 uino
1579 2417 1674 2444 stolam
1687 2425 1774 2450 suam,
1801 2421 1824 2443 et

1034 2466 1062 2491 in
1076 2465 1205 2500 sanguine
1217 2473 1272 2491 uvn'
1283 2464 1395 2498 pallium
1408 2463 1525 2496 suum”,
1542 2463 1622 2497 hujus
1635 2461 1825 2489 sanctiﬁcatio-

1031 2511 1073 2537 nis
1088 2519 1170 2545 qttam
1184 2517 1240 2537 non
1256 2509 1503 2542 vindemiabimus;
1522 2508 1578 2535 illic
1588 2516 1649 2534 nam
1665 2507 1822 2543 mysterium

1027 2556 1087 2583 fore
1111 2555 1282 2582 Dominicmn
1299 2555 1451 2582 videbimus
1471 2559 1546 2585 tunc,
1575 2553 1622 2581 sed
1643 2561 1704 2580 cum
1727 2552 1822 2588 majori

1029 2601 1113 2637 gloria
1125 2601 1228 2637 nullius
1242 2600 1379 2627 sensibilis
1388 2600 1424 2627 rei
1437 2601 1509 2627 sicut
1521 2607 1594 2627 nunc
1607 2603 1730 2634 egentes.
1743 2599 1823 2626 Unde

1029 2648 1167 2683 lcgislator
1196 2647 1306 2682 quidem
1329 2654 1407 2674 uvam
1431 2646 1667 2677 commemoravit,
1697 2645 1823 2672 Christus

1029 2699 1120 2721 autem
1137 2694 1189 2720 hoc
1203 2701 1232 2720 se
1245 2693 1338 2720 bibere
1352 2693 1379 2719 in
1395 2699 1480 2728 regno
1497 2692 1652 2725 nobiscum,
1664 2691 1711 2718 sed
1722 2698 1822 2718 novum

1030 2741 1154 2776 promisit
1164 2741 1197 2767 ".
1209 2739 1265 2767 lloc
1276 2748 1340 2776 ergo
1353 2739 1506 2771 sabbatum,
1517 2739 1542 2766 id
1555 2744 1596 2765 est
1604 2738 1711 2773 requies
1719 2736 1822 2770 saeculi,

1030 2789 1058 2815 in
1083 2795 1137 2823 quo
1161 2786 1288 2822 praedicta
1325 2791 1395 2813 terra
1425 2785 1633 2820 requiescimus,
1661 2791 1724 2811 cum
1750 2782 1824 2810 enim

1035 2905 1057 2919 3"
1074 2902 1144 2930 l‘sul.
1162 2909 1241 2934 «χιιι,
1257 2902 1298 2928 10.
1349 2901 1370 2916 δ’
1386 2901 1469 2929 llebr.
1492 2909 1528 2933 tv,
1546 2901 1572 2927 9.
1622 2900 1644 2916 "
1678 2897 1758 2926 Joau.
1778 2905 1824 2925 xv.
