2056 3148
245 174 310 213 ΗΜ

827 164 831 167 ’
851 186 1032 218 ussrcun
1049 188 1286 220 PRESBYTER!

1815 189 1883 223 1112

247 232 308 282 tunc
316 229 427 282 fas'uon
440 231 485 265 sit,
497 240 571 282 muto
583 239 690 282 tempus
705 236 837 265 habemus
849 247 909 274 quae
919 248 1034 275 operan-
1048 247 1071 275 Α
1086 243 1192 272 sionem
1217 246 1324 273 cunctis
1350 245 1547 274 habitatoribus
1572 251 1652 274 terra:
1679 251 1742 274 tum.
1759 247 1821 282 Ipse
1840 252 1885 276 est

243 274 275 301 da
284 280 357 302 sttnt.
367 274 443 303 Unde
453 283 480 304 et
490 278 611 314 quinque
623 280 704 309 fatua:
715 283 842 318 \irgines,
851 285 912 320 quia
922 274 1033 319 vocatze,

242 325 273 348 ut
284 321 416 349 intrarent
431 324 464 351 ad
482 325 584 360 regales
603 327 725 362 nuptias,
744 329 834 357 oleum
859 332 1036 359 ambulabant

240 370 344 399 Emere,
360 368 431 396 sicut
442 370 597 404 ignorantes
611 377 728 408 tempus,
744 376 860 403 exclusa:
873 383 937 405 sunt
951 379 984 404 ⁵⁵.

277 412 329 440 Sed
339 420 414 442 erunt
428 417 499 444 vobis
512 418 537 443 in
552 419 647 450 cibum,
661 421 716 452 tibi,
734 427 758 448 et
770 431 844 450 servo
856 428 910 456 tuo,
928 425 1033 452 ancilla:

242 462 265 484 ιι
278 462 440 488 mercenaria
456 467 510 495 tuo,
529 469 552 490 cl
566 465 673 492 advena:
687 467 731 501 qui
746 470 948 503 peregrinantur
964 473 1036 506 apud

243 509 277 535 te.
296 505 426 540 jumenlis
448 509 510 541 tuis,
537 511 673 544 pecoribus
696 514 756 540 tuis.
780 514 942 551 Quicunque
962 517 1034 544 enim

243 558 316 578 nunc
330 554 435 586 operati
449 554 590 587 fuerimus,
609 558 704 585 horum
721 559 757 586 ibi
781 560 898 588 fructum
916 563 1036 597 percipi-

242 605 314 630 mus,
331 604 357 626 et
372 599 436 628 illud
453 601 552 630 Psalmi
575 604 655 631 nobis
676 606 834 640 optabitur:
852 607 932 634 Beati
947 617 1034 635 omnes

242 644 288 678 qui
301 645 394 672 timent
405 646 556 675 Dominum.
569 650 682 677 Lubores
690 653 823 687 fructuum
836 659 941 682 tuorum
957 665 1034 682 utan-

243 689 358 717 ducabis.
374 692 473 720 Beatus
487 703 522 727 ca,
539 700 562 721 et
586 696 648 722 bene
663 698 709 723 tibi
719 698 768 724 erit
782 699 814 725 ⁵⁸.
836 698 1034 729 Beatitudinctn

243 741 307 769 ergo
316 736 445 764 describit
456 739 540 766 futuri
555 741 654 773 Simili“,
665 742 773 769 beatum
784 745 931 778 quemdam
943 746 1033 772 cibum

242 779 378 808 invenire.
398 782 510 811 Beatum
525 786 598 812 enim
612 787 658 819 ait,
675 787 719 822 qui
734 789 882 816 comederit
895 798 992 825 panetn
1006 791 1033 817 in

243 833 326 861 regno
340 828 482 857 caelorum.
499 830 583 858 Multo
598 833 685 867 magis
705 838 796 861 autem
818 835 927 862 beatum
952 841 993 863 cst
1007 842 1033 864 et

241 878 336 899 servos
353 872 464 907 habere,
477 879 504 902 et
518 877 630 904 ancillas
647 883 674 905 et
687 881 882 913 mercenaries,
903 882 1032 915 advenas,

240 915 363 950 jutnenta
376 924 403 946 et
421 929 530 955 pecora,
545 923 602 950 sive
620 925 771 952 secundum
799 926 868 954 LXX
889 933 913 954 et
927 928 1032 955 bestias.

241 962 351 997 Species
367 966 439 993 enim
468 967 526 995 haec
537 969 730 1004 discipulatum
749 973 929 1006 priEiK‘lllillttl
954 975 1032 1001 nobis

241 1008 268 1035 in
291 1015 384 1037 sancta
406 1011 451 1039 Dei
479 1017 690 1044 conversatione
707 1024 770 1045 sunt
797 1019 922 1046 diverste.
955 1021 1033 1053 Serti

241 1055 351 1088 quidem
366 1062 393 1084 et
404 1059 520 1093 ancillas,
540 1067 673 1097 quotquot
694 1064 773 1091 nobis
788 1065 819 1091 ad
840 1065 1032 1100 discipulatutn

241 1102 418 1137 semetipsum
434 1105 615 1141 subdiderint,
637 1109 679 1136 vel
700 1117 714 1136 a
733 1111 812 1138 ttobis
832 1112 915 1146 empti
932 1112 1033 1140 fuerint

240 1147 275 1174 de
285 1149 415 1178 exteriori
430 1153 550 1180 servitio.
567 1154 726 1183 Merccnarii
740 1161 831 1184 autem
844 1159 939 1191 nostri,
956 1160 1001 1194 qui
1018 1169 1032 1186 a

240 1193 320 1221 nobis
344 1195 448 1224 invitati
470 1203 544 1230 sunt,
567 1209 622 1227 non
650 1205 740 1229 tatnen
769 1208 873 1230 tantum
900 1193 1028 1240 subjecti,

242 1243 274 1267 ut
286 1243 405 1275 ctservi,
420 1248 447 1270 ct
460 1245 566 1273 ancilla:
579 1247 766 1276 nominentur.
782 1250 911 1284 Adventu,
927 1251 984 1279 sive
1004 1257 1032 1279 ut

242 1286 322 1318 LXX,
336 1287 470 1324 inquilini,
482 1291 639 1325 adjacentes
651 1295 747 1322 nobis:
763 1304 852 1331 neque
868 1299 939 1324 enim
955 1299 1031 1327 dixe-

241 1338 315 1367 runt,
325 1334 483 1370 inquilinos,
497 1338 545 1366 sed
557 1339 687 1375 iuquilino
697 1342 830 1376 adjacenli
845 1343 880 1370 ad
896 1349 919 1370 lc
936 1353 942 1371 :
956 1350 1032 1380 quot-

241 1385 309 1414 quot
323 1381 350 1408 in
371 1382 425 1410 vita
442 1383 492 1410 ista
508 1393 555 1419 per
576 1386 787 1422 philosophiam,
814 1390 890 1423 quasi
908 1391 1031 1426 inquilini

242 1430 306 1453 sunt
318 1434 374 1454 non
389 1431 479 1456 tamen
494 1431 676 1459 exterioribus
691 1433 826 1468 adjacent,
837 1435 885 1462 sed
897 1435 975 1462 nobis
986 1437 1031 1471 qui

242 1472 268 1498 in
276 1472 374 1500 bonam
386 1479 484 1510 terrain
495 1476 608 1514 ingressi
620 1487 725 1511 sumus,
735 1485 763 1507 et
773 1480 945 1515 possidemus
957 1490 1030 1516 cum,

241 1523 269 1545 et
280 1526 340 1553 quae
358 1520 391 1547 ad
407 1528 466 1548 eam
492 1524 620 1557 pertinet.
651 1525 705 1553 Sed
721 1530 748 1552 et
763 1526 784 1553 si
801 1534 881 1561 quem
905 1527 1030 1561 itliotatn,

241 1562 298 1589 sive
312 1565 470 1599 popularem
495 1567 661 1604 juvabimns,
678 1569 705 1597 hi
721 1570 793 1597 enim
810 1575 873 1598 sunt
887 1572 1010 1606 jutnenta
1024 1581 1030 1599 :

242 1611 354 1645 insuper
379 1617 406 1639 ct
429 1613 451 1640 si
471 1622 552 1648 quem
568 1615 718 1642 infidelium
740 1618 782 1644 vel
810 1618 966 1653 impiorum,
987 1620 1032 1654 qui

242 1661 315 1683 recte
330 1664 438 1691 pecora,
455 1659 504 1686 sivi
521 1665 550 1687 ut
562 1661 642 1694 LXX,
656 1662 744 1697 bestiw
755 1664 940 1698 nominantur,
954 1673 1033 1693 man-

241 1706 349 1729 suetum
383 1703 524 1738 facientes,
549 1707 703 1742 relinquere
723 1709 852 1743 sylvas,ct
873 1710 906 1737 ad
934 1715 1034 1739 tcrratn

241 1749 335 1778 venire
353 1756 473 1779 nostram
495 1753 652 1788 fecerimus,
676 1762 703 1782 et
726 1756 826 1784 bestias
840 1758 896 1793 agri
915 1759 977 1792 dici,
1001 1759 1034 1787 de

240 1796 340 1831 quibus
366 1797 435 1825 dixit
456 1799 539 1836 David
553 1809 560 1827 :
575 1800 649 1828 Inter
664 1807 763 1829 utentes
780 1803 929 1830 transibunt
947 1813 1034 1839 aqum,

242 1843 369 1885 potabant
387 1852 432 1871 eas
443 1854 532 1873 omnes
548 1847 636 1874 bestiae
658 1849 717 1884 agri
729 1849 762 1875 ⁵⁷.
779 1849 813 1876 Et
825 1849 852 1876 hi
866 1850 912 1885 qui
930 1850 1034 1878 fructus

243 1882 320 1916 home
333 1894 422 1923 teme,
435 1900 494 1930 qua:
506 1900 519 1919 a
537 1893 590 1920 Deo
605 1894 702 1922 tradita
714 1899 756 1921 est
783 1895 861 1929 nobis
886 1904 1034 1925 conversa-

243 1936 336 1968 tionis,
348 1937 418 1972 sicut
432 1938 550 1975 diximus
571 1939 735 1975 intclligibili
749 1940 861 1977 sabbato
878 1942 1032 1976 cmnedent,

241 1983 268 2009 in
282 1983 402 2018 requiem
413 1983 496 2011 futuri
506 1985 608 2018 szccnli,
619 1986 755 2024 praedicta:
767 1991 846 2014 terra:
854 1987 1035 2022 pcrcipientes

241 2029 378 2058 fructuum
388 2031 510 2064 delicias,
519 2036 631 2067 propter
642 2033 713 2068 qttod
723 2033 901 2061 Ecclesiastes
912 2034 1033 2062 dicebat:

243 2076 372 2111 l’ra’para
395 2079 431 2104 ad
446 2079 544 2105 exitum
564 2087 643 2113 opera
661 2085 706 2106 tua
722 2080 756 2112 ⁸⁸,
772 2080 834 2114 quia
855 2085 917 2114 post
932 2081 1033 2107 exitum

242 2128 355 2158 tingere
372 2124 521 2158 quamlibet
534 2126 722 2160 operationem
745 2133 800 2153 non
823 2126 893 2153 licet.
906 2126 1034 2153 Lhristus

240 2173 332 2206 autem
347 2169 384 2196 ait
400 2178 408 2196 :
424 2172 580 2204 Operamini
596 2180 647 2198 non
664 2172 747 2199 cibum
760 2173 805 2207 qui
818 2173 896 2206 perit,
915 2175 960 2199 sed
976 2181 1034 2198 cum

241 2213 286 2252 qui
298 2221 433 2248 permanet
448 2216 475 2242 in
490 2217 571 2244 vitam
586 2223 723 2250 teter-nam,
736 2228 812 2254 quem
825 2218 910 2245 Filius
925 2219 1036 2245 hominis

1086 290 1216 324 jubileus.
1244 291 1408 319 Revertatur
1431 293 1511 319 homo
1523 293 1556 319 ad
1581 293 1786 326 possessionem
1806 301 1882 321 suam

1087 341 1115 363 et
1139 337 1327 372 unusquisque
1353 338 1439 365 rediet
1462 339 1495 365 ad
1514 338 1642 365 familiam
1664 339 1882 373 pristinatn.Qui

1085 382 1206 417 jubilcus
1221 387 1262 410 est
1290 388 1317 410 et
1335 383 1577 419 quinquagesimus
1605 392 1694 411 annus
1712 392 1767 412 non
1784 387 1883 413 seretis

1087 436 1177 463 neque
1188 429 1301 456 metetis
1314 435 1412 464 sponte
1427 430 1452 456 in
1469 438 1532 465 agro
1546 430 1696 462 nascentia,
1707 437 1733 457 et
1750 431 1882 465 primitias

1087 474 1232 502 vindemia:
1250 483 1305 502 non
1314 476 1457 511 colligetis,
1468 476 1502 503 ob
1519 475 1762 503 sanctificationem
1775 477 1881 511 jubilei,

1087 521 1135 548 sed
1152 521 1245 548 statim
1274 522 1361 549 ablata
1387 522 1547 550 comedetis.
1564 522 1643 549 Anno
1656 522 1751 557 jubilci
1776 523 1883 551 redient

1087 574 1183 593 omnes
1196 568 1230 594 ad
1245 568 1433 602 possessiones
1448 576 1523 595 suas.
1541 578 1549 594 ι

1123 613 1173 640 llic
1192 615 1377 650 interrogandi
1394 620 1459 642 sunt
1479 615 1578 647 Judaai,
1595 615 1615 642 si
1632 616 1788 650 septimam.
1811 616 1883 643 sicut

1087 659 1140 693 ipsi
1152 659 1257 692 dicunt,
1275 660 1347 687 diem
1359 660 1433 695 ltgisl
1443 665 1497 687 .tor
1509 661 1658 693 honoratus,
1676 668 1770 687 vacare
1782 661 1808 687 in
1821 661 1881 696 ipsa

1087 707 1121 732 ab
1137 705 1193 740 agri
1222 705 1361 740 operibus.
1385 705 1499 740 alisque
1522 706 1621 733 talibus
1638 705 1778 740 praecepit,
1802 707 1882 740 cujus

1087 751 1172 786 gratia
1186 751 1412 786 quinquagesimo
1425 760 1497 779 anno
1507 760 1614 780 cessare
1623 753 1657 779 ab
1670 753 1799 787 operibus
1811 761 1881 787 pm:—

1086 798 1167 832 cepit.
1179 797 1206 824 Si
1219 798 1291 825 enim
1301 798 1485 825 hebdomadas
1496 798 1728 826 hebdomadarum
1740 799 1772 826 ad
1783 806 1881 826 novem

1086 848 1114 870 et
1127 844 1304 879 quadraginta
1316 844 1423 871 numeri
1444 852 1532 872 annos
1546 845 1719 880 colliguntur,
1731 853 1785 872 non
1797 853 1881 879 opor—

1089 889 1427 925 tebatquinqnagesimutn
1452 897 1558 922 vacare,
1576 890 1626 917 nisi
1642 890 1756 918 forsitan
1778 891 1881 924 aliquid

1089 934 1264 968 signiﬁcaret,
1279 939 1305 961 et
1320 934 1446 969 mysteria
1461 935 1503 961 lex
1515 940 1675 969 exponeret,
1689 944 1749 970 quze
1762 936 1881 962 necdum

1088 984 1195 1014 tempus
1206 985 1264 1007 erat
1277 985 1371 1015 aperte
1386 984 1498 1014 propter
1517 981 1673 1008 auditorum
1694 981 1880 1008 infirmitatem

1087 1026 1198 1060 aperiri.
1214 1025 1280 1062 ane
1294 1031 1357 1052 suttt
1370 1031 1461 1052 autent
1476 1026 1552 1053 huic?
1563 1026 1632 1053 Audi
1647 1035 1652 1052 :
1669 1026 1771 1061 Duplex
1787 1032 1879 1053 autem

1087 1072 1211 1106 qtuetlam
1230 1071 1368 1098 infertnra
1379 1071 1433 1098 Deo
1447 1072 1570 1098 ontniutn
1582 1072 1730 1099 visibilium
1752 1080 1882 1100 consum-

1088 1118 1181 1149 matio,
1206 1125 1259 1144 una
1287 1118 1399 1152 quidem
1425 1118 1640 1153 uniuscujusque
1664 1122 1799 1149 nostrum,
1828 1119 1881 1145 alia

1088 1167 1188 1194 autent,
1203 1163 1359 1190 communis
1376 1163 1486 1190 humani
1505 1163 1612 1198 generis
1632 1164 1809 1198 ipsorumque
1833 1163 1882 1191 ho-

1087 1216 1158 1241 rutn,
1184 1217 1244 1243 qua:
1268 1209 1349 1242 hanc,
1367 1217 1427 1243 qua:
1453 1217 1528 1236 nunc
1559 1212 1609 1242 est,
1641 1210 1880 1236 conversationem

1087 1257 1269 1284 constituunt.
1285 1257 1338 1284 Sed
1351 1265 1402 1284 nec
1414 1257 1523 1292 quando
1549 1258 1736 1292 unusquisque
1757 1263 1880 1284 nostrum

1087 1308 1293 1330 consummatus
1310 1303 1402 1336 fuerit,
1431 1308 1538 1338 tempus
1555 1303 1633 1331 nobis
1661 1304 1792 1339 operandi
1817 1305 1879 1336 erit,

1087 1357 1138 1376 nec
1153 1350 1262 1385 quando
1286 1357 1402 1376 omnes:
1420 1354 1449 1376 ct
1471 1349 1522 1376 hoc
1544 1349 1625 1377 nimis
1649 1349 1768 1376 scienter
1793 1350 1881 1385 legem

1087 1396 1165 1427 dans,
1178 1396 1250 1423 Deus
1259 1396 1359 1431 quippe
1367 1399 1436 1428 erat,
1449 1395 1491 1423 his
1504 1395 1583 1423 nobis
1595 1395 1683 1422 innuit
1694 1400 1722 1422 et
1732 1396 1882 1430 superiori-

1087 1443 1138 1469 bus
1154 1442 1256 1472 \'erbis.
1272 1443 1298 1469 in
1316 1442 1505 1476 superioribus
1522 1442 1642 1477 quidem,
1660 1442 1881 1477 uniuscujusque

1088 1489 1169 1515 tinent
1182 1488 1335 1521 insinuans,
1350 1487 1392 1514 his
1404 1493 1507 1519 autem,
1522 1487 1785 1515 consummationem
1798 1488 1882 1515 totius

1086 1534 1196 1569 generis
1208 1535 1331 1567 humani,
1348 1534 1498 1569 mundique
1510 1533 1636 1562 visibilis.

1122 1580 1280 1607 Numerabis
1298 1589 1358 1615 ergo
1374 1581 1419 1607 tibi
1434 1586 1530 1616 septem
1544 1581 1721 1608 hebdomadas
1739 1589 1881 1612 annorum.

1087 1626 1150 1654 Sive
1179 1631 1207 1654 ut
1233 1625 1442 1661 LXX:Septcm
1466 1635 1527 1662 ergo
1547 1627 1697 1654 numerabis
1707 1627 1754 1653 tibi
1780 1627 1882 1661 requies

1086 1681 1227 1699 annorum.
1237 1672 1352 1699 Sabbata
1366 1677 1466 1703 autem,
1477 1680 1526 1707 pro
1538 1673 1626 1708 requie
1640 1673 1735 1707 reliqui
1745 1673 1882 1707 interpre-

1087 1725 1144 1747 tum
1165 1720 1320 1748 edidcrunt.
1348 1719 1379 1745 Et
1393 1720 1457 1754 quid
1474 1720 1526 1748 hoc
1540 1725 1581 1747 est
1594 1720 1605 1747 ?
1618 1720 1728 1755 Septem
1750 1720 1823 1747 enim
1844 1720 1883 1746 ait

1086 1766 1271 1793 hebdomadas
1281 1774 1415 1794 annorum
1429 1766 1541 1801 septies.
1555 1767 1588 1793 Et
1604 1771 1669 1793 sunt
1689 1771 1795 1801 septem
1813 1765 1882 1792 heb-

1086 1812 1216 1840 dotnades
1237 1820 1372 1840 annorum
1391 1813 1570 1848 quadraginta
1583 1820 1679 1840 novetn
1692 1812 1840 1847 anni,quia
1856 1812 1882 1838 in

1087 1858 1258 1886 hebdomade
1269 1858 1376 1887 dierum
1393 1863 1478 1886 totum
1493 1858 1625 1886 saeculum
1644 1858 1794 1885 humanum
1810 1857 1883 1885 divi-

1086 1905 1170 1941 ditur,
1183 1905 1293 1942 quando
1303 1905 1346 1932 hic
1355 1905 1413 1940 ipse
1424 1905 1450 1932 in
1463 1904 1611 1940 semetipso
1622 1903 1817 1938 multiplicatus
1827 1903 1884 1930 iue-

1086 1952 1132 1982 rit,
1148 1956 1175 1978 ct
1189 1956 1243 1978 tota
1266 1951 1356 1978 saeculi
1372 1951 1506 1987 completa
1523 1950 1605 1978 fuerit
1618 1950 1781 1978 volubilitas.
1803 1949 1883 1984 cujus

1088 2003 1195 2032 tempus
1208 1997 1323 2024 Creator
1332 1997 1466 2029 definivit,
1478 1997 1524 2025 diu
1536 1996 1714 2031 setnctipsum
1726 1995 1838 2022 volvens
1849 1995 1883 2022 ad

1088 2043 1169 2070 linem
1196 2043 1331 2078 pervenit.
1350 2042 1384 2069 Et
1404 2048 1551 2078 propterea
1576 2043 1621 2070 ille
1643 2042 1706 2070 ﬁnis
1725 2047 1882 2077 temporum

1089 2089 1320 2116 hebdomadarum
1349 2094 1424 2117 recte
1472 2089 1624 2124 appellatus
1653 2089 1883 2126 quadragesimus

1087 2143 1176 2162 nonus
1200 2143 1288 2163 annus
1309 2140 1362 2172 est.
1386 2135 1440 2162 Sed
1466 2140 1574 2170 oportet
1593 2135 1675 2162 etiam
1705 2139 1884 2170 sequentem,

1087 2181 1352 2216 quinquagesimum,
1363 2181 1433 2218 sicut
1446 2181 1484 2207 ait
1500 2180 1543 2207 ltic
1559 2179 1706 2216 legislator,
1722 2179 1881 2211 succedere,

1090 2226 1115 2252 itt
1130 2233 1183 2260 quo
1200 2230 1371 2252 mortuorum
1390 2225 1420 2252 ﬁt
1435 2225 1612 2252 resurrectio.
1629 2225 1694 2252 P0st
1709 2224 1790 2251 ﬁnem
1808 2223 1882 2250 enim

242 2259 316 2297 flabit
331 2259 400 2286 vobis
415 2261 448 2288 ".
467 2261 553 2296 llujus
565 2263 674 2297 quidem
693 2272 761 2298 opus
776 2265 829 2296 hic,
842 2265 868 2290 in
885 2264 976 2291 futuro
990 2272 1035 2291 au-
1052 2272 1072 2299 ι)
1089 2271 1253 2297 resurrectio
1275 2271 1408 2305 sequitur.
1419 2270 1486 2303 Qua:
1501 2271 1647 2309 quomodo,
1666 2275 1692 2298 et
1704 2270 1883 2307 quemadmo-

242 2311 294 2346 tctn
310 2306 415 2334 fructus
429 2312 480 2334 est.
494 2307 538 2335 Va:
555 2309 638 2340 enin],
651 2309 672 2337 δί
684 2310 745 2344 quis
759 2310 850 2337 vacuis
861 2310 924 2337 hittc
937 2311 1032 2337 ambu-

243 2353 338 2380 laverit
354 2353 490 2386 manibus,
514 2355 569 2387 illic
584 2356 628 2382 tibi
646 2361 753 2390 tempus
765 2356 819 2391 jam
835 2364 889 2383 non
906 2361 948 2383 est
971 2356 1033 2382 the-

241 2399 404 2433 saurizandi,
417 2408 471 2428 non
486 2402 628 2436 operandi,
643 2402 688 2429 sed
701 2402 757 2429 lucc
773 2402 960 2437 proferuntur,
978 2402 1035 2429 lure

243 2447 380 2479 fruuntur,
397 2455 457 2481 quin
484 2447 529 2475 hic
543 2453 646 2483 operati
657 2448 807 2483 luet-imus:
823 2449 922 2482 quibus
939 2455 1035 2482 supcr-

243 2491 380 2520 rudilicans
396 2493 542 2528 legislator,
557 2494 696 2528 sequentia
711 2494 828 2526 subdidit
841 2503 847 2520 :

293 2547 374 2579 Vsus,
393 2549 468 2578 8-15.
499 2559 507 2574 ι
537 2549 701 2581 Νυιηοηιὶήε
725 2558 834 2585 quoque
860 2551 906 2577 tibi
931 2556 1035 2585 srptcm

244 2591 430 2625 hebdomach
449 2602 595 2627 annortun,
618 2594 643 2621 id
663 2599 715 2625 cst,
738 2596 849 2630 septies,
875 2604 934 2630 qum
955 2596 1035 2622 simul

242 2637 347 2666 faciunt
361 2646 447 2666 annos
468 2640 649 2675 quadraginta
672 2649 780 2671 novem.
797 2646 825 2668 et
843 2641 952 2677 elanges
968 2642 1034 2669 buc-

243 2686 317 2718 cina.
330 2692 424 2713 mense
440 2686 568 2720 septimo.
587 2686 691 2714 decima
717 2688 761 2714 dic
776 2688 889 2719 mensis,
902 2688 1034 2723 propitiaf

245 2729 326 2756 timtis
340 2733 472 2764 tempore,
491 2729 518 2756 in
535 2729 659 2758 universa
676 2735 747 2759 terra
765 2737 864 2765 vestra,
885 2733 1036 2760 sant-tilica-

244 2775 340 2812 bisque
358 2783 460 2803 annum
480 2775 743 2811 quinquagesimum,
760 2782 787 2806 ct
810 2779 920 2807 vocabis
940 2779 1036 2807 retnis‘

293 2876 315 2894 “
336 2876 430 2907 Matth,
448 2887 510 2912 xxv,
529 2878 540 2905 l
559 2888 615 2913 seq.
673 2880 695 2894 ⁵⁶
711 2879 780 2906 PSul.
795 2889 891 2913 cum,
914 2882 937 2914 i,
951 2883 977 2909 εὶ.

241 2914 264 2929 ⁴⁸
283 2911 372 2950 Hier.
389 2923 431 2947 λγ,
450 2915 523 2948 '25;'|
541 2911 636 2942 Thess.
657 2923 693 2949 tv,
712 2915 752 2942 l-‘j.

1031 2883 1052 2896 ¹¹τ
1076 2881 1146 2910 ιιεςιι.
1163 2890 1220 2915 rtu,
1239 2882 1281 2908 ll.

1088 2317 1151 2344 dum
1168 2317 1320 2355 proveniat,
1333 2317 1398 2344 dicit
1413 2315 1526 2344 l’aulus.
1538 2316 1670 2344 Similiter
1690 2320 1780 2343 autem
1803 2320 1831 2342 et
1843 2315 1885 2341 le-

1089 2363 1200 2397 gislator
1208 2363 1389 2398 praesentibus
1400 2363 1522 2391 subdidit
1535 2362 1636 2393 verbis.
1648 2362 1685 2389 ait
1697 2362 1788 2389 enim:

1117 2409 1150 2436 Et
1160 2409 1283 2444 clangens
1294 2410 1503 2444 bucrina,mensc
1514 2410 1635 2443 septimo,
1645 2409 1673 2434 in
1682 2409 1802 2434 universa
1811 2413 1884 2434 terra

1091 2461 1187 2482 rostra.
1201 2455 1274 2482 Illam
1291 2455 1384 2482 tubam
1396 2455 1566 2490 significans,
1581 2455 1613 2481 de
1631 2462 1684 2489 qtta
1700 2453 1798 2480 Paulus
1813 2453 1885 2480 scri-

1091 2502 1130 2529 bit
1141 2501 1302 2535 Corinthiis,
1318 2500 1413 2528 dicetis
1428 2510 1434 2527 :
1451 2501 1520 2533 Quia
1538 2501 1592 2534 ipse
1613 2500 1740 2528 Dominus
1756 2499 1783 2525 in
1791 2499 1889 2534 jussu,

1090 2550 1116 2575 in
1133 2557 1192 2575 vara
1216 2548 1383 2583 Arclmugcli.
1401 2549 1426 2574 in
1451 2549 1513 2574 tuba
1531 2547 1579 2574 Dei
1602 2547 1739 2574 descendet
1760 2545 1792 2572 de
1807 2545 1888 2579 τφιο,

1089 2600 1113 2622 et
1127 2596 1224 2621 mortui
1238 2595 1282 2630 qui
1297 2594 1323 2620 in
1337 2594 1441 2622 Christo
1455 2599 1526 2626 sunt,
1547 2598 1681 2628 resurgant
1695 2591 1882 2625 inmrrupti“.

1089 2642 1205 2676 Oportet
1219 2641 1292 2668 enim
1310 2645 1479 2673 mortuorum
1499 2640 1731 2670 resurrectionem
1748 2639 1885 2666 suscitant-

1091 2693 1144 2715 tem
1154 2696 1201 2715 eos
1212 2688 1367 2723 praecedere
1379 2687 1484 2714 tubam.
1497 2687 1573 2714 Unde
1588 2686 1615 2713 in
1631 2686 1842 2720 quadragesimo
1856 2689 1885 2711 et

1092 2743 1165 2764 nono
1177 2741 1259 2767 anno,
1274 2734 1300 2760 in
1315 2742 1369 2768 qtto
1386 2740 1560 2761 communem
1576 2733 1697 2760 diximus
1707 2738 1884 2759 consumma-

1094 2781 1195 2810 tionem
1217 2781 1285 2813 fieri,
1300 2781 1364 2809 tuba
1380 2779 1440 2808 cani
1461 2779 1599 2815 praecepit.
1624 2780 1652 2806 tn
1675 2786 1770 2806 mense
1790 2782 1883 2805 autem

1338 2882 1359 2896 "
1375 2881 1456 2909 Ereti.
1474 2889 1529 2913 xiv,
1544 2880 1586 2907 l7.
1646 2880 1668 2895 δ’
1687 2879 1765 2906 Joan.
1783 2885 1820 2910 vt,
1835 2877 1881 2905 2'1.
