2056 3148
117 194 185 227 1113

687 200 728 231 ΙΝ
746 201 967 232 LEVITICUM.
989 215 1023 221 —
1043 204 1116 234 LIB.
1135 205 1201 236 VII.

1690 203 1760 238 1114

116 251 246 286 Ieptimo,
275 251 379 280 decima
399 254 511 289 mensis,
539 256 743 291 propitiationis
772 262 904 293 tempore,
921 260 944 288 Δ
959 259 1096 289 thesauros
1107 261 1134 287 in
1150 261 1224 294 caelo,
1245 262 1289 288 ubi
1303 270 1349 289 nec
1367 261 1449 293 tinea,
1464 270 1509 288 nec
1525 269 1614 296 wruga
1638 269 1759 289 corrum~

116 298 275 333 clangentes
299 298 416 327 buccina
439 300 465 327 in
484 301 611 329 uttiversa
631 307 702 330 terra
723 309 814 330 vestra
837 309 910 332 recte

115 342 258 377 przecepit,
293 351 343 378 per
374 344 596 380 propitiationem
630 348 820 380 manifestans,
847 349 910 383 quia

116 392 233 422 propter
254 388 405 416 bonitatem
422 395 449 417 et
463 390 636 418 clementiam
652 400 714 427 erga
730 401 812 420 omne
825 402 911 429 genus

115 432 278 466 humanum,
305 435 506 464 communionis
534 438 744 465 resurrectionis
770 439 911 474 dispensat

116 480 287 515 mysterium,
298 481 512 509 misericordiam
530 482 690 517 impendens
701 483 796 516 Adam,
805 485 851 519 qui
862 492 911 519 per

117 526 331 554 inobedientiam
350 527 377 554 itt
392 532 492 555 terram
515 529 614 556 reverti
633 536 785 564 praeceptus
800 535 842 557 est
858 541 865 557 :
885 531 908 558 si

116 573 189 600 enim
207 581 263 601 non
280 574 409 602 misertor
426 576 644 610 propitiatoriunt
659 576 764 608 fuisset,
781 585 835 604 non
847 585 909 605 eum

116 621 320 655 acorruptione
334 626 442 649 terrena
463 622 616 650 liberasset.
636 623 712 656 Quod
730 628 822 650 autent
842 624 910 652 dixit

116 660 226 693 omnem
252 671 363 700 terram,
387 668 450 702 qttia
477 669 558 696 totius
586 670 639 697 erit
662 670 775 696 humani
801 670 910 706 generis

117 713 292 740 resurrectio.
310 713 361 740 Per
375 715 521 749 septitnunt
537 720 629 742 autent
644 724 778 749 mensem,
794 721 821 743 et
833 716 909 744 dcci-

117 767 188 785 mam
203 759 286 792 diem,
303 767 365 786 eum
387 761 432 794 qui
451 761 508 788 haec
531 762 596 796 egit,
622 762 748 789 videlicet
769 762 908 790 Christunt

117 805 262 840 intelliges.
276 805 367 833 Mense
387 807 458 833 enim
480 807 600 842 septimo
614 812 680 835 aetas
700 809 794 835 mundi
809 809 884 836 venit
901 819 906 836 :

117 851 197 890 cujus
213 859 336 878 mensem
348 853 465 887 primttttt
482 853 599 881 dicimus
618 862 679 881 eunt
693 855 738 889 qui
757 854 807 882 fuit
818 855 845 881 in
862 850 909 890 pa-

118 888 209 924 radiso
225 905 232 929 ;
246 898 397 925 secundum
413 907 498 934 usque
511 900 543 926 ad
559 900 691 927 diluvium
705 911 711 928 :
726 902 848 934 tertium,
860 910 907 929 us-

117 951 170 977 que
190 944 225 970 ad
239 943 375 971 Abraham
391 954 397 971 :
413 950 540 980 quartum
559 954 644 981 usque
664 947 697 973 ad
712 952 830 982 tempus,
855 957 910 984 quo

117 990 283 1019 descensum
304 995 346 1018 est
366 991 393 1017 in
417 991 563 1027 Aigyptum
580 1001 586 1018 :
603 993 740 1027 quintum,
767 1002 853 1029 usque
877 996 909 1023 ad

116 1038 303 1072 captivitatem
320 1039 346 1065 itt
363 1038 535 1074 Babyloniam
549 1047 555 1065 :
570 1044 687 1071 sextum,
704 1048 791 1075 usque
813 1041 845 1068 ad
860 1041 910 1068 ad-

117 1088 230 1110 ventum
238 1083 337 1112 Christi
348 1094 353 1111 :
365 1085 521 1119 septimum,
530 1085 618 1119 ipsutn
631 1086 737 1113 Domini
746 1087 909 1121 adventum;

115 1137 181 1156 nam
203 1131 255 1157 etsi
287 1138 342 1157 non
370 1138 465 1173 omnes
497 1131 538 1158 hac
560 1131 741 1159 differentiam
764 1133 909 1167 quamdam

116 1173 189 1200 inter
202 1182 232 1202 se
241 1179 336 1202 aetates
348 1175 466 1207 habent,
489 1180 579 1203 tamen
590 1181 742 1211 tentporum
755 1177 830 1213 signa
842 1179 911 1206 sicut

116 1228 227 1248 menses
243 1221 354 1249 habent.
369 1222 422 1249 Sed
436 1222 569 1251 decimam
586 1223 657 1251 diem
674 1229 817 1259 propterea
833 1226 910 1254 addi~

116 1267 168 1298 dit,
181 1267 243 1302 quia
261 1268 289 1294 in
301 1268 506 1303 perfectionem,
520 1270 657 1304 perfectus
667 1272 768 1307 quippe
780 1281 911 1301 numerus

116 1317 159 1340 est
184 1313 317 1345 decimus,
336 1313 555 1349 propitiationem
579 1321 698 1344 nostram
723 1325 771 1353 per
788 1326 909 1352 crucem,

115 1363 200 1393 atque
223 1359 377 1393 paSsioncm
399 1360 525 1388 Christus
549 1362 662 1397 peregit.
687 1362 764 1390 Unde
784 1369 810 1391 ct
832 1373 910 1392 ovettt

116 1413 198 1440 quant
219 1405 325 1441 Moyses
349 1407 477 1442 praecepit
497 1407 642 1440 immolari,
668 1409 816 1443 perfectam
837 1419 908 1443 esse,

115 1452 258 1479 etdecinta
267 1452 310 1479 die
317 1454 436 1487 separari
453 1454 590 1489 pitecepit,
601 1455 683 1490 hujus
693 1461 833 1491 gerentem
843 1458 910 1485 ima-

116 1498 220 1533 ginem,
235 1498 269 1525 de
282 1506 337 1533 quo
350 1499 429 1526 ttobis
445 1508 518 1527 nunc
540 1509 630 1528 sermo
655 1506 707 1529 est.
731 1502 801 1535 Quid
818 1509 910 1531 autem

117 1544 162 1570 his
172 1543 299 1571 addidit?

153 1599 389 1636 Sauctiﬁcabisque
408 1609 507 1628 annum
527 1603 786 1638 quinquagesimum,
820 1611 844 1632 et
865 1615 909 1633 vo-

117 1646 191 1672 cabis
203 1646 382 1673 remissionem
406 1648 506 1674 cunctis
530 1648 722 1676 habitatoribus
747 1655 824 1678 terra:
849 1656 911 1679 tute.

119 1692 300 1727 Septuaginta
317 1697 408 1720 autent
426 1693 540 1724 addunt.
561 1694 651 1721 Annus
671 1697 831 1723 remissionis
864 1698 913 1724 erit

118 1738 202 1765 vobis.
227 1738 396 1774 Signiﬁcatio
425 1740 483 1768 itaac
508 1741 733 1774 sanctiﬁeabitur,
764 1743 790 1770 id
821 1748 863 1770 est
885 1745 912 1771 in

118 1784 304 1811 sanctimonia
317 1785 390 1812 hunc
407 1791 573 1819 exspectate,
588 1791 613 1814 et
629 1791 722 1814 sancta
736 1788 770 1815 de
789 1796 822 1815 eo
839 1790 914 1824 cogi-

120 1834 188 1857 tate.
207 1830 261 1857 Sed
272 1835 300 1858 et
314 1831 524 1858 sanctimoniam
537 1832 562 1859 in
582 1841 615 1859 eo
632 1834 771 1868 eorrigite,
787 1835 913 1862 reminis-

119 1880 216 1903 centes
235 1876 324 1908 illum,
337 1877 383 1911 qui
398 1877 480 1907 dixit:
496 1877 689 1905 Pucemmeam
702 1881 841 1914 sequimini
855 1889 914 1908 cum

118 1923 239 1949 omnibus
265 1928 289 1950 et
313 1924 528 1956 sanctimoniam,
556 1925 612 1952 sine
634 1934 686 1960 qua
713 1934 788 1953 nemo
811 1928 907 1955 videbit

118 1969 246 1995 Deum“.
261 1968 315 1995 Sed
330 1975 358 1996 et
373 1970 502 1997 omnibus
516 1970 564 2004 qui
579 1976 643 1997 sunt
661 1971 689 1997 itt
707 1976 789 2004 terra,
817 1973 913 2000 remis-

118 2014 228 2041 sionem
259 2015 470 2047 annuntiemus,
489 2016 596 2051 prolata
611 2021 704 2043 contra
730 2025 780 2044 nos
802 2023 914 2053 propter

117 2060 206 2087 Adam
226 2062 374 2088 sententia.
395 2062 566 2097 Signiﬁcatio
583 2062 642 2089 haec
668 2067 719 2095 est,
740 2063 847 2098 signum
871 2069 913 2091 est

117 2106 193 2133 enim
208 2110 378 2133 mortuorttut
400 2108 567 2134 resurrectio
581 2107 682 2135 Christi
711 2108 841 2140 victoriae,
866 2116 914 2143 per

119 2159 202 2185 quam
218 2151 304 2178 vincit
327 2151 479 2183 inimicum,
511 2152 603 2179 omnia
622 2153 771 2188 subjiciens
800 2154 863 2186 sibi,
886 2159 914 2182 et

118 2198 265 2225 destruens
296 2202 433 2230 mortem,
463 2198 695 2232 quemadmodum
727 2200 826 2227 Paulus
854 2201 910 2228 ait:

118 2242 228 2276 Oportet
243 2251 302 2269 eum
319 2251 439 2278 regnare,
471 2244 552 2270 donec
577 2250 658 2278 ponat
686 2253 774 2271 omnes
794 2245 913 2272 inimicos

117 2290 165 2317 sub
196 2290 307 2324 pedibus
343 2291 407 2317 suis.
435 2291 582 2319 Novissime
625 2292 733 2319 inimica
764 2293 912 2320 destruetur

119 2345 189 2363 mar:
203 2337 236 2363 ".
254 2336 307 2364 Sed
324 2337 486 2372 signiﬁcatio
505 2337 563 2365 haec
578 2346 627 2373 per
640 2338 825 2372 evangelicam
839 2346 910 2373 prte-

119 2382 283 2409 dicationem
297 2382 414 2410 efﬁcitur
427 2392 434 2416 ;
448 2383 572 2412 Christus
588 2384 661 2411 enirn
675 2384 834 2418 adveniens,
850 2393 910 2412 eam

119 2428 282 2463 signiﬁcavit
293 2433 374 2463 atque
386 2430 555 2464 przedicavit.

155 2476 225 2503 Tum:
242 2481 387 2504 revertetur
405 2477 482 2504 homo
507 2479 542 2503 ad
564 2478 752 2511 possessionem
775 2487 862 2510 suam,
890 2485 914 2506 et

118 2523 296 2558 unusquisque
312 2522 394 2550 rediet
410 2524 445 2550 ad
463 2523 594 2558 familiam
610 2525 760 2558 pristinam,
782 2525 823 2551 vel
843 2526 914 2552 sicut

119 2570 310 2604 Septuaginta,
344 2570 379 2596 ad
405 2571 525 2604 patriam
555 2579 643 2597 suam.
669 2570 813 2599 Posses~io
839 2573 912 2599 enint

119 2619 212 2642 nostra
230 2620 281 2647 est,
297 2620 325 2642 et
337 2615 460 2648 itnleplio
478 2616 561 2642 futuri
576 2616 680 2648 saeculi,
692 2617 755 2651 quia
769 2617 841 2644 illam
858 2625 910 2644 non

119 2660 150 2687 ad
165 2666 285 2695 tempus,
303 2661 351 2688 sed
377 2660 404 2687 in
424 2666 587 2696 perpetuum
608 2663 792 2697 possnlemus,
807 2668 835 2690 ct
862 2671 912 2691 nec

120 2713 192 2733 nunc
205 2706 319 2741 quidem
330 2706 425 2741 hujus,
441 2715 515 2734 ttunc
531 2713 624 2735 autent
640 2708 722 2740 illius,
734 2709 782 2735 sed
801 2717 910 2744 semper

120 2753 242 2787 ejusdem
261 2756 303 2780 est
318 2753 406 2785 ﬁrma,
427 2758 527 2788 etquae
546 2762 601 2781 non
618 2754 705 2789 possit
729 2755 829 2782 auferri
851 2763 912 2790 pns-

121 2798 215 2830 sessio,
232 2798 267 2825 de
281 2805 334 2833 qua
350 2798 482 2826 Dominus
496 2798 622 2826 dicebat:
640 2799 825 2827 Thesaurizule
843 2799 912 2826 vobis

155 2886 174 2904 “
190 2885 275 2913 ilcbr.
289 2894 336 2919 stt,
355 2886 397 2915 ll.

123 2921 163 2956 Iip.
178 2930 196 2954 ι,
208 2921 255 2950 25.

441 2888 462 2902 ⁶¹
477 2889 483 2913 Ι
501 2888 561 2915 Cor.
580 2897 624 2920 .\v,
640 2889 684 2920 ‘25,
698 2888 740 2915 ‘16.

778 2889 799 2904 "'"
813 2889 904 2916 Matth.
921 2897 958 2921 vl,
977 2890 1018 2916 i9.

964 306 1014 340 pit,
1029 314 1074 333 nec
1088 307 1160 342 fures
1179 307 1314 342 effodiunt,
1340 314 1365 335 et
1396 309 1522 343 furantur
1533 308 1566 334 ⁸³.
1596 307 1650 335 Sed
1674 312 1701 334 et
1725 308 1759 336 ad

964 351 1096 378 familiam
1113 352 1255 386 pristinam
1272 353 1405 384 redimus.
1421 353 1464 380 vel
1475 353 1548 381 sicut
1564 352 1757 388 Septuaginta,

967 397 1003 424 ad
1028 398 1146 431 patriam
1174 403 1294 425 nostram
1321 399 1524 426 ambulabimus.
1548 399 1692 427 Manifesta
1719 405 1761 427 est

964 444 1038 470 enim
1057 445 1182 478 quaedam
1195 445 1344 472 amantium
1357 445 1571 480 hospitalitatem
1593 446 1690 480 patria,
1702 446 1760 473 sive

964 489 1077 523 familia,
1108 491 1152 518 cui
1176 491 1314 518 Abraham
1345 496 1454 526 praeest,
1484 492 1628 519 manifesta
1655 498 1759 521 castro—

965 543 1038 568 rum,
1054 536 1241 572 cujusJoseph
1258 537 1387 572 princeps
1401 540 1445 564 est
1460 547 1466 564 :
1483 537 1629 565 manifesta
1656 538 1760 565 zelato-

965 590 1034 614 rum,
1050 583 1128 617 cujus
1145 583 1215 610 Elias
1227 583 1375 618 primatum
1392 587 1477 615 tenet,
1498 591 1614 618 quarum
1643 584 1759 611 haeredi-

964 633 1048 655 tatem
1064 629 1241 664 percipimus,
1265 630 1375 664 quando
1399 629 1497 657 horum
1530 638 1593 664 quae
1611 630 1656 657 hic
1684 636 1758 662 sunt,

964 674 1100 707 remissio,
1125 679 1153 701 et
1177 675 1360 702 sanctiﬁcatio
1381 680 1476 702 contra
1502 680 1619 703 tnortem
1639 676 1759 703 victoria:

963 725 1073 755 peracta
1087 721 1179 748 fuerit.

999 767 1029 793 In
1061 768 1280 802 quinquagesimo
1309 776 1381 794 anno
1408 769 1455 803 qui
1485 774 1542 803 post
1567 769 1759 796 hebdomadam

964 812 1205 839 hebdomadarum:
1237 812 1266 839 id
1295 817 1355 845 est,
1386 818 1446 848 post
1475 821 1648 840 communem
1676 814 1758 840 ﬁnem

964 859 1066 890 veniet,
1084 859 1249 887 sicutsentel
1264 864 1405 887 ostensum
1431 864 1482 887 est.
1506 860 1583 887 Tunc
1608 868 1664 887 non
1695 868 1759 895 pos-

963 910 1028 933 sunt
1047 906 1187 938 seminari,
1204 913 1294 940 neque
1312 906 1378 932 meti
1395 910 1494 940 sponte
1511 905 1538 932 in
1557 913 1622 940 agro
1642 913 1761 932 nascen-

927 942 947 969 Β
964 952 1010 983 tia,
1028 959 1117 986 neque
1134 952 1268 987 primitias
1282 951 1431 979 vindemiae
1456 951 1557 986 colligi.
1570 951 1665 986 Neque
1686 951 1759 978 ettim

963 1003 1072 1033 tempus
1082 1003 1134 1030 est,
1153 999 1179 1025 in
1194 1006 1249 1033 quo
1270 998 1350 1025 nobis
1363 1006 1410 1032 per
1426 998 1616 1032 operationem
1642 997 1759 1032 conqui-

962 1053 1054 1072 rantus
1074 1046 1193 1080 aliquam
1213 1047 1435 1077 sanctimoniam,
1462 1053 1544 1080 quam
1573 1045 1599 1072 in
1624 1045 1674 1072 ltac
1706 1046 1758 1072 vita

960 1099 1016 1119 non
1030 1092 1248 1126 conquisivitttus
1266 1092 1293 1119 itt
1311 1092 1412 1119 satcuio
1434 1091 1537 1124 futuro,
1553 1092 1599 1118 sed
1621 1091 1674 1118 frui
1702 1091 1758 1124 itis,

961 1145 1020 1172 qua:
1037 1138 1081 1164 hic
1095 1139 1198 1172 operati
1209 1137 1353 1170 fuerimus,
1370 1143 1398 1165 et
1413 1142 1557 1172 propterea
1579 1137 1687 1164 subdit:

997 1184 1157 1212 Sed‘statim
1174 1184 1264 1210 oblata
1299 1184 1449 1210 comedetis.
1466 1183 1516 1210 Vel
1547 1183 1616 1210 sicut
1644 1182 1759 1218 Septua-

961 1231 1045 1266 ginta,
1058 1231 1090 1257 de
1101 1231 1202 1265 cantpis
1222 1231 1373 1263 comedetis,
1392 1238 1450 1265 qua:
1466 1234 1612 1257 nascuntur
1629 1230 1657 1255 iu
1670 1237 1713 1259 ea,
1734 1228 1760 1255 id

961 1282 1002 1304 est
1017 1282 1121 1312 parata,
1146 1285 1201 1304 tton
1229 1284 1290 1312 qua:
1317 1281 1383 1304 tunc
1406 1277 1595 1308 seminantur,
1622 1283 1674 1302 MCC
1700 1283 1761 1309 quae

960 1323 1098 1356 coluntur,
1127 1323 1173 1349 sed
1204 1323 1269 1350 olim
1288 1323 1492 1358 przeseminata,
1520 1327 1547 1349 et
1579 1325 1759 1356 pratopet'ata.

962 1368 1029 1395 Illud
1055 1373 1097 1395 est
1127 1368 1202 1394 enim
1225 1373 1343 1403 tempus,
1376 1369 1481 1403 dequo
1497 1368 1535 1395 ait
1565 1367 1670 1394 David:
1693 1366 1760 1399 Quia

961 1415 1048 1441 reddis
1062 1414 1203 1449 unicuique
1228 1415 1370 1441 secundant
1388 1422 1470 1448 opera
1501 1422 1550 1441 sua
1560 1414 1592 1439 °".
1618 1413 1671 1440 Sed
1693 1413 1760 1447 quid

961 1460 987 1487 in
1001 1460 1082 1486 ﬁncnt
1098 1460 1243 1495 prresentis
1254 1459 1410 1487 sanctiottis
1421 1460 1501 1487 dixit:
1512 1459 1587 1486 Anno
1597 1459 1703 1493 jnbilci,
1720 1459 1761 1485 vel

961 1508 1112 1535 secundum
1129 1506 1318 1543 Septuaginta,
1333 1515 1403 1534 anno
1417 1507 1577 1534 remissionis
1587 1506 1763 1542 signiﬁcatio-

962 1555 1001 1581 uis
1015 1555 1114 1581 redith
1131 1563 1218 1581 omnes
1239 1555 1274 1581 ad
1286 1554 1460 1589 possessiones
1474 1561 1547 1580 suas.

926 1617 946 1645 ε
998 1601 1148 1628 Evidenter
1165 1608 1215 1627 ttos
1238 1601 1291 1632 lex,
1315 1608 1363 1635 per
1386 1601 1436 1627 hoc
1459 1599 1533 1634 quod
1557 1607 1632 1626 nunc
1655 1598 1760 1626 dictum

966 1651 1007 1673 est
1036 1651 1216 1677 contestatur,
1243 1647 1307 1681 quia
1338 1647 1380 1673 vel
1405 1646 1428 1673 si
1453 1646 1518 1672 hinc
1546 1645 1760 1675 recesserimus,

967 1701 1052 1727 lisque
1065 1693 1098 1720 ad
1115 1701 1217 1720 annum
1229 1693 1409 1724 remissionis,
1440 1691 1486 1727 qui
1507 1695 1549 1718 est
1564 1690 1762 1719 sanctiﬁcatio-

966 1740 1019 1772 nis,
1040 1747 1126 1774 usque
1139 1740 1175 1776 ad.
1191 1748 1366 1767 communem
1392 1739 1520 1766 videlicet
1542 1737 1761 1766 consummatio-

966 1795 1040 1818 nem,
1053 1792 1080 1813 et
1097 1791 1267 1813 ntortuorunt
1284 1785 1526 1818 resurrectionem,
1542 1792 1623 1819 quam
1635 1784 1762 1811 Christus

966 1837 1104 1866 operatur,
1115 1831 1234 1866 quando
1257 1831 1393 1867 integrum
1407 1831 1496 1866 surgit
1508 1835 1604 1858 contra
1619 1830 1760 1858 inimicum

965 1883 993 1904 et
1009 1882 1126 1905 ntortem
1149 1877 1315 1912 trophaum,
1332 1877 1366 1904 ad
1393 1876 1597 1911 possessionem
1614 1884 1702 1907 suam,
1728 1876 1762 1902 ad

966 1923 1154 1950 hrereditatem
1173 1923 1303 1950 videlicet
1315 1930 1397 1950 nemo
1412 1922 1503 1950 redire
1526 1926 1626 1957 potest,
1650 1926 1763 1956 propter

965 1969 1038 2003 quod
1054 1973 1081 1995 et
1100 1968 1201 1995 Paulus
1215 1968 1267 1995 ait:
1286 1968 1340 1995 Nos
1355 1969 1400 2003 qui
1419 1968 1540 1998 rit-imus.
1554 1976 1606 1994 non
1617 1968 1761 2002 pra’veuie-

965 2023 1023 2042 inus
1034 2022 1076 2041 eos
1092 2015 1137 2049 qui
1165 2015 1328 2041 dormierunt
1339 2015 1371 2040 ⁸³,
1387 2013 1481 2048 Neque
1510 2013 1583 2040 enini
1610 2013 1687 2047 justi,
1714 2012 1760 2046 qni

966 2061 1017 2087 vivi
1036 2061 1210 2094 appellantur
1234 2065 1357 2087 mortuos
1373 2060 1542 2094 prtcccdunt,
1567 2058 1613 2086 sed
1638 2058 1760 2085 omnium

963 2107 1096 2142 judicium
1113 2107 1164 2134 erit
1181 2114 1339 2138 commune,
1369 2111 1396 2133 et
1413 2114 1512 2132 ontncs
1531 2105 1611 2132 simul
1628 2105 1660 2132 ad
1687 2112 1761 2131 cont-

964 2154 1086 2188 petentia
1117 2154 1169 2181 sibi
1205 2154 1263 2181 loca
1291 2153 1531 2180 transmittuntur.
1572 2151 1643 2179 Bene
1669 2157 1759 2178 autent

966 2199 1082 2231 rcdient,
1106 2200 1154 2231 ait,
1171 2199 1232 2234 quia
1249 2199 1282 2226 ad
1304 2199 1388 2226 Deum
1417 2199 1604 2233 ambulamus,
1622 2206 1637 2225 a
1660 2205 1713 2232 quo
1733 2202 1761 2224 et

965 2246 1103 2277 venimus,
1120 2253 1182 2273 cum
1199 2254 1253 2273 tton
1277 2253 1401 2273 essemus
1422 2245 1508 2280 prius.
1534 2244 1648 2276 Quando
1668 2247 1759 2270 autem

965 2292 1120 2320 venerimus
1135 2292 1168 2319 ad
1185 2300 1260 2323 eum,
1277 2296 1342 2319 tunc
1355 2299 1418 2318 esse
1432 2291 1590 2326 incipimus.
1608 2289 1661 2316 Sed
1675 2289 1759 2323 cuipi-

966 2347 1026 2367 mus
1036 2339 1146 2374 quidem
1159 2347 1219 2366 esse
1230 2339 1422 2368 communiter,
1436 2346 1468 2364 ex
1485 2345 1538 2372 quo
1551 2337 1636 2363 Adam
1652 2340 1760 2363 creatus

965 2389 1020 2411 est:
1038 2383 1195 2418 specialiter
1213 2388 1306 2410 atttem
1323 2383 1511 2417 ttttusqttisqtte
1529 2386 1581 2413 est.
1598 2389 1628 2407 cx
1654 2389 1709 2414 qtto
1732 2379 1758 2406 in

966 2434 1061 2456 ventre
1073 2435 1199 2456 materno
1212 2429 1362 2463 plasmatus
1375 2433 1427 2456 est.
1438 2427 1556 2454 aitcnim
1576 2436 1582 2452 :
1595 2426 1644 2459 Qui
1660 2426 1759 2452 format

965 2475 1092 2510 spiritum
1111 2475 1230 2502 hominis
1250 2475 1277 2501 in
1294 2475 1396 2509 ipsum.
1413 2475 1435 2500 Α
1454 2474 1507 2500 Deo
1524 2478 1615 2499 tamen
1633 2473 1759 2499 venimus

966 2522 1072 2549 ratione
1090 2520 1203 2556 opiﬁcii,
1225 2525 1253 2548 et
1281 2520 1448 2547 conditionis
1472 2521 1541 2554 ejus,
1560 2523 1672 2554 propter
1685 2519 1757 2554 quod

964 2573 991 2596 et
1007 2569 1107 2595 Paulus
1122 2568 1248 2595 dicebat:
1267 2567 1396 2594 (Ioarctor
1413 2572 1499 2593 autem
1518 2574 1550 2592 ea:
1562 2566 1673 2597 duobus,
1690 2566 1758 2592 desi-

964 2615 1067 2642 derium
1082 2614 1180 2640 habens
1197 2613 1314 2646 dissolvi,
1328 2618 1352 2640 et
1369 2622 1427 2640 rum
1443 2613 1547 2639 Christo
1564 2621 1618 2639 esse
1629 2613 1662 2639 ν’,
1679 2612 1756 2645 Quod

965 2661 1115 2694 unicuique
1140 2665 1266 2687 nostrum
1282 2667 1343 2686 cum
1370 2659 1469 2686 ﬁducia
1487 2659 1638 2694 proveniat.
1663 2660 1688 2686 id
1704 2664 1756 2691 est,

967 2712 996 2735 ut
1011 2707 1211 2742 possessionem
1231 2707 1342 2739 bonam,
1357 2711 1385 2734 et
1403 2715 1464 2741 quae
1487 2706 1598 2733 familiis
1620 2707 1756 2741 justorum

966 2759 1195 2785 connumerctur,
1232 2753 1405 2780 inveniamus
1438 2757 1520 2788 atque
1557 2753 1755 2788 possideamus.

967 2801 1046 2828 Tunc
1053 2800 1125 2828 enim
1133 2803 1250 2831 nostras,
1259 2800 1330 2827 sicut
1341 2799 1469 2832 diximus,
1480 2799 1667 2834 possessiones
1683 2798 1756 2825 inve~

1655 2887 1678 2902 “
1692 2885 1757 2914 Phi-

1061 2890 1082 2906 “
1098 2890 1168 2918 Psal.
1186 2897 1239 2922 ut,
1263 2889 1302 2916 15.
1351 2889 1372 2903 ⁶³
1390 2888 1506 2916 l'fhcss.
1520 2895 1558 2921 tx,
1574 2887 1611 2915 lt.
