2056 3148
877 140 926 150 ιη,

294 203 361 237 1115

893 206 1076 238 HESYCHII
1098 205 1338 238 PRESBYTERI

1868 203 1935 239 1116

258 292 262 295 η
293 264 400 291 niemus
412 283 420 296 ,
452 266 517 291 tunc
545 262 733 292 lla-reditatem
760 264 939 299 accipiemus.
971 264 1088 300 Propter
1102 266 1125 294 Α
1138 265 1237 292 habens
1256 273 1311 292 sua:
1323 265 1479 295 voluntatis.
1493 270 1517 292 et
1543 264 1591 291 hoc
1604 264 1737 300 judicavit
1752 264 1780 290 in
1795 263 1873 290 corde
1888 271 1936 289 suo

293 308 366 342 quod
382 309 541 336 numerabis
555 308 603 336 tibi
620 314 726 343 septem
742 309 938 342 hebdomadas,
968 310 1025 337 sive
1048 318 1088 337 se-

293 358 366 388 ptem
385 353 543 380 numerabis
558 353 724 388 tibimetipsi
749 355 859 389 requies
885 362 1032 387 annorum,
1061 355 1088 382 in

294 398 376 433 hujus
392 398 459 433 legis
475 399 588 426 exordio
606 399 744 434 legislalor
759 400 837 427 dixit.
854 399 912 427 Non
937 402 1001 435 quia
1017 401 1089 427 diem

294 450 322 472 et
339 445 435 472 horam
450 445 521 471 illam
542 453 657 472 numero
674 447 908 480 comprehendere
931 452 1087 482 possumus,

294 491 342 518 Sed
367 491 638 525 etquemadmodum
665 497 844 519 numerantes
874 493 956 519 linem
983 493 1090 519 numeri

268 570 270 572 τ
295 542 466 572 exspectant,
481 538 521 565 sic
541 545 590 564 nos
606 545 661 564 non
679 538 766 564 solum
780 538 925 573 specialem
956 544 1088 570 nostram,

268 574 269 577 Ἰ
295 584 344 610 sed
365 589 392 610 et
404 591 577 611 einnmnnem
606 584 785 619 respiciamus
813 585 1089 615 consummationem,

295 629 323 654 in
356 636 409 662 qua
436 633 573 655 terrenam
604 629 804 663 correptionem
831 629 1030 664 relinquentes,
1057 629 1091 656 ad

296 682 429 708 supernas
444 675 641 708 possessiones,
660 683 721 709 qua:
735 675 793 701 sine
809 675 902 702 labore
919 680 993 707 sunt,
1004 680 1092 702 trans-

297 720 441 746 :nittimur.
456 720 507 747 Sed
527 725 554 746 et
578 721 611 747 ad
629 721 752 755 requiem
768 721 859 748 smculi
887 721 981 753 futuri,
1011 729 1092 756 quam

298 766 542 800 quinquagesimus
556 773 645 793 annus
664 767 817 802 signiﬁcare
833 767 923 794 dictus
939 772 990 800 est,
1020 769 1092 796 unde

298 815 326 837 et
341 810 468 839 Salomon
487 811 514 838 in
535 812 689 839 Proverbiis
708 812 794 839 dixit:
825 813 865 839 Da
883 818 970 846 partes
983 819 1090 847 septem,

298 864 345 883 nec
354 865 405 882 non
421 862 477 883 octo
489 857 520 886 (³⁷.
534 862 564 884 ut
588 858 621 884 ad
640 859 919 891 consummationem,
949 867 1030 893 quam
1048 867 1093 886 se-

297 903 438 937 ptenarius
457 910 588 930 numerus
621 903 767 939 signiﬁcat,
795 905 980 938 intendamus,
1007 911 1034 933 et
1059 907 1093 934 ad

298 949 420 984 requiem
447 950 538 976 saeculi
568 950 678 977 futuri:
707 951 780 978 illam
810 952 883 978 enim
911 956 1007 979 octava
1034 953 1092 980 dies

295 995 444 1030 signiﬁcat.
462 996 577 1030 Propter
590 997 662 1031 quod
681 1002 707 1024 et
723 998 824 1025 CitriSli
846 999 1012 1026 resurrectio
1031 1003 1093 1033 post

296 1042 442 1075 septimam
454 1042 526 1068 diem
543 1042 653 1070 Sabbati
684 1044 711 1070 in
739 1049 834 1070 octava
852 1049 960 1078 peracta
980 1049 1031 1076 est,
1058 1051 1093 1071 ex

299 1094 353 1119 qua
389 1087 575 1115 substantiam
599 1089 694 1116 habuit
722 1090 886 1117 universalis
922 1095 1092 1118 mortuorum

297 1134 474 1160 resurrectio.

333 1178 416 1207 Vsus.
442 1180 536 1207 14-17.
573 1190 581 1206 l
604 1181 718 1214 Quando
741 1183 844 1209 vendes
875 1183 1014 1218 quidpiam
1040 1185 1093 1212 civi

298 1231 355 1256 tuo,
372 1227 414 1252 vel
434 1235 509 1253 cities
521 1228 556 1254 ab
572 1235 603 1255 eo
614 1248 621 1261 ,
650 1237 684 1255 ne
707 1229 853 1255 contrisres
876 1230 987 1257 fratrem
1004 1235 1091 1264 tuum,

297 1272 432 1307 sedjuxta
447 1281 591 1300 numerum
614 1281 748 1301 annorum
769 1275 864 1310 jnbilei
890 1271 966 1302 emes
993 1277 1028 1303 ab
1049 1284 1092 1309 eo,

296 1324 326 1345 et
341 1319 418 1353 juxta
435 1320 657 1354 supputationem
671 1322 778 1354 frugum
795 1322 895 1349 vendet
910 1323 967 1350 tibi.
985 1322 1094 1355 Quanto

298 1364 361 1399 plus
376 1365 441 1391 auiti
459 1366 643 1392 remanserint
661 1367 874 1400 postjubileum,
893 1373 969 1394 tanto
992 1369 1092 1396 crescit

299 1411 431 1446 pretium.
460 1412 492 1438 Et
519 1413 714 1446 quantominus
734 1414 925 1441 numeraveris
952 1416 1092 1450 temporis,

298 1462 404 1484 tantum
419 1458 535 1485 minoris
555 1464 582 1485 et
598 1459 700 1493 emrtio
710 1460 858 1486 constabit.
875 1459 995 1495 Tempus
1020 1462 1092 1488 enim

298 1504 409 1538 frugum
436 1505 537 1531 vendet
569 1505 628 1532 tibi.
660 1505 750 1533 Nolite
778 1506 897 1540 allligere
926 1507 1094 1535 contribules

298 1554 415 1580 vestros,
429 1551 476 1576 sed
493 1551 588 1577 timeat
602 1553 792 1587 unusquisque
816 1552 902 1580 Deum
920 1561 1010 1580 suum.
1025 1554 1094 1586 Quia

295 1603 349 1630 ego
363 1596 496 1624 Dominus
514 1597 587 1624 Dens
604 1602 702 1624 vester.
727 1607 736 1624 ι

335 1641 402 1668 Esse
427 1641 545 1676 aliquam
572 1643 769 1677 venditionem,
796 1645 876 1678 cujus
895 1645 955 1672 sine
984 1651 1094 1681 argento

300 1692 461 1714 contractus
484 1689 622 1722 provenit,
650 1694 744 1723 aperte
761 1697 811 1717 nos
825 1691 908 1717 lsaias
927 1691 1032 1722 docuit,
1058 1692 1096 1719 ait

297 1739 382 1766 ergo:
402 1732 499 1760 Omnes
523 1734 642 1760 sitientes
657 1735 741 1761 venite
759 1736 794 1762 ad
819 1744 914 1770 aquas,
930 1742 954 1763 et
983 1738 1028 1772 qui
1045 1747 1095 1764 non

297 1777 401 1804 ltabctis
417 1783 557 1813 argentum
571 1785 724 1814 properate,
751 1786 775 1807 et
796 1782 964 1808 comedim“.
982 1781 1097 1817 Propter

300 1824 376 1858 quod
392 1825 432 1851 sic
461 1825 570 1851 dicebat
589 1825 696 1857 Petrus,
722 1827 911 1855 condemnans
937 1828 1095 1856 Simonem:

303 1870 422 1897 Pecunia
438 1876 483 1897 tua
494 1875 579 1898 tecum
592 1872 625 1898 sit
641 1872 668 1898 in
684 1873 839 1906 perditione,
859 1874 922 1908 quia
934 1874 1030 1900 donum
1047 1874 1096 1901 Dei

308 1915 449 1942 a'stimasti
463 1917 576 1950 pecunia
591 1918 721 1951 possideri
733 1918 770 1945 ".
788 1919 893 1945 Bonum
908 1924 935 1946 et
953 1928 1016 1947 vere
1031 1920 1097 1947 bea—

303 1963 361 1986 tum
376 1965 428 1991 est,
442 1962 513 1995 quod
535 1961 656 1996 spiritale
681 1966 733 1994 est,
750 1971 805 1990 non
824 1969 914 1990 tamen
931 1964 1007 1998 ('lljns
1035 1973 1098 2000 pos-

303 2006 456 2033 sessionem
468 2007 509 2034 l‘as
524 2008 559 2034 sit
579 2009 703 2042 pecuniis
714 2009 839 2043 adipisci.
859 2010 951 2037 Talem
967 2015 995 2038 et
1025 2019 1098 2039 nunc

301 2053 490 2080 venditionem
510 2058 537 2081 ct
551 2055 754 2089 possessionem
771 2057 922 2091 spiritalem
935 2057 978 2085 lex
1000 2065 1099 2094 propo-

302 2100 354 2132 nit,
371 2101 410 2127 ait
424 2101 516 2127 enim:

340 2145 452 2178 Quando
467 2151 560 2174 vendes
569 2149 705 2182 quidpiam
719 2150 769 2176 civi
784 2154 839 2182 tuo,
858 2151 899 2177 vel
919 2160 987 2178 emes
1002 2152 1033 2179 ab
1049 2153 1098 2180 eo?

302 2191 333 2219 id
362 2197 414 2224 est,
443 2193 465 2219 si
492 2194 609 2228 aliquam
641 2195 807 2227 doctrinam,
834 2202 881 2224 aut
902 2198 1021 2230 dederis,
1051 2203 1099 2226 aut

302 2239 452 2273 acceperis,
472 2239 498 2267 id
520 2245 562 2267 est
590 2245 636 2268 nul
652 2242 788 2275 docueris,
806 2247 853 2270 aut
869 2243 982 2271 edoctus
1002 2245 1096 2276 lueris,

303 2284 362 2311 hac
376 2289 417 2311 est
431 2285 503 2311 enim
520 2285 589 2312 bona
608 2287 757 2320 possessio,
770 2295 830 2322 qum
848 2288 880 2314 ad
895 2289 1095 2323 possessionem

303 2329 389 2356 futuri
414 2330 574 2357 transmittit
593 2331 697 2357 satculi.
721 2330 795 2358 Bene
822 2337 914 2359 autem
943 2334 1095 2368 coniunxit,

300 2376 413 2410 quando
430 2376 688 2414 vendes‘qnidpiam
704 2378 758 2404 civi
776 2382 834 2411 tuo,
852 2379 892 2404 vi-l
913 2381 983 2406 emis
996 2380 1030 2406 ab
1054 2388 1096 2407 eo.

302 2423 470 2450 Alterutrum
483 2423 556 2450 enim
571 2424 760 2456 suntdivitim,
771 2425 934 2452 alterutrum
948 2427 1095 2461 possossio,

300 2469 428 2504 discipuli
445 2474 527 2504 atque
546 2470 692 2498 doctores:
714 2471 786 2506 quod
803 2471 974 2499 demonstrat
986 2472 1096 2502 Paulus.

298 2515 453 2543 Corinthiis
464 2517 607 2543 scrib-ms:
625 2516 693 2549 Quia
711 2517 796 2552 gloria
812 2524 899 2544 uestra
915 2526 1016 2548 smnus,
1031 2519 1098 2545 sicut

301 2565 326 2587 et
350 2569 395 2588 vos
414 2566 516 2592 nostra,
535 2570 561 2587 ιη
584 2563 625 2589 die
654 2561 755 2589 Christi
769 2562 872 2589 Jesu”.
889 2562 927 2589 Ne
955 2563 1100 2590 contristet

298 2611 369 2639 ergo
388 2605 469 2632 homo
490 2605 613 2638 fratrem,
632 2606 658 2633 id
671 2611 722 2635 est.
739 2610 767 2632 ut
793 2614 847 2633 non
863 2614 947 2640 super
970 2607 1100 2633 virtutem

299 2650 448 2684 .discipulis
467 2651 633 2686 ingeramus,
659 2652 706 2679 sed
720 2660 780 2686 quae
805 2653 845 2679 eis
870 2657 934 2679 sunt
952 2652 1101 2686 possibilia,

303 2695 331 2722 id
352 2700 395 2723 est
413 2696 597 2731 virginitatem
606 2697 642 2728 ei,
663 2697 706 2724 cui
722 2698 858 2731 possibilis
872 2702 924 2729 est,
947 2698 983 2724 illi
1006 2697 1100 2724 videli-

303 2747 360 2775 cet,
374 2743 408 2769 de
420 2752 474 2777 quo
489 2743 528 2771 ait
543 2743 658 2770 Paulus:
679 2744 730 2776 Qui
743 2745 838 2771 statuit
854 2745 881 2771 in
904 2745 981 2771 corde
994 2752 1041 2771 suo
1051 2743 1098 2778 fir-

305 2796 375 2820 mus,
404 2796 455 2815 non
480 2788 578 2816 habens
609 2790 806 2821 necessitatem,
827 2795 983 2824 potestatem
1008 2795 1097 2816 autem

343 2887 364 2903 ’τ
382 2888 485 2917 l-lcoles.
502 2898 540 2922 ιι,
556 2890 582 2917 ἓ.
620 2889 642 2906 ⁸⁸
659 2889 708 2918 lsa.
724 2898 768 2922 Lv,
784 2891 808 2916 1.
849 2890 870 2906 ⁸⁵
883 2891 943 2918 Aet.
957 2899 1017 2918 vin.
1031 2890 1077 2918 ΞΟ.

308 2926 430 2974 uuqt
468 2927 491 2942 η
507 2926 602 2954 Matth.
618 2927 713 2961 xt,30.
751 2925 1073 2960 "Matth.xtx,ll,i‘2.

1140 311 1273 337 custodire
1293 311 1420 346 virginem
1441 320 1529 343 suam,
1556 310 1619 337 bene
1633 311 1708 345 facit.
1734 309 1895 345 Conjugium
1911 310 1936 337 ei

1141 357 1186 391 qui
1200 365 1251 382 non
1267 357 1340 391 capi:
1357 357 1518 391 virginitatis
1532 356 1648 387 verbum,
1672 356 1743 383 idem
1758 356 1832 382 enim
1851 356 1935 383 dixit:

1140 401 1174 428 Et
1184 402 1228 437 qui
1244 403 1326 429 tradit
1341 408 1450 437 nuptum
1467 403 1593 438 virginem
1608 410 1695 434 suam,
1710 402 1881 437 benefarit,et
1892 402 1937 436 qui

1142 455 1194 474 non
1211 448 1304 478 tradit,
1322 448 1414 475 melius
1438 449 1512 483 facit.
1531 449 1564 475 Et
1580 456 1688 476 rursus:
1717 448 1746 475 Si
1761 449 1819 483 quis
1846 453 1937 474 autem

1142 497 1244 527 turpem
1257 501 1283 519 se
1292 493 1376 519 videri
1386 493 1519 519 existimat
1534 501 1613 527 super
1624 493 1752 527 virginem
1766 501 1855 525 suam,
1867 493 1938 527 quod

1141 538 1174 564 sit
1189 546 1268 572 super
1283 538 1387 569 adulta,
1399 543 1422 564 et
1435 539 1472 564 ita
1488 542 1589 572 oportet
1606 537 1675 572 fieri,
1689 539 1757 568 quod
1767 542 1821 564 vntt
1842 538 1938 572 faciat,

1143 591 1194 610 non
1209 585 1331 618 peccatsi
1343 584 1465 611 nubat“.
1482 584 1638 611 Etrursus:
1658 583 1752 610 Melius
1772 589 1808 610 est
1830 585 1940 616 nubere,

1143 639 1223 666 quam
1236 632 1294 658 uri:
1307 631 1380 658 Idem
1396 631 1466 658 etde.
1481 639 1556 658 Ollllli
1567 629 1677 662 virtute,
1695 639 1754 657 eam
1770 638 1832 665 quae.
1844 637 1942 657 secuu-
1966 645 1970 649 -

1142 677 1205 704 dum
1220 676 1426 711 possibilitatem
1442 681 1494 709 est,
1512 684 1562 703 nos
1582 677 1639 711 ipse
1652 676 1726 703 Deus
1742 676 1836 711 exigit,
1858 681 1886 703 et
1912 676 1940 703 in

1143 722 1301 749 alterutrius
1326 721 1484 748 ministrare
1497 721 1565 753 vult,
1587 729 1649 748 nam
1669 720 1823 748 Pharisa-os
1847 728 1943 755 repre-

1144 768 1291 799 hendebat,
1307 772 1400 803 utpote
1417 768 1509 803 gravia
1524 768 1575 794 illis
1587 767 1787 802 praecipientes,
1803 766 1841 793 ait
1854 767 1940 793 enim:

1144 813 1263 849 Alligant
1279 822 1358 841 onera
1382 815 1475 849 grauia
1503 819 1527 841 et
1543 813 1737 848 importubilia,
1753 818 1778 840 et
1803 814 1943 847 imponunt

1145 858 1171 884 in
1187 858 1303 884 humeris
1326 857 1461 884 hominum
1472 858 1505 884 τί.
1532 857 1619 885 Nimis
1648 865 1715 893 ergo
1739 861 1945 892 consequenter

1146 903 1285 938 legislator
1300 903 1417 930 addidit:

1111 939 1131 966 Β
1179 949 1230 977 Sed
1247 949 1327 984 juxta
1347 958 1486 977 numerum
1499 958 1630 977 annorum
1647 950 1743 985 jubilei
1757 958 1826 976 emes
1841 950 1874 977 ab
1901 957 1943 977 eo.

1146 994 1193 1022 Vel
1213 996 1285 1023 sicut
1298 996 1485 1030 Septuaginta,
1501 997 1644 1023 secundum
1658 1004 1796 1022 numerant
1810 1004 1944 1022 annorum

1144 1047 1200 1077 post
1212 1042 1430 1077 signiﬁcationem
1446 1043 1589 1077 possirlebia
1601 1051 1616 1068 a
1633 1043 1753 1076 proximo
1775 1048 1786 1070 :
1802 1041 1945 1077 signiﬁca-

1144 1087 1260 1119 tionem,
1277 1088 1430 1114 secundum
1446 1088 1519 1122 quod
1529 1087 1584 1122 jam
1600 1088 1704 1115 dictum
1725 1092 1776 1119 est,
1794 1087 1945 1114 adventum

1145 1131 1318 1160 Dominieum
1341 1133 1505 1169 intelligens,
1532 1138 1560 1161 et
1574 1141 1636 1168 quat
1661 1134 1696 1161 ad
1709 1141 1772 1160 eum
1799 1133 1945 1168 pertinens

1145 1178 1310 1204 aununtiata
1331 1183 1374 1205 est
1392 1179 1550 1214 evangelica
1579 1179 1747 1213 praedicatio,
1775 1187 1835 1213 qua!
1865 1179 1946 1206 nobis

1144 1223 1265 1250 futuram
1303 1229 1400 1251 contra
1427 1229 1543 1252 mortem
1571 1225 1731 1258 victoriam,
1760 1225 1944 1260 requiemque

1145 1269 1229 1296 futuri
1245 1270 1336 1297 sicculi
1356 1270 1528 1304 signiﬁcavit.
1546 1271 1584 1298 Ex
1613 1279 1668 1306 quo
1691 1278 1756 1306 ergo
1781 1271 1945 1306 signiﬁcatio

1147 1317 1204 1343 ha-c
1233 1316 1274 1349 lit,
1303 1323 1385 1343 nemo
1407 1317 1507 1344 durum
1536 1322 1627 1352 portat
1650 1318 1758 1352 jngum,
1793 1326 1844 1346 nec
1872 1325 1945 1345 onus

1146 1367 1227 1396 grave
1243 1362 1323 1397 gerit,
1348 1363 1394 1389 sed
1412 1363 1562 1389 secundum
1587 1370 1733 1390 numerum
1750 1371 1898 1395 annorum,
1916 1363 1945 1391 id

1146 1412 1198 1438 est,
1213 1408 1365 1435 secundum
1383 1416 1461 1435 suam
1487 1409 1628 1441 virtutem,
1645 1409 1708 1443 quia
1731 1409 1797 1436 anni
1821 1409 1943 1437 hominis

1146 1458 1253 1481 :etatem
1269 1456 1429 1487 ostendunt,
1448 1462 1481 1480 ex
1498 1462 1550 1489 qua
1570 1454 1733 1482 manifestus
1748 1455 1809 1490 quis
1826 1455 1855 1482 lit
1880 1455 1945 1490 quid

1145 1501 1232 1535 possit
1257 1501 1408 1527 secundum
1438 1508 1548 1535 corpus.
1579 1501 1656 1534 Quod
1678 1502 1765 1537 magis
1794 1502 1947 1536 explanatis

1146 1546 1282 1574 subdidit:
1301 1546 1386 1574 Juxta
1404 1548 1619 1582 supputationem
1635 1548 1742 1583 frugum
1762 1549 1854 1574 vendet
1887 1548 1947 1575 tibi.

1106 1607 1128 1636 ρ
1148 1594 1303 1621 Secundum
1329 1594 1400 1628 quod
1415 1593 1499 1621 habet
1522 1594 1650 1621 virtutem
1664 1594 1771 1629 operari
1791 1599 1819 1622 et
1829 1594 1947 1622 lructiﬁ-

1125 1639 1128 1641 ’
1146 1647 1219 1671 care,
1236 1641 1331 1667 reddat
1345 1640 1478 1675 magistro
1494 1640 1613 1668 fructum
1629 1640 1791 1675 discipulus.

1181 1685 1287 1718 Quanto
1300 1686 1360 1720 plus
1376 1687 1440 1713 anni
1457 1687 1633 1713 remanserint
1646 1691 1702 1720 post
1711 1686 1854 1721 jubileum,
1872 1691 1947 1713 tanta

1148 1732 1241 1758 crescit
1271 1732 1400 1766 pretium,
1419 1737 1443 1759 et
1459 1737 1559 1766 quanto
1574 1733 1662 1758 minus
1683 1733 1863 1759 numeraveris
1879 1737 1947 1759 tem-

1146 1779 1227 1812 poris,
1246 1783 1349 1805 tantum
1370 1779 1479 1806 minoris
1494 1784 1525 1806 'et
1551 1779 1648 1814 emptio
1665 1779 1806 1806 constabit.
1834 1778 1947 1813 Tempus

1147 1825 1217 1851 enim
1231 1825 1338 1859 frugum
1355 1825 1446 1851 vendet
1471 1825 1528 1851 tibi.
1547 1824 1575 1851 Si
1602 1829 1693 1860 potest
1721 1825 1806 1852 multa
1825 1825 1946 1860 operari,

1148 1868 1265 1895 multum
1279 1867 1396 1896 fructum
1407 1869 1516 1904 exiges:
1531 1870 1553 1896 si
1573 1874 1666 1897 autem
1693 1877 1779 1905 pauca
1812 1878 1945 1905 parvum:

1148 1921 1211 1940 nam
1229 1913 1272 1940 hic
1286 1914 1396 1948 quidem
1414 1914 1597 1949 trigesimum,
1616 1915 1687 1942 alter
1701 1919 1793 1942 autem
1807 1915 1948 1950 sexagesi-

1148 1967 1233 1991 mum,
1251 1960 1321 1987 alter
1337 1967 1403 1987 vero
1420 1960 1604 1987 centesimum
1628 1961 1747 1988 fructum
1767 1961 1841 1987 ferre
1858 1961 1947 1996 exigi-

1149 2010 1203 2033 tur.
1213 2005 1269 2033 Nec
1285 2006 1455 2041 negligenter
1468 2007 1521 2034 hoc
1542 2015 1557 2034 a
1575 2006 1740 2042 legislatore,
1758 2007 1805 2034 sed
1820 2014 1852 2034 ex
1864 2014 1948 2042 opere

1149 2051 1285 2083 studctur,
1300 2058 1364 2078 nam
1378 2051 1416 2078 ait
1430 2051 1546 2079 iterum:

1182 2097 1273 2124 Nolite
1299 2097 1414 2132 afﬂigere
1440 2098 1601 2125 contribulea
1642 2104 1757 2131 uestros,
1783 2099 1829 2125 sed
1854 2099 1949 2125 timeat

1148 2144 1326 2178 unusquisque
1344 2145 1428 2171 Deum
1447 2153 1534 2177 suum,
1564 2146 1627 2180 quia
1648 2153 1693 2180 ego
1721 2145 1852 2172 Dominus
1878 2145 1950 2172 De“

1148 2194 1242 2217 vester.
1260 2189 1319 2217 Non
1333 2190 1434 2226 allligat
1450 2191 1532 2218 homo
1553 2192 1748 2224 contribulem,
1769 2193 1794 2220 id
1816 2197 1870 2224 est,
1891 2200 1948 2220 non

1150 2235 1173 2263 ei
1186 2243 1269 2271 grave
1283 2243 1354 2263 onus
1368 2237 1502 2271 imponat,
1523 2242 1550 2264 et
1564 2245 1648 2272 super
1661 2238 1791 2265 virtutem
1807 2239 1879 2273 ejus,
1899 2238 1948 2266 sed

1114 2280 1133 2306 υ
1150 2281 1242 2308 timeat
1259 2282 1446 2316 unusquisque
1468 2283 1552 2309 Deum
1570 2290 1661 2314 suum,
1688 2284 1735 2318 qui
1750 2284 1836 2312 dicit:
1853 2284 1949 2312 Tollite

1146 2327 1242 2362 jugum
1259 2336 1357 2359 meum,
1382 2328 1444 2362 quia
1468 2336 1549 2355 suave
1565 2334 1612 2361 est,
1626 2333 1651 2355 et
1671 2337 1736 2356 onus
1763 2338 1861 2361 nteant,
1883 2331 1947 2365 quia

1149 2374 1204 2400 leve
1217 2379 1253 2400 est
1266 2375 1298 2400 ⁷³.
1312 2374 1366 2409 Ego
1380 2374 1511 2402 Dominus
1532 2376 1602 2402 Deus
1617 2380 1716 2402 vester.
1732 2376 1760 2402 ld
1784 2380 1836 2408 est,
1850 2377 1898 2410 qui
1913 2377 1947 2404 de

1150 2420 1307 2455 virginitate
1333 2421 1465 2454 apostolis
1489 2422 1618 2456 praecepi,
1646 2427 1674 2449 et
1690 2422 1831 2454 dixi,Non
1856 2431 1946 2451 omne:

1151 2466 1269 2500 capiunt,
1285 2467 1330 2493 sed
1341 2467 1387 2502 qui
1400 2472 1483 2501 potest
1498 2475 1593 2501 capere
1610 2468 1741 2502 capiat“.
1770 2467 1816 2495 Sic
1844 2476 1946 2496 unum-

1151 2519 1287 2546 quemque
1305 2513 1388 2547 cxigit
1403 2505 1554 2540 secundum
1577 2513 1707 2540 virtutem
1731 2521 1819 2546 suam,
1845 2518 1873 2541 et
1894 2515 1946 2541 hoc

1150 2558 1261 2591 quidem
1275 2558 1380 2585 lucrum
1399 2563 1441 2585 est
1455 2552 1694 2594 contemplat'wnis
1714 2560 1837 2594 spiritus.
1859 2559 1946 2587 Habet

1150 2608 1276 2631 autemet
1288 2604 1376 2631 littera
1389 2612 1445 2631 non
1459 2612 1571 2639 parvam
1585 2605 1814 2632 instructionem:
1826 2606 1945 2641 compati

1151 2650 1223 2677 enim
1253 2651 1388 2685 proximo,
1406 2656 1434 2678 et
1452 2652 1478 2678 in
1509 2652 1681 2680 contactibus
1702 2652 1891 2686 sensibilibus,
1919 2655 1946 2679 et

1151 2697 1309 2724 nullatenus
1332 2705 1443 2733 gravem
1475 2699 1650 2733 quempiam,
1676 2707 1766 2734 neque
1797 2706 1945 2727 onerosum

1152 2743 1210 2769 vult
1233 2751 1305 2776 esse,
1327 2751 1378 2771 nec
1395 2744 1429 2771 de
1450 2752 1602 2780 pauperum
1623 2745 1833 2773 necessitatibus
1861 2753 1945 2779 nego-

1153 2788 1223 2821 tiari,
1237 2795 1288 2815 nec
1297 2789 1415 2822 studere,
1432 2797 1481 2816 seu
1500 2789 1631 2817 festinare
1644 2790 1833 2825 possessiones
1849 2796 1944 2817 eorum

1116 2889 1138 2906 ⁷⁸
1157 2889 1178 2917 ll
1198 2890 1258 2920 Cor.
1278 2898 1295 2922 ι,
1318 2890 1359 2918 Η.
1401 2891 1422 2906 ⁷¹
1442 2889 1525 2918 lCor.
1544 2889 1590 2924 vii,
1605 2891 1650 2925 56,
1666 2891 1710 2919 38.
1749 2891 1772 2908 "
1784 2889 1880 2919 Matth.
