2056 3148
99 213 161 248 illi

664 215 705 245 IN
728 214 951 245 LEVITICUM.
971 226 1007 232 —
1027 214 1102 247 LIB.
1121 213 1189 244 VII.

1675 207 1743 239 lllB

98 274 148 301 11111
156 271 331 308 conquirere,
346 271 456 300 domum
472 271 565 299 domui
596 272 776 307 conjungere,
802 278 896 306 agrum
912 275 936 301 Α
951 270 1054 296 tionem
1066 273 1146 296 terra
1171 268 1343 304 pracipiens.
1361 275 1415 294 non
1427 267 1485 293 vult
1497 265 1624 299 deﬁcere,
1651 272 1743 299 neque

99 327 163 354 agro
187 327 336 354 apponere.
365 319 413 346 sed
439 318 561 346 tribue-re
580 326 651 353 opus
666 318 844 350 habentibus,
869 323 897 345 et

97 365 229 400 paulatim
248 373 309 400 qua:
333 365 480 395 dederunt,
505 364 539 392 de
555 364 690 392 fructibus
716 364 836 399 recipere
850 364 896 398 qui

98 411 132 438 de
147 410 220 446 agris
232 411 406 446 colliguntur.
424 411 515 446 Ipsum
542 410 616 437 enim
638 410 762 437 debituttt
783 410 896 442 donare,

101 460 131 483 et
155 464 248 490 tteque
272 456 323 482 ltoc
337 456 410 490 quod
439 460 564 482 mutuum
588 455 681 482 datunt
702 459 745 482 est
765 457 897 489 recipere.

100 501 234 529 Perfecta:
249 503 301 529 ltoc
328 502 391 529 vita:
403 506 454 531 est.
467 510 549 536 quam
574 510 630 529 non
648 509 744 529 omnes
770 502 896 537 capiunt:

100 547 146 582 qui
162 552 255 574 autent
275 547 399 582 capiunt,
416 548 489 575 beati
502 551 577 574 sunt.

137 592 220 620 Vens.
241 593 334 620 l8-20.
356 603 365 619 ι
385 593 477 620 Facite
504 598 639 628 praecepta
657 601 728 627 mea,
751 599 777 621 et
796 594 898 629 judicia

101 639 248 671 custodite,
263 644 291 666 et
302 640 413 674 implete
425 648 467 672 ea,
482 644 512 666 ut
523 640 646 666 habitare
661 640 772 675 possitis
788 641 814 667 itt
827 645 899 668 terra

102 685 206 720 absque
218 685 273 712 ullo
295 693 408 720 pavore,
428 690 456 712 et
470 685 562 720 gignat
576 685 653 712 vobis
669 685 769 712 ltumus
796 685 901 712 fructus

103 738 180 760 suos.
199 730 300 764 quibus
313 729 462 757 vescamini
479 737 564 763 usque
580 729 612 756 ad
630 729 812 760 saturitatem,
838 728 900 755 ttul-

107 776 161 802 lius
177 776 310 810 impetum
332 775 523 803 formidantes.
541 784 552 801 1

140 821 257 848 Maxime
279 822 312 849 ad
342 829 423 848 aures
454 826 561 848 nostras
589 821 702 856 spiritus
729 821 777 848 Dei
796 821 901 848 cautela

102 867 282 902 perfectaque
300 867 395 899 utitur,
413 875 448 894 tte
463 867 532 894 forte
553 866 700 899 discentes,
716 867 780 901 quia
804 874 903 893 secun-

103 914 170 939 dum
185 920 331 940 numerum
344 921 490 946 annoruttt,
506 913 532 940 id
557 918 598 940 est
610 913 757 940 secundum
774 913 902 939 virtutem

948 314 1110 342 conturbari
1139 321 1201 346 eos,
1236 314 1282 348 qui
1313 313 1400 348 legent
1429 311 1644 347 praecipiebant,
1675 310 1742 345 quid

948 359 1102 391 comedam,
1121 363 1166 386 aut
1181 358 1253 385 nttdc
1263 358 1417 387 comedunt,
1435 356 1482 383 sed
1493 355 1547 382 ait:

987 405 1060 431 Dubo
1077 404 1280 431 benedictionem
1294 412 1378 430 meum
1393 403 1473 430 vobis.
1488 402 1588 435 Quam,
1603 401 1670 436 quia
1685 407 1742 428 non

949 452 977 479 111
994 451 1052 478 solo
1065 458 1136 486 pane
1150 451 1216 477 vivit
1235 451 1327 482 ltomo,
1341 450 1389 476 sed
1409 449 1436 476 in
1455 449 1530 476 omni
1555 449 1642 476 verbo
1669 447 1743 482 quod

950 496 1074 531 procedit
1093 496 1126 523 de
1147 503 1195 522 ore
1211 495 1276 522 Dei:
1297 495 1434 530 quontodo
1449 502 1514 530 ergo
1530 494 1632 521 Christi
1662 501 1744 520 man-

950 543 1044 570 datum
1057 542 1168 577 quidattt
1189 547 1316 575 tanquam
1333 541 1502 575 impossibile
1527 545 1553 568 et
1577 540 1744 567 laboriosum

951 594 1092 621 accusant,
1109 597 1164 623 quo
1187 589 1272 615 dixit:
1306 587 1365 614 Non
1389 587 1508 621 cogitetis
1531 587 1558 613 in
1581 585 1746 613 crastino"?

952 635 1020 662 Ecce
1029 635 1101 662 enim
1113 635 1155 661 lex
1171 635 1268 661 similia
1285 634 1418 668 praecipit,
1433 637 1461 660 ct
1481 633 1514 660 dc
1531 633 1644 668 integris
1658 633 1745 659 tribus

951 681 1032 708 annis
1048 681 1188 715 jubetnon
1201 681 1320 715 cogitare
1333 688 1389 711 eos,
1405 679 1451 714 qui
1469 679 1595 706 virtutem
1607 678 1745 712 legislato-

952 727 990 753 ris
1010 726 1167 754 iutenduttt.
1192 726 1325 757 Praeterea
1341 733 1388 760 per
1413 731 1467 752 tres
1492 732 1588 757 annos,
1615 724 1746 751 uniuscu-

949 773 1050 807 jusque
1077 777 1202 798 nostrum
1229 771 1506 803 consummationem,
1530 774 1558 797 et
1573 776 1744 796 communem

953 817 1163 844 retributionem
1176 826 1237 852 qure
1257 823 1298 844 cst
1314 821 1376 852 post
1388 817 1629 849 resurrectionem,
1652 823 1747 843 neces-

954 863 1025 890 sarie
1044 863 1233 898 intelligimus.
1248 863 1278 890 ltt
1291 871 1455 897 unoquoque
1465 863 1562 890 borum
1580 861 1748 889 comedimus

954 916 1014 943 qua:
1027 908 1071 935 ltic
1090 909 1194 942 operati
1213 909 1355 939 fuerimus.
1367 913 1478 943 propter
1491 908 1563 942 quod
1579 907 1636 935 ait:

104 958 441 994 fructusintelligibilium
466 960 681 994 possessionum,
701 959 827 986 videlicet
846 959 902 985 vir-

991 951 1066 984 Quod
1075 953 1097 978 si
1105 953 1225 979 dixeritis
1236 960 1245 979 :
1256 952 1324 984 Quid
1335 953 1499 979 comedentus
1508 960 1578 978 anno
1588 952 1707 986 septimo.
1719 950 1748 978 Id

106 1008 199 1031 tutum
231 1005 375 1039 exigimur,
409 1005 646 1039 resupinarentur,
675 1010 702 1032 et
729 1006 761 1032 ad
793 1005 903 1032 delicias

104 1050 284 1083 rcciinemus,
299 1051 412 1086 ipsaque
421 1051 619 1078 condescensio
633 1051 712 1078 nobis
726 1052 805 1078 noxia
815 1052 901 1078 fieret.

144 1096 234 1123 Facite
251 1102 380 1131 prwccpta
399 1106 456 1124 mea
477 1103 501 1124 et
519 1097 623 1132 judicia
652 1098 787 1131 custodite,
800 1098 849 1130 ait,
879 1103 903 1125 et

105 1143 216 1177 implete
229 1152 271 1170 ea.
285 1144 447 1171 Nullateuus
458 1145 531 1171 ettim
552 1153 603 1171 nos
621 1153 728 1176 vacare,
746 1145 809 1172 licet
826 1145 903 1171 infir-

106 1190 146 1216 nti
167 1190 254 1216 simus
278 1199 292 1216 a
315 1190 381 1225 legis
402 1191 573 1225 operatione,
599 1191 647 1218 sed
675 1191 782 1225 operari
809 1191 904 1225 procul

105 1235 205 1268 dubio,
220 1235 327 1262 etiamsi
353 1236 504 1263 secundttttt
524 1237 665 1268 virtutem,
690 1237 756 1269 vult,
782 1239 904 1264 virtutem

107 1288 199 1308 autem
215 1287 333 1309 nostram
351 1283 511 1309 conscientia
525 1288 614 1310 nostra
631 1284 768 1316 convincit,
783 1283 853 1311 sicut
869 1284 906 1310 ait

109 1326 238 1355 Paulus:
267 1329 462 1364 cogitationum
489 1329 607 1356 invicem
647 1330 834 1356 accusantium
865 1329 905 1356 vel

107 1375 342 1402 excusantium".
375 1375 477 1402 Omnes
497 1383 561 1410 ergo
582 1375 701 1410 justitias
726 1375 783 1406 Dei,
813 1376 906 1403 omnia

107 1419 281 1454 vjusjudiciu
300 1420 376 1455 prius
388 1422 583 1454 custodiamus,
603 1426 631 1448 et
644 1426 737 1456 postea
763 1421 904 1449 faciamus.

107 1466 306 1493 Custodiamus
321 1474 374 1493 non
384 1472 593 1502 corrumpentes
608 1468 788 1494 itttentioncttt
800 1476 906 1500 eorutn,

107 1511 158 1538 sed
176 1512 300 1539 districte
312 1513 509 1544 custodientes,
534 1517 561 1540 et
579 1513 801 1540 immutabiliter:
824 1513 906 1540 velttli

106 1558 132 1585 si
150 1559 213 1593 quis
244 1558 446 1594 eleemosyuam
477 1559 584 1594 operari
611 1560 677 1592 vult,
707 1567 757 1587 nec
784 1561 907 1594 proximo

954 999 1006 1027 est,
1041 996 1067 1021 itt
1099 996 1316 1031 uniuscujusque
1344 1001 1467 1023 nostrum
1502 995 1748 1023 consummatione.

955 1041 1127 1068 Manifestum
1143 1047 1183 1069 est
1201 1043 1284 1074 enim,
1301 1042 1365 1077 quia
1386 1047 1414 1069 et
1429 1042 1456 1068 itt
1478 1043 1625 1075 communi,
1653 1042 1680 1068 in
1695 1050 1749 1077 qua

955 1088 984 1115 fit
1001 1089 1174 1120 resurrectio,
1188 1093 1216 1116 et
1233 1089 1258 1115 itt
1273 1088 1491 1121 retributionem,
1508 1088 1635 1116 eumdem
1653 1088 1744 1115 cibum

955 1135 1100 1162 habemus.
1117 1134 1187 1162 Audi
1201 1135 1275 1170 quod
1293 1135 1341 1162 tibi
1357 1135 1391 1162 dc
1421 1135 1465 1162 his
1490 1135 1561 1162 Deus
1588 1142 1749 1170 responsum

955 1189 1004 1215 per
1015 1181 1101 1214 legent
1120 1181 1175 1208 dat.

991 1239 1065 1265 Dabo
1092 1239 1297 1265 benedictionem
1321 1247 1406 1265 meam
1422 1238 1494 1265 vobis
1519 1245 1589 1264 anno
1617 1242 1699 1269 sexto,
1726 1241 1751 1263 et

957 1283 1060 1317 facietis
1074 1283 1190 1318 fructum
1211 1283 1291 1310 trium
1315 1291 1456 1310 armorum.
1478 1282 1633 1310 Benedictio
1666 1282 1750 1317 patris

957 1329 1029 1355 filius
1043 1335 1093 1360 est,
1110 1329 1167 1363 ipse
1184 1329 1258 1356 cttim
1283 1329 1459 1356 maledirtnm
1477 1328 1580 1355 illatum
1598 1328 1672 1359 Adae,
1694 1327 1751 1354 dis-

958 1375 1084 1409 perdidit,
1098 1379 1210 1409 propter
1226 1375 1298 1408 quod
1311 1379 1338 1402 et
1355 1375 1381 1401 111
1396 1384 1428 1402 eo
1440 1379 1568 1410 oportere
1591 1382 1642 1401 ttos
1670 1374 1754 1401 benc-

958 1420 1024 1448 dici:
1036 1420 1119 1447 David
1129 1420 1271 1448 Psalmista
1284 1420 1391 1448 docuit:
1402 1421 1551 1447 Benedirlio
1562 1420 1665 1446 Domini
1675 1427 1754 1454 super

957 1475 1011 1498 vos,
1027 1467 1207 1493 benediximus
1219 1467 1290 1493 vobis
1303 1467 1330 1493 in
1355 1475 1459 1493 nonune
1483 1466 1627 1492 Domini".
1647 1465 1752 1492 Nomen

959 1512 1077 1543 Domini,
1099 1513 1184 1539 filium
1199 1513 1265 1539 dicit
1279 1513 1433 1545 evidenter,
1447 1513 1510 1547 quia
1523 1511 1752 1546 quemadmodum

959 1565 1060 1585 nomen
1084 1558 1242 1585 manifestat
1257 1566 1481 1593 unumquemque
1499 1558 1545 1592 qui
1564 1565 1619 1584 non
1635 1557 1752 1588 videtur,

106 1611 215 1630 nocens
231 1609 370 1638 operetur,
387 1613 475 1639 nequc
493 1606 515 1632 si
542 1614 645 1640 pauper
666 1610 717 1637 est,
745 1606 803 1640 ipse
823 1606 908 1638 rapiat
922 1613 943 1641 ρ
960 1604 1000 1631 sic
1014 1608 1042 1630 et
1060 1603 1185 1630 Christus
1211 1611 1358 1638 apparens,
1373 1604 1500 1639 cognosci
1518 1604 1582 1630 fecit
1603 1603 1710 1630 Patrem
1727 1602 1754 1629 itt

106 1648 227 1675 divitum
250 1649 390 1683 pecunias,
425 1655 453 1677 ut
483 1651 605 1685 praabeat
631 1651 809 1685 pauperibus.
837 1649 908 1678 Deus

107 1694 186 1721 enim
212 1695 413 1731 eleemosyuam
439 1704 472 1722 ex
496 1696 602 1730 justilia
626 1696 718 1723 offerri
749 1696 816 1724 vult.
851 1695 907 1724 lloc

107 1744 203 1766 autem
215 1745 242 1766 et
256 1741 284 1767 in
305 1749 471 1776 unoquoque
488 1742 616 1769 mandato
638 1742 765 1774 dicimus,
781 1746 811 1769 ut
832 1742 908 1777 prius

109 1787 174 1820 ejus
191 1786 372 1814 intentionem
387 1792 415 1814 et
434 1787 515 1815 ftneut
532 1787 729 1820 custodiamus,
757 1793 783 1816 et
815 1789 854 1816 sic
880 1789 908 1816 itt

108 1840 208 1860 eorum
232 1833 420 1867 operationem
453 1834 638 1868 proficiamus.
669 1834 747 1862 Tunc
776 1835 850 1862 enim
880 1835 908 1862 111

110 1883 186 1905 terra
204 1878 368 1914 itttclligiltili
393 1880 591 1912 habitabimus,
616 1881 642 1907 in
665 1880 754 1907 ditina
781 1881 909 1908 videlicet

110 1923 172 1958 lege
189 1924 487 1959 spiritalisScripturze,
515 1930 543 1952 et
567 1925 647 1952 bona:
677 1926 908 1960 conversationis,

110 1977 194 2004 quatit
226 1970 306 1997 nobis
334 1970 407 1997 Deus
436 1971 579 2005 possidere
602 1976 629 1998 ct
652 1972 742 1999 colere
768 1972 908 2006 praecepit,

110 2015 224 2050 quando
243 2016 302 2050 eius
314 2016 494 2044 intentionem
509 2025 564 2044 non
586 2017 720 2045 fuerimus
733 2018 907 2053 transgressi,

112 2067 182 2090 tunc
199 2063 286 2097 gignit
299 2062 405 2090 fructus
424 2071 500 2097 suos,
525 2064 625 2098 quibus
653 2072 797 2091 vescamur
824 2072 910 2099 usque

111 2109 148 2135 ad
171 2110 354 2141 saturitatem,
383 2115 408 2136 ct
433 2110 535 2137 nullius
560 2111 692 2145 impetum
717 2110 905 2139 formidentus.

111 2154 165 2188 Qui
183 2155 256 2182 enim
272 2155 390 2182 custodit
410 2156 592 2184 intentionem
606 2157 683 2192 legis,
694 2161 722 2184 ct
745 2157 792 2192 qui
809 2164 910 2191 opera-

112 2206 170 2231 tur.
190 2201 235 2228 1110
253 2202 313 2235 eius
327 2201 436 2236 colliget
468 2202 584 2234 fructus,
598 2207 625 2229 ct
649 2203 777 2230 comedet
802 2211 850 2230 eos
877 2203 910 2230 ad

112 2248 296 2278 saturitatem,
315 2252 343 2274 et
361 2248 420 2274 sine
450 2248 595 2275 fermidine
612 2249 638 2275 in
666 2256 697 2275 ea
714 2249 828 2281 habitat,
848 2249 910 2284 quia

958 1650 1119 1685 semetipso,
1139 1651 1265 1686 quamvis
1279 1651 1456 1678 invisibilem.
1473 1650 1560 1677 llicin
1586 1653 1664 1677 sexto
1683 1657 1756 1676 anno

958 1697 1045 1729 venit,
1070 1701 1125 1724 tam
1153 1697 1180 1724 in
1218 1697 1400 1732 perfectione,
1432 1697 1502 1723 hanc
1530 1697 1604 1723 enim
1631 1695 1756 1722 senarius

959 1751 1090 1770 numerus
1102 1743 1247 1778 signiﬁcat,
1259 1751 1340 1778 qualn
1359 1749 1388 1770 ut
1408 1743 1435 1769 in
1461 1743 1611 1770 novissimo
1632 1745 1755 1776 tempore

960 1797 1055 1816 rursus
1080 1789 1241 1816 reformatio
1271 1789 1447 1824 proveniret,
1481 1789 1508 1815 itt
1543 1788 1624 1823 cujus
1650 1788 1755 1815 dierum

959 1843 1075 1862 uutttero
1092 1835 1175 1863 homo
1194 1835 1329 1863 formatus
1348 1840 1399 1862 est.
1417 1835 1602 1868 Quamobrem
1627 1834 1758 1868 quemad-

959 1882 1072 1910 modum
1088 1882 1260 1909 fortnationis
1286 1886 1363 1909 sexta
1384 1882 1453 1915 dies,
1480 1882 1520 1908 sic
1546 1886 1640 1908 sextus
1668 1888 1757 1906 annus

960 1928 1165 1955 reformationis
1191 1933 1265 1955 recte
1292 1928 1457 1963 appellatur.
1484 1927 1562 1960 Quod
1591 1931 1682 1954 autem
1704 1926 1758 1952 illic

961 1979 1056 2001 sextus
1072 1974 1142 2004 dies.
1162 1979 1257 2000 sextus
1278 1978 1368 2000 autent
1386 1973 1432 2000 ltic
1452 1980 1541 2000 annus
1564 1972 1675 2004 dicitur,
1706 1972 1759 1999 hoc

961 2019 1038 2046 ideo:
1056 2019 1118 2053 quia
1143 2019 1228 2046 multa
1255 2019 1328 2046 inter
1349 2019 1543 2046 formationem
1576 2021 1710 2048 nostram,
1731 2021 1759 2044 et

961 2066 1186 2092 reformationem
1217 2070 1372 2099 temporum
1403 2065 1624 2092 decucurrerunt
1655 2065 1754 2099 spatia.

963 2110 1032 2146 Ergo
1049 2118 1102 2137 non
1127 2110 1227 2140 frustra
1253 2109 1322 2137 sexti
1344 2109 1408 2136 anni
1428 2109 1567 2144 legislator
1590 2108 1759 2135 mentionem

963 2156 1046 2183 fecit:
1075 2155 1102 2183 itt
1122 2156 1174 2182 1100
1194 2155 1268 2183 enim
1291 2155 1418 2182 Christus
1433 2154 1557 2186 veniens,
1585 2153 1661 2181 dedit
1681 2153 1762 2180 nobis

962 2203 1106 2238 acquirere
1130 2203 1247 2231 fructus.
1279 2201 1379 2236 quibus
1410 2201 1437 2228 in
1465 2201 1573 2236 propria
1603 2205 1761 2228 nostrorum

964 2248 1181 2282 uniuscu,’usque
1213 2246 1470 2276 consummatione,
1503 2251 1531 2273 et
1562 2246 1587 2272 111
1622 2245 1762 2273 communi

113 2292 279 2327 legislatoris
305 2288 486 2320 intentionem
518 2301 573 2320 ttott
606 2294 825 2329 transgreditur,
862 2302 911 2321 nec
927 2291 949 2318 D
965 2293 1166 2321 resurrectione
1181 2297 1263 2327 atque
1281 2292 1462 2319 retributione
1486 2291 1583 2319 nutriri
1614 2291 1760 2326 pOSsiIuHS.

116 2338 246 2365 conscius
257 2339 308 2365 sibi
326 2343 369 2365 est
396 2344 491 2366 contra
508 2339 594 2374 legem
608 2339 635 2366 in
655 2339 714 2375 lu-ge
731 2339 777 2366 Dei
798 2348 913 2367 conver-

117 2383 183 2410 sari.
198 2384 275 2417 Quod
293 2383 315 2411 si
333 2384 469 2415 dixeritis,
486 2385 550 2420 quid
578 2385 755 2412 comedenuts
779 2394 851 2412 attito
869 2393 914 2412 sc-

118 2431 214 2466 ptimo,
229 2431 251 2457 si
271 2439 324 2458 non
336 2431 496 2462 severimus,
511 2439 601 2466 neque
619 2431 809 2467 collegerimus
821 2430 915 2466 fruges

117 2480 244 2506 nostras?

152 2525 236 2552 Vens.
251 2524 352 2556 2|,‘2’2.
372 2534 382 2550 1
405 2525 479 2552 Dabo
505 2525 727 2552 bcnedictionetn
746 2525 823 2552 vobis
840 2532 912 2552 anno

116 2577 204 2603 texto,
224 2575 250 2598 et
265 2570 346 2598 faciet
365 2571 470 2598 fructus
486 2571 567 2598 trium
589 2579 737 2603 annorum,
761 2571 913 2605 seretisque

116 2625 190 2644 anno
202 2622 312 2647 octavo.
335 2622 363 2644 ct
378 2617 529 2645 comedetis
550 2623 656 2645 veteres
669 2618 761 2652 fruges
777 2625 862 2652 usque
879 2617 913 2644 ad

117 2672 221 2691 novum
251 2671 373 2696 annum,
409 2664 497 2692 donec
522 2672 592 2691 nova
624 2669 792 2696 nascantur,
826 2664 914 2691 cdetis

118 2713 222 2736 vetera.
243 2719 252 2735 I

152 2753 230 2784 Unde
245 2756 357 2791 dignum
372 2761 423 2787 est,
439 2760 469 2784 ut
481 2757 555 2792 prius
568 2757 708 2791 juvetnur,
724 2756 750 2783 id
773 2760 826 2788 est,
839 2755 915 2782 utili-

120 2803 175 2827 tate
188 2800 293 2829 litterae
304 2802 356 2829 hoc
369 2802 567 2829 intendendum
583 2807 636 2833 est,
650 2806 732 2837 atque
759 2801 915 2836 ltujusntodi

119 2844 223 2874 luerunt
240 2848 412 2875 sectandum.
444 2848 562 2875 Duorum
582 2856 647 2881 01110
674 2855 809 2875 annorum
835 2855 916 2874 vaca-

967 2343 1100 2373 pracslans
1121 2337 1214 2372 generi
1249 2337 1370 2363 humano
1396 2337 1568 2363 abundanter
1595 2335 1763 2362 fructificare

967 2385 1093 2414 virtutes,
1108 2389 1137 2410 ut
1159 2389 1261 2410 tantam
1290 2387 1318 2409 ct
1334 2383 1362 2409 111
1382 2383 1426 2417 qui
1442 2383 1514 2409 circa
1531 2383 1624 2408 horam
1650 2381 1763 2408 undeci-

968 2437 1040 2456 mam
1058 2428 1185 2456 conducti
1203 2433 1267 2456 sunt
1284 2428 1317 2454 ad
1333 2426 1546 2462 operandum",
1566 2435 1628 2454 cuttt
1650 2426 1704 2453 illis
1716 2426 1763 2460 qui

968 2483 1048 2502 ntatte
1062 2475 1190 2503 conducti
1209 2475 1332 2504 fuerunt,
1345 2474 1450 2501 denarii
1476 2474 1630 2509 acciperent
1660 2479 1765 2500 mena:-

966 2522 1038 2548 dcm.
1054 2520 1112 2547 Non
1130 2526 1171 2548 est
1182 2526 1273 2548 autem
1292 2520 1459 2547 contrariutn
1479 2521 1511 2547 iis
1535 2520 1607 2555 quod
1628 2519 1764 2554 sequitur,

967 2569 1006 2595 ait
1020 2569 1092 2595 enim
1103 2577 1108 2594 :

1003 2614 1153 2649 Serelisquc
1172 2622 1242 2640 anno
1269 2618 1369 2640 artato.
1403 2613 1480 2646 Quod
1502 2612 1763 2648 quinquagesimum

967 2660 1116 2695 appellant,
1132 2659 1165 2686 110
1186 2667 1241 2693 quo
1270 2658 1296 2685 in
1317 2658 1484 2693 prtrcedenti
1511 2659 1666 2685 suncicbat.
1694 2657 1764 2690 Quia

966 2706 1096 2740 jubilcus,
1121 2710 1148 2731 ct
1170 2704 1414 2739 quinquagesimus
1444 2712 1549 2732 anuus:
1571 2703 1631 2730 Non
1662 2704 1763 2736 aeratis,

969 2760 1051 2786 neque
1062 2751 1173 2777 inclutis
1190 2750 1332 2783 Quomodo
1349 2758 1413 2785 ergo
1423 2758 1485 2777 eum
1498 2750 1542 2777 ltic
1555 2758 1647 2777 serere
1667 2749 1765 2784 jubet?

967 2798 1088 2825 Putasne
1113 2798 1250 2825 contraria
1265 2797 1316 2824 sibi
1343 2797 1481 2832 lcgislator
1497 2797 1587 2824 dicit?
1602 2797 1656 2823 Sed
1685 2799 1764 2822 :ottter

970 2846 1014 2872 hic
1025 2852 1117 2871 semen
1134 2844 1327 2879 intelligatnus,
1337 2848 1366 2870 ut
1383 2851 1470 2879 neque
1480 2842 1571 2870 littera
1585 2840 1764 2871 contrarieta-

156 2928 268 2964 "ﬂom.
287 2944 317 2969 tt,
333 2937 376 2964 15.
415 2937 437 2952 ⁷⁵
456 2936 551 2964 .‘llattlt.
571 2945 607 2971 vt,
623 2937 665 2963 5i.
708 2936 730 2953 ⁷⁷
747 2935 819 2963 Psal.
837 2942 902 2963 cxxv

963 2933 988 2960 8.
1030 2934 1052 2949 ⁷³
1067 2932 1162 2959 Matth.
1180 2940 1224 2964 xx,
1237 2933 1262 2958 6.
