2056 3148
282 177 349 210 1119

851 177 856 179 “
875 176 1057 206 HESYCHII
1077 175 1314 205 PRESBYTERI

1365 161 1378 168 ι.

1851 177 1917 210 11Ξῦ

281 240 334 263 tein
372 234 489 266 haheat,
521 238 549 260 et
577 233 839 268 contemplationem
875 238 1073 261 consonantem
1090 238 1113 264 Α
1163 233 1243 261 Varia
1263 234 1347 261 etiam
1371 241 1445 260 nunc
1461 232 1541 261 nobis
1556 234 1693 269 iegislator
1716 235 1838 269 exponit,
1864 244 1918 266 non

281 280 453 307 inveniamus
469 279 592 314 spiritus.
616 278 676 306 Non
695 279 786 306 teretis
802 287 873 314 ergo,
891 287 972 314 neque
993 284 1075 306 mete-

282 327 313 352 tis
324 326 355 352 de
366 326 584 361 quinquagesimo
606 325 658 353 die.
671 325 728 352 Nec
752 333 846 352 semen
863 326 987 360 septimm
1004 326 1074 354 beb-

280 372 404 401 domade
432 377 536 405 serant,
555 373 588 400 de
611 380 665 408 quo
685 373 786 400 messio
805 373 832 399 in
848 373 1074 408 quinquagesimo

281 429 354 448 anno
374 425 538 454 proventura
551 424 619 446 erat.
635 419 698 446 llzec
710 419 782 446 enim
794 419 874 451 satio,
890 419 941 446 etsi
957 420 984 446 in
1006 428 1075 454 prae-

281 467 389 494 cedenti
409 475 493 498 anno,
508 471 536 493 et
546 466 756 501 quadragesimo
765 466 953 500 proveniehat,
974 466 1000 493 in
1021 475 1075 504 quo

282 513 411 543 maxime.
436 513 508 540 sicut
532 512 559 539 in
573 513 688 546 septima
714 512 894 544 hebdomada,
922 518 1074 540 sementem

282 567 381 586 vacare
394 559 554 594 oportebat:
570 563 757 585 verumtamen
773 558 991 593 quinquagesimi
1008 559 1076 586 dici—

284 611 337 638 tur,
354 607 425 640 quod
438 611 549 640 propter
564 613 626 632 eum
644 605 835 636 sentinaretur,
855 610 881 632 et
898 610 1007 640 propter
1024 605 1075 633 hoc

283 653 454 687 prohibetur.
476 651 569 687 Neque
592 652 664 678 enim
690 652 718 678 in
746 651 860 685 septima
893 651 1072 684 hebdomada,

283 706 363 733 quam
401 698 520 726 diximus
549 706 610 725 esse
641 697 795 725 communis
830 697 1074 725 consummationis

284 745 451 780 exemplum,
469 745 598 771 seminari
613 744 737 776 omnino,
752 748 799 770 aut
817 744 925 777 operari
947 744 988 770 lex
1007 752 1074 778 prie-

284 791 366 825 ccpit.
388 790 464 818 Sicut
489 798 553 826 ergo
574 798 622 817 nos
635 790 724 817 littera
745 798 799 817 non
814 790 847 817 ad
874 799 902 817 se
921 791 1072 823 intendere,

284 839 332 865 sed
348 838 380 865 ad
391 827 576 865 intentionem
589 837 753 872 legislatoris
764 837 905 871 compulit,
936 842 966 864 ut
985 837 1074 864 solve-

285 890 371 916 retur,
389 894 419 912 ea
434 893 495 920 qua:
511 885 654 912 videbatur
678 891 739 911 esse
760 885 849 918 legum
878 885 1073 916 contrarietas,

285 931 324 957 sic
339 930 413 957 dabit
434 930 507 957 etde
522 929 754 965 contemplatione
779 938 899 957 consona
923 930 1079 957 existimare

286 976 432 1003 intentioni
449 975 683 1011 interpretationis
693 975 832 1010 spiritalis.
850 976 992 1002 Seminant
1005 977 1079 1003 enim

286 1030 359 1048 anno
372 1028 477 1054 octavo,
494 1022 594 1049 sacculo
622 1022 729 1049 futuro:
758 1029 813 1047 non
835 1022 991 1056 quicunque
1015 1025 1081 1048 tunc

286 1069 423 1095 seminant
439 1069 503 1102 (hoc
514 1068 587 1094 enim
615 1076 670 1095 non
681 1071 722 1094 est
739 1067 789 1101 ias,
804 1068 851 1095 sed
866 1073 894 1095 et
911 1067 1080 1102 impossibile

286 1114 357 1141 sicut
371 1114 454 1141 semel
472 1114 621 1148 diximus):
635 1115 682 1141 sed
698 1122 749 1141 nec
765 1114 810 1148 qui
830 1114 857 1140 in
875 1114 1002 1148 septimo,
1016 1122 1080 1149 cog-

285 1160 386 1186 novisti
407 1160 480 1187 enim
506 1160 569 1194 quia
584 1161 666 1187 etiam
691 1160 743 1187 hoc
762 1160 928 1194 prohibitum
944 1164 996 1186 est.
1026 1159 1080 1187 Sed

285 1210 421 1240 quotquot
442 1206 469 1232 in
493 1211 581 1237 sexto,
610 1206 637 1232 in
664 1214 719 1240 quo
743 1206 844 1233 bonum
879 1206 958 1232 nobis
986 1213 1081 1233 semen

284 1252 411 1280 Christus
424 1252 537 1280 veniens
550 1252 636 1284 dedit,
651 1252 808 1287 quicunque
829 1260 923 1279 semen
951 1253 995 1279 hic
1012 1260 1082 1287 pra:-

285 1299 410 1330 mittunt,
427 1307 459 1326 ex
480 1307 535 1333 quo
561 1299 772 1333 promissionum
787 1299 866 1326 nobis
885 1299 992 1326 ﬂorebit
1008 1307 1081 1326 mes—

285 1345 334 1376 sis,
348 1344 374 1372 id
387 1349 439 1376 est,
450 1351 576 1371 messura
587 1344 787 1375 retributionis,
802 1344 835 1371 de
852 1352 903 1378 qua
916 1345 954 1371 ait
978 1343 1079 1371 David:

291 1390 429 1418 Venientes
442 1395 531 1417 autent
547 1391 649 1417 venient
663 1398 722 1417 cum
746 1390 918 1422 exultatione,
945 1396 1080 1425 portantes

289 1437 437 1472 manipulos
461 1445 521 1464 suos
531 1438 564 1463 ⁷³.
583 1437 637 1464 Sed
664 1442 693 1464 et
712 1437 827 1464 Paulus:
846 1437 898 1470 Qui
919 1438 1032 1464 seminat
1054 1438 1082 1463 in

284 1483 518 1516 benedictionibus,
529 1485 561 1510 de
569 1484 789 1511 benedictionibus
804 1488 828 1510 et
843 1489 929 1510 metet.
945 1483 1082 1515 Quisenti-

286 1535 332 1557 nat
346 1531 374 1557 in
392 1538 480 1562 carne,
496 1531 527 1557 de
540 1538 620 1556 carne
644 1536 668 1556 et
686 1534 762 1556 metet
790 1531 1007 1564 corruptionem;
1035 1531 1082 1565 qui

285 1582 376 1602 autent
393 1575 506 1601 seminat
520 1575 546 1601 in
571 1575 678 1608 spiritu,
696 1575 728 1602 de
745 1575 840 1609 spiritu
856 1580 881 1602 et
898 1580 975 1602 metet
999 1576 1081 1602 vitam

285 1621 454 1648 retentam“.
472 1621 540 1648 llinc
550 1621 687 1648 seminare
696 1622 724 1648 iu
736 1626 834 1649 octavo
842 1630 925 1653 anno,
939 1622 966 1648 in
979 1622 1080 1649 smciilo

286 1667 415 1694 videlicet
429 1667 532 1700 futuro,
549 1675 663 1694 necesse
684 1668 833 1695 habemus:
857 1669 896 1695 sic
911 1669 985 1695 enim
1012 1676 1080 1695 con-

286 1714 402 1741 veniunt
417 1714 495 1741 nobis
510 1722 571 1748 qua:
586 1719 751 1749 sequuntur.

320 1761 355 1787 Et
368 1761 506 1788 comedetis
523 1766 619 1788 veteres
632 1762 746 1797 fructus,
763 1769 844 1795 usque
859 1761 895 1786 ad
917 1769 1017 1787 annum
1033 1768 1080 1786 no-

287 1815 360 1834 num.
375 1807 461 1834 Donec
471 1815 537 1834 nova
550 1812 704 1836 nascantur.
713 1807 793 1834 edetis
803 1811 902 1833 vetera.
915 1806 1080 1841 Septuagin-

287 1857 313 1880 ta
323 1857 424 1884 autem,
434 1853 574 1879 comedetis
589 1857 677 1879 uetera
691 1857 809 1879 ueterum
820 1860 829 1878 :
841 1859 896 1879 non
915 1852 1082 1887 simpliciter

285 1904 389 1932 vetera,
414 1899 461 1926 sed
483 1903 576 1926 vetera
599 1903 735 1929 veterum,
761 1898 824 1933 quia
850 1898 1081 1932 quemadmodum

286 1946 415 1978 diximus,
434 1953 488 1972 non
513 1945 600 1972 solum
617 1952 677 1971 mox
694 1949 724 1971 ut
736 1945 800 1972 hinc
826 1945 991 1980 egredimur,
1009 1945 1082 1980 quod

286 1998 325 2019 cst
342 2000 431 2020 annus
447 1992 591 2027 septimus,
604 1992 650 2019 sed
663 1996 690 2019 et
702 1991 728 2018 in
740 1991 943 2019 resurrectione
957 1997 1082 2020 mortuo-

287 2046 359 2069 rum,
377 2046 438 2072 quae
465 2043 508 2065 est
528 2046 618 2065 annus
634 2038 763 2065 videlicet
784 2043 907 2069 octavus,
924 2046 1032 2066 necnon
1056 2039 1081 2066 in

289 2085 480 2116 retributione,
494 2092 577 2118 quam
595 2079 697 2111 nonuin
709 2091 812 2111 annum
835 2085 996 2119 accipimus,
1021 2092 1083 2112 cum

288 2130 398 2164 quidem
423 2138 509 2157 unum
534 2131 571 2158 sit
597 2131 727 2158 steculum
755 2131 889 2164 futurum,
906 2131 1042 2159 dividatur
1056 2132 1083 2158 in

290 2177 433 2211 prtedictos
453 2176 574 2208 ordines,
590 2177 761 2205 comedimus
787 2185 955 2212 quiccunqne
979 2178 1083 2212 operati

290 2223 432 2259 fuerimus,
451 2227 478 2250 et
491 2227 636 2258 propterea
649 2223 778 2251 dicuntur
792 2228 884 2250 vetera
908 2228 1033 2251 veterum
1050 2224 1084 2251 ad

291 2272 363 2296 tanta
377 2268 480 2301 saeculi,
496 2275 555 2302 qua:
570 2270 683 2296 vincunt
697 2278 841 2296 numerum
860 2269 1043 2297 considerata.

324 2315 408 2343 Vens.
420 2315 515 2342 95-28.
529 2325 538 2341 ‹
553 2315 579 2343 Si
588 2320 746 2343 attenuatus
758 2316 842 2343 frater
855 2320 919 2343 tuus
931 2317 1084 2344 vendiderit

288 2362 536 2397 possessiunculam
559 2370 646 2394 suam,
658 2366 685 2389 et
701 2362 817 2389 voluerit
831 2363 1000 2397 propinquus
1013 2363 1081 2398 ejus,

290 2413 380 2443 potest
395 2409 528 2436 redimere
537 2411 609 2444 quod
625 2409 669 2436 ille
679 2409 855 2442 vendiderat;
869 2410 910 2436 sin
923 2414 1014 2436 autem
1027 2417 1083 2436 non

291 2448 590 2490 babueritproximum,
600 2455 695 2490 ctipse
709 2454 827 2490 pretium
844 2455 876 2481 ad
891 2455 1082 2482 redimendum

291 2500 549 2535 potueritinvenire.
559 2502 791 2536 computabuntur
805 2501 909 2528 fructus
919 2509 950 2528 ex
965 2509 998 2528 eo
1013 2506 1083 2528 tem-

292 2555 365 2582 pore,
386 2556 441 2582 quo
459 2548 590 2580 vendidit,
609 2553 636 2575 et
662 2548 734 2583 quod
756 2548 892 2582 reliquum
917 2552 967 2580 est,
990 2547 1085 2574 reddat

291 2595 406 2629 emptori
422 2605 428 2622 :
446 2595 539 2630 sicque
553 2595 666 2630 recipiet
680 2594 883 2630 possessionem
901 2601 988 2620 suam.
1006 2592 1085 2625 Quod

292 2639 385 2666 sinon
412 2640 546 2669 invenerit
575 2649 674 2668 manus
689 2641 759 2674 ejus,
778 2644 807 2666 ut
834 2639 929 2666 reddat
955 2639 1084 2673 pretium.

293 2683 403 2711 habebit
417 2689 524 2719 emptor
540 2685 612 2719 quod
637 2689 751 2717 emerat,
770 2693 854 2719 usque
870 2684 901 2711 ad
926 2693 1026 2711 annum
1042 2685 1085 2719 jn-

295 2729 405 2761 hileuin,
417 2730 443 2756 in
460 2731 520 2765 ipso
537 2731 609 2757 enim
625 2731 713 2758 omnis
725 2731 845 2758 venditio
861 2731 932 2758 redit
944 2731 976 2757 ad
995 2731 1086 2757 Domi-

295 2784 374 2808 num,
388 2781 416 2803 et
431 2777 464 2804 ad
478 2785 663 2811 possessorem
678 2777 833 2812 pristinum.
850 2787 859 2802 ι

1100 2273 1120 2298 lt

331 2879 353 2894 ⁷²
368 2878 438 2906 Psal.
459 2887 538 2906 cur.
554 2879 579 2904 ti.
619 2879 641 2894 "’
657 2878 740 2905 lt'Ior.
754 2887 790 2906 ix.
804 2879 835 2910 ti;
854 2878 941 2905 Galat.
957 2887 993 2909 γι,
1014 2878 1038 2904 8.

297 2915 319 2931 ⁸⁸
334 2914 387 2943 Tit.
405 2923 446 2947 in,
462 2916 504 2942 lU.
545 2915 567 2929 “
582 2914 601 2941 ll
618 2914 696 2942 Joan.
715 2923 740 2941 ιι.
777 2915 799 2929 ⁸⁴¹
812 2913 883 2941 Psal.
898 2921 1016 2948 Lxxxvn,
1041 2914 1080 2941 l6.

1090 2880 1109 2894 3‘
1128 2878 1134 2905 1
1152 2879 1213 2905 Cor.
1230 2887 1276 2910 \II,
1293 2878 1337 2905 ‘20.

1126 280 1257 315 qualibet,
1268 281 1315 308 sed
1326 282 1444 308 maxima
1459 281 1601 316 sapientia,
1616 281 1710 316 siquis
1724 282 1847 309 intendat
1861 282 1920 316 plc-

1126 334 1189 353 nam
1208 336 1213 352 :
1230 334 1292 353 nam
1302 332 1330 354 et
1340 335 1400 361 qua:
1417 327 1452 354 sit
1468 333 1560 354 nostra
1572 327 1725 354 substantia
1738 331 1766 354 et
1782 327 1921 362 possessio

1126 378 1154 400 et
1169 373 1307 408 quomodo
1322 373 1382 408 ejus
1394 377 1498 408 partem
1519 373 1682 405 alienamus,
1694 381 1748 408 quo
1764 374 1846 401 modo
1861 382 1924 401 rur-

1127 427 1173 446 sus
1190 420 1348 454 recipimus,
1368 427 1418 454 per
1438 420 1563 447 ordinem
1586 420 1676 447 docet.
1701 420 1924 456 Uniuscujnsque

1127 473 1191 501 ergo
1204 466 1322 493 hominis
1331 466 1477 501 possessio,
1490 466 1561 505 bona
1577 466 1751 494 conversatio
1770 471 1822 498 est,
1842 475 1924 502 quam

1127 513 1216 540 sortiti
1231 520 1325 540 sumus
1341 521 1354 539 a
1371 513 1436 544 Deo,
1455 512 1489 540 de
1505 520 1557 547 qua
1577 512 1677 539 Paulus
1695 512 1802 540 dicebat
1817 522 1824 539 :
1838 513 1925 540 linus-

1127 560 1236 595 quisque
1250 560 1277 586 in
1292 568 1344 594 qua
1358 560 1492 586 vocatione
1512 564 1618 586 vocatas
1632 564 1668 586 est
1680 558 1773 592 frater,
1788 560 1816 586 in
1832 560 1926 586 eadem

1127 611 1235 633 maneat
1251 607 1322 641 apud
1341 607 1425 633 Deum
1438 606 1472 637 εί,
1488 606 1532 633 hic
1555 611 1648 633 autem
1671 605 1867 641 virginitatem.
1881 606 1927 632 ille

1127 658 1218 680 autem
1231 658 1336 680 castum
1353 653 1522 688 conjugium,
1544 653 1611 679 alter
1632 653 1715 680 vitam
1733 652 1856 686 iustitiae,
1882 651 1927 678 hic

1127 699 1266 727 silentium
1291 699 1527 734 retnotionemque
1553 707 1708 735 causarum,
1734 698 1778 725 hic
1796 698 1928 724 sacerdo-

1128 747 1205 778 tium,
1216 747 1260 774 ille
1270 754 1418 781 pauperum
1427 746 1619 780 patroeinium:
1631 745 1698 772 alter
1708 745 1770 775 alia,
1779 746 1930 778 unusquiso

1127 801 1179 829 que
1200 793 1332 820 scundum
1347 793 1483 828 propriam
1504 792 1629 819 virtutem
1641 792 1771 826 possidet.
1781 791 1833 818 Sed
1844 799 1931 825 quan—

1127 841 1162 868 do
1172 849 1218 876 per
1224 840 1354 868 desidiam
1369 840 1547 874 cogitationes
1554 843 1654 865 nostra:
1661 837 1802 864 inﬁrmatio
1811 837 1927 869 fuerint,

1129 891 1194 913 tunc
1216 893 1247 913 ex
1272 890 1348 919 parte
1372 884 1406 911 de
1432 884 1541 919 propria
1561 892 1592 910 ea
1615 884 1712 911 demus
1740 883 1928 918 possessione,

1132 935 1242 967 propter
1254 931 1326 965 quod
1344 929 1521 965 Septuaginta
1536 939 1542 956 ε
1562 929 1591 956 Si
1607 937 1707 964 pauper
1726 929 1810 964 factus
1821 929 1900 964 fuerit
1917 936 1930 960 ,-

1131 978 1239 1013 Aquila,
1267 978 1290 1004 si
1327 977 1476 1005 exciderit;
1500 975 1690 1012 Symmachus.
1720 977 1742 1002 si
1769 976 1931 1002 humiliatus

1132 1026 1220 1060 fuerit,
1245 1024 1399 1051 ediderunt.
1414 1023 1478 1056 Qum
1500 1023 1637 1058 quomodo
1659 1022 1739 1049 nobis
1758 1027 1785 1048 ct
1799 1027 1860 1056 post
1879 1030 1930 1048 ex-

1132 1078 1239 1098 cessum
1253 1070 1351 1097 salvari
1367 1069 1476 1104 poterit,
1494 1069 1583 1096 disces
1598 1076 1646 1103 per
1662 1073 1754 1103 partes
1769 1068 1852 1095 verba
1868 1068 1931 1103 ipsa

1131 1118 1292 1145 discutiens.

1167 1164 1195 1191 Si
1205 1169 1357 1191 attenuatus
1369 1164 1452 1200 frater
1465 1168 1524 1190 tuus
1533 1163 1678 1190 vendiderit
1688 1163 1929 1197 posscssittnculam

1132 1217 1219 1240 suam,
1239 1213 1264 1234 et
1287 1208 1397 1235 voluerit
1417 1208 1580 1242 propinquus
1606 1207 1675 1242 ejus,
1694 1212 1777 1241 potest
1800 1209 1930 1234 redimere

1132 1255 1201 1290 quod
1218 1254 1264 1281 ille
1286 1255 1449 1281 vendiderat.
1471 1254 1593 1281 Fratrem
1617 1258 1742 1281 nostrum
1765 1253 1929 1281 conﬁdelem

1133 1302 1174 1329 lex
1203 1301 1345 1329 intellexit.
1362 1300 1455 1335 Neque
1485 1301 1556 1327 enim
1587 1300 1748 1334 simpliciter
1775 1300 1929 1327 secundum

1133 1347 1310 1382 Septuaginta
1324 1346 1408 1380 dixit;
1421 1347 1504 1381 frater
1520 1351 1597 1378 titus;
1620 1345 1669 1372 scd
1694 1345 1797 1372 addidit
1813 1355 1817 1372 :
1836 1345 1870 1372 Et
1884 1346 1929 1380 qui

1133 1399 1216 1420 tecum
1233 1398 1269 1420 est
1289 1402 1297 1420 :
1318 1393 1377 1420 illos
1391 1393 1491 1428 quippe
1505 1393 1631 1424 innitens,
1648 1392 1680 1419 de
1699 1392 1798 1427 quibus
1808 1391 1930 1418 Joannes

1133 1439 1297 1475 evangelista
1313 1439 1422 1474 scripsit
1437 1448 1442 1466 :
1456 1438 1484 1465 Si
1499 1439 1568 1465 enim
1579 1438 1686 1474 fuissent
1701 1446 1733 1464 ea:
1745 1438 1828 1468 nobis,
1849 1446 1930 1464 matt-

1133 1486 1225 1511 sissent
1244 1484 1334 1519 utique
1354 1483 1488 1510 nobiscum
1504 1482 1538 1509 ε’.
1556 1482 1625 1509 Sunt
1647 1490 1711 1517 ergo
1732 1481 1844 1516 quidam
1869 1480 1930 1507 falsi

1134 1531 1242 1563 fratres,
1265 1530 1365 1564 iniquis
1390 1529 1541 1556 hieresibus
1566 1529 1745 1560 adhaerentes,
1773 1533 1799 1555 et
1820 1527 1931 1562 pietatis

1134 1577 1233 1603 frustra
1247 1575 1458 1603 cicuml'erentes
1476 1583 1584 1606 nomen,
1596 1575 1629 1602 de
1646 1575 1746 1609 quibus
1760 1574 1859 1601 Paulus
1874 1574 1928 1600 ait:

1133 1622 1262 1649 Periculis
1282 1623 1310 1648 in
1328 1622 1402 1657 falsis
1424 1621 1553 1656 fratribus
1568 1621 1602 1647 ⁸³.
1620 1620 1671 1654 Qui
1698 1625 1789 1647 autent
1811 1620 1836 1646 hi
1863 1619 1931 1652 sint,

1131 1669 1189 1704 ipse
1195 1669 1261 1695 alias
1270 1668 1412 1696 admonet:
1424 1668 1582 1695 "(creticum
1589 1668 1721 1694 hominem
1734 1671 1791 1701 post
1801 1667 1930 1700 primam,

1131 1719 1155 1740 ct
1166 1715 1306 1741 secundant
1316 1714 1522 1740 admonitionem
1532 1714 1618 1740 devita
1632 1713 1665 1740 ⁸⁸.
1680 1712 1736 1740 Sed
1752 1717 1778 1739 et
1791 1712 1930 1739 Joannes:

1131 1760 1160 1786 Si
1175 1761 1232 1796 quis
1249 1761 1318 1787 venit
1336 1761 1369 1787 ad
1389 1769 1442 1792 vos,
1463 1766 1487 1787 et
1502 1761 1649 1788 doctrinam
1674 1764 1741 1787 lianc
1757 1768 1808 1786 non
1827 1760 1932 1794 afferet,

1133 1814 1183 1832 non
1195 1806 1345 1840 suscipiatis
1354 1815 1414 1833 eum
1429 1807 1456 1832 in
1471 1806 1589 1840 domum,
1601 1815 1646 1833 nec
1658 1806 1711 1833 Ave
1721 1815 1743 1833 et
1757 1806 1881 1833 dixeritis
1895 1805 1931 1832 ⁸⁸.

1133 1853 1188 1880 llos
1206 1858 1297 1880 autem
1306 1853 1452 1888 corrigere,
1473 1854 1572 1888 quibus
1587 1855 1691 1880 sociare
1708 1861 1762 1880 non
1781 1852 1847 1880 licet
1857 1853 1933 1879 nullo

1133 1906 1280 1933 possumus
1299 1899 1431 1930 ino.lo,ad
1449 1899 1545 1925 horum
1558 1898 1763 1933 ἀντιδιὰςτώιην
1775 1898 1824 1924 ait.
1841 1897 1870 1924 Si
1888 1903 1932 1924 at-

1134 1950 1256 1971 tenuatus
1277 1946 1360 1980 frutcr
1381 1950 1452 1977 titus,
1475 1945 1532 1972 sive
1554 1945 1705 1972 scentulum
1730 1945 1932 1979 Septuaginta;

1133 1991 1162 2018 Si
1191 1992 1226 2018 ad
1246 1996 1433 2026 paupertatem
1461 1993 1607 2026 pervenerit
1632 1992 1714 2026 frater
1741 1997 1801 2018 titus
1825 1991 1870 2024 qui
1896 1995 1933 2016 cst

1134 2044 1229 2065 tecum.
1252 2037 1373 2065 1⁴¹Γιιιι⁴υιιι
1399 2043 1535 2068 nOstrum,
1552 2042 1579 2065 et
1601 2038 1646 2072 qui
1664 2037 1805 2064 nobiseum
1823 2041 1876 2067 est,
1890 2036 1937 2062 in-

1136 2085 1238 2111 tellexit
1263 2084 1436 2116 coniidelcm,
1468 2085 1494 2111 ir.
1520 2085 1599 2119 cujus
1623 2084 1788 2119 cogitatione
1822 2083 1936 2118 quando

1135 2130 1241 2157 venerit
1255 2135 1407 2165 peccatum,
1418 2131 1444 2157 in
1459 2135 1647 2166 paupertatem
1663 2131 1776 2162 labitur,
1787 2135 1814 2157 et.
1827 2137 1934 2164 pauper

1135 2184 1198 2203 verc
1209 2181 1259 2207 est,
1278 2177 1405 2211 quoniam
1429 2177 1538 2204 divitias
1552 2177 1670 2212 perdidit
1685 2177 1820 2212 spiritales
1845 2177 1936 2203 iactus

1135 2223 1224 2256 qualis
1238 2223 1243 2247 i
1258 2223 1281 2248 lc
1298 2223 1330 2249 de
1347 2231 1400 2257 quo
1412 2223 1495 2250 David
1513 2223 1591 2256 dixit,
1610 2231 1671 2250 cuin
1687 2222 1804 2258 eumqui
1822 2223 1849 2249 in
1862 2223 1936 2257 cogi-

1138 2270 1285 2296 tationibus
1312 2275 1486 2303 peccatorum
1512 2269 1677 2296 constitutus
1696 2274 1764 2301 erat,
1782 2276 1936 2303 cxpoiiciet

1139 2315 1277 2343 hominem
1289 2324 1295 2341 :
1308 2315 1392 2350 Egens
1403 2324 1461 2342 sum
1475 2324 1531 2350 ego,
1547 2322 1572 2342 ct
1586 2316 1612 2342 in
1623 2316 1755 2343 laboribus
1768 2324 1783 2341 a
1793 2316 1937 2350 jnaentutc

1138 2371 1208 2393 mea,
1218 2362 1351 2388 excitatus
1370 2367 1468 2394 autem,
1480 2362 1634 2389 humiliatus
1650 2371 1708 2389 sum
1721 2367 1744 2389 et
1759 2361 1885 2396 confusus
1899 2363 1933 2388 ⁵⁵.

1137 2407 1252 2440 Quando
1267 2415 1331 2443 ergo
1342 2407 1394 2439 hic,
1408 2408 1452 2442 qui
1467 2408 1526 2434 talis
1536 2411 1574 2435 est
1586 2413 1689 2443 partem
1702 2408 1829 2442 proprite,
1839 2407 1935 2434 bonar-

1137 2462 1190 2489 que
1201 2454 1393 2488 possessionis,
1402 2463 1462 2489 qua:
1473 2454 1496 2482 ci
1507 2460 1579 2482 sorte
1590 2453 1933 2486 obvenerat,-vendiderat.

1138 2500 1330 2535 cogitationem
1360 2501 1463 2535 peccati
1490 2501 1652 2535 suscipiens,
1678 2500 1770 2528 vendit
1793 2500 1868 2527 enim
1891 2500 1935 2527 hic

1139 2547 1295 2574 adversario
1312 2555 1389 2574 suam
1407 2553 1539 2578 mentem.
1555 2547 1783 2582 quemadmodum
1801 2547 1873 2574 Deus
1887 2545 1937 2573 Ju-

1140 2593 1204 2620 dicis
1224 2593 1332 2620 dicebat
1347 2602 1354 2620 :
1370 2592 1436 2620 Ecce
1456 2594 1569 2628 peccatis
1588 2594 1679 2620 vestris
1697 2592 1839 2620 venundati
1861 2591 1935 2623 estis,

1139 2640 1221 2667 veniet
1234 2639 1321 2674 affinis
1334 2644 1357 2666 et
1372 2640 1535 2675 propinquus
1549 2636 1618 2674 ejus,
1632 2638 1783 2666 secundum
1796 2638 1934 2673 spiritum,

1140 2689 1270 2720 cognatus
1285 2689 1312 2712 et
1330 2684 1480 2717 confidelis,
1496 2690 1520 2711 et
1537 2684 1618 2719 legent
1634 2684 1798 2717 cognationis
1813 2683 1936 2717 operibus

1141 2732 1288 2763 ostendens,
1304 2736 1328 2758 et
1351 2731 1469 2757 liberabit
1492 2731 1664 2758 venditionem
1682 2730 1774 2765 fratris
1794 2729 1846 2760 sui,
1868 2728 1935 2756 illud

1142 2778 1268 2813 impletis,
1291 2779 1362 2812 quod
1380 2778 1478 2805 Paulus
1502 2777 1639 2805 scribebat
1656 2785 1662 2804 :
1680 2776 1798 2807 Fratres,
1818 2776 1841 2802 si
1861 2783 1935 2801 ron:-

1389 2878 1410 2892 κ’
1433 2877 1533 2904 lJoan.
1550 2885 1578 2909 it,
1598 2877 1639 2904 19.
1678 2877 1700 2891 ⁵³
1716 2875 1736 2904 ll
1752 2875 1815 2904 Cor.
1836 2883 1873 2906 xi,
1888 2875 1933 2903 i6.
