2056 3148
125 192 185 226 1121

677 196 715 226 IN
732 178 957 227 VLEVITICUM.
975 208 1009 214 -·
1030 196 1105 227 LIB.
1121 197 1188 227 VII.

1687 194 1756 227 “‘22

120 251 261 286 prehensus
287 251 366 286 fuerit
393 251 468 278 homo
491 252 518 278 in
547 252 637 287 aliquo
667 253 772 284 delicto,
799 261 843 280 vos
871 253 917 288 qui
932 259 952 286 Α
968 254 1146 289 cogitationes
1171 254 1417 286 emendaverimus,
1435 259 1463 282 et
1479 252 1662 289 receperimus
1685 254 1758 289 quod

121 297 254 332 opirimles
267 297 338 326 estis,
352 297 473 324 instruite
483 297 634 332 ltujusmodi
645 298 672 324 in
680 299 775 334 spiritu
790 307 914 326 nmnsuc-

124 343 230 374 tudinis,
248 344 418 370 considerans
432 344 553 377 teipsum,
574 352 605 370 ne
619 349 643 371 et
660 350 687 371 tu
705 345 822 372 tentet-is.
841 344 915 371 Alter

122 389 231 416 alterius
257 396 339 416 antra
368 394 483 424 portate,
513 395 537 416 et
564 391 602 416 sic
629 391 806 426 adimplebitis
834 391 915 426 legem

122 435 299 464 Christi".Si
314 436 385 463 cnim
401 436 515 463 invicem
531 445 613 464 onera
632 441 724 464 nostra
744 438 915 465 exhortatio-

121 482 219 513 nibus,
244 482 506 509 commonitionibus
521 503 527 514 ,
552 483 769 518 opportunisque
794 484 916 511 consiliis

122 527 333 562 portaverintus,
357 527 474 555 liberare
498 528 610 555 fratrem
631 537 646 555 a
669 533 829 564 paupertate
852 537 916 565 pos-

123 582 229 605 sumus,
246 578 273 600 ct
289 574 423 601 redimere
446 582 526 609 quam
546 575 603 609 ipse
621 582 654 602 ex
669 575 832 610 negligentia
854 584 916 610 pos-

123 621 284 651 sessionem,
307 627 369 647 eum
398 627 452 647 non
477 620 606 652 deberet,
632 621 764 653 vendidit,
789 626 816 648 et
835 622 916 649 modo

121 666 238 702 quodam
251 666 279 693 fit
291 667 446 694 communis
460 667 607 700 possessio.
619 667 645 694 Si
661 671 752 694 autem
768 667 848 695 alicui
861 675 914 695 non

121 712 203 739 fuerit
219 711 362 746 proximus
380 712 422 739 vel
437 712 618 747 propinquus,
638 713 752 740 forsitan
768 713 841 740 enim
858 721 914 740 non

121 758 243 786 ostendit
257 763 414 792 opportuno
431 763 552 793 tempore
566 766 627 794 erga
649 759 731 786 alium
747 759 916 793 compassio-

121 813 184 832 nem
199 808 229 832 ut
246 809 271 831 et
288 804 346 840 ipse
359 804 383 831 ei
397 805 528 839 spiritalis
538 805 677 832 afﬁnitatis
688 805 735 840 jus
748 809 857 833 servet:
870 809 917 832 aut

122 850 235 878 forsitan
251 849 303 876 hoc
320 849 391 884 quod
407 849 529 885 contigit,
542 858 685 885 suggerere
694 850 744 883 eis,
760 850 806 885 qui
818 858 917 878 secun-

121 896 186 922 dum
199 894 324 929 spiritum
336 899 400 921 sunt
409 896 542 930 cognatis,
555 895 693 924 erubescit
707 905 714 923 :
727 900 755 923 et
768 896 833 923 illud
844 896 916 931 quod

120 941 224 968 dictum
240 945 282 967 cst
298 941 325 967 in
341 941 496 968 Proverbiis
514 941 659 977 ignoravit.
674 942 770 969 Frater
782 947 871 970 autem
890 943 917 969 in

120 987 252 1022 angustiis
274 987 463 1021 comprobatur
480 987 513 1018 ⁸⁸.
537 988 600 1023 quia
617 988 663 1023 qui
680 989 823 1016 abscondit
840 996 916 1016 suam

121 1033 287 1068 passionem,
298 1040 349 1059 nec
358 1033 497 1067 accipiens
508 1033 580 1061 illico
591 1033 618 1060 in
628 1039 720 1062 mente
735 1033 916 1066 medicamett,

122 1080 181 1115 ipse
197 1080 373 1114 semetipsum
386 1079 494 1107 salvare
503 1080 593 1112 debet,
608 1085 635 1108 et
645 1081 781 1116 propriam
795 1081 918 1108 substan-
937 1072 942 1080 ’

122 1126 187 1152 tiam
205 1125 351 1158 redimere,
365 1130 393 1152 et
405 1129 550 1160 propterea
563 1127 619 1154 ait:

112 1201 117 1203 ν
158 1171 188 1198 Si
199 1176 289 1198 autent
309 1179 360 1198 non
379 1171 501 1198 habuerit
518 1173 677 1207 proximum,
694 1177 718 1200 et
734 1173 789 1208 ipse
803 1174 918 1208 pretium

121 1218 158 1244 ad
190 1218 372 1245 redimendum
396 1218 510 1251 potuerit
536 1219 662 1251 invenire,
697 1220 918 1253 contputabuntur

121 1265 224 1297 fructus
237 1272 269 1290 ex
281 1272 310 1290 eo
322 1269 448 1298 tempore,
462 1272 514 1300 quo
527 1265 652 1297 vendidit,
668 1270 693 1292 et
707 1265 777 1300 quod
788 1265 918 1302 reliquum

121 1314 170 1340 est,
181 1310 269 1336 reddet
285 1310 405 1344 emptori,
414 1310 502 1344 sicque
513 1311 619 1344 recipiet
629 1312 814 1346 possessionem
828 1319 916 1338 suam.

121 1355 191 1389 Quis
204 1363 269 1391 ergo
285 1360 408 1383 nostrum
420 1356 536 1384 idoneus
551 1361 602 1387 est.
619 1361 666 1384 aut
681 1361 781 1392 potest,
793 1365 826 1384 ex
843 1357 918 1385 desi-

121 1403 180 1434 dia,
191 1407 239 1429 aut
254 1402 386 1437 pravitate
398 1407 519 1430 mentem
535 1403 674 1430 venditant
685 1403 809 1435 liberare,
824 1408 918 1430 utnon

122 1456 158 1475 ex
176 1453 232 1475 toto
250 1452 343 1482 pereat
359 1448 394 1475 ab
407 1448 554 1480 alienantc,
573 1449 625 1475 nisi
641 1448 696 1475 vita
714 1449 793 1480 bona,
807 1454 835 1476 et
846 1448 918 1476 actio

83 1514 88 1520 .
122 1494 439 1529 repellens,quicunque
453 1494 558 1522 inventi
568 1494 734 1522 fuerimusiu
747 1499 839 1522 mente
854 1501 918 1529 pec-

123 1539 248 1567 cantes?
273 1539 388 1574 Oportet
412 1547 477 1575 ergo
502 1540 623 1575 cogitare
648 1544 780 1574 quantum
810 1544 919 1574 tempus

122 1583 269 1618 prmdictas
297 1588 403 1611 mentes
431 1584 456 1611 ei
479 1584 524 1619 qui
545 1585 613 1611 solet
635 1592 682 1611 eas
706 1585 918 1619 cogitationibus

123 1630 203 1656 malis
215 1637 317 1661 cnterc,
327 1634 354 1656 et
370 1629 397 1656 in
413 1631 574 1657 servitutem
587 1630 719 1666 redigere,
733 1631 916 1663 vendidimus,

121 1675 264 1710 placentes
278 1675 313 1706 ei,
330 1680 358 1702 et
371 1675 587 1708 consentientes,
602 1681 630 1703 et
642 1675 718 1703 reddi
734 1676 758 1702 ei
772 1676 843 1710 quod
858 1676 920 1703 rcli-

121 1729 208 1756 quum
232 1726 275 1748 est
292 1721 333 1748 vel
355 1721 504 1748 secundum
519 1721 707 1756 Septuaginta,
733 1721 804 1756 qnod
826 1721 917 1748 habet.

122 1768 219 1802 Neque
233 1767 307 1794 enim
323 1767 452 1794 dixerunt
468 1767 539 1801 quod
558 1767 691 1801 reliquum
706 1772 758 1798 est,
783 1766 829 1794 sed
846 1766 918 1801 qttod

121 1821 207 1848 super
233 1813 324 1845 ltabet,
346 1818 375 1840 ut
389 1817 529 1840 contractu
554 1813 704 1840 valentiore
720 1813 872 1844 vincamus,
892 1817 919 1839 et

123 1860 273 1887 liberemus
300 1858 420 1886 mentcin
447 1865 579 1886 uostraut.
610 1859 642 1886 Et
660 1859 692 1891 si,
715 1859 790 1886 verbi
821 1859 916 1893 gratia,

122 1905 292 1932 desiderium
307 1910 432 1932 nostrum
451 1905 573 1932 avaritiae
585 1905 719 1940 cogitatus
736 1904 835 1931 invasit
856 1911 916 1935 nos,

123 1957 321 1985 τεουρρι-οιιιιιε
347 1955 466 1977 mentem
484 1955 617 1983 nostram,
634 1954 664 1976 ιιι
685 1957 731 1976 eas
745 1949 838 1980 etiam,
857 1956 919 1983 quze

122 1996 157 2023 de
169 1996 245 2030 justo
255 2000 329 2027 sunt,
341 1995 472 2030 pecunias
486 2000 513 2022 et
527 1994 715 2030 possessiones
725 1994 916 2028 despiciatnus.

122 2042 151 2068 Si
164 2041 359 2077 gastrimargite
370 2041 558 2076 captivitatem
570 2040 715 2076 suggessit,
725 2047 776 2067 nos
788 2039 919 2066 intentio—

124 2095 187 2114 nem
204 2086 442 2122 jejuniidistricti,
462 2090 489 2114 et
504 2086 626 2113 omnium
640 2086 763 2113 ciborunt
774 2085 919 2113 continen-

124 2134 190 2160 tiam
205 2141 409 2168 recuperemus.
429 2132 457 2159 Si
477 2132 550 2159 enim
571 2132 771 2167 possessionem
795 2136 918 2165 nostrain

123 2180 246 2214 recipere
262 2187 277 2206 a
294 2179 388 2214 majori
415 2178 536 2211 inimico,
551 2187 632 2214 quem
650 2178 841 2211 devicerimus,
855 2185 919 2213 pos-

124 2233 228 2252 sumus.
240 2225 268 2252 Si
277 2229 367 2252 autent
380 2224 432 2252 hoc
441 2224 542 2251 factum
554 2233 606 2252 tton
619 2224 710 2257 fuerit,
722 2224 787 2259 quid
799 2224 918 2255 eveniat,

124 2273 198 2299 disce
218 2280 226 2298 :

161 2320 193 2347 Et
205 2320 228 2346 si
242 2327 292 2345 non
305 2319 429 2345 invenerit
447 2327 541 2345 manus
557 2318 624 2353 ejus,
642 2323 671 2344 ut
689 2318 780 2344 reddat
793 2317 916 2352 pretium.

124 2366 239 2401 Oportet
249 2365 334 2397 enim,
346 2364 416 2392 sicut
426 2364 553 2396 disimu‘s,
562 2364 672 2398 quando
680 2371 734 2391 non
747 2363 918 2399 praeveniens

125 2412 187 2446 quis
201 2411 373 2446 propinquus
398 2409 528 2444 spiritalis
548 2408 759 2440 commonuerit,
782 2408 918 2442 quomodo

126 2458 212 2484 malas
227 2457 410 2493 cogitationes
426 2456 486 2484 sine
500 2455 611 2482 ltesionc
632 2455 806 2490 repellamus,
822 2454 919 2481 subse-

125 2504 171 2539 qui
190 2503 383 2538 cogitationem
404 2505 432 2528 et
452 2501 588 2528 actionem
610 2509 642 2528 ex
656 2509 708 2536 qua
723 2501 838 2529 liberare.
855 2508 918 2535 pos-

126 2551 211 2577 simus
231 2556 400 2585 quatcuuque
421 2548 521 2583 reperti
544 2548 678 2575 fuerimus
691 2548 762 2574 male
774 2547 919 2574 alienasse.

127 2597 242 2626 Habebit
258 2601 366 2632 emptor
379 2596 450 2631 quod
467 2600 571 2622 emerat
591 2603 675 2630 usque
688 2595 721 2622 ad
733 2601 835 2621 artuum
848 2593 922 2628 jubi-

128 2644 210 2674 leum.

163 2690 195 2718 In
214 2691 270 2726 ipso
283 2693 352 2719 enim
364 2694 449 2720 omnis
462 2692 577 2720 venditio
590 2690 657 2717 redit
674 2688 710 2715 ad
726 2687 880 2716 Dominum,
897 2690 922 2712 et

129 2737 163 2764 od
173 2745 346 2772 possessorem
362 2739 514 2774 pristinum.
536 2737 563 2765 Si
579 2744 643 2772 ergo
664 2742 753 2769 neque
765 2741 814 2768 per
828 2733 924 2759 frater-

111 2800 115 2802 »
129 2790 192 2811 naut
211 2784 365 2813 doctrinam
380 2793 469 2820 neque
484 2793 533 2820 per
548 2784 664 2811 aliouam
676 2782 804 2810 virtutem
816 2783 924 2807 nostras

165 2899 187 2916 ³’
197 2899 259 2928 Gal.
271 2909 310 2933 Vt,
323 2900 349 2928 ί.

133 2942 177 2967 vtt,
194 2936 238 2965 14.

407 2903 428 2920 κε
445 2901 524 2930 Prov.
540 2906 606 2931 xvtt,
621 2897 663 2925 Π.

702 2897 724 2914 ⁸⁹
740 2895 761 2924 ll
774 2895 872 2923 Thess.
887 2902 916 2927 ιι,
931 2894 957 2922 5.

966 300 1002 327 de
1025 305 1118 327 nostra
1142 300 1314 334 possessione
1334 300 1482 328 alienatum
1505 305 1555 331 est,
1573 300 1758 328 dominabitur

966 345 1036 378 ejus,
1057 345 1103 380 qui
1123 353 1183 372 eam
1205 353 1254 380 per
1275 350 1397 373 nostram
1414 346 1604 381 negligentiam
1625 345 1757 381 possedit.

967 391 1059 426 Usque
1074 392 1106 418 ad
1123 399 1192 426 opus
1209 392 1281 418 enim
1301 396 1442 426 peccatum
1464 392 1635 426 producitur,
1658 395 1686 418 et
1701 399 1758 418 non

967 438 1046 465 aliter
1054 438 1250 472 intelligibilem
1261 443 1380 465 nostram
1391 437 1590 472 possessionem
1602 437 1758 472 recipimus,

966 484 1018 510 nisi
1035 483 1061 510 in
1080 489 1201 518 tempore
1214 484 1320 518 juhilei,
1339 484 1389 511 sivi
1411 488 1443 511 ut
1457 483 1644 518 Septuaginta,
1661 483 1759 510 remis-

968 529 1064 557 sionis.
1087 529 1156 562 Quia
1174 530 1310 564 perfectus
1328 534 1370 557 est
1392 537 1491 560 anuus,
1515 529 1561 564 qui
1575 537 1670 556 omnes
1689 529 1716 556 in
1730 536 1760 555 so

967 576 1051 604 horas
1066 576 1159 610 habet,
1174 581 1201 604 et
1217 576 1338 603 omnium
1351 577 1495 604 modorum
1517 576 1672 603 circuitum.
1695 575 1759 602 Per-

970 625 1062 646 actum
1076 624 1167 647 autem
1184 625 1336 655 peceatum,
1348 626 1375 648 et
1388 628 1437 655 per
1456 620 1569 647 multum
1583 624 1689 655 tempus
1700 627 1759 646 ma-

969 673 1046 696 nens,
1058 673 1112 692 nott
1128 666 1208 693 aliter
1223 667 1263 693 fas
1279 670 1320 694 est
1333 666 1442 701 corrigi,
1458 671 1485 693 et
1500 666 1614 693 liberare
1627 670 1757 697 utentem,

969 711 996 738 in
1013 719 1065 746 qua
1073 711 1230 739 dominatus
1243 717 1285 739 est
1301 712 1332 744 is,
1342 712 1388 747 qui
1400 712 1469 739 ntale
1481 716 1572 739 ttostra
1584 711 1759 746 conquisivit,

968 757 1019 784 nisi
1036 765 1085 792 per
1099 758 1248 792 perfectam
1260 758 1462 792 pmnitentiant,
1477 757 1503 784 in
1516 757 1758 792 quaetjejuniuut,

969 806 997 829 et
1006 803 1102 834 oratio,
1112 807 1141 830 et
1150 803 1503 837 ciliciumfeteleemosyna,
1514 807 1541 829 ct
1550 802 1675 836 lacryma:
1697 809 1760 835 per-

968 848 1152 883 aguntur.Per
1163 847 1222 875 haec
1233 848 1358 875 remissio
1366 848 1443 874 nobis
1450 847 1528 881 plena
1536 846 1716 881 conquiritur.
1733 845 1761 872 Si

973 900 1064 922 autem
1080 895 1221 922 hominem
1229 894 1331 922 dictum
1344 893 1428 920 fuisse
1438 901 1451 919 a
1461 893 1614 928 legislature
1624 900 1698 921 etun,
1713 891 1762 925 qui

969 941 1118 976 captivavit
1133 943 1241 967 metttcs
1258 945 1376 970 nostras,
1390 938 1520 969 diximus,
1535 946 1588 964 non
1605 937 1760 968 admireris,

968 987 1032 1023 quia
1052 992 1080 1014 et
1101 987 1202 1014 Paulus
1226 994 1299 1018 eum,
1323 985 1462 1012 hominem
1490 984 1605 1019 peccati,
1629 988 1657 1010 et
1677 983 1761 1010 lilium

969 1032 1133 1068 perditionis
1156 1032 1301 1067 appellavit
1317 1031 1350 1056 ”.
1378 1030 1462 1057 Isaias
1488 1034 1579 1057 autem
1602 1027 1761 1064 [Egyptium

969 1078 1121 1110 hominem,
1130 1081 1218 1105 etnon
1227 1077 1322 1110 Deum,
1335 1076 1362 1103 in
1372 1083 1420 1103 sua
1429 1083 1491 1102 eum
1502 1075 1643 1110 prophetia
1651 1074 1717 1101 dixit
1726 1075 1760 1099 9".

969 1125 1024 1153 Sed
1039 1130 1067 1152 et
1076 1125 1208 1152 Dominus
1221 1123 1361 1150 hominem
1374 1121 1465 1149 vocari
1476 1121 1620 1148 manifeste
1633 1121 1762 1147 concez'it

969 1171 1118 1203 diabolum,
1139 1178 1189 1205 pro
1208 1177 1242 1197 co
1256 1169 1328 1205 quod
1348 1169 1420 1196 inter
1433 1167 1558 1195 homines
1573 1171 1760 1197 conversetur,

968 1222 998 1245 et
1024 1217 1057 1244 ad
1073 1225 1166 1245 eorum
1184 1220 1262 1243 vacet
1288 1215 1414 1242 insidias.
1429 1214 1496 1241 Cum
1517 1221 1582 1248 ergo
1606 1213 1762 1247 parabolant

970 1264 1136 1292 zizaniorum
1148 1267 1306 1298 exponeret,
1321 1261 1390 1288 dixit
1402 1269 1409 1287 :
1426 1261 1583 1287 Accedeutes
1593 1263 1682 1286 autem
1694 1259 1762 1285 aerei

969 1311 1056 1344 patris
1076 1309 1204 1345 familias,
1222 1308 1345 1334 dixerunt
1357 1306 1401 1333 ei:
1416 1305 1539 1336 Domine,
1563 1312 1647 1330 nonne
1668 1303 1763 1329 bonum

968 1365 1055 1384 semen
1062 1355 1198 1383 setninasti
1209 1355 1237 1381 in
1247 1362 1310 1389 agro
1327 1357 1382 1385 tuo,
1395 1352 1464 1378 unde
1476 1351 1579 1378 zizania
1590 1351 1602 1376 ?
1615 1349 1663 1377 Ille
1673 1355 1762 1376 autent

969 1404 1037 1430 dixit
1048 1403 1085 1430 eis
1097 1411 1104 1429 :
1123 1401 1250 1428 Inimicus
1262 1401 1338 1427 homo
1348 1401 1395 1426 hoc
1407 1399 1466 1434 fecit
1479 1399 1512 1424 9‘.
1530 1396 1632 1424 Deinde
1647 1396 1763 1430 parabo-

970 1449 1022 1475 lam
1041 1448 1235 1482 interpretans,
1251 1450 1277 1472 et
1300 1445 1428 1472 inimicus
1442 1443 1503 1478 quis
1514 1447 1597 1473 esset,
1609 1449 1759 1477 exponens,

969 1494 1009 1522 sic
1020 1494 1086 1521 dicit
1099 1502 1106 1520 ε
1122 1493 1248 1520 Inimicus
1259 1496 1347 1518 autem
1359 1491 1404 1526 qui
1413 1489 1550 1516 seminavit
1564 1497 1606 1519 ea,
1617 1493 1654 1515 est
1669 1487 1761 1514 diabo—

971 1541 1021 1567 lus.
1036 1540 1104 1573 Quia
1116 1544 1143 1566 et
1160 1539 1205 1574 qui
1218 1543 1336 1566 mentem
1349 1545 1425 1564 suam
1439 1544 1488 1571 per
1499 1539 1638 1570 peccatum
1653 1534 1762 1562 diabolo

930 1600 952 1628 ε
971 1587 1071 1622 prodit,
1086 1585 1252 1613 venditionis
1265 1592 1321 1612 sua:
1333 1591 1422 1619 prava:
1438 1587 1465 1610 et
1480 1582 1640 1617 perniciosae
1651 1585 1761 1608 contra-

969 1639 1043 1661 ctum
1056 1632 1214 1660 celebravit.
1223 1631 1321 1658 Paulus
1333 1630 1413 1657 etiam
1424 1629 1476 1656 hoc
1485 1627 1613 1655 Romanis
1627 1627 1760 1657 scribens,

972 1680 1168 1714 interpretatus
1182 1682 1233 1705 est.
1249 1676 1350 1704 Scimus
1363 1676 1431 1702 enim
1444 1675 1506 1710 quia
1520 1674 1560 1700 tea:
1571 1672 1700 1707 spiritalis
1713 1677 1761 1703 est,

970 1734 1017 1760 ego
1041 1730 1130 1751 autem
1149 1723 1266 1750 carnalis
1286 1730 1356 1753 sum,
1371 1720 1534 1747 venundatus
1552 1718 1599 1744 sub
1620 1717 1761 1752 peccato".

971 1770 1038 1797 Illud
1051 1775 1141 1797 autent
1165 1774 1228 1796 nota
1255 1767 1383 1798 maxime,
1409 1766 1472 1801 quia
1495 1772 1549 1792 non
1568 1764 1691 1796 fratrem,
1707 1770 1762 1790 nou

972 1816 1154 1850 propinquum
1169 1814 1237 1841 dixit
1261 1821 1321 1840 esse
1337 1811 1421 1843 huttc,
1439 1810 1482 1837 cui
1499 1808 1631 1838 vendidit.
1653 1807 1701 1835 sed
1713 1814 1765 1834 nec

971 1861 1124 1896 proximum
1136 1868 1210 1891 eum,
1222 1858 1302 1889 dixit,
1316 1855 1544 1891 quemadmodum
1559 1853 1584 1879 in
1599 1851 1764 1887 praecedenti

972 1908 1125 1939 sanctione,
1141 1907 1167 1932 itt
1182 1914 1234 1940 qua
1252 1905 1320 1932 dixit
1338 1913 1344 1930 :
1361 1902 1475 1936 Quando
1498 1900 1600 1928 vendes
1625 1898 1765 1933 quidpiam

971 1954 1022 1981 civi
1034 1957 1091 1983 tuo,
1110 1952 1150 1978 vel
1162 1952 1230 1978 emis
1240 1951 1273 1976 ab
1284 1957 1327 1982 eo,
1339 1956 1394 1975 non
1407 1946 1554 1974 contristes
1564 1946 1675 1972 fratrem
1688 1948 1765 1969 tuum

971 1999 1040 2026 nihil
1062 1998 1114 2025 tale
1137 1998 1179 2023 hic
1195 1997 1309 2026 addens,
1329 1994 1449 2020 ostendit
1462 1996 1566 2026 aperto,
1582 1989 1645 2025 quia
1664 1990 1697 2016 de
1713 1988 1764 2015 ali-

972 2052 1026 2079 quo
1038 2052 1053 2070 a
1069 2043 1147 2069 nobis
1170 2042 1272 2071 alieno,
1295 2039 1341 2074 qui
1355 2038 1423 2066 utale
1438 2042 1531 2064 nostra
1553 2034 1698 2070 conquirit.
1717 2033 1766 2060 lo-

971 2090 1073 2125 quitur.
1093 2089 1126 2115 Et
1146 2089 1205 2115 haec
1222 2087 1332 2121 quidem
1347 2089 1389 2112 est
1405 2083 1536 2119 spiritalis
1558 2080 1765 2115 contemplatio.

972 2134 1112 2162 Manifesta
1124 2138 1213 2160 autem
1224 2136 1265 2160 est
1275 2131 1403 2158 omnibus
1413 2129 1498 2157 solius
1511 2127 1646 2163 expositio
1655 2126 1765 2157 litterae,

972 2186 1000 2209 et
1013 2180 1099 2208 facilis
1113 2178 1232 2211 traditio,
1252 2177 1314 2212 quia
1325 2176 1428 2203 Judre'ts
1441 2175 1527 2210 legem
1545 2171 1726 2203 sufﬁcientia),
1739 2175 1767 2198 et

972 2236 1027 2255 non
1044 2225 1178 2262 gaudendi
1193 2225 1220 2256 in
1232 2223 1346 2252 avaritia
1364 2230 1412 2257 per
1429 2222 1481 2249 tale
1496 2220 1653 2248 mandatum
1664 2225 1766 2254 propo-

937 2270 960 2297 Ῑ)
975 2275 1025 2305 nit,
1043 2278 1069 2301 et
1083 2277 1226 2308 propterea
1247 2269 1435 2306 possessiones
1451 2275 1500 2302 per
1511 2266 1643 2294 circulum
1663 2265 1695 2291 ad
1708 2271 1766 2296 eos,

975 2321 1020 2356 qui
1033 2327 1079 2347 eas
1088 2318 1172 2346 semel
1183 2318 1350 2349 habuerunt,
1361 2314 1461 2342 reverti
1470 2313 1537 2346 vult,
1549 2317 1577 2340 et
1588 2319 1640 2339 nec
1649 2310 1768 2338 vendere

974 2367 1072 2398 vetuit,
1083 2371 1114 2394 ut
1128 2373 1182 2393 non
1192 2367 1350 2399 angustaret
1360 2369 1519 2398 pauperem,
1532 2367 1583 2387 nec
1599 2361 1712 2393 angeret
1726 2356 1768 2382 iu-
1791 2376 1795 2382 .

973 2413 1122 2449 digentem,
1143 2411 1188 2446 qui
1204 2418 1259 2437 tton
1279 2409 1357 2436 aliter
1370 2408 1479 2442 degere,
1500 2412 1588 2439 neque
1604 2401 1769 2449 necessitate

974 2447 1063 2492 aliqua
1073 2455 1190 2484 evadere
1197 2455 1310 2486 valeret,
1320 2453 1371 2480 nisi
1383 2453 1452 2479 forte
1462 2450 1639 2478 vendidisset.
1649 2447 1701 2474 Sed
1717 2453 1767 2472 nec

975 2491 1026 2530 eos
1035 2502 1081 2536 qui
1105 2500 1339 2535 conquisiverunt,
1356 2505 1466 2532 semper
1479 2495 1618 2530 possidere
1634 2491 1766 2528 prmcipit,

975 2547 1024 2575 sed
1040 2551 1148 2581 tempus
1164 2544 1290 2572 definivit
1307 2543 1378 2570 intra
1393 2541 1465 2576 quod
1489 2541 1531 2568 lex
1548 2538 1667 2573 antiquis
1679 2536 1768 2564 domi-

976 2593 1020 2620 nis
1030 2592 1232 2628 possessionem
1246 2589 1383 2618 redderet.
1393 2588 1460 2622 Quia
1470 2593 1562 2615 autent
1572 2584 1688 2620 antplius
1701 2590 1767 2609 cutt-

978 2637 1164 2673 templationis
1192 2637 1244 2668 lex,
1274 2639 1301 2662 ct
1327 2634 1477 2670 juvaminis
1505 2631 1644 2668 spiritalis,
1668 2633 1696 2656 et
1712 2635 1765 2655 non

977 2683 1128 2711 secundum
1142 2683 1262 2709 litteraut
1275 2680 1406 2713 mandati,
1424 2684 1453 2707 et
1463 2686 1523 2713 quae
1535 2678 1561 2704 in
1575 2675 1716 2711 superﬁcie
1725 2678 1768 2700 est

978 2729 1167 2765 expositionis,
1181 2735 1274 2755 curam
1286 2727 1395 2758 habeat,
1412 2724 1587 2753 manifestam
1597 2719 1748 2756 sequentia.

1014 2775 1097 2803 Vens.
1117 2774 1213 2803 ιιι-δι.
1225 2784 1234 2800 ι
1253 2773 1305 2807 Qui
1319 2772 1471 2801 vendiderit
1484 2771 1594 2800 domum
1610 2769 1680 2796 intra
1693 2765 1768 2794 urbis

1652 2884 1675 2901 ’ί
1689 2882 1767 2910 Rom.

1008 2893 1030 2909 "
1051 2892 1103 2921 lsa.
1119 2899 1194 2925 xui,
1211 2890 1238 2918 i.
1275 2891 1300 2907 ἰ
1315 2890 1410 2918 Matth.
1424 2897 1484 2920 xui,
1501 2887 1546 2920 27,
1563 2886 1606 2915 28.
