2056 3148
296 163 364 197 1123

293 228 398 252 muros,
420 217 533 249 habebit
558 217 697 246 licentiam
724 216 886 249 redimendi,
909 216 997 244 donec
1014 224 1085 243 unus
1101 218 1122 246 Α

294 266 438 300 impleatur
457 271 555 291 annus
568 263 596 291 Si
614 271 668 291 non
682 263 837 295 redemerit,
850 267 877 290 et
887 262 951 289 auni
965 262 1086 289 circulus

294 311 375 339 fuerit
392 310 528 341 evolutus,
545 313 653 344 emptor
673 309 822 344 possidebit
842 317 912 340 eam,
937 313 965 335 ct
984 308 1085 343 posteri

294 358 353 392 ejus
369 357 395 383 in
411 361 586 391 perpetuum,
604 362 632 382 et
654 355 747 382 rodimi
769 363 823 382 non
840 354 940 389 poterit
955 355 1037 381 etiam
1059 354 1085 380 in

291 403 404 437 jubileo.
422 402 468 429 Sin
481 407 572 429 autent
589 402 616 428 in
626 402 687 428 villa
704 401 784 428 fuerit
803 400 910 433 domus,
922 408 983 435 qua:
994 407 1087 427 muros

294 457 349 479 non
360 449 452 480 habet,
468 447 820 483 agrorumdurevendetur.
834 446 934 474 Siante
946 447 1086 481 redempta

294 503 349 525 non
363 495 455 526 fuerit,
469 495 496 521 in
510 494 612 529 jubileo
624 497 776 521 revertetur
785 495 818 521 ad
829 494 985 520 Dominum.
1001 492 1086 520 Ede-.5

296 540 452 571 Levitarum
478 548 539 574 quae
558 539 585 566 in
609 539 724 566 urbibus
749 543 824 571 sunt,
840 546 949 573 semper
973 543 1088 573 possunt

296 586 401 615 redimi.
418 585 446 613 Si
462 586 610 620 redemptae
626 593 680 613 non
700 585 802 612 fuerint
821 585 847 612 in
861 584 974 619 jubileo,
994 591 1087 611 rever-

296 637 388 660 tentur
408 632 441 659 ad
458 631 592 664 dominos,
612 631 675 666 quia
691 631 788 658 domus
809 631 917 658 urbium
932 629 1088 657 Levitarum

297 686 346 712 pro
368 677 588 713 possessionibus
609 681 672 704 sunt
697 677 767 703 inter
783 676 852 703 lilios
873 675 967 703 Israel.
981 675 1088 703 Subur-

297 725 366 751 bana
392 729 483 751 autem
504 731 600 751 eorum
623 730 679 750 non
705 723 828 756 veniunt,
861 722 926 757 quia
950 721 1089 757 possessio

296 769 464 804 sempiterna
475 773 527 796 est.
547 778 557 794 ι

332 815 359 842 Si
379 815 413 842 ad
430 823 511 842 unam
525 815 578 842 hoc
591 814 770 841 intentionem
785 813 925 849 lcgislator
936 813 1088 844 habuissst,

297 864 327 887 ut
343 860 530 894 possessiones
547 868 603 887 non
614 860 744 887 caderent
763 860 797 887 ab
810 860 870 886 aliis
889 860 924 887 ad
938 860 1016 893 alios,
1031 864 1089 886 erat

297 907 398 942 quippe
422 907 474 934 hoc
498 907 573 938 utile,
596 907 658 941 quia
683 906 716 933 de
741 906 914 938 sufﬁcientia,
938 906 1088 933 secundum

297 951 368 985 quod
385 950 515 984 diximus,
526 951 568 977 lex
582 958 676 978 curam
693 951 779 986 gerit:
795 951 874 985 cujus
891 955 970 985 putas
978 951 1016 978 rei
1030 959 1092 986 gra-

299 997 345 1030 tia,
361 998 471 1032 quando
486 1005 539 1024 non
555 997 656 1024 fuerint
675 997 746 1024 intra
758 1005 872 1029 annum,
893 998 964 1024 sicut
982 997 1030 1030 ait,
1046 1004 1092 1023 re-

298 1041 425 1077 demptae,
451 1042 561 1077 proprie
580 1049 641 1070 esse
665 1042 885 1077 conquirentium
905 1042 988 1077 jusste
1009 1041 1093 1069 sunt?

298 1089 352 1116 Sed
364 1097 415 1116 nec
428 1089 479 1117 hoc
495 1088 664 1123 simpliciter,
678 1089 727 1115 sed
739 1088 794 1116 imo
810 1088 936 1116 subtilem
946 1089 1092 1123 quamdam

299 1133 458 1162 custodiens
470 1133 643 1161 divisionem.
661 1132 837 1168 Quatcttnque
853 1133 926 1160 enim
945 1133 1015 1160 intra
1030 1141 1092 1160 mn~

298 1188 344 1208 ros
356 1184 420 1208 sunt
435 1179 601 1207 munitarum
613 1179 767 1211 civitatum,
788 1179 858 1206 intra
874 1187 977 1206 annum
995 1179 1093 1206 redimi

299 1226 472 1255 solummodo
489 1225 585 1253 liceret
609 1233 616 1251 :
632 1233 802 1260 quacunque
816 1231 907 1252 autem
919 1225 945 1252 in
960 1233 1016 1252 non
1031 1233 1093 1252 mu-

299 1271 374 1304 ralis,
392 1270 529 1298 licentiam
539 1269 632 1296 haberi
644 1269 775 1297 liberandi
786 1277 832 1297 eas
842 1269 1093 1304 semperpermisit.

300 1318 457 1345 Levitarum
479 1321 571 1343 autem
593 1316 699 1349 domos,
719 1316 776 1343 sive
798 1316 826 1343 in
853 1316 967 1343 muratis
992 1316 1049 1343 sive
1066 1316 1094 1343 in

300 1372 354 1393 non
379 1363 494 1391 muratis
513 1362 580 1395 sint,
607 1370 716 1397 semper
737 1362 833 1389 redimi
848 1362 988 1397 praeepit.
1009 1363 1096 1397 Agros

300 1413 392 1437 autem
407 1408 535 1440 vendere,
545 1415 640 1435 otnnes
656 1407 878 1442 prohibuil.Htec
894 1411 986 1434 autem
997 1406 1095 1434 distin-

300 1455 365 1485 ctio,
391 1454 449 1489 jam
476 1453 644 1480 infructuosa
671 1453 756 1480 estad
784 1451 880 1479 faciem
906 1451 1003 1479 litterae
1015 1459 1096 1486 quam

300 1500 422 1528 ostendit
436 1509 443 1527 :
458 1499 520 1534 quia
535 1499 578 1526 lex
600 1499 652 1526 fuit
667 1498 787 1533 quidem,
813 1498 922 1533 quando
937 1498 1032 1525 habuit
1051 1498 1096 1532 ju-

299 1556 398 1576 vamen
415 1548 449 1575 de
464 1547 565 1578 littera,
583 1554 637 1573 non
657 1550 746 1573 tamen
761 1552 878 1580 semper,
894 1553 946 1573 nec
959 1545 992 1573 de
1011 1545 1094 1576 omni,
1110 1564 1131 1591 C

301 1598 413 1629 propter
426 1593 499 1627 quod
514 1592 539 1620 ei
563 1591 759 1626 contemplatio
782 1591 913 1625 spiritalis
933 1591 1091 1618 necessaria

302 1645 353 1668 est.
376 1639 484 1666 Utilitas
507 1641 599 1666 autem
616 1638 680 1665 hinc
694 1638 847 1665 intendenti
863 1642 1005 1672 perpetua,
1019 1642 1046 1665 et
1062 1638 1097 1665 de

302 1686 376 1712 omni
399 1684 528 1711 mandato
551 1683 620 1718 legis
638 1683 765 1718 provenit
782 1688 948 1718 :propterea
971 1683 1097 1711 durescit

300 1733 403 1762 littera,
420 1735 451 1758 ut
461 1729 625 1757 necessitate
639 1730 737 1762 coacti,
747 1730 782 1757 ad
795 1731 964 1765 spiritualem
976 1736 1098 1759 contem-

302 1777 452 1812 plationem
475 1783 660 1803 recurramus.
685 1776 763 1804 Unde
777 1781 806 1803 et
833 1777 935 1804 Paulus
960 1777 1068 1805 dicebat
1089 1787 1095 1804 :

303 1824 375 1850 Ante
396 1822 468 1850 enim
489 1829 570 1856 quam
594 1822 701 1849 veniret
728 1822 805 1854 ﬁdes,
819 1823 870 1850 sub
885 1823 944 1858 lege
962 1824 1098 1852 custodie—

303 1869 412 1900 bamur,
426 1868 548 1895 conclusi
562 1867 590 1894 in
605 1875 666 1895 eam
677 1867 770 1900 ﬁdem,
799 1876 859 1902 quae
872 1869 1014 1896 revelanda
1027 1874 1096 1897 erat.

304 1913 414 1941 Littera
427 1913 501 1940 enim
527 1913 679 1946 conclusio,
702 1913 856 1942 libertatem
886 1923 978 1942 amare
1002 1916 1099 1944 suadet

303 1960 417 1995 spiritus
433 1958 542 1986 ".Jam
572 1967 647 1987 nunc
676 1967 741 1996 ergo
769 1961 914 1995 prmsentls
943 1963 1097 1990 sanctionis

304 2008 484 2036 discutiamus
506 2007 651 2040 virtutem,
668 2007 695 2035 in
711 2009 931 2043 prmeedentibus
954 2011 1034 2038 unius
1051 2019 1099 2038 cu-

301 2054 410 2089 jusdam
424 2053 625 2089 possessionem
640 2061 806 2088 proponens,
822 2054 859 2081 ait
875 2063 949 2090 ergo:

340 2099 369 2128 Si
381 2105 534 2127 attenuatus
551 2101 634 2134 [rater
651 2105 722 2132 tuus,
739 2101 883 2128 vendiderit
904 2103 1098 2135 possessiuncu-

306 2146 360 2172 lam
372 2154 461 2178 suam,
471 2149 496 2172 et
506 2145 616 2173 voluerit
625 2146 788 2180 propinquus
799 2146 866 2181 ejus,
879 2152 962 2180 potest
971 2148 1099 2176 redimere

305 2191 374 2225 quod
394 2191 439 2218 ille
454 2192 608 2218 uendiderat
620 2199 630 2218 :
644 2192 685 2219 sin
697 2197 787 2219 autem
802 2201 853 2219 non
873 2193 993 2220 habuerit
1008 2196 1098 2228 proxi-

885 158 1067 190 HESYCHII
1092 152 1331 189 PRESBYTERI

1864 155 1929 187 ιιέι

1137 215 1344 251 quodammodo
1356 214 1507 243 libertatem
1517 214 1665 250 accipiunt.
1679 214 1732 242 Sed
1741 218 1767 241 ct
1775 213 1930 241 Iudaeorum

1138 262 1337 293 collectionem,
1365 262 1502 297 quomodo
1519 261 1642 296 quaedam
1670 268 1720 296 per
1734 260 1866 294 quosdam
1891 259 1932 285 in-

1139 308 1290 343 telligibiles
1304 307 1422 339 Levitas,
1435 307 1460 334 id
1473 311 1525 340 est,
1541 307 1676 342 apostolos
1691 306 1839 346 solventur,
1853 304 1933 331 nimis

1138 357 1289 383 secundum
1304 356 1376 391 quod
1394 357 1477 383 Deum
1495 355 1584 387 decet,
1599 354 1710 389 exponit
1721 353 1836 381 dicens:

1174 401 1225 434 Qui
1243 403 1389 429 vendiderit
1404 402 1510 429 domum
1529 402 1600 427 intra
1625 401 1696 427 urbis
1712 407 1810 431 muros,
1830 397 1934 424 habebit

1140 448 1274 475 licentiam
1301 448 1446 475 redimendi
1473 448 1554 474 donec
1575 455 1641 473 unus
1666 445 1809 481 impleatur
1836 451 1934 471 annus.

1139 494 1203 521 Ha‘c
1226 495 1260 521 de
1274 493 1432 522 Judceorum
1459 494 1597 528 Synagoga
1614 492 1806 527 intelligamus,
1822 497 1884 524 quia
1907 489 1936 515 in

1140 540 1193 568 hac
1214 540 1335 567 nubatur
1365 539 1475 574 quidem
1502 548 1508 565 :
1538 542 1684 573 propterea
1698 537 1771 564 enim
1785 543 1845 562 eam
1863 535 1937 562 Deus

1139 594 1189 622 per
1211 586 1331 621 Moysen,
1346 590 1376 612 ut
1391 589 1418 612 et
1441 585 1611 612 habitaretur
1627 582 1777 615 constituit,
1795 581 1860 608 licet
1878 581 1937 615 ipsa

1140 634 1198 661 haec
1206 641 1261 660 non
1276 632 1450 665 custodierit,
1463 633 1496 659 ab
1508 632 1551 664 iis,
1565 632 1592 658 in
1607 631 1706 665 quibus
1721 629 1937 656 inhabitaverat.

1140 681 1254 716 Propter
1272 679 1355 714 quod,
1374 685 1401 706 et
1423 678 1555 706 Dominus
1571 677 1672 704 Jutlaeis
1689 677 1796 704 dicebat
1813 685 1820 702 :
1838 676 1941 702 Domus

1140 735 1209 759 mea,
1234 726 1326 752 domus
1343 725 1469 752 orationis
1492 724 1702 751 vocabitur-:vos
1725 727 1814 748 autem
1839 722 1942 756 fecistis

1141 779 1201 797 eam
1221 770 1374 805 speluncam
1393 770 1527 796 latronum
1542 768 1575 795 “.
1602 768 1664 795 Erat
1678 772 1769 795 autem
1787 767 1813 793 in
1829 766 1945 793 civitate

1141 821 1248 843 murata
1266 816 1293 843 in
1313 815 1465 843 Jerusalem
1485 824 1490 841 :
1507 814 1623 842 habebat
1639 813 1712 840 enim
1727 820 1835 839 murum
1852 813 1944 846 lcgcm

1143 862 1232 895 hanc;
1246 862 1340 889 vendit
1356 861 1493 896 quispiam
1508 867 1580 886 :non
1598 863 1688 886 tamen
1701 859 1746 885 hic
1757 857 1945 887 venditorem,

1144 914 1233 941 neque
1258 907 1453 942 propinquum,
1476 913 1566 940 neque
1580 905 1747 940 proximum,
1764 903 1836 930 sicut
1857 909 1946 937 Supra

1143 953 1298 988 appellavit,
1313 960 1402 987 neque
1413 952 1485 979 enim
1499 959 1570 978 unus
1585 954 1643 978 erat
1661 951 1732 977 hanc
1748 949 1879 981 vendens,
1893 948 1946 975 sed

1143 998 1227 1025 totius
1247 998 1405 1025 Judaaorum
1426 997 1545 1032 populus
1571 996 1641 1023 male
1660 996 1765 1026 vivens,
1781 995 1948 1029 quineque

1144 1043 1236 1077 frater,
1259 1051 1350 1078 neque
1364 1047 1498 1078 cognatus
1517 1042 1616 1077 dignus
1633 1045 1693 1068 erat
1709 1041 1850 1076 appellari,
1868 1041 1947 1067 unde

1143 1097 1206 1116 eum
1238 1090 1320 1116 etiam
1352 1089 1484 1124 populum
1510 1088 1692 1114 Sodomorum
1724 1091 1752 1113 et
1772 1085 1945 1113 Gomorthiri

1145 1135 1217 1162 Deus
1225 1143 1274 1170 per
1287 1135 1364 1163 Isaia:
1375 1134 1547 1170 prophetiam
1557 1133 1711 1168 appellarit.
1721 1132 1828 1164 Audite,
1841 1131 1945 1166 inquit.

1144 1182 1251 1208 verbum
1270 1181 1389 1213 Domini,
1402 1181 1535 1216 principes
1549 1179 1733 1211 Sodomorum,
1749 1177 1858 1204 auribus
1875 1185 1946 1211 per-

1144 1227 1223 1262 cipite
1249 1227 1331 1262 legem
1351 1227 1399 1253 Dei
1425 1226 1509 1253 nostri
1524 1225 1636 1261 populus
1658 1223 1810 1251 Cameri-Ita:
1821 1224 1855 1251 ’⁵.
1871 1223 1944 1250 Alibi

1145 1279 1236 1301 autem
1260 1273 1293 1300 ad
1319 1281 1366 1300 eos
1384 1280 1492 1300 rursum
1505 1272 1642 1306 Propheta
1660 1271 1769 1298 dicebat
1786 1278 1793 1297 τ
1815 1270 1866 1296 (.‘ui
1881 1278 1946 1295 ven-

1146 1320 1226 1347 ditori
1238 1320 1344 1347 vendidi
1366 1328 1409 1346 vos
1420 1320 1433 1346 ἱ)
1444 1319 1511 1346 Ecce
1536 1318 1634 1345 uenditi
1648 1318 1708 1344 estis
1717 1317 1744 1343 in
1758 1316 1944 1350 iniquitatibus

1146 1367 1238 1393 vestris
1249 1367 1282 1393 9°.
1295 1366 1348 1393 Sed
1359 1366 1456 1393 licebat
1466 1366 1506 1393 cis
1519 1366 1589 1392 hanc
1604 1364 1791 1392 venditionem
1805 1364 1944 1390 redimere

1147 1413 1172 1440 in
1190 1420 1273 1444 anno,
1296 1412 1324 1439 in
1339 1420 1393 1447 quo
1407 1412 1533 1440 Christus
1549 1411 1622 1438 omni
1634 1410 1726 1446 generi
1740 1411 1872 1441 humano,
1883 1417 1946 1436 ma-

1146 1459 1219 1486 xime
1232 1459 1332 1494 populo
1347 1458 1502 1485 Iudaeorum
1524 1457 1741 1492 redemptionem
1768 1461 1945 1491 peccatorum

1146 1505 1314 1540 praedicavit.
1340 1505 1426 1538 Quem
1451 1512 1553 1532 annum
1573 1511 1648 1531 nunc
1670 1503 1780 1539 quidem
1804 1502 1948 1537 lcgislator

1148 1551 1250 1584 innuit,
1263 1555 1356 1586 aperte
1372 1551 1456 1578 Isaias
1467 1551 1589 1577 exhibuit
1603 1559 1608 1576 :
1624 1549 1738 1584 Spiritus
1750 1550 1948 1584 Dominisuper

1148 1605 1200 1630 me,
1222 1605 1252 1624 eo
1272 1597 1341 1632 quod
1360 1597 1436 1623 unxit
1458 1596 1586 1623 Dominus
1605 1604 1647 1623 me
1668 1596 1703 1623 ad
1729 1595 1945 1622 annuntiandum

1148 1644 1292 1670 mansuetis
1313 1643 1381 1670 misit
1398 1651 1448 1674 me,
1474 1648 1502 1669 ut
1526 1643 1641 1669 mcderer
1660 1643 1786 1669 contritas
1807 1643 1897 1674 corde,
1917 1645 1948 1667 ut

1147 1689 1320 1724 pradicarem
1336 1688 1447 1723 captivis
1461 1687 1653 1723 indulgentiam
1672 1692 1695 1714 et
1709 1687 1806 1714 clausis
1824 1687 1948 1720 apertio-

1148 1743 1218 1767 ucm,
1247 1740 1274 1761 ut
1293 1736 1467 1770 pradicarcm
1498 1743 1596 1762 annum
1611 1734 1767 1770 placabilem
1791 1733 1911 1767 Domini,
1921 1739 1947 1760 ct

1149 1781 1340 1819 diem_ultionis
1351 1781 1465 1808 Domino
1478 1786 1565 1808 nostra
1579 1781 1616 1807 ’⁷.
1632 1781 1712 1810 Unde
1726 1785 1754 1807 et
1766 1780 1948 1815 Septuaginta

1149 1827 1315 1854 ediderunt:
1336 1827 1440 1854 Diuma
1462 1827 1510 1854 erit
1541 1827 1652 1853 redditio
1673 1826 1740 1861 ejus,
1757 1826 1819 1860 quia
1835 1834 1884 1860 per
1894 1826 1950 1853 sin-

1148 1873 1223 1909 gulos
1237 1873 1292 1900 dies
1305 1874 1362 1908 ejus
1378 1881 1387 1899 :
1404 1873 1450 1908 qui
1466 1873 1555 1900 dictus
1568 1877 1610 1900 est
1621 1872 1694 1905 anni,
1708 1872 1807 1899 licebat
1819 1872 1859 1899 eis
1874 1872 1948 1907 quod

1149 1919 1335 1947 vendiderunt
1358 1919 1477 1951 diabolo,
1500 1919 1698 1946 redimentibus
1711 1918 1863 1946 vcnundari
1880 1919 1947 1945 Deo.

1149 1966 1210 1994 Non
1220 1966 1276 2001 jam
1301 1966 1374 1993 enim
1392 1965 1527 1993 dominari
1543 1965 1582 1992 eis
1597 1965 1736 1997 inimicus,
1751 1968 1847 1999 utpote
1862 1965 1949 1992 semel

1150 2013 1206 2040 Deo
1226 2012 1399 2044 venundatis,
1412 2016 1531 2047 poterat,
1546 2011 1610 2046 quia
1626 2011 1700 2038 cnim
1720 2011 1762 2038 eis
1777 2018 1832 2038 non
1849 2010 1948 2042 semel,

1149 2068 1202 2088 nec
1223 2059 1356 2092 secundo,
1377 2059 1423 2086 sed
1435 2059 1556 2094 quotidie
1574 2058 1673 2086 licebat
1689 2057 1876 2093 captivitatem
1886 2065 1953 2092 pro-

1149 2106 1237 2142 priam
1246 2105 1392 2138 redimere,
1401 2105 1463 2131 audi
1472 2104 1615 2131 Dominum
1624 2104 1760 2131 dicentem
1770 2113 1775 2130 :
1784 2103 1950 2132 Jerusalem,

1149 2151 1367 2186 Jerusalem,quw
1378 2150 1472 2177 occidis
1482 2150 1638 2184 Prop/ictas,
1649 2154 1672 2177 et
1684 2149 1789 2183 lapidas
1799 2157 1841 2176 eos
1854 2149 1900 2184 qui
1916 2149 1952 2174 ad

1151 2205 1175 2226 te
1197 2199 1269 2226 missi
1289 2203 1361 2229 sunt,
1389 2198 1490 2233 quoties
1507 2197 1579 2224 volui
1603 2204 1763 2232 congregare
1786 2196 1857 2230 filios
1879 2200 1950 2227 tuos,

304 2244 386 2268 mum,
394 2243 418 2264 et
427 2237 482 2271 ipse
490 2238 603 2272 pretium
613 2238 648 2264 ad
654 2238 834 2265 redimendum
844 2240 958 2273 potuerit
969 2240 1101 2268 invenire:
1118 2243 1139 2270 Ι)
1155 2244 1376 2280 quemadmodum
1385 2244 1488 2279 gallina
1499 2248 1638 2279 congregat
1649 2242 1734 2277 pullos
1746 2250 1807 2269 suos
1818 2241 1866 2268 sub
1879 2242 1949 2274 alas,

305 2283 523 2316 camputabunlur
535 2284 636 2319 fructus
651 2291 682 2310 ex
696 2289 854 2317 “tempore
865 2294 916 2320 quo
929 2287 1054 2318 uendidit,
1073 2292 1098 2314 ct

304 2328 374 2363 quod
389 2329 519 2362 reliquum
530 2335 567 2357 est
581 2330 670 2358 reddet
680 2331 803 2364 emptori,
813 2332 902 2366 sicque
913 2333 1021 2368 recipiet
1038 2342 1098 2368 pos-

303 2375 441 2402 sessionem
464 2384 541 2404 suam
555 2384 564 2403 :
580 2376 648 2411 quod
661 2376 684 2403 si
701 2384 752 2402 non
774 2377 901 2404 invenerit
915 2387 1009 2406 manus
1028 2379 1096 2414 ejus,

305 2425 334 2446 ut
350 2422 443 2448 reddat
458 2422 582 2457 pretium,
594 2422 696 2449 habebit
707 2429 809 2456 emptor
824 2424 892 2458 quod
904 2429 1004 2452 emerat
1017 2434 1098 2461 usque

306 2465 342 2493 ad
356 2474 454 2494 annum
464 2467 607 2502 jubileum.

341 2510 491 2545 Specialem
511 2514 728 2549 uniuscujusque
747 2516 986 2544 conversationem
1003 2519 1097 2553 procul

306 2555 390 2582 dubio
401 2558 535 2590 exposuit.
551 2557 601 2586 Hic
613 2564 704 2587 autem
722 2567 777 2587 non
790 2561 846 2593 jam
860 2563 894 2589 de
909 2565 1098 2592 conversatio-

308 2606 345 2626 ne
384 2602 504 2635 speciali,
532 2604 580 2631 sed
610 2605 693 2632 totius
719 2605 878 2642 Synagogze,
894 2609 942 2636 'vcl
967 2609 1097 2638 Ecclesiae

307 2645 436 2680 loquitur.
449 2647 476 2673 ln
490 2649 585 2682 quibus
599 2650 757 2678 Iudaeorum
769 2652 909 2689 Synagoga
924 2654 951 2681 in
965 2662 1007 2688 eo,
1024 2657 1096 2691 quod

308 2697 397 2720 manet
420 2701 505 2727 usque
527 2702 599 2722 nunc
622 2697 693 2731 apud
717 2698 922 2733 conquirentem
944 2701 1096 2736 inimicum,

306 2742 331 2764 et
348 2738 532 2765 adversarium
548 2740 671 2768 serviens
687 2750 694 2769 :
713 2741 841 2771 Ecclesia:
860 2750 963 2779 autem,
977 2747 1098 2782 gentium

337 2849 359 2863 ε’
375 2849 518 2889 Galat._nt,
534 2851 579 2878 ‘25.
617 2850 642 2867 ’⁸
661 2851 756 2880 Matth.
777 2863 832 2889 χρυ,
851 2857 892 2884 15.
931 2858 954 2874 ’³
972 2858 1023 2885 lsn.
1044 2867 1064 2889 ι,
1084 2859 1126 2887 l0.

307 2884 373 2912 Luc.
390 2894 447 2916 stu.
463 2879 517 2915 36.¹
855 2879 892 2884 ’ν’
972 2879 1023 2885 ’ω’
1045 2879 1064 2892 ’³

1151 2294 1175 2315 et
1187 2289 1294 2316 noluisti
1312 2288 1358 2315 '9?
1374 2288 1403 2316 In
1420 2296 1452 2315 eo
1468 2288 1541 2315 enim
1557 2287 1629 2322 quod
1642 2287 1719 2319 dixit,
1736 2287 1846 2323 quoties,
1862 2287 1951 2314 mani-

1152 2334 1271 2366 festavit,
1285 2333 1347 2368 quia
1363 2333 1485 2368 quotidie
1501 2333 1600 2360 licebat
1613 2332 1652 2360 eis
1667 2333 1804 2368 propriam
1818 2339 1950 2368 peragere

1152 2380 1379 2414 redemptionem,
1391 2380 1413 2406 si
1425 2379 1537 2406 omnino
1548 2379 1707 2411 voluissent,
1716 2379 1779 2413 quia
1792 2383 1884 2405 autem
1894 2386 1948 2405 non

1152 2426 1291 2457 volebant,
1309 2426 1406 2453 similia
1427 2427 1470 2453 his
1490 2434 1550 2461 quin
1570 2426 1637 2453 dixit
1650 2425 1788 2453 Christus.
1810 2425 1951 2459 lcgislator

1150 2472 1286 2507 exposuit,
1305 2472 1338 2499 ab
1351 2473 1410 2507 ipso
1423 2473 1496 2499 enim
1513 2472 1537 2499 ei
1548 2472 1659 2507 spiritus
1676 2471 1948 2499 subministrabatnr.

1186 2518 1215 2546 Si
1229 2524 1291 2545 ante
1309 2519 1444 2554 redempta
1464 2526 1515 2545 nou
1535 2518 1616 2554 fuerit
1631 2526 1711 2553 usque
1729 2518 1791 2544 dum
1805 2517 1950 2551 impleatur

1150 2572 1238 2590 anuus
1261 2564 1461 2598 conﬁrmabitur
1477 2567 1570 2590 domus
1592 2571 1650 2598 qum
1661 2567 1697 2589 est
1720 2563 1748 2589 in
1763 2563 1879 2591 ciuitate,
1891 2569 1949 2597 qua:

1151 2608 1228 2635 habet
1240 2617 1328 2635 muros
1343 2609 1397 2636 veri
1415 2610 1540 2643 emptoris
1552 2614 1769 2644 posterorumque
1779 2610 1836 2644 ejus
1852 2608 1880 2635 in
1887 2616 1949 2644 per-

1151 2659 1256 2689 petuum
1271 2659 1294 2681 et
1308 2655 1401 2681 redimi
1415 2663 1464 2681 non
1475 2655 1570 2689 poterit
1579 2656 1606 2682 in
1614 2655 1726 2690 jubilco.
1736 2655 1896 2682 Dominatus
1907 2657 1950 2681 est

1152 2701 1224 2728 enim
1239 2700 1394 2730 Judacorum
1406 2700 1564 2736 Synagogre,
1578 2702 1624 2736 qui
1643 2709 1702 2729 eam
1718 2701 1785 2729 cmit
1798 2701 1946 2728 inimicus:

1153 2753 1180 2775 et
1192 2748 1295 2783 posteri
1312 2747 1372 2783 ejus
1385 2748 1411 2775 in
1426 2752 1589 2783 perpetuum
1603 2749 1677 2776 omni
1687 2748 1813 2776 videlicet
1827 2753 1948 2784 praesen-

1167 2860 1189 2876 "
1204 2859 1256 2887 lsa.
1272 2866 1297 2894 ι,
1317 2861 1341 2888 ι.
1383 2859 1467 2887 "lsa.
1483 2867 1538 2891 ixi,
1556 2860 1598 2888 l3.
1648 2861 1670 2876 "
1682 2860 1777 2888 llatth.
1799 2868 1877 2894 mn,
1895 2861 1946 2895 57;
