2056 3148
145 190 213 224 1125

715 191 756 224 IN
768 192 988 225 LEVITICUM-
1006 207 1039 212 --
1050 194 1125 225 LIB.
1141 195 1209 226 VII.

1721 195 1788 230 1196

145 251 166 278 ti
183 255 317 284 tempore.
336 248 396 277 Hoc
410 250 485 289 enim
504 250 659 285 appellatur
673 258 721 285 per
736 251 797 285 ejus
812 255 940 286 posteros
956 255 978 282 Α
993 251 1095 278 Christi
1113 257 1154 279 est
1170 252 1339 288 mysterium,
1352 251 1434 288 hujus
1448 260 1513 289 ergo
1527 253 1584 287 agri
1594 253 1657 288 jure
1667 255 1789 283 venden—

144 296 189 324 vel
216 284 531 330 generationesxquodi
544 284 729 332 Septuaginta
753 284 854 330 edunt,
875 297 938 330 quia

145 342 291 378 praesentis
326 343 457 377 temporis
481 346 642 377 potestatem
668 343 750 370 habet
767 348 861 369 contra
890 350 937 370 eos

146 389 192 423 qui
208 389 414 424 conjunguntur
429 389 464 421 ei,
480 393 506 416 et
523 389 616 416 redimi
632 397 686 416 non
704 389 802 423 poterit
815 390 896 416 etiam
912 389 937 416 iu

143 434 259 469 jubileo,
275 435 332 462 sive
355 440 385 462 ut
401 435 576 470 Septuaginta
594 435 622 462 in
637 435 809 466 remissione,
825 443 878 469 qua
897 443 939 461 rc-

146 481 289 513 missione,
304 482 355 508 nisi
372 482 465 516 utique
483 482 566 515 illam,
580 490 660 516 quam
678 482 719 508 eis
735 482 864 508 liominns
877 490 940 509 eru-

146 528 242 556 ciiixus
259 529 324 556 dixit
341 539 347 556 :
363 529 453 562 Pater,
467 529 569 556 dimitte
581 528 644 559 illis,
660 529 722 563 quia
739 529 855 556 nesciunt
877 529 940 564 quid

147 574 251 609 faciunt
265 576 298 601 ’9.
320 575 374 603 Sed
392 579 530 610 peceatum
548 579 758 605 renovaverunt,
771 580 832 609 post
846 575 939 601 datum

148 621 338 648 remissionem
355 621 480 648 malitiosi
496 621 596 654 etl'ecti,
614 625 641 648 et
658 621 796 655 prteterito
812 628 865 647 non
881 620 940 647 suf-

148 666 256 694 ﬁciente
265 672 387 702 peccato,
400 667 564 694 addiderunt
576 667 627 694 alia
643 668 787 699 deteriora,
799 675 859 701 quae
867 667 940 693 circa

147 713 314 748 sepulcrum,
329 717 356 740 et
369 718 432 748 post
445 713 687 744 resurrectionem,
697 717 725 740 et
739 717 801 747 post
816 713 842 739 in
857 713 941 740 caelos

148 759 338 785 ascensionem
349 762 442 785 eontra
455 758 544 792 ipsum
557 757 706 789 Christum,
722 761 749 784 et
764 761 859 784 contra
873 756 941 783 cho-

147 811 207 830 rum
233 809 416 837 aposto-orum
435 807 678 838 praesumpserant.
691 802 863 830 Conﬂrmans
877 809 941 837 ergo

147 856 178 876 ea
194 857 254 884 quae
269 857 342 876 nttnc
359 857 374 876 a
385 849 464 876 nobis
479 849 550 875 dicta
564 853 629 876 sunt
651 848 791 880 Dominus,
807 854 834 875 et
848 853 942 876 osten-

147 896 216 923 dens
233 896 295 930 quia
314 895 469 923 Judteorutn
479 895 587 928 domos,
603 899 631 922 et
643 895 792 922 Jerusalem
808 895 940 930 templum

148 946 235 970 totum
253 941 400 969 adversarii
417 941 517 969 factum
533 945 585 970 est.
602 947 627 967 et
640 946 743 975 partem
758 941 830 975 apud
847 940 939 967 Domi-
957 936 976 962 li

146 996 213 1015 num
225 987 325 1015 habere
337 987 392 1022 jam
408 995 461 1014 non
472 991 572 1021 potest,
588 986 650 1021 quia
665 987 875 1022 evangrlizatam
885 994 940 1013 non

148 1037 328 1068 susceperunt
355 1033 583 1067 redemptionem,
607 1033 701 1060 dicens
718 1042 724 1060 :
743 1032 850 1065 Quoties
871 1033 942 1061 volui

147 1088 305 1115 congregare
315 1087 369 1111 vos,
384 1079 603 1114 quemadmodum
615 1079 715 1115 gallina
728 1084 867 1115 congregat
882 1079 942 1114 pul-

149 1127 187 1153 los
201 1135 261 1153 suos
276 1126 323 1153 sub
335 1125 393 1153 alas
410 1134 472 1152 suos
494 1129 528 1157 ,et
541 1124 660 1152 noluistis
676 1126 689 1152 .9
703 1125 779 1153 addit
795 1135 801 1152 :
819 1125 885 1153 Ecce
896 1134 939 1153 re-

149 1171 282 1206 linquetur
299 1171 370 1198 vobis
391 1171 483 1197 domus
497 1176 583 1197 vestra
605 1173 707 1197 deserta
723 1171 742 1197 ‘.
759 1170 941 1203 Quemadmo-

149 1217 213 1244 dum
233 1225 298 1252 ergo
325 1224 357 1244 ca
382 1225 442 1251 qua:
465 1217 498 1244 de
509 1216 629 1244 Judaicis
651 1216 798 1252 Synagogis
820 1217 944 1251 prmdixit

149 1262 280 1298 Spiritus,
301 1263 341 1290 sic
352 1263 460 1290 intende
471 1271 530 1298 quae
541 1263 668 1290 Ecclesiae
681 1263 801 1298 gentium
819 1263 895 1291 dicit.

186 1309 234 1337 Sin
254 1314 344 1337 autem
368 1310 395 1336 in
415 1310 479 1336 villa
495 1311 574 1346 fuerit
597 1311 700 1343 donius,
718 1319 776 1346 qua:
789 1319 878 1338 muros
892 1319 943 1338 non

150 1355 238 1388 habet,
254 1364 380 1390 agrorum
392 1355 456 1390 jure
469 1356 604 1383 vendctur.
622 1356 652 1382 Si
667 1360 727 1382 ante
739 1358 874 1391 redempta
891 1364 944 1383 non

151 1402 230 1437 fuerit
244 1402 272 1428 in
282 1401 395 1436 jubileo,
411 1406 554 1428 revertetur
567 1403 601 1428 ad
615 1401 766 1428 Dominum.
785 1402 884 1429 Domos
898 1410 944 1430 er-

151 1455 185 1483 go
209 1455 271 1482 quae
294 1448 320 1474 in
345 1447 407 1474 villa
435 1452 509 1480 sunt,
526 1447 598 1482 quod
617 1448 742 1475 Ecclesia:
757 1449 880 1483 gentium
895 1449 944 1476 de-

151 1494 234 1521 beant
257 1494 389 1529 iutelligi,
408 1494 492 1521 lsaias
515 1494 596 1521 nobis
612 1495 747 1529 propheta
763 1494 943 1528 demonstrat,

151 1540 258 1573 Lauda,
272 1540 383 1572 sterilis,
402 1549 459 1575 quae
482 1549 534 1567 non
551 1541 634 1575 puris,
650 1541 763 1567 decanto
780 1541 885 1567 laudem
897 1561 904 1574 ,
921 1545 945 1568 et

150 1587 234 1620 hinni,
247 1595 306 1620 aute
320 1596 372 1614 non
387 1584 520 1622 pariebas,
532 1589 661 1622 quomodo
676 1587 766 1614 multis
780 1587 843 1622 ﬁlia:
856 1588 946 1614 deser-

151 1639 200 1665 tte,
216 1634 301 1668 magis
316 1642 397 1669 quam
413 1635 470 1668 ejus
485 1642 544 1669 qua!
557 1634 633 1661 habet
651 1634 750 1666 virum,
772 1634 836 1671 dicit
853 1633 946 1660 Domi-

151 1681 220 1707 nus’
237 1689 244 1707 :
258 1679 325 1713 Quae
341 1684 384 1707 est
398 1685 490 1707 autem
504 1680 604 1707 sterilis
619 1684 646 1707 et
663 1679 772 1706 deserta
787 1683 813 1706 et
825 1687 879 1706 non
897 1688 946 1714 pa-

151 1727 238 1760 riens,
254 1725 308 1753 nisi
327 1726 448 1760 gentium
464 1725 604 1753 Ecclesia?
621 1726 686 1759 Qua:
704 1734 760 1753 non
774 1726 947 1754 Patriarchas

151 1772 258 1804 habuit,
275 1779 330 1798 non
354 1772 452 1807 legem.
478 1780 534 1798 non
558 1773 726 1807 prophetas,
741 1772 814 1800 unde
836 1777 863 1799 et
887 1772 947 1800 sine

151 1825 232 1845 muro
248 1822 324 1844 recte
340 1818 510 1844 nominatur.
527 1817 604 1844 Unde
619 1825 684 1853 ergo
697 1818 763 1852 quid
781 1822 808 1845 et
822 1817 897 1844 aliud
913 1817 948 1844 de

153 1863 211 1898 ipsa
225 1863 369 1899 prophetia
388 1864 530 1891 subdidit:
549 1863 623 1891 Dixit
646 1865 714 1891 enim
731 1865 858 1891 Dominus
875 1872 884 1891 :
898 1863 947 1890 Di-

153 1909 208 1936 lata
227 1909 312 1936 locum
329 1910 436 1937 tentorii
456 1911 511 1943 tui,
535 1915 560 1937 et
575 1911 701 1937 aularum
717 1910 841 1937 tuarum‘
859 1919 865 1937 :
883 1919 948 1946 ergo

153 1963 213 1991 quae
226 1955 255 1982 in
268 1955 350 1989 villis,
367 1956 426 1984 sive
440 1961 470 1984 ut
484 1956 673 1992 Septuaginta,
693 1956 719 1983 in
735 1957 805 1984 aulis
822 1961 886 1984 sunt
899 1957 949 1985 do-

153 2009 216 2030 mus
236 2003 368 2038 gentium,
387 2002 517 2031 Eeclesia:
534 2003 737 2038 intelliguntur.
758 2003 835 2036 Quod
858 2004 950 2031 adhuc

154 2048 262 2084 planius
279 2049 305 2075 in
326 2049 528 2084 posterioribus
540 2050 664 2084 ejusdem
682 2049 834 2085 prophetite
853 2055 948 2078 osten-

154 2095 238 2122 ditur.
257 2094 332 2130 Euge
354 2102 408 2121 non
427 2103 534 2130 parcas.
548 2096 666 2123 extende
680 2096 760 2123 funes
776 2100 846 2130 tuos,
861 2100 887 2124 et
902 2104 950 2131 pa-

155 2141 234 2168 xillos
255 2145 318 2169 tuos
332 2141 467 2174 conforta,
483 2142 574 2169 adhuc
595 2142 629 2169 ad
656 2143 810 2176 dexteram,
826 2147 854 2170 et
879 2143 949 2171 sini-

155 2191 239 2214 stram
255 2188 388 2220 extende,
406 2192 433 2215 et
449 2195 542 2215 semen
560 2192 638 2215 tuum
653 2194 748 2223 gentes
765 2189 948 2222 haereditabit,

155 2239 182 2261 et
199 2234 324 2261 civitates
338 2235 461 2262 desertas
479 2234 652 2262 inhabitabit.
671 2235 741 2262 Ecce
761 2236 886 2264 civitates
901 2236 950 2263 de-

156 2284 252 2310 sertas.
270 2280 329 2307 sine
345 2287 425 2307 muro
441 2279 580 2313 videlicet,
597 2288 643 2307 cas
661 2288 721 2315 qum
735 2286 799 2308 sunt
815 2281 947 2317 gentium,
965 2299 987 2326 Β

156 2327 314 2362 appellavit.
329 2326 424 2362 Neque
448 2327 523 2354 enim
549 2327 687 2354 habebant
704 2327 771 2363 legis
786 2336 905 2361 murum,
922 2332 950 2355 et

157 2373 272 2401 desertae
286 2378 374 2406 erant,
394 2381 472 2400 error
488 2373 528 2400 eis
546 2373 690 2406 dolorum,
714 2381 830 2408 quortnn
854 2375 952 2402 domus

157 2420 183 2447 in
197 2420 279 2452 villis,
296 2428 365 2455 quas
382 2420 563 2456 Septuaginta
586 2421 614 2447 in
637 2420 708 2448 aulis
730 2421 870 2455 dixerunt,
884 2429 953 2456 quas

156 2473 218 2494 esse
232 2466 368 2494 Ecclesias
388 2467 509 2494 diximus
521 2477 526 2494 :

191 2509 322 2545 Agrorum
342 2509 406 2544 jure
424 2512 578 2539 vendentur.
595 2511 644 2539 Vel
666 2511 818 2539 secundum
834 2513 951 2548 Septua-

157 2554 230 2590 ginta
248 2565 253 2581 :
269 2556 311 2582 Ad
325 2564 420 2591 agrum
438 2562 516 2584 terra:
530 2558 745 2586 mstimabuntur.
763 2559 849 2594 Cujus
872 2560 951 2595 agri?

157 2599 233 2629 Illius
245 2602 349 2637 utique,
359 2611 441 2638 quem
455 2603 584 2632 Dominus
593 2605 658 2632 dicit
670 2612 677 2631 :
689 2605 782 2633 Simile
794 2611 830 2633 est
842 2615 952 2641 regnum

158 2646 279 2674 celat-um
294 2649 418 2676 thesauro
429 2650 581 2678 abscondito
597 2651 625 2678 in
639 2660 714 2686 agro,
724 2658 799 2685 quem
817 2653 862 2687 qui
880 2653 952 2680 inve-

158 2692 196 2718 nit
213 2693 290 2720 homo
307 2693 442 2720 abscondit
456 2703 515 2721 eum
536 2703 591 2729 pne
605 2695 704 2729 gaudio
727 2703 736 2722 :
754 2695 824 2722 alius
838 2695 914 2727 abiit,
929 2700 953 2722 et

158 2740 273 2767 uendidit
290 2741 392 2773 Omnia,
406 2749 465 2775 qua:
480 2741 581 2773 habuit,
595 2746 620 2768 et
641 2742 704 2769 emit
725 2751 819 2778 agrum
841 2743 917 2769 illaut
928 2742 950 2768 ⁸.

160 2783 231 2813 Dicit
247 2791 339 2814 autem
354 2795 461 2823 agrum,
482 2787 658 2822 Evangelium
671 2809 678 2820 ,
695 2787 721 2814 in
737 2796 791 2822 qtto
806 2788 952 2816 thesaurus

960 1608 981 1636 (Ξ

196 2901 219 2917 ⁹⁹
238 2901 304 2928 an.
319 2908 396 2933 χχιιι,
411 2901 456 2928 54.
495 2900 503 2916 ¹
517 2899 612 2926 Matth.
628 2908 708 2927 xxttt.
720 2900 765 2930 57,
782 2900 826 2928 58.

166 2933 208 2964 δῦ.
246 2937 256 2951 ’³
270 2936 348 2964 Num.
368 2944 444 2968 xvnt,
461 2936 487 2963 6.
525 2936 533 2951 ⁷
548 2934 644 2962 Matth.
662 2944 717 2969 xix,
733 2936 778 2965 27.

866 2900 875 2917 ³
888 2899 938 2928 lsa.
953 2908 1006 2934 Liv,
1024 2900 1049 2928 l.

991 303 1045 329 tur.
1063 299 1105 326 vel
1130 299 1220 326 adhuc
1243 307 1338 334 agrutn
1362 300 1582 332 testimabttntnr,
1600 301 1662 336 quia
1679 302 1703 328 ei
1723 308 1789 330 sunt

990 345 1131 380 proximae,
1146 353 1200 372 non
1217 345 1280 381 legi.
1294 345 1478 378 Quamobrem
1494 354 1603 381 semper
1617 347 1713 375 redimi
1725 355 1790 383 pos-

991 396 1065 422 sunt,
1079 392 1121 418 vel
1137 392 1289 419 secundum
1306 392 1484 428 Septuaginta
1498 393 1620 421 liberata;
1634 402 1683 429 per
1696 396 1788 422 omnia

991 442 1083 465 erunt.
1103 437 1142 465 Ex
1167 446 1222 472 quo
1239 446 1304 473 ergo
1323 439 1456 466 Dominus
1473 439 1559 472 venit,
1578 448 1664 474 usque
1685 441 1719 468 ad
1743 448 1789 468 se-

990 484 1111 512 cundum
1128 485 1276 511 adventum
1289 485 1358 519 ejus,
1375 493 1423 519 per
1437 490 1528 520 parter
1541 490 1637 520 gentes
1647 486 1789 513 redimun—

992 535 1045 563 tur,
1062 535 1089 557 et
1112 538 1161 564 per
1177 530 1366 557 remissionem
1387 531 1517 562 evadunt,
1537 539 1618 566 qttam
1636 531 1694 566 ipse
1711 532 1788 559 omni

991 576 1084 611 generi
1106 577 1228 603 hutnano
1245 584 1294 611 per
1309 584 1419 603 crucem
1437 577 1593 611 appellavit.
1610 578 1681 604 Crux
1700 579 1787 610 enim,

992 626 1035 649 est
1048 629 1112 648 vera
1128 622 1265 648 remissio.
1274 621 1351 649 Unde
1364 626 1393 649 et
1405 622 1465 656 ejus
1478 622 1591 657 ﬁguram
1606 631 1705 658 gerens
1719 624 1792 651 aries

991 667 1038 702 qui
1054 675 1102 702 pro
1119 668 1193 695 Isaac
1216 668 1242 694 in
1265 667 1426 695 boloeausto
1444 669 1553 695 oblatus
1571 674 1623 700 est,
1637 670 1788 697 secundum

991 714 1065 749 quod
1079 714 1258 749 Septuaginta
1276 714 1372 745 edunt,
1392 715 1420 740 in
1438 714 1551 749 virgulto
1572 714 1671 741 Sabeclt
1692 715 1791 742 inven—

992 765 1037 788 tus
1051 765 1094 788 est
1107 761 1246 795 religatus.
1264 760 1370 788 Sabech
1388 765 1492 792 autem,
1510 761 1637 788 remissio
1654 761 1792 796 interpre-

993 811 1078 838 tatur,
1093 807 1156 842 quia
1180 815 1302 837 crucem.
1313 815 1374 843 qua
1386 807 1437 834 fuit
1449 807 1621 835 remissionis
1631 808 1790 843 virgultum,

992 854 1185 889 praeﬁgurabat
1200 854 1252 882 hoc
1271 854 1344 889 quod
1365 858 1429 881 tunc
1444 859 1553 888 gestum
1575 858 1628 881 est.
1645 853 1715 889 Ergo
1731 859 1792 881 tan-

993 907 1075 934 quam
1100 899 1238 926 Abraham
1267 899 1293 926 in
1323 899 1408 934 ﬁgura
1435 899 1508 926 diem
1533 900 1623 926 crucis
1649 905 1790 931 cernente,

991 945 1118 972 Christus
1133 945 1220 972 dixit:
1240 945 1375 971 Abraham
1388 945 1541 977 exsultavit,
1556 950 1584 972 ut
1599 946 1699 972 videret
1720 946 1792 972 diem

992 999 1091 1023 meum,
1105 995 1129 1017 et
1145 991 1220 1022 vidit,
1234 995 1258 1017 et
1268 992 1373 1026 gavisus
1389 996 1425 1018 est
1437 992 1459 1018 ⁵.
1469 990 1547 1023 Quod
1566 999 1631 1026 ergo
1646 995 1706 1018 erat
1719 999 1791 1026 pra:-

993 1037 1073 1065 dictis
1096 1037 1129 1064 de
1152 1036 1265 1064 Judaica
1283 1037 1364 1063 domo
1379 1038 1557 1068 contrarium,
1575 1037 1637 1064 vide
1652 1037 1792 1072 quomodo

993 1081 1148 1116 prmvidcns
1165 1081 1303 1116 legisla’tor
1318 1081 1411 1110 solvit.
1428 1081 1491 1115 quia
1507 1082 1580 1107 enim
1601 1085 1662 1115 post
1675 1088 1789 1110 annum,

993 1128 1021 1154 in
1044 1135 1098 1162 quo
1119 1127 1248 1154 Christus
1262 1128 1290 1154 in
1304 1134 1388 1154 carne
1409 1134 1532 1161 praesens
1545 1126 1678 1153 liberabat
1695 1126 1791 1153 huma-

993 1181 1059 1200 num
1077 1181 1181 1208 genus,
1197 1173 1302 1208 integre
1318 1172 1474 1200 Judteorum
1493 1172 1642 1208 Synagogae
1659 1179 1708 1207 per
1722 1180 1788 1207 apo.

994 1219 1120 1245 'stolicam
1137 1219 1289 1246 doctrinam
1303 1218 1425 1245 liberata:
1441 1223 1516 1249 sunt,
1527 1225 1603 1245 nunc
1617 1218 1727 1252 quidem
1740 1217 1790 1246 tria

993 1265 1088 1298 millia,
1106 1273 1180 1292 nunc
1196 1269 1287 1292 autern
1300 1265 1421 1299 quinque
1434 1265 1528 1296 millia,
1541 1272 1692 1299 rursusque
1705 1265 1792 1292 multo

994 1312 1087 1347 plures
1101 1319 1182 1346 quam
1199 1311 1266 1339 dicti
1288 1316 1369 1343 sttnt,
1387 1319 1423 1338 ne
1445 1311 1507 1346 quis
1525 1311 1579 1338 hoc
1595 1311 1734 1346 ignorasse
1750 1312 1790 1339 le-

995 1360 1151 1395 gislatorem
1167 1360 1358 1392 arbitraretur,
1372 1359 1444 1391 vide,
1461 1359 1690 1394 quemadmodum
1701 1364 1728 1386 et
1740 1359 1793 1387 hoc

995 1406 1131 1441 sapientia
1149 1406 1279 1440 spiritalis
1295 1406 1505 1434 demonstravit.

1029 1451 1111 1478 dides
1125 1450 1288 1484 Leuitarum,
1308 1451 1354 1486 qui
1372 1451 1400 1477 iu
1414 1451 1521 1478 urbibus
1537 1455 1598 1478 sunt
1611 1459 1714 1486 semper
1731 1460 1793 1487 pos-

995 1502 1056 1524 sunt
1076 1497 1182 1529 redimi,
1198 1498 1220 1524 si
1233 1497 1369 1531 redempta
1388 1504 1440 1523 non
1456 1498 1570 1532 fuerint,
1588 1498 1617 1524 in
1629 1498 1730 1532 jubitea
1747 1507 1791 1526 re-

995 1547 1130 1570 vertentur
1149 1543 1184 1569 ad
1212 1543 1342 1573 dominos,
1359 1543 1421 1575 quia
1445 1543 1537 1580 domus
1559 1543 1663 1570 urbium
1685 1544 1793 1571 Levita—

998 1597 1057 1616 rum
1074 1597 1121 1623 pro
1136 1588 1343 1622 possessionibus
1366 1593 1426 1614 sunt
1448 1589 1518 1615 inter
1537 1589 1606 1623 ﬁlios
1621 1589 1714 1617 Israel.
1732 1590 1792 1618 Non

997 1635 1098 1662 frustra
1116 1634 1224 1661 Levitas
1238 1634 1373 1668 quispiam
1396 1634 1469 1661 dicat
1486 1635 1624 1669 apostolos
1648 1635 1791 1670 appellari,

997 1681 1045 1709 sed
1064 1681 1127 1715 quia
1143 1681 1177 1708 de
1195 1680 1297 1708 Levitis
1311 1680 1415 1708 dictum
1430 1685 1472 1707 est
1487 1690 1494 1708 :
1512 1681 1545 1708 In
1562 1687 1633 1708 terra
1645 1690 1735 1709 eorum
1748 1683 1793 1709 ni-

997 1718 1035 1755 hil
1046 1727 1198 1762 passidebis.
1213 1728 1259 1754 uec
1273 1727 1378 1754 habebis
1393 1733 1497 1761 partem
1514 1729 1583 1755 inter
1595 1737 1647 1756 eos.
1667 1729 1721 1764 Ego
1731 1738 1794 1764 pars

998 1777 1022 1800 et
1039 1774 1180 1800 Itwreditas
1195 1778 1253 1806 tua,
1272 1773 1300 1799 in
1313 1774 1399 1800 medio
1412 1773 1528 1808 ﬁliorum
1542 1774 1656 1801 Israel”.
1673 1775 1731 1803 Hoc
1743 1784 1794 1802 an-

999 1822 1054 1845 tem
1072 1818 1099 1844 in
1122 1818 1257 1852 apostolis
1283 1818 1394 1852 proprie
1420 1818 1561 1853 impletum
1586 1823 1637 1849 est,
1653 1820 1698 1854 qui
1717 1820 1795 1847 dicc-

998 1864 1068 1892 bant
1082 1863 1263 1896 conﬁdenter,
1286 1863 1320 1890 ad
1340 1863 1485 1890 Dominum
1501 1872 1508 1890 :
1527 1863 1594 1890 Ecce
1616 1872 1662 1890 nos
1683 1865 1794 1899 reliqui-

1001 1917 1058 1936 mus
1075 1909 1176 1942 omnia,
1193 1913 1217 1935 et
1236 1908 1320 1935 secuti
1334 1916 1425 1935 sumus
1441 1913 1466 1935 te
1477 1929 1484 1940 ,
1503 1909 1567 1942 quid
1584 1913 1662 1942 putas
1680 1910 1730 1936 erit
1746 1918 1794 1936 no—

1001 1956 1078 1984 bis’?
1092 1955 1194 1983 Horum
1209 1963 1275 1990 ergo
1294 1955 1375 1987 mdes,
1392 1963 1454 1990 qua:
1471 1955 1498 1982 in
1514 1955 1628 1982 urbibus
1643 1961 1717 1988 sunt,
1736 1956 1794 1983 sive

1000 2001 1151 2030 secundum
1164 2001 1452 2035 Septuaginta.domos
1466 2001 1612 2032 civitatum,
1622 2008 1716 2028 eorum
1730 2009 1794 2036 pos-

1001 2047 1151 2076 sessiones.
1167 2051 1302 2081 quotquot
1317 2053 1366 2074 eos
1383 2046 1470 2074 seculi
1490 2050 1555 2073 sunt
1570 2046 1623 2073 [ide
1638 2051 1664 2074 et
1679 2055 1795 2074 convcr-

1001 2093 1120 2124 satione,
1137 2092 1251 2119 Judaica
1278 2092 1391 2127 collegia
1420 2095 1493 2119 recte
1520 2091 1718 2127 intelliguntur,
1733 2092 1796 2128 quia

1001 2139 1078 2175 prius
1091 2143 1204 2174 propter
1219 2146 1267 2166 eos
1283 2138 1332 2170 ire,
1351 2142 1382 2165 ut
1403 2138 1436 2165 ad
1453 2145 1518 2165 oves
1538 2145 1598 2172 qua:
1622 2137 1733 2166 fuerant
1746 2146 1796 2173 per

1001 2186 1080 2214 dictae
1095 2186 1193 2213 domus
1209 2185 1303 2218 Israel,
1319 2192 1334 2211 a
1357 2184 1467 2212 Christo
1490 2184 1560 2219 jussi
1579 2188 1654 2214 sunt.
1673 2185 1745 2220 Ergo
1761 2185 1797 2212 ad

1001 2237 1104 2260 sortem
1122 2240 1217 2259 eorum
1233 2231 1410 2266 pertinebant
1425 2231 1474 2264 illi,
1487 2235 1568 2265 atque
1582 2231 1795 2265 possessionem,

1002 2287 1166 2314 semperque
1183 2282 1310 2314 poterant
1325 2277 1433 2310 reditni,
1445 2281 1473 2304 et
1490 2277 1540 2304 hoc
1552 2277 1665 2304 historia
1679 2278 1798 2304 Actuum

1001 2326 1189 2361 apostolorum
1205 2324 1403 2352 demonstravit
1421 2333 1427 2351 :
1444 2323 1527 2350 multa
1547 2324 1622 2351 enim
1637 2324 1796 2351 iud-merum

1001 2380 1051 2407 per
1075 2372 1214 2407 apostolos
1236 2371 1271 2399 ab
1283 2379 1377 2398 errore
1393 2370 1448 2397 dixi
1466 2370 1579 2396 liberata
1597 2370 1721 2405 collegia.
1738 2369 1798 2398 Non

1002 2419 1067 2446 solis
1085 2424 1176 2446 autem
1201 2418 1280 2445 licuit
1305 2417 1436 2452 apostolis
1453 2417 1524 2444 hanc
1538 2424 1671 2452 peragere
1689 2417 1799 2445 redem-

1002 2465 1136 2500 ptionem,
1155 2464 1202 2491 sed
1219 2468 1247 2491 et
1262 2464 1403 2498 discipulis
1423 2470 1529 2490 eorum.
1545 2463 1598 2490 Sed
1617 2467 1707 2490 tamen
1728 2464 1800 2491 hanc

1004 2511 1156 2538 secundum
1179 2510 1288 2537 illorum
1308 2510 1451 2545 oportebat
1474 2509 1543 2536 elIit-i
1564 2510 1716 2538 deatrinam
1733 2529 1740 2543 ,
1769 2515 1801 2539 ut

1004 2557 1057 2584 illis
1079 2557 1261 2592 imputaretur
1283 2557 1329 2591 qui
1350 2557 1491 2584 exordium
1518 2556 1588 2584 facto
1613 2557 1798 2592 prmbucrunt,

1005 2604 1052 2638 qui
1077 2608 1231 2639 posuerunt
1252 2605 1388 2640 dogmata,
1408 2603 1546 2638 quotnodo
1572 2603 1608 2636 lii,
1626 2605 1673 2639 qui
1697 2605 1723 2632 in
1743 2605 1800 2633 cir-

1005 2650 1175 2677 cumcisione
1203 2655 1282 2677 erant
1306 2649 1406 2677 salvari
1432 2653 1459 2676 et
1484 2650 1592 2677 liberari
1622 2650 1737 2685 possint.
1766 2650 1801 2678 Et

1006 2702 1152 2732 propterea
1173 2697 1323 2725 secundum
1339 2697 1517 2732 Septuaginta
1531 2697 1570 2724 ait
1586 2706 1593 2724 :
1609 2696 1644 2724 Et
1655 2698 1804 2733 quicunque

1007 2744 1135 2770 redimeut
1149 2752 1164 2770 a
1180 2744 1286 2775 Levitis,
1304 2744 1329 2770 id
1344 2747 1394 2775 est,
1416 2743 1450 2770 ab
1467 2743 1520 2770 illis
1536 2743 1674 2778 accipiens
1689 2743 1802 2770 modum

1004 2789 1153 2816 liberandi.
1178 2788 1238 2816 Non
1263 2788 1337 2816 enim
1362 2796 1377 2815 a
1405 2789 1507 2816 Levitis
1532 2789 1701 2821 liberantur,
1724 2787 1803 2823 quasi

1088 2900 1099 2916 ³
1116 2900 1180 2928 ibid.
1200 2900 1227 2928 2.
1267 2900 1384 2929 ‘Matth.
1403 2909 1463 2934 xui,
1479 2901 1523 2935 ιι,
1539 2900 1584 2928 ιδ.
1623 2901 1634 2916 ³
1649 2899 1727 2928 Joan.
1743 2908 1806 2935 vui,
