2056 3148
274 183 340 220 1127

273 246 342 281 ipsis
364 243 586 280 possidentibus,
605 246 632 269 et
658 247 800 277 propterea
818 241 1016 277 Symmachus,
1039 245 1067 268 et

271 291 380 326 Aquila,
403 290 562 324 quicunque
581 288 670 316 affinis
693 293 735 315 cst
758 289 792 316 de
815 288 933 319 Levitis,
959 288 1064 315 dicunt.

273 336 434 370 Quicunque
451 341 516 369 ergo
529 334 583 361 illis
597 334 694 361 similia
709 334 799 366 docet,
815 338 842 361 ct
857 334 972 360 redimet
986 341 1067 368 quas-

273 382 336 409 dam
349 380 457 411 domos.
470 380 513 407 vel
528 380 550 407 si
566 380 593 407 in
607 380 767 407 civitatibus
782 380 904 407 Judaicis
918 380 984 410 sint.
999 380 1068 407 exiit

272 427 424 455 secundum
436 427 614 461 Septuaginta
627 426 759 458 venditio,
773 426 797 453 id
811 431 862 458 est,
878 426 1068 453 liberabuntur

273 473 300 500 in
317 472 478 500 remissione
491 472 552 499 ﬁdei
567 472 668 504 crucis,
685 477 712 499 et
725 479 863 499 concessa:
880 479 929 506 per
945 480 1004 499 eam
1021 479 1068 499 ve-

273 518 336 545 nite.
353 517 430 550 Quod
445 522 537 544 nostra
553 518 638 544 editio
652 518 746 544 habet.

309 562 341 591 Si
356 564 497 599 redemptw
514 572 565 590 non
582 564 691 599 fuerint,
705 564 731 590 in
743 564 845 598 jttbileo
857 569 1020 591 revertentur
1033 565 1069 591 ad

273 611 402 638 dominos.
418 611 509 644 Quare
533 615 623 637 autem
649 610 752 637 dictum
773 615 824 642 est,
851 611 983 645 sequitur.
1001 611 1069 643 Quia

273 659 367 684 domus
380 657 482 684 urbium
497 657 648 683 Levitarum
664 665 711 690 pro
726 657 932 692 possessionibus
951 662 1012 684 sunt
1032 658 1071 683 in-

277 709 317 731 ter
331 703 400 738 ﬁlios
417 703 512 729 Israel.
529 703 556 729 Id
572 707 624 733 est,
641 707 752 737 propter
765 703 951 738 apostolorum
969 711 1070 738 cogna-

279 751 393 782 tionem,
411 749 621 784 iutclligibilium
649 750 722 776 enim
749 749 916 781 Levitarum,
931 750 1070 784 apostolo-

276 804 337 823 rum
356 795 494 830 possessio
520 795 546 822 in
569 795 660 822 medio
677 794 794 822 ﬁliorum
817 795 898 822 Israel
914 800 981 827 erat,
1001 795 1072 822 sicut

274 841 464 877 cognovimus,
475 841 538 875 quia
554 841 651 869 Petrus
666 846 693 868 et
707 841 827 869 Joannes
844 846 946 869 sortem
961 846 1072 876 aposto-

275 887 346 914 latus
359 887 386 913 in
399 886 594 921 praedicatione
614 894 720 918 eorum,
738 887 783 921 qui
800 894 834 913 ex
847 886 1068 919 circumcisione,

275 936 468 966 perceperunt.
487 931 539 959 Sed
562 936 590 959 et
606 933 659 959 alio
684 932 766 959 modo
785 932 916 966 apostolis
931 931 1069 966 possessio

275 978 303 1004 in
314 978 403 1005 medio
419 977 535 1005 ﬁliorum
551 978 633 1005 Israel
650 983 719 1007 erat.
735 978 982 1005 Circumcisionem
995 978 1068 1004 enim

276 1024 414 1052 habebant
433 1028 461 1051 et
477 1024 539 1059 ipsi,
550 1029 578 1052 et
593 1024 745 1052 secundum
758 1024 845 1060 legem
863 1024 944 1052 Israel
961 1032 1071 1059 semper

275 1068 412 1096 vixerant.
431 1067 547 1104 I’ropter
559 1069 632 1103 quod
649 1074 783 1096 eteorum
799 1074 878 1096 erant
894 1069 960 1104 ipsa:
972 1069 1071 1096 domus

276 1113 418 1141 civitatum
435 1124 441 1141 :
458 1115 492 1142 ab
508 1115 575 1150 ipsis
590 1116 664 1143 enim
679 1121 759 1143 erant
772 1116 941 1147 liberatte,et
954 1116 1071 1150 quicun—

276 1167 331 1193 que
345 1160 441 1188 salvati
458 1166 532 1193 sunt,
552 1169 602 1196 per
628 1169 676 1189 eos
700 1162 796 1189 salvati
811 1166 885 1189 sunt.
903 1162 937 1188 Et
951 1169 1012 1188 cum
1027 1162 1070 1188 in-

276 1207 350 1243 digni
365 1212 458 1235 essent
473 1212 585 1243 propter
598 1208 807 1243 blasphemiam.
826 1215 907 1242 quam
923 1208 1071 1235 commisc-

277 1259 342 1282 runt
359 1254 388 1281 itt
405 1262 524 1286 crucem,
543 1259 571 1280 ct
593 1261 675 1288 quam
697 1261 793 1281 rursus
809 1258 871 1288 post
891 1253 1071 1281 resurrectio-

278 1308 340 1328 nem
364 1305 610 1335 przcsumpserunt,
626 1300 731 1327 honore
758 1304 847 1327 tamen
872 1300 1070 1334 apestolorum,

277 1347 323 1382 qui
349 1351 376 1374 ct
399 1351 462 1374 ante
483 1353 592 1373 crucem
616 1345 812 1378 crediderunt,
830 1350 858 1373 et
875 1346 902 1372 in
919 1353 1011 1378 cruce,
1029 1346 1072 1374 vel

278 1393 360 1419 etiam
378 1397 438 1426 post
455 1399 563 1418 crucctn
585 1395 811 1426 permanserunt,
828 1390 855 1417 in
878 1391 929 1418 ﬁde
952 1392 1072 1426 suscepti

278 1444 352 1468 sunt.
370 1439 404 1467 Et
418 1440 481 1474 quia
505 1440 558 1466 hoc
573 1447 667 1466 verum
692 1444 744 1470 est.
760 1439 836 1467 disce
855 1439 922 1467 Isaia
941 1441 1049 1468 dicente
1064 1450 1070 1467 :

278 1486 338 1514 Nisi
363 1486 491 1513 Dominus
514 1486 677 1512 exercituita:
699 1486 847 1521 reliquisset
870 1487 942 1513 nobis
963 1495 1050 1514 semen
1064 1506 1072 1517 .

278 1533 355 1568 quasi
375 1532 490 1560 Sodoma
506 1533 663 1566 fuissemus,
677 1537 702 1559 et
717 1533 793 1567 quasi
810 1531 958 1560 Gomorr/ta
974 1533 1073 1560 similes

279 1571 417 1607 eucmtis“.
434 1579 464 1606 Si
480 1579 554 1606 enim
573 1587 627 1605 non
653 1579 777 1606 relictum
801 1583 875 1606 esset
898 1587 990 1606 setnen
1007 1587 1074 1614 apo-

279 1624 422 1656 stolorum,
436 1624 504 1651 nihil
517 1624 686 1659 prohiberet,
705 1623 732 1650 in
748 1624 859 1650 modttm
873 1624 1033 1651 Gomorrltaa
1046 1629 1074 1651 et

281 1669 405 1696 Sodoma:
423 1677 532 1697 omnem
548 1669 653 1704 plebem
663 1667 803 1696 Judaicam
816 1669 916 1703 perire.
933 1669 986 1695 Sed
1008 1676 1074 1703 apo-

279 1715 413 1742 stolorum
429 1722 511 1742 causa
530 1722 585 1741 non
601 1722 698 1741 omnes
715 1715 869 1749 perierunt.
885 1715 1006 1746 Quorum
1021 1715 1075 1741 vir-

282 1765 353 1787 tutes
378 1765 406 1787 et
427 1760 626 1794 possessiones,
641 1760 736 1794 quales
751 1764 840 1791 erant,
858 1761 886 1787 in
912 1760 1007 1795 paucis
1033 1760 1074 1787 his

280 1806 424 1834 considera
442 1806 544 1833 verbis.

317 1851 474 1879 Suburbana
491 1857 580 1879 autem
598 1860 688 1879 eorum
701 1860 752 1879 non
767 1853 883 1884 veniunt,
898 1853 960 1886 quia
976 1860 1076 1886 posses-

279 1899 319 1925 sio
333 1899 491 1932 sempiterna
507 1903 553 1925 est.
573 1898 715 1931 Quorum?
731 1899 915 1933 apostolorum
930 1898 1073 1930 videlicet,

282 1945 309 1972 lti
327 1953 387 1973 esse
402 1945 504 1972 Levitze
528 1945 592 1972 dicti
610 1950 675 1972 sunt
694 1954 700 1972 :
718 1945 815 1972 borum
833 1945 1002 1976 suburbana,
1017 1944 1075 1971 sive

280 1993 336 2027 agri
355 1999 411 2019 non
426 1991 592 2023 vendantur,
612 1991 639 2018 id
656 1995 709 2022 est,
725 1991 961 2022 conversationcs,
978 1995 1005 2017 et
1020 1991 1075 2017 vir-

281 2043 364 2068 tutes.
380 2041 408 2064 et
434 2037 575 2064 (Ιιοιτὶιιίῐι.
593 2037 656 2064 Haec
680 2037 753 2064 enim
782 2044 908 2071 agrorum
926 2037 986 2063 vice
1002 2036 1075 2063 cole-

281 2086 358 2116 bant,
375 2084 410 2110 ita
435 2087 463 2109 ttt
482 2082 580 2109 Paulus
602 2082 636 2109 de
659 2082 700 2109 eis
715 2082 838 2109 diceret:
856 2081 921 2114 Quis
937 2082 1075 2116 plantavit

281 2133 385 2158 rincant
402 2135 425 2156 et
442 2130 473 2156 de
489 2130 576 2164 fructu
590 2129 647 2164 ejus
665 2137 715 2156 non
732 2129 825 2156 edet“?
851 2128 883 2155 Et
900 2136 1013 2155 rursus:
1031 2128 1076 2155 Di-

282 2185 349 2212 gnus
362 2182 399 2202 est
412 2175 548 2209 operarius
565 2177 681 2201 mercede
699 2183 746 2201 sua
759 2175 792 2201 ¹⁰.
810 2175 844 2201 Et
860 2182 956 2201 rursus
970 2183 977 2200 ι
997 2173 1076 2200 Nun-

283 2222 346 2257 quid
360 2223 392 2248 de
408 2221 487 2248 bobus
509 2229 572 2247 cura
600 2227 634 2247 est
655 2221 709 2248 Dea
722 2221 755 2246 “.
777 2219 819 2247 An
833 2221 867 2247 de
883 2220 962 2247 nobis
983 2220 1076 2254 utique

283 2268 369 2296 dicit?
383 2267 453 2300 Quia
469 2267 541 2294 debet
556 2268 583 2294 in
596 2276 640 2302 spe
652 2269 696 2303 qui
715 2272 776 2294 arat
790 2276 880 2299 arare,
896 2272 920 2294 et
939 2270 984 2302 qui
999 2268 1076 2294 senti-

283 2320 340 2347 nat,
360 2315 388 2342 in
401 2323 446 2349 spe
459 2314 559 2348 fructus
572 2314 732 2348 percipiendi
743 2314 774 2340 ι’.
786 2313 818 2341 Et
835 2321 930 2340 rursus
947 2323 952 2340 :
969 2313 1015 2340 Sic
1030 2321 1076 2340 nos

282 2362 354 2391 vobis
370 2360 504 2396 spiritalia
522 2360 720 2392 seminavimus,
741 2368 867 2395 magnum
890 2365 927 2386 est
945 2360 968 2386 si
989 2364 1076 2387 vestra

282 2408 404 2436 carnalia
428 2406 607 2434 metamus”?
634 2406 679 2433 Ila:
699 2413 763 2441 ergo
788 2407 920 2434 doctrinm
943 2410 1076 2441 separata:

283 2458 362 2481 erant
377 2453 534 2481 civitatibus
549 2460 655 2485 eorum,
672 2453 716 2488 qui
741 2461 789 2488 per
810 2453 885 2488 ipsos
900 2453 1073 2484 constabant,

283 2503 313 2526 et
338 2507 385 2534 per
408 2499 482 2534 ipsos
507 2499 682 2526 salvabantut'
701 2508 706 2525 :
725 2503 754 2526 et
767 2499 848 2526 vettdi
864 2507 920 2526 non
936 2503 1074 2534 poterant,

284 2545 350 2580 quia
367 2545 400 2572 ad
419 2545 494 2580 ipsos
516 2545 657 2572 dicebatur
674 2553 680 2572 ε
698 2545 789 2572 Gratis
810 2546 946 2580 accepistis
959 2565 966 2577 ,
992 2546 1075 2580 gratis

284 2592 374 2620 date"
390 2591 469 2619 Unde
494 2596 523 2619 et
543 2591 684 2618 Simonem
710 2600 801 2619 emere
822 2593 958 2619 volentem
974 2593 1074 2619 donum

284 2638 407 2675 spiritus,
423 2638 482 2673 ejus
496 2638 632 2672 portione,
649 2638 704 2665 sive
719 2643 791 2666 sorte
807 2639 934 2674 privavit.

319 2684 401 2712 Vens.
419 2684 510 2712 3556.
534 2693 543 2710 t
560 2683 588 2710 Si
605 2688 764 2712 attenuatus
784 2685 867 2712 fuerit
892 2685 975 2712 frater
994 2689 1057 2712 tuus
1069 2705 1076 2717 ,

283 2735 313 2759 et
329 2730 454 2758 inﬁrmus
466 2738 548 2757 manu
561 2734 589 2757 et
602 2731 754 2765 susceperis
765 2739 827 2758 cum
841 2732 919 2766 quasi
933 2731 1077 2763 advenam,

284 2781 312 2803 ct
326 2776 514 2812 peregrinum,
529 2780 557 2803 et
571 2775 667 2803 vixerit
686 2780 785 2809 tecum,
802 2785 836 2804 tte
849 2777 967 2813 accipias
981 2785 1079 2804 usuras

313 2870 324 2885 ⁸
343 2873 394 2902 Isa.
413 2883 432 2906 ι,
451 2876 477 2902 9.
520 2877 530 2892 ’
549 2875 556 2901 l
572 2875 634 2902 Cor.
650 2883 686 2907 tx,
700 2875 727 2902 'l.
784 2875 804 2891 '°
818 2875 827 2901 I
841 2875 912 2903 Tim.
932 2884 957 2908 ι’,
976 2877 1020 2904 -l8.
1061 2877 1079 2892 “

285 2909 311 2938 8.
351 2910 408 2928 “⁶’¹⁸
420 2911 490 2938 Psal.
508 2918 621 2943 ιλιι-ιιι,
637 2912 663 2938 8.
704 2911 724 2926 ”
742 2910 838 2937 Matth.
859 2919 894 2944 ιχ,
914 2911 956 2938 11-

866 184 1050 214 HESYCHII
1075 182 1315 213 PRESBYTERI

1842 179 1909 212 “23

1081 245 1103 272 Α
1119 241 1153 268 ab
1168 249 1211 273 co,
1226 248 1277 268 nec
1287 239 1406 275 amplius
1416 247 1496 275 quam
1510 239 1706 283 detlisti‘Timc
1724 239 1808 266 Deum
1824 245 1911 272 tuum,

1118 293 1148 315 ttt
1159 288 1250 315 vivere
1265 287 1352 322 possit
1369 286 1453 313 frater
1466 290 1530 313 tuus
1547 286 1619 320 apud
1637 285 1827 313 tc.Pecuniam
1838 289 1913 312 tuam

1118 342 1171 361 non
1187 334 1265 361 dabis
1284 334 1309 360 ci
1323 333 1355 360 ad
1377 340 1499 363 usuram,
1517 337 1545 359 et
1557 331 1664 367 frugum
1685 332 1914 366 superabundan-

1119 382 1184 408 tiam
1207 388 1262 407 non
1284 380 1386 415 exiges.
1404 380 1461 413 Ego
1485 379 1619 406 Dominus
1645 376 1717 406 Deus
1739 384 1840 410 vester,
1865 379 1913 413 qui

1118 427 1200 454 eduxi
1216 434 1264 453 vos
1283 426 1317 453 de
1338 430 1409 452 terra
1422 425 1528 460 [Egypti
1540 446 1546 457 ,
1565 429 1596 452 ut
1609 425 1703 452 darem
1719 425 1795 452 vobis
1814 430 1913 452 terram

1116 473 1248 500 Chanaan
1264 481 1270 498 :
1291 478 1318 500 et
1332 480 1420 500 essetn
1432 476 1525 499 vester
1535 471 1617 499 Deus.
1634 481 1644 498 ι

1154 529 1184 556 In
1201 530 1328 564 praesenti
1345 529 1402 565 lege
1418 530 1473 557 duo
1487 534 1571 562 sunt,
1589 537 1649 564 qua:
1664 529 1760 556 mirari
1774 529 1915 564 Icgislato-

1120 583 1177 602 rettt
1192 580 1310 610 oportet,
1329 576 1356 603 id
1374 581 1415 604 est
1428 596 1435 608 ,
1453 577 1586 611 sapientia
1612 580 1639 603 et
1659 577 1755 611 pictas.
1775 575 1915 610 Sapientia

1120 622 1242 657 quidem,
1256 623 1318 657 quia
1328 611 1393 657 qua:
1408 628 1473 650 sunt
1486 622 1624 652 sublimia.
1637 630 1684 657 per
1699 630 1730 649 ea
1746 630 1806 657 qua:
1818 623 1916 649 viden-

1121 673 1166 695 tur
1183 668 1307 700 humilia,
1325 669 1448 703 exponit.
1467 667 1556 696 Pielas
1569 673 1673 700 autem,
1688 676 1749 702 qua:
1765 673 1808 695 est
1823 667 1850 694 in
1866 676 1916 694 cu-

1120 713 1207 741 stodia
1223 713 1336 745 litterae,
1355 718 1383 741 et
1401 713 1641 748 contemplationis
1660 713 1798 748 spiritalis.
1813 713 1916 740 Littera

1121 758 1267 793 siquidem,
1286 759 1416 793 pauperis
1434 759 1519 794 exigit
1533 758 1760 791 subvcutionem,
1780 762 1807 784 et
1828 766 1918 792 neque

1122 804 1211 831 claudi
1227 812 1289 840 erga
1307 812 1369 831 eum
1384 804 1489 831 viscera
1508 806 1611 839 petenti
1636 809 1778 835 mutuutn,
1797 811 1847 830 nec
1871 811 1918 830 ne-

1123 851 1218 886 gotiari
1232 851 1265 878 de
1281 856 1441 886 paupertate
1465 851 1542 886 ejus.
1561 850 1838 886 superabundantiam
1862 850 1920 877 exi-

1086 913 1108 942 Β
1123 897 1221 933 gettdo,
1238 903 1266 924 et
1279 905 1389 924 usuram
1407 897 1593 932 percipiendo.
1607 903 1635 924 et
1648 897 1752 924 Ittcrtttn
1767 897 1801 923 dc
1816 900 1918 931 pietate

1123 943 1269 978 captando.
1290 942 1409 978 Spiritus
1435 949 1526 971 autetn
1550 944 1697 979 anagogice
1726 942 1918 976 demonstrat,

1123 989 1261 1024 quomodo
1279 993 1405 1024 oporteat
1429 989 1466 1016 uti
1491 989 1542 1019 eis.
1556 990 1602 1024 qui
1619 990 1663 1016 illa
1677 994 1835 1023 paupertate
1850 997 1919 1023 pau-

1124 1043 1205 1070 peres
1226 1035 1290 1063 facti
1306 1041 1381 1067 sunt,
1399 1036 1433 1063 de
1446 1043 1499 1071 qtta
1518 1035 1604 1062 David
1620 1036 1754 1062 clamabat
1772 1045 1778 1062 :
1796 1035 1854 1063 Cito
1874 1044 1920 1062 an-

1125 1081 1214 1115 ticipes
1226 1089 1271 1107 nos
1282 1081 1464 1108 misericordia
1476 1082 1602 1114 tua,quia
1613 1089 1742 1115 pauperes
1750 1082 1815 1116 {acti
1827 1090 1919 1108 sttntus

1125 1128 1202 1154 nimis
1213 1126 1402 1164 ""‘.Siecrgo
1411 1128 1560 1155 secundum
1574 1127 1695 1156 ordinem
1707 1128 1758 1159 Itis,
1772 1136 1832 1162 qure
1847 1128 1918 1155 dicta

1124 1179 1199 1206 suttt,
1212 1174 1389 1202 intendimus.

1160 1231 1190 1259 Si
1206 1236 1358 1260 attenuatus
1369 1233 1449 1268 fuerit
1459 1234 1544 1268 frater
1561 1238 1637 1266 tuus,
1649 1238 1673 1260 et
1689 1233 1811 1267 infirmus
1826 1241 1918 1263 manu,

1125 1282 1149 1304 et
1166 1279 1311 1311 susceperis
1335 1287 1394 1305 eum
1411 1281 1486 1314 quasi
1507 1279 1636 1305 aduenerit
1653 1283 1677 1305 et
1691 1279 1860 1313 peregrinum
1873 1299 1880 1310 ,
1896 1283 1920 1304 et

1125 1325 1218 1351 vixerit
1233 1330 1326 1352 tecum.
1343 1325 1462 1352 Fratrem
1487 1325 1702 1360 uniuscujusque
1721 1325 1765 1351 hic
1785 1324 1918 1358 mqualem

1126 1371 1266 1406 dignitate,
1277 1376 1304 1398 et
1317 1372 1528 1398 conversatione
1541 1371 1617 1398 dicit.
1627 1371 1677 1398 IIic
1687 1371 1709 1398 si
1721 1371 1748 1397 in
1759 1371 1920 1404 operatione

1126 1419 1258 1446 virtutum
1276 1419 1428 1447 inﬁrmatus
1444 1419 1528 1447 fuerit
1544 1430 1550 1446 ;
1569 1419 1620 1447 hoc
1635 1423 1677 1447 cst
1698 1419 1771 1445 enim
1787 1419 1920 1446 inﬁrmari

1126 1474 1221 1498 manu,
1241 1471 1351 1501 propter
1373 1467 1446 1500 quod
1470 1466 1564 1501 Aquila
1582 1476 1588 1493 :
1607 1465 1637 1493 Si
1661 1466 1797 1499 exciderit,
1821 1466 1920 1500 inquit,

1128 1514 1210 1548 frater
1225 1518 1296 1546 tuas,
1309 1519 1331 1540 et
1343 1514 1489 1548 culpaverit
1505 1521 1597 1540 manus
1609 1513 1666 1547 ejus
1678 1518 1772 1542 tecum.
1790 1513 1922 1540 auxiliari

1128 1559 1162 1590 ei,
1178 1559 1328 1586 secunduttt
1346 1558 1523 1594 Septuaginta
1539 1557 1719 1593 Interpretum
1733 1566 1857 1590 sensum,
1871 1566 1924 1585 nos

1087 1595 1108 1624 (ἶ
1127 1607 1254 1638 tanquam
1284 1603 1431 1638 proseltto,
1460 1607 1487 1630 ct
1513 1602 1646 1637 inquilino
1670 1602 1737 1629 vult.
1765 1601 1925 1637 Proselytus

1125 1652 1216 1674 autent
1239 1652 1345 1678 noster,
1359 1649 1418 1674 sive
1442 1647 1547 1674 advena
1566 1651 1609 1673 est
1627 1646 1673 1681 qui
1696 1654 1770 1672 nttnc
1785 1646 1818 1672 ad
1839 1646 1922 1672 ﬁnetn

1126 1693 1212 1719 venit.
1235 1692 1391 1727 Inquilintts
1413 1696 1506 1719 autem
1530 1696 1635 1723 uoster,
1651 1691 1698 1726 qui
1722 1691 1840 1717 necdum
1858 1699 1924 1726 pro.

1126 1738 1212 1773 priattt
1225 1739 1339 1766 domum
1365 1739 1464 1772 habet,
1493 1739 1539 1765 sed
1562 1744 1656 1765 nostra
1676 1737 1881 1768 adntonitionc,
1897 1741 1934 1763 et‘

1128 1784 1249 1819 diligenti
1272 1784 1453 1811 instructioue
1474 1789 1552 1818 eget,
1569 1787 1599 1809 ut
1628 1786 1798 1817 protegatnr.
1813 1785 1841 1808 et
1868 1789 1925 1807 non

1126 1830 1356 1864 quemadmodum
1379 1830 1439 1857 sine
1455 1832 1536 1856 domo
1563 1830 1617 1856 huc
1640 1833 1668 1855 ct
1693 1828 1757 1854 illuc
1777 1831 1861 1854 erret.
1879 1826 1926 1853 Sic

1127 1884 1192 1911 ergo
1206 1875 1370 1903 auxiliamur
1387 1875 1495 1902 ittﬁrtno
1512 1875 1588 1902 fratri
1606 1884 1612 1901 :
1630 1879 1659 1900 ut
1680 1873 1753 1900 vivat
1769 1873 1923 1899 nobiscum.

1127 1926 1155 1948 et
1168 1921 1326 1948 nullatenus
1339 1920 1481 1951 moriatur,
1499 1928 1512 1946 ει
1529 1919 1741 1946 conversatione
1757 1918 1804 1944 Dei
1818 1917 1926 1944 alienus

1127 1968 1258 1999 eﬁectus,
1274 1968 1369 1995 vivens
1385 1967 1540 1998 nobiscum,
1567 1966 1593 1993 id
1612 1971 1664 1995 cst.
1682 1973 1731 2000 per
1752 1973 1813 1997 nos,
1833 1968 1861 1991 et
1877 1972 1927 1998 per

1128 2019 1249 2041 nostram
1274 2013 1438 2046 doctrinam,
1457 2012 1690 2047 quemadmodum
1705 2010 1868 2046 quibusdam
1885 2011 1924 2036 ci-

1128 2061 1169 2088 bis
1184 2061 1263 2087 bonis
1277 2060 1458 2087 confortatus.
1472 2059 1586 2094 Oportet
1602 2065 1693 2086 atttcttt
1708 2059 1744 2089 ei.
1763 2059 1834 2086 sicut
1851 2057 1928 2084 inﬁr-

1129 2116 1184 2138 mo,
1206 2107 1431 2134 condescendere
1445 2112 1472 2134 et
1488 2106 1609 2138 mederi,
1627 2114 1687 2140 quae
1703 2104 1855 2132 secundum
1873 2104 1927 2131 vir-

1130 2158 1215 2180 tulctu
1234 2153 1295 2188 ejus
1309 2157 1384 2186 sunt,
1399 2158 1543 2188 propterea
1564 2152 1686 2180 subdidit
1703 2161 1710 2179 :

1167 2209 1207 2236 Ne
1223 2210 1339 2244 accipias
1352 2217 1446 2236 usuras
1459 2209 1491 2236 ab
1508 2217 1548 2241 eo,
1566 2217 1610 2236 nec
1622 2208 1738 2242 amplius
1748 2216 1829 2243 quam
1851 2207 1926 2234 dedi—

1091 2265 1113 2293 ι)
1129 2256 1173 2282 sti.
1195 2254 1233 2282 Nc
1249 2255 1319 2282 forte
1331 2263 1394 2282 cum
1411 2254 1538 2282 inﬁrmus
1556 2255 1644 2282 lactus
1658 2255 1704 2287 sit,
1715 2259 1766 2282 eta
1782 2253 1867 2289 priori
1883 2262 1926 2282 re-

1127 2301 1190 2336 gula
1207 2301 1370 2328 imminutus
1382 2322 1389 2334 ,
1406 2301 1593 2328 abundantius
1609 2301 1644 2329 ab
1658 2309 1691 2328 eo
1707 2302 1839 2329 virtutum
1861 2309 1925 2337 ope~

1128 2349 1262 2376 rationem
1279 2348 1432 2383 exigamus.
1450 2348 1498 2375 sed
1513 2356 1693 2383 provocemus
1707 2356 1782 2379 eum.
1797 2357 1928 2376 manum-

1129 2402 1181 2428 que
1198 2394 1258 2428 ejus
1271 2398 1301 2421 ttt
1315 2393 1413 2421 inﬁrmi
1427 2398 1626 2426 sustentemus,
1640 2399 1777 2429 caputque
1790 2401 1853 2420 cum
1867 2398 1928 2421 tan-

1131 2441 1271 2468 tummodo
1287 2441 1364 2476 Iegis,
1381 2445 1410 2468 et
1428 2440 1585 2468 divinorum
1604 2440 1806 2471 mandatorum,
1828 2440 1854 2467 id
1873 2446 1927 2470 est.

1129 2494 1159 2516 ut
1175 2497 1228 2516 non
1243 2493 1339 2524 peccet
1352 2489 1502 2525 exigentes.
1520 2489 1592 2524 Ergo
1607 2488 1688 2515 nimis
1705 2487 1860 2517 necessarie
1878 2488 1928 2515 ad-

1129 2535 1197 2562 didit
1212 2543 1218 2561 :

1168 2591 1243 2618 Time
1266 2591 1351 2618 Deum
1374 2596 1459 2618 tuum.
1483 2591 1539 2626 Ego
1562 2590 1694 2619 Dominus
1718 2591 1789 2619 Deus
1808 2596 1902 2620 vester
1921 2603 1927 2619 :

1133 2638 1211 2672 cuius
1225 2638 1319 2672 jugum
1335 2645 1417 2665 suave
1433 2641 1484 2670 est,
1497 2637 1542 2672 qui
1561 2638 1705 2666 hominem.
1724 2637 1812 2665 modis
1839 2639 1930 2665 omnl-

1129 2686 1182 2714 bus
1201 2694 1255 2712 non
1272 2694 1387 2720 peccare
1409 2686 1504 2722 exigit,
1517 2687 1635 2714 virtutes
1660 2692 1752 2714 atttetn
1773 2686 1868 2722 exigit,
1885 2695 1928 2713 se-

1130 2732 1251 2758 cundum
1266 2732 1485 2767 possibilitatem.
1501 2733 1617 2768 Propter
1633 2733 1706 2768 quod
1725 2733 1758 2760 de
1774 2733 1929 2769 virginitate

1130 2777 1267 2804 sanciens.
1283 2777 1343 2804 Non
1369 2786 1458 2805 omnes
1481 2779 1634 2813 rapiunt”,
1651 2779 1749 2814 inquit.
1767 2778 1819 2806 Sed
1845 2784 1874 2806 et
1896 2778 1930 2806 dc

1093 2876 1104 2903 Ι
1120 2876 1183 2904 Cor.
1201 2885 1238 2910 tx,
1255 2877 1282 2905 9.
1324 2878 1346 2893 ¹¹
1362 2878 1429 2905 ibid.
1447 2879 1490 2906 I0.
1541 2879 1563 2895 ⁸³
1577 2879 1641 2906 ibid.
1664 2879 1704 2906 II.
1748 2879 1767 2894 “
1786 2879 1884 2907 Matth.
1902 2886 1930 2911 ῐ,
