2056 3148
145 173 209 208 1ῗ29

698 174 739 205 ΙΝ
760 171 979 205 LEVITlCUM.
994 184 1028 190 -
1047 172 1122 202 LIB.
1139 172 1204 203 VII.

1713 171 1781 203 1130

144 243 194 263 non
223 234 389 270 possidendo
406 224 528 262 docens:
547 233 576 260 Si
599 241 654 265 vis,
679 233 783 268 inquit,
807 233 936 268 perfectus
952 235 973 262 Λ
989 230 1176 266 Septuaginta,
1188 230 1281 258 cibos:
1300 229 1327 257 ln
1351 230 1500 265 Scripturis
1517 230 1618 257 sanctis
1643 229 1781 258 intellecta

144 281 234 309 esse".
250 280 279 307 ln
297 281 424 307 mandato
435 279 505 307 dixit
521 289 527 306 :

178 326 224 353 Sic
239 334 300 361 ergo
317 327 401 361 frater
414 331 474 351 tuus
487 325 557 351 vivat
569 324 641 358 apud
653 329 687 351 te.
702 324 845 351 Pecuniam
862 329 934 351 tuam

95 391 98 395 -
144 381 193 400 non
206 373 281 399 dabis
294 373 316 398 ei
327 372 362 398 ad
376 380 496 402 usuram,
507 376 531 398 et
543 372 648 406 frugum
661 371 936 405 superabundautiam

144 426 194 445 non
211 418 308 452 exiges.
326 416 379 444 Sed
399 416 512 443 Paulum
534 417 641 444 imitare
660 417 796 444 dicentem
811 426 817 443 :
835 416 936 443 Factus

143 473 200 491 sum
214 464 335 498 inﬁrmus
349 463 463 497 infirmis
474 464 505 489 ⁸⁵³.
520 462 594 490 Nihil
611 471 658 490 eos
677 463 710 490 ad
727 463 836 490 virtutis
852 463 936 490 ratio-

144 518 204 538 nem
219 510 322 545 exigas,
338 509 400 544 plus
417 517 431 535 a
450 509 558 544 propria
573 509 683 536 virtute.
699 508 727 535 Si
744 514 835 536 autem
849 509 935 540 dicas.

145 555 257 583 forsitan
269 563 316 583 eos
328 563 419 590 posse,
435 555 483 582 sed
495 556 619 582 infirmos
634 563 664 583 se
684 555 795 590 ﬁngere,
818 556 869 583 hoc
880 555 935 590 jam

143 610 198 629 non
216 607 259 629 est
279 607 366 634 tuum,
384 602 432 628 sed
449 601 520 628 illius
530 607 582 634 est,
595 602 640 636 qui
653 602 705 628 scil
716 601 780 636 quid
793 609 856 628 vere
874 608 937 636 pos-

144 649 240 674 simus.
253 647 304 680 Qui
322 647 389 674 dixit
402 647 435 677 ad
449 647 535 680 illum,
557 648 602 682 qui
618 647 749 675 talentum
767 647 912 675 abscondit
929 657 936 674 :

145 694 288 728 Oportebat
306 684 334 720 te
352 694 416 720 dare
433 694 570 728 pecuniam
593 703 679 721 meam
696 693 898 726 munmuluriis,
913 698 938 720 et

143 748 189 775 ego
208 741 323 771 veniens,
340 748 399 766 cum
415 741 503 767 usuris
516 740 606 775 utique
627 741 767 775 exegissent
785 748 843 766 eam
851 740 883 766 ¹⁰.
905 740 939 767 Et

144 794 199 813 non
212 791 255 813 est
269 787 480 819 condemnatus,
493 787 555 822 quia
572 795 683 814 usuram
697 795 750 814 non
763 786 879 822 accepit,
890 786 938 814 sed

142 832 206 865 quia
223 832 367 866 pecuniam
385 839 440 858 non
456 832 532 860 dedit
548 842 555 859 :
574 832 736 867 sibimetipsi
757 833 830 860 enim
846 838 939 867 pater-

143 877 261 904 familias
287 878 456 905 exactionem
479 878 631 906 reservavit
654 885 753 905 usurae.
769 879 938 906 Alterutrum

988 282 1052 306 sunt
1062 280 1191 313 pecunia,
1208 281 1303 312 utpote
1317 285 1378 312 qua:
1392 277 1492 305 divites
1504 277 1580 308 facit,
1596 276 1702 304 fructus
1715 285 1781 304 vero

987 325 1031 352 vel
1054 325 1143 356 cibus,
1159 328 1190 350 ut
1213 324 1347 351 nutriens.
1368 322 1470 350 [lorum
1493 323 1688 351 abundantiam
1708 323 1782 351 Deus

987 371 1059 406 exigi
1082 378 1137 398 non
1150 370 1239 405 jubet,
1257 369 1305 397 sed
1329 369 1386 397 sola
1409 377 1469 404 quae
1484 369 1635 397 secundum
1651 369 1782 397 virtutem

988 421 1062 448 sunt.
1082 421 1112 444 ut
1133 417 1168 444 sit
1191 421 1284 443 noster
1305 416 1386 444 Deus.
1401 416 1470 449 Quia
1492 421 1521 444 et
1536 417 1595 451 ipse
1617 417 1783 451 pteniteutes

988 467 1146 498 peccatores
1166 463 1200 490 ad
1223 470 1253 490 se
1277 463 1390 498 suscipit
1404 467 1432 490 et
1448 463 1618 491 moderatum
1629 463 1724 498 jugum
1742 462 1782 490 eis

989 509 1116 544 imponit.

1024 555 1107 582 Vsus.
1126 555 1215 583 59-45.
1239 564 1248 580 ι
1263 554 1291 581 Si
1307 555 1470 582 necessitate
1483 555 1640 589 compulsus
1653 554 1785 583 vendide-

989 601 1025 628 rit
1038 609 1067 629 se
1082 601 1131 628 tibi
1151 601 1234 628 frater
1248 604 1311 628 tuus
1323 619 1330 631 .
1351 608 1407 627 non
1421 608 1483 628 eum
1498 601 1638 635 opprimes
1651 601 1784 628 servitute

989 647 1164 678 famulorum,
1178 647 1226 675 sed
1246 647 1322 682 quasi
1340 646 1526 674 mercenarius
1545 651 1573 673 ct
1591 647 1705 674 colonus
1720 647 1782 674 erit.

991 692 1082 726 Usque
1098 692 1132 719 ad
1157 699 1261 719 annum
1284 691 1426 726 jubilaeum
1442 691 1602 727 operabitur
1616 692 1686 726 apud
1704 696 1741 722 te,
1756 697 1785 719 et

989 743 1083 773 postea
1100 738 1257 773 egredietur
1273 746 1334 765 cum
1350 738 1445 765 liberis
1462 738 1530 769 suis,
1544 742 1572 766 et
1586 742 1739 765 revertetur
1751 738 1785 765 ad

989 785 1179 820 cognationem
1191 792 1279 815 suam.
1299 791 1327 812 et
1335 785 1368 811 ad
1385 785 1587 819 possessionem
1601 789 1709 819 patrum
1722 792 1786 812 suo-

989 839 1049 858 rum
1065 840 1071 858 :
1089 831 1141 858 mei
1153 831 1225 858 enim
1238 832 1310 858 servi
1325 834 1398 862 sunt,
1412 835 1439 858 et
1452 838 1502 866 ego
1516 831 1598 858 eduxi
1609 838 1657 858 eos
1665 831 1700 859 de
1713 835 1786 858 terra

990 876 1110 913 Egypti,
1125 884 1180 904 non
1195 877 1310 905 venient
1324 876 1482 904 conditione
1498 884 1652 904 servorum.
1662 876 1703 903 Ne
1716 876 1786 904 aﬂli-

143 927 236 950 autem
250 931 301 950 nos
315 928 345 950 ut
355 931 499 951 caveamus
511 930 664 959 peccatum,
675 925 781 952 solvere
792 929 820 952 et
830 925 939 959 exigere
956 935 976 962 Β
990 931 1036 960 gas
1050 932 1111 951 eum
1127 930 1176 959 per
1188 924 1349 959 potentiam,
1361 923 1408 951 sed
1425 923 1538 950 metuito
1550 923 1635 951 Deum
1652 927 1740 951 tuum.
1755 933 1765 950 ι

144 969 214 999 vult.
228 969 318 996 locum
335 970 414 997 nobis
431 971 542 998 alternze
557 971 761 1005 conjunctionis
778 979 832 998 non
849 971 940 998 detra-

144 1015 286 1047 Iientibus,
304 1023 363 1043 non
385 1016 566 1050 rapientibus,
584 1026 639 1044 non
666 1018 868 1050 occidentibus,
884 1026 940 1045 non

143 1061 199 1088 tale
215 1062 317 1096 aliquid
334 1063 511 1097 peccantibus
523 1084 531 1096 ,
553 1072 604 1099 per
619 1064 731 1092 Paulum
745 1065 887 1100 praebens,
904 1064 941 1092 ait

143 1115 210 1142 ergo
223 1116 230 1134 :
245 1106 275 1134 Si
288 1109 347 1143 quis
363 1109 448 1144 frater
463 1109 615 1144 appellatur
628 1111 784 1146 fornicator,
802 1116 850 1138 aut
864 1111 941 1139 idolis

143 1154 269 1184 serviens,
282 1159 328 1180 aut
342 1163 450 1188 auarus,
466 1161 512 1182 aut
531 1156 674 1188 detractor,
687 1161 734 1183 aut
750 1157 876 1190 ebriosus,
895 1162 941 1184 aut

143 1207 243 1234 rapax,
260 1207 319 1226 cum
334 1200 486 1234 hujusmodi
501 1209 547 1228 nec
561 1202 646 1229 cibum
663 1211 765 1230 sumere
773 1203 806 1229 ".
826 1203 886 1230 Non
901 1204 942 1231 di—

144 1246 187 1273 xit
203 1255 209 1272 :
227 1245 256 1273 Si
276 1246 337 1280 quis
350 1254 405 1274 non
424 1247 578 1275 vendiderit
591 1249 773 1276 substantiam
791 1257 879 1281 suam,
894 1258 943 1277 ne-

142 1299 210 1326 que,
223 1292 251 1319 Si
267 1300 322 1319 non
339 1293 521 1329 virginitatem
538 1295 675 1330 pollicitus
687 1295 780 1328 fuerit,
793 1303 883 1331 neque
895 1304 942 1324 su—

144 1338 237 1365 blimis
252 1340 471 1367 conversationis
487 1340 578 1368 fuerit.
597 1341 659 1369 llaec
675 1347 766 1369 autem
782 1342 867 1370 nimis
881 1350 942 1377 per-

143 1383 280 1411 fecturum
294 1390 455 1412 cunctorum
470 1386 616 1414 humiliora
637 1389 764 1416 mandata
780 1393 855 1417 sunt.
875 1388 943 1416 Vide

143 1437 211 1464 ergo
226 1438 308 1464 quam
321 1431 524 1460 conclusionem
539 1434 666 1461 mandato
682 1435 786 1463 addidit
799 1445 806 1463 ε

185 1475 240 1509 Ego
258 1476 385 1503 Dominus
401 1476 471 1504 Deus
484 1482 575 1510 vester,
592 1479 637 1513 qui
652 1480 730 1506 eduxi
753 1489 797 1507 uos
817 1482 849 1509 de
872 1486 942 1509 terra

143 1520 266 1556 Egypti,
284 1527 312 1548 ut
333 1523 425 1549 darem
447 1523 518 1550 vobis
534 1528 633 1550 terram
653 1524 794 1558 Chanaan,
809 1531 837 1554 ut
862 1536 944 1555 essem

143 1572 231 1594 uester
244 1567 321 1594 Deus.
336 1567 366 1595 Ιῐι
382 1569 447 1603 quid
461 1570 488 1596 in
506 1571 632 1604 praesenti
647 1571 706 1599 loco
715 1572 766 1600 hoc
775 1581 943 1602 commemo-

1027 970 1109 997 Multa
1135 970 1225 997 littera
1250 970 1309 1005 ipsa
1333 970 1435 1005 pietate
1458 970 1537 1005 plena
1560 974 1612 1002 est,
1628 970 1675 996 sed
1700 969 1787 997 multo

991 1016 1079 1051 magis
1091 1016 1222 1051 spiritalis
1243 1016 1410 1044 intellectus.
1426 1016 1565 1050 Quantum
1582 1017 1655 1043 enim
1675 1015 1787 1043 libertas

992 1063 1090 1090 animae
1106 1062 1203 1090 melior
1221 1067 1264 1090 est
1280 1070 1295 1089 a
1310 1062 1437 1090 libertate
1452 1062 1590 1097 corporis,
1605 1065 1710 1089 tantum
1731 1062 1788 1098 spi-

991 1108 1078 1136 ritalis
1100 1109 1295 1143 contemplatio
1317 1108 1378 1141 his,
1396 1108 1443 1144 qui
1466 1109 1526 1144 ejus
1542 1113 1660 1144 possunt
1681 1108 1788 1137 fructus

993 1156 1144 1190 percipere,
1161 1155 1275 1182 clariora
1293 1156 1378 1183 donat
1398 1163 1479 1191 quam
1500 1156 1600 1183 littera.
1613 1155 1682 1189 Quia
1696 1156 1786 1183 littera

993 1209 1058 1236 ergo
1080 1201 1235 1229 nullatenus
1255 1209 1306 1229 nos
1331 1201 1390 1232 his,
1405 1210 1467 1236 qua:
1490 1202 1620 1229 fratribus
1642 1202 1786 1234 eveniunt,

993 1247 1069 1274 abuti
1084 1247 1151 1279 vult,
1166 1247 1192 1275 id
1206 1253 1257 1279 est,
1267 1248 1459 1279 conlidelibus,
1470 1249 1517 1275 sed
1531 1248 1573 1276 vel
1586 1248 1608 1276 si
1619 1249 1680 1283 quis
1691 1256 1786 1276 eorum

993 1294 1072 1321 nobis
1092 1295 1218 1322 venditus
1240 1294 1331 1326 fuerit,
1349 1303 1363 1321 a
1379 1295 1499 1329 qualibet
1515 1295 1675 1322 humiliatus
1689 1303 1787 1323 neces-

994 1339 1083 1372 sitate,
1102 1340 1259 1367 nullatenus
1280 1340 1315 1367 ab
1337 1348 1370 1368 eo
1393 1341 1535 1368 servilium
1551 1341 1622 1369 servi
1636 1342 1787 1378 exigamus.

993 1385 1080 1418 Quem
1092 1386 1166 1413 enim
1181 1386 1267 1414 semel
1288 1387 1400 1414 fratrem
1422 1395 1470 1422 per
1492 1387 1666 1422 adoptionem
1685 1388 1787 1416 Christi

995 1432 1151 1464 habuimus,
1162 1433 1300 1467 quomodo
1317 1433 1449 1468 deinceps
1472 1441 1582 1462 servum
1605 1434 1789 1465 habebimus?

994 1479 1072 1507 Unde
1081 1485 1109 1507 et
1119 1480 1229 1512 Paulus,
1240 1481 1363 1508 scribens
1373 1481 1406 1508 de
1418 1480 1548 1509 Onesimo
1558 1482 1591 1509 ad
1601 1482 1788 1510 Philemonem

995 1527 1101 1554 dicebat
1112 1536 1118 1554 :
1133 1527 1276 1561 Propterea
1291 1529 1395 1555 recessit
1409 1529 1443 1555 ad
1453 1529 1556 1561 horam,
1567 1534 1595 1556 ut
1608 1534 1733 1556 internum
1745 1538 1788 1557 re-

996 1574 1103 1607 ciperes,
1120 1582 1170 1600 non
1183 1575 1242 1609 jam
1265 1579 1291 1601 ut
1313 1583 1427 1608 servum,
1442 1579 1487 1603 sed
1511 1584 1558 1610 pro
1581 1584 1655 1603 serua
1678 1577 1789 1612 fratrem

145 1621 209 1642 rare
234 1614 371 1649 legislator
394 1616 487 1651 eguit?
501 1616 554 1644 Sed
570 1617 658 1645 modis
671 1619 799 1647 omnibus
814 1620 877 1648 illud
895 1621 943 1648 de-
957 1620 979 1649 C
996 1619 1189 1651 charissimam,
1205 1621 1319 1647 maaime
1334 1622 1409 1654 mihi,
1418 1626 1517 1656 quanto
1531 1623 1616 1656 magis
1631 1627 1718 1649 autem
1731 1623 1788 1655 tibi,

145 1664 301 1687 monstrare
315 1661 504 1696 volens,quia,
518 1664 748 1698 quemadmodum
765 1667 894 1700 populum
909 1667 943 1694 de

147 1707 222 1730 terra
237 1705 353 1739 .Egypti,
370 1709 396 1732 ct
415 1705 448 1733 dc
463 1707 564 1741 populo
581 1709 732 1742 peccatoris
747 1709 857 1741 eduxit,
870 1715 897 1737 et
915 1710 942 1737 in

147 1754 222 1776 terra
237 1750 367 1778 Chanaan
382 1752 494 1779 alterius
509 1754 612 1788 populi,
630 1762 725 1782 rursus
736 1756 888 1790 peccatoris
903 1756 943 1783 in-

148 1795 283 1828 troduxit,
305 1797 352 1824 sed
370 1797 443 1825 illinc
457 1799 568 1833 quidem
583 1807 630 1827 eos
644 1801 754 1835 eduxit,
773 1807 803 1829 ut
817 1810 871 1829 non
892 1803 944 1830 sub

148 1841 349 1876 Egyptiorum,
364 1843 387 1870 si
412 1843 502 1871 adhuc
525 1849 626 1872 terram
653 1847 816 1881 habitarent,
833 1849 944 1876 domino

131 1892 322 1920 'tenerentur,
336 1889 362 1915 in
386 1894 486 1917 terram
509 1896 600 1918 autem
616 1892 834 1921 Chananteorum
856 1895 943 1922 intro-

146 1932 238 1965 duxit,
255 1934 319 1967 quia
336 1935 458 1969 cxpulsis
473 1937 611 1971 gentibus,
624 1945 679 1965 non
693 1943 771 1966 erant
783 1939 839 1974 jam
855 1940 882 1967 in
895 1948 943 1967 eo-

147 1986 209 2005 rum
225 1980 338 2007 servitio
356 1981 510 2017 redigendi,
526 1983 573 2010 sed
600 1991 625 2013 et
641 1991 714 2013 terra
736 1986 882 2013 emundata
898 1994 942 2014 ca-

147 2023 228 2051 rebat
242 2025 321 2052 malis
334 2025 551 2056 habitatoribus:
569 2028 607 2056 sic
630 2036 680 2056 nos
702 2029 773 2057 Deus
788 2032 839 2058 sub
856 2031 944 2058 domi-

146 2071 262 2098 natione
277 2072 388 2106 quidem
407 2072 491 2108 redigi
510 2079 682 2108 peccatorum
699 2084 753 2103 non
771 2077 883 2112 patitur,
897 2078 944 2105 scd

147 2122 238 2149 neque
261 2124 356 2143 eorum
375 2117 544 2151 societatem,
564 2121 714 2154 usquedum
730 2126 794 2149 sunt
819 2128 944 2156 peccato-

146 2168 204 2191 res.
221 2162 347 2196 amplecti
359 2172 366 2196 ;
377 2164 488 2198 quando
502 2169 594 2192 autem
607 2174 701 2194 eorum
714 2173 784 2195 terra
798 2169 944 2196 emundata

147 2207 242 2238 fuerit,
258 2209 380 2243 praecipit
396 2217 459 2237 cum
475 2210 515 2238 eis
530 2219 600 2245 esse,
616 2218 644 2240 et
665 2214 747 2241 simul
768 2215 901 2248 habitare,
918 2220 946 2243 et

147 2253 215 2280 dare
233 2254 274 2280 eis
288 2261 408 2282 nostram
429 2257 585 2292 pecuniam,
600 2263 628 2286 et
651 2264 760 2287 nostros
783 2261 902 2292 fructus,
919 2262 944 2288 id

994 1669 1018 1691 et
1036 1665 1063 1691 in
1078 1673 1167 1697 carne,
1182 1671 1206 1693 et
1221 1667 1248 1692 in
1271 1666 1433 1693 Domino“?
1451 1668 1484 1694 Et
1498 1675 1593 1695 rursus
1611 1678 1617 1694 :
1635 1668 1686 1700 Qui
1701 1674 1790 1696 autem

994 1711 1081 1746 fideles
1101 1712 1196 1739 habent
1212 1713 1329 1740 dominos
1340 1734 1346 1746 ,
1363 1722 1414 1741 non
1431 1714 1587 1749 despiciant,
1607 1716 1669 1750 quia
1693 1716 1790 1751 fratres

994 1758 1095 1784 sunt“.
1119 1757 1233 1793 insuper
1260 1765 1352 1787 autem
1372 1765 1400 1787 et
1419 1761 1531 1796 spiritus
1554 1762 1684 1798 prmerpit
1708 1762 1790 1790 etiam

994 1805 1200 1840 aliud,quando
1218 1806 1335 1841 aliquem
1357 1807 1484 1840 fratrum,
1505 1813 1533 1836 et
1552 1809 1684 1843 :eqnalcm
1709 1810 1792 1836 nobis

994 1852 1138 1879 vocatione
1160 1857 1188 1879 et
1209 1854 1418 1881 conversatione
1442 1855 1595 1887 venditum,
1616 1855 1790 1882 humiliatum

995 1902 1086 1925 tamen
1101 1899 1130 1926 in
1142 1899 1298 1933 virtutibus,
1311 1900 1337 1928 id
1355 1905 1406 1932 est,
1420 1900 1587 1928 infirmatam
1600 1902 1784 1936 deprehende-

995 1943 1092 1977 rimus,
1108 1949 1135 1971 et
1153 1945 1226 1973 hunc
1239 1947 1466 1980 converterimus,
1483 1948 1676 1983 corripientes,
1695 1948 1791 1975 exhor»

996 1994 1094 2022 tantes,
1107 1991 1264 2019 nullatenus
1274 2000 1307 2019 eo
1325 1993 1411 2024 abuti,
1427 1993 1473 2020 sed
1486 1998 1514 2020 ut
1528 1994 1648 2021 modeste
1663 1998 1689 2021 et
1702 1994 1789 2021 humi:

996 2035 1058 2062 liter
1073 2044 1134 2063 eum
1147 2037 1319 2070 accedamus,
1335 2043 1446 2074 propter
1465 2039 1538 2074 quod
1564 2040 1591 2066 in
1612 2039 1703 2067 verbis
1723 2040 1790 2076 ipsis

996 2081 1119 2109 intende.

1032 2127 1113 2155 Vens.
1130 2129 1174 2161 59,
1187 2129 1232 2156 40.
1257 2139 1265 2155 ι
1282 2129 1309 2157 Si
1323 2136 1482 2166 paupertate
1493 2133 1650 2167 compulsus
1661 2134 1791 2162 vendide-

995 2173 1030 2201 rit
1044 2182 1073 2202 se
1088 2175 1136 2202 tibi
1158 2175 1242 2203 frater
1255 2181 1328 2207 tuus,
1345 2185 1399 2204 non
1421 2186 1483 2205 cum
1506 2179 1644 2214 opprimes
1660 2181 1791 2208 servitute

999 2220 1174 2252 famulorum,
1185 2222 1232 2249 sed
1246 2223 1324 2257 quasi
1341 2225 1528 2252 mercenarius
1540 2229 1567 2252 et
1577 2226 1692 2253 colonus
1708 2227 1788 2253 erit.»

1033 2267 1099 2300 Quia
1116 2273 1260 2303 paupertas
1271 2270 1368 2296 animae
1381 2274 1421 2297 est
1433 2270 1575 2298 infirmitas
1586 2272 1792 2307 consequenda-

148 2305 202 2350 esl,
222 2299 330 2328 divinas
359 2302 499 2330 doctrinas
527 2311 595 2339 quas
624 2307 792 2341 accepimus.
816 2307 868 2335 Pro
893 2309 943 2336 d0-
962 2299 982 2326 D
997 2320 1056 2339 rum
1076 2314 1218 2345 virtutum,
1234 2315 1407 2342 Inanifestum
1423 2321 1464 2349 es_t
1475 2324 1508 2343 ex
1524 2317 1576 2349 his,
1591 2325 1653 2351 quae
1665 2318 1699 2344 ad
1711 2317 1790 2345 Sam-

148 2345 238 2373 ctrina
263 2351 353 2374 autem
377 2348 537 2384 intelligitur
555 2352 682 2385 pecunia,
698 2358 809 2388 propter
831 2356 902 2389 quod
917 2362 945 2383 et

147 2391 251 2419 Paulus
259 2393 367 2420 dicebat
383 2403 389 2420 :
403 2393 453 2426 Qui
468 2396 637 2430 wdiﬁcaverit
655 2407 733 2433 super
745 2400 945 2435 fundamentum

147 2437 196 2464 hoc
206 2458 214 2470 ,
230 2446 327 2466 aurum
340 2459 347 2471 ,
363 2446 503 2475 argentum
517 2462 523 2473 ,
547 2442 648 2478 lapides
662 2446 829 2479 pretiosos",
847 2447 944 2475 bonam

147 2482 302 2511 doctrinam
327 2493 376 2520 per
391 2486 449 2514 haec
465 2487 594 2516 innuens.
613 2489 670 2517 lloc
684 2496 776 2519 autem
794 2492 882 2527 ipsum
902 2498 946 2521 est

147 2533 176 2555 et
191 2529 308 2562 fruetus,
322 2531 427 2563 sive,ut
441 2531 860 2573 Septuaginta,cibi;utrmnque
873 2540 945 2566 enim

148 2573 201 2602 hoc
215 2583 309 2604 rursus
321 2577 444 2606 invenies
455 2579 566 2607 Paulum
579 2588 762 2617 exponentem
771 2592 779 2616 ;
788 2583 947 2613 Corinthios

148 2621 233 2654 enim,
248 2623 294 2650 alii
317 2624 451 2653 doctrina:
476 2634 504 2654 se
529 2628 679 2662 sociantes,
693 2637 825 2665 suamque
853 2632 946 2667 despi-

147 2667 263 2714 cientes,
293 2672 501 2704 reprehendens
525 2673 634 2708 scripsit
652 2674 731 2702 :Jam
757 2677 850 2703 satiati
873 2678 947 2720 estis,

146 2717 205 2743 Jan
227 2714 321 2741 divites
347 2717 411 2751 facti
438 2718 508 2750 estis,
525 2719 582 2745 sine
606 2721 680 2747 nobis
703 2722 861 2756 regnatis”.
877 2714 949 2758 Ergo

149 2755 302 2784 doctrinam
316 2769 365 2792 per
380 2764 526 2796 pecuniam
540 2769 567 2792 et
583 2765 698 2799 fructus,
716 2755 784 2800 sive,
796 2769 949 2797 secundum

187 2843 392 2880 “Matth.xvn,
406 2848 452 2875 21.
474 2849 494 2864 ¹⁹
512 2853 568 2877 lCn

996 2366 1045 2385 son
1069 2359 1164 2393 Dalila,
1177 2366 1204 2387 et
1218 2361 1275 2395 ipse
1293 2361 1326 2388 ad
1342 2369 1402 2389 eam
1420 2362 1552 2397 loquitur.
1573 2363 1689 2390 Noluisti
1704 2364 1791 2391 dicere

996 2405 1023 2431 in
1039 2413 1090 2440 quo
1110 2406 1145 2432 sit
1166 2408 1284 2434 maxima
1302 2408 1439 2443 fortitudo.
1457 2409 1574 2444 Cumque
1589 2409 1698 2436 molesta
1713 2410 1738 2436 ei
1751 2418 1791 2437 es-

996 2455 1044 2482 set,
1059 2456 1082 2477 et
1097 2459 1142 2484 per
1158 2452 1253 2479 mullos
1269 2453 1323 2479 dies
1332 2453 1434 2488 jugiter
1452 2454 1607 2486 adha'reret,
1622 2457 1739 2490 spatium
1756 2459 1791 2485 art

998 2497 1108 2531 quietem
1123 2505 1173 2524 non
1187 2498 1313 2531 tribuens,
1329 2504 1390 2526 tunc
1402 2501 1523 2534 aperiens
1537 2501 1672 2528 reritatem
1686 2503 1733 2534 rei,
1749 2503 1791 2529 (Ιί-

996 2543 1035 2569 :rit
1053 2543 1089 2569 ad
1103 2551 1161 2570 eam
1178 2544 1308 2571 :Fcrrum
1329 2553 1463 2581 nunquam
1486 2548 1601 2574 ascendit
1620 2556 1698 2582 super
1713 2553 1791 2583 caput

999 2595 1095 2619 meum,
1117 2589 1179 2624 quia
1198 2589 1355 2623 Nazaru'us,
1369 2593 1395 2618 id
1410 2596 1458 2624 est,
1475 2598 1640 2620 consecratus
1655 2593 1708 2620 Dro
1720 2603 1791 2625 sum.

999 2634 1030 2660 de
1045 2638 1119 2660 utero
1141 2636 1234 2662 matris
1249 2645 1322 2664 mew.
1342 2637 1372 2665 Si
1391 2647 1480 2665 rasum
1500 2639 1579 2673 fuerit
1594 2645 1671 2674 caput
1695 2649 1790 2672 meum,

1000 2680 1100 2706 recedet
1120 2689 1135 2707 α
1161 2690 1202 2708 me
1218 2683 1343 2716 fortitudo
1371 2692 1439 2717 mea,
1455 2690 1479 2711 et
1503 2686 1634 2720 deﬁciant,
1653 2694 1747 2722 eraque
1764 2691 1792 2713 ut

1000 2726 1087 2752 m'teri
1105 2726 1220 2753 homines
1228 2728 1260 2754 “.
1274 2728 1337 2755 Post
1355 2729 1422 2761 ha-c,
1439 2730 1550 2757 historia
1567 2731 1686 2758 subdidit
1705 2740 1711 2757 :
1725 2730 1791 2757 Item

1001 2775 1029 2797 at
1047 2770 1092 2798 illa
1110 2771 1225 2799 dormire
1239 2781 1297 2800 eum
1313 2774 1372 2809 fecit
1383 2783 1460 2810 super
1475 2784 1559 2810 genua
1581 2785 1639 2809 sua,
1655 2781 1678 2803 et
1692 2776 1719 2803 in
1733 2776 1792 2803 sinu

571 2862 592 2897 r'.
604 2862 646 2897 Et,
659 2855 704 2883 22.
739 2856 762 2897 ’2
778 2856 873 2897 Matth.
890 2866 954 2897 xxv.
970 2859 1057 2897 27.)}
1071 2859 1158 2897 lgor.
1175 2869 1200 2894 v,
1218 2861 1258 2895 10,
1281 2861 1321 2888 ll.
1344 2862 1366 2877 "
1382 2862 1469 2891 lCor.
1487 2871 1528 2896 tu,
1546 2865 1588 2892 £2.
1615 2865 1638 2881 “
1651 2865 1733 2895 lCnr.
1750 2871 1790 2897 Iv,

151 2876 179 2905 8.
227 2876 444 2915 “Philemixv,
467 2884 506 2911 l6.
544 2876 1123 2928 εεϊέίἱίηῗῗιι,ιι.”’ἲῖ’ζι”ι]ἀῖἓῖἒιῗιξίσ,’ίὶ’ἶ

251 2925 378 2962 Ρηιιθι.
408 2929 466 2960 GR.
492 2930 592 2961 XClll.

1592 2946 1628 2977 36
