2056 3148
167 187 235 220 1133

734 181 776 211 IN
797 177 1022 210 LEVITICUM.
1037 187 1071 193 -
1092 175 1167 205 LIB.
1184 173 1251 205 VII.

1738 169 1806 204 113i.

165 245 236 278 ιρειά
251 252 305 271 vos.
321 242 423 271 Gentes
437 248 497 276 qua
513 240 540 267 in
557 238 674 267 circuitu
691 243 785 265 nostro
796 240 878 268 sunt,
897 243 957 270 qua:
972 237 995 264 Α
1010 232 1129 259 civitates
1154 229 1329 265 presbyteros,
1348 230 1415 264 'quos
1435 236 1481 264 ego
1500 229 1545 255 tibi
1565 228 1688 256 constitui
1700 229 1732 256 ³³.
1753 230 1805 258 Sed

166 290 284 318 necdum
306 287 493 319 crediderunt,
510 293 586 321 spem
609 289 698 312 tamen
724 283 797 315 fidei,
821 286 849 309 et
864 282 959 309 salutis

166 337 286 368 habent,
307 335 369 370 quia
394 333 461 368 ipsis
485 332 599 359 missum
619 330 792 365 Evangelium
810 333 862 360 est,
889 328 960 354 sicut

167 383 269 411 Paulus
284 382 311 408 in
326 380 471 408 Antiochia
489 378 523 405 ad
548 377 657 405 Judzcos
673 376 801 403 dicebat:
821 374 887 401 Ecce
901 382 961 400 cnn-

166 429 294 455 uertimur
309 426 344 452 ad
358 430 462 460 gentes:
481 424 518 450 sic
538 423 605 450 enim
628 421 750 458 prwcepit
772 421 844 447 nobis
867 420 962 446 Domi-

168 483 216 502 nus
232 474 265 499 ”.
290 472 328 499 De
353 472 396 498 his
410 470 490 497 nobis
507 469 577 497 servi
594 473 620 496 et
634 468 738 496 ancillm
754 467 961 501 conquirantur,

167 521 194 548 id
210 524 269 551 est,
290 517 336 553 qui
352 524 399 552 per
416 516 530 543 verbum
548 515 691 542 docentur.
705 513 782 540 Unde
796 517 823 540 et
839 520 896 542 eos.
918 512 961 545 qui

167 564 330 594 docuerunt,
351 561 478 589 dominos
497 560 646 594 appellant,
667 558 739 593 quod
754 558 923 584 demonstrat
937 558 962 583 it-

167 609 300 644 Philippis
319 612 412 636 custos
428 608 556 638 carceris,
581 606 626 640 qui
644 605 677 632 ad
704 605 816 632 Paulu'm
835 608 862 631 et
875 603 964 639 Sylam

168 655 277 683 dicebat
289 663 298 681 ι
317 654 442 685 Domini,
457 653 520 688 quid
536 661 576 679 me
592 656 689 686 oportet
713 652 810 686 facere,
826 655 853 676 ut
879 650 966 676 salvus

169 703 233 738 ﬁam
245 702 286 728 ³⁵2
302 701 355 728 Sed
375 704 403 727 et
413 700 447 726 de
460 698 583 730 advenis,
602 697 670 728 sive,
688 701 718 724 ut
732 695 920 731 Septuaginta,
934 694 966 722 fi-

169 748 214 776 liis
225 747 434 782 inquilinorum,
451 744 497 779 qui
514 743 724 778 peregrinantur
737 742 808 777 apud
831 749 889 773 nos,
902 749 968 768 cott-

171 795 322 830 quiramus.
344 792 415 819 Dicit
429 784 522 818 autem
545 789 694 825 inquilinos
714 789 758 816 hic
784 788 904 819 .ludacos,
922 787 966 822 qui

173 841 297 868 habitant
324 840 350 866 in
371 838 474 866 lumine
497 841 602 869 nostro,
629 844 684 864 non
706 841 796 864 tamen
822 836 917 863 volunt
943 835 968 862 ei

172 888 266 916 oculos
281 886 380 914 mentis
396 883 614 916 accommodare,
637 883 837 910 abscondentes
853 883 912 917 ejus
928 883 969 908 lu-

173 942 285 962 cernam
310 933 360 960 sub
378 932 480 959 modio.
506 930 621 965 Propter
637 929 708 964 quod
725 937 780 956 non
810 929 970 964 simpliciter

174 979 317 1014 inquilinos
339 977 515 1011 Septuaginta
534 975 689 1007 ediderunt,
708 975 755 1002 sed
775 974 844 1009 ﬁlios
859 974 970 1007 inquili-

176 1033 280 1055 norum,
295 1022 341 1058 qui
358 1026 422 1050 stitit
443 1022 469 1048 in
490 1022 578 1051 vobis.
594 1020 665 1055 quod
680 1028 694 1047 a
720 1021 908 1047 Theodotione
943 1024 972 1047 et

177 1068 340 1103 Synnnaclio
368 1066 476 1101 planius
491 1067 622 1100 scriptum
641 1070 699 1092 est:
716 1065 737 1090 Α
753 1064 816 1099 [iliis
830 1064 972 1099 inquilino-

177 1123 246 1145 rum,
271 1114 315 1148 qui
330 1113 450 1139 habitent
475 1113 502 1138 in
517 1112 598 1138 vobis.
613 1112 650 1138 De
665 1111 765 1146 quibus
785 1111 851 1137 dixit
869 1110 970 1137 David:

177 1159 366 1187 htlmbitabnut
391 1164 415 1185 et
441 1158 601 1185 abscondent
621 1157 655 1185 ³⁶.
671 1157 739 1184 Cum
760 1158 832 1184 enim
858 1161 922 1184 sunt
947 1157 973 1182 in

178 1207 268 1239 nobis,
284 1206 330 1241 qui
354 1206 441 1240 legem
464 1205 550 1239 ipsam
585 1208 612 1231 et
628 1204 784 1239 prophetas,
801 1211 869 1238 quos
882 1207 909 1230 ct
924 1210 975 1230 nos

177 1254 322 1285 habemus,
337 1252 449 1283 habent,
470 1250 626 1278 inhabitant
641 1255 731 1277 tamen
752 1257 807 1277 non
824 1250 919 1277 eadem
931 1257 974 1277 sa-

177 1300 288 1336 pientes
305 1299 338 1326 de
353 1299 412 1334 lege
439 1303 464 1325 et
478 1297 630 1332 prophetis,
648 1304 707 1331 quae
723 1304 791 1324 nos:
809 1304 885 1323 suam
901 1296 974 1323 enim

177 1348 312 1383 justitiam
338 1346 508 1374 constituere
527 1349 691 1379 qumrentes,
716 1344 829 1379 justitiie
853 1343 899 1381 Dei
921 1351 977 1370 non

181 1396 245 1420 sunt
260 1391 385 1426 subjecti,
407 1390 455 1417 sed
477 1390 529 1416 hoc
544 1389 724 1421 abscondent,
742 1392 769 1415 et
784 1393 857 1416 recte
871 1387 978 1415 inhabi-

182 1441 251 1469 tant,
276 1437 348 1464 sicut
373 1436 420 1471 qui
447 1435 610 1470 semetipsos
633 1442 648 1462 a
671 1434 767 1466 libera,
786 1439 813 1461 et
829 1442 844 1461 a
861 1434 977 1461 fidttciali

182 1482 354 1509 habitatione
371 1481 559 1509 excludentes.
581 1480 660 1508 Unde
687 1480 830 1513 Dominus,
847 1480 910 1515 quia
937 1480 978 1507 in-

182 1527 309 1555 habitant
341 1531 454 1563 propter
485 1526 672 1554 infidclitatem
703 1526 822 1553 innuens
852 1526 977 1554 dicebat:

1011 285 1038 308 et
1064 279 1129 314 quid
1145 283 1230 306 restet
1250 278 1322 305 inter
1336 278 1408 308 illos.
1422 285 1490 313 quos
1512 277 1614 306 deforis
1631 278 1727 306 lucrati
1746 279 1807 306 fue-

1011 326 1108 358 rimus,
1128 329 1156 352 et
1171 324 1323 359 aequalibus
1348 323 1428 351 nobis
1450 323 1590 357 fratribus,
1622 325 1669 359 qui
1694 324 1808 352 forsitan

1012 371 1146 400 humiliati
1164 371 1349 406 corriguntur,
1367 371 1439 398 scire
1455 378 1528 397 nunc
1544 371 1682 406 legislator
1694 379 1743 398 nos
1760 380 1809 399 vo-

1014 416 1082 446 lens.
1110 418 1168 444 hmc
1192 417 1225 444 ad
1254 424 1427 445 communem
1454 417 1590 444 rationem
1618 418 1809 452 praedictorum

1013 463 1132 498 scripsit.

1049 509 1157 536 Fratres
1169 513 1257 536 autem
1271 513 1368 536 vestros
1381 509 1449 543 ﬁlios
1462 509 1549 537 Israel
1564 519 1615 539 non
1630 501 1813 547 aﬂ'liyctis‘per

1015 555 1171 581 voterztiam.
1201 554 1261 581 Non
1281 556 1345 589 quia
1365 555 1443 588 alios,
1468 563 1536 590 quos
1559 557 1655 584 lucrati
1678 557 1813 587 fuerimus

1017 600 1150 633 exterius,
1166 600 1193 626 in
1209 600 1370 628 servitutem
1383 601 1519 637 redigere,
1536 608 1583 630 aut
1609 608 1752 632 conterere
1771 605 1813 632 la-

1016 645 1130 672 boribus
1145 646 1291 680 prmcepit:
1313 654 1448 680 nusquam
1470 647 1542 674 enim
1555 648 1610 676 hoc
1624 649 1650 676 in
1671 650 1813 677 sanctione

1018 691 1069 718 hac
1088 690 1187 718 dixisse
1208 691 1335 718 videtur:
1353 692 1399 720 sed
1412 692 1476 727 quia
1492 701 1545 720 non
1564 695 1661 729 aequali
1679 700 1814 730 potestate

1019 737 1046 764 in
1063 737 1125 770 illis,
1142 741 1170 764 et
1186 737 1246 765 istis
1265 738 1302 765 uti
1324 746 1481 773 possumus.
1497 739 1577 767 Aliud
1595 745 1637 768 est
1655 742 1727 768 enim
1752 742 1814 769 infi‘

1020 784 1095 811 deles
1120 784 1154 811 ad
1175 784 1256 811 fidem
1281 785 1440 820 perductos,
1467 786 1540 814 aliud
1565 786 1658 815 fideles
1681 788 1782 823 lapsos,
1800 797 1816 815 a

1020 830 1100 857 nobis
1115 830 1279 858 admonitos.

1057 875 1140 903 Vens.
1171 876 1266 903 47-49.
1286 885 1296 902 ί
1322 875 1351 903 Si
1371 876 1519 904 invaluerit
1546 878 1620 912 apud
1645 886 1695 906 vos
1718 887 1817 906 manus

1022 921 1146 953 advenas,
1163 925 1244 956 atque
1263 922 1409 957 peregrini,
1425 926 1452 950 et
1476 927 1634 951 attenuatus
1651 924 1735 952 frater
1754 930 1818 953 tuus

1022 967 1176 994 vendiderit
1195 975 1224 994 se
1243 967 1278 1000 ei,
1299 972 1347 994 aut
1367 968 1492 1002 cuiquam
1515 969 1548 996 de
1566 969 1652 1004 stirpe
1667 970 1738 1004 ejus.
1758 975 1819 1004 [ost

1023 1013 1208 1041 venditionem
1222 1017 1311 1049 potest
1325 1014 1432 1041 redimi.
1447 1014 1498 1047 Qui
1511 1015 1627 1042 voluerit
1642 1024 1676 1043 ex
1690 1016 1820 1044 fratribus

1024 1061 1094 1092 suis,
1111 1065 1183 1088 emet
1201 1068 1274 1092 etuti,
1300 1065 1328 1088 et
1352 1065 1478 1096 patruus,
1492 1065 1520 1089 et
1544 1063 1684 1097 patruelis,
1701 1067 1729 1090 et
1753 1071 1822 1091 oon-

1024 1108 1200 1141 sanguineus,
1216 1112 1244 1134 et
1258 1108 1356 1135 affinis.
1371 1116 1381 1134 ι

1061 1153 1128 1186 Quia
1146 1154 1189 1181 lex
1208 1155 1345 1188 pertinere
1369 1155 1420 1183 sibi
1438 1157 1588 1183 secundum
1600 1158 1730 1189 litteram,
1746 1157 1781 1185 de
1795 1157 1824 1184 li-

1025 1201 1132 1228 bertate
1144 1201 1334 1236 indigenarum
1348 1201 1530 1229 lsraelitarum
1540 1203 1669 1235 ostendit.
1680 1207 1822 1237 propterea

1027 1255 1091 1274 eum
1112 1248 1159 1282 qui
1183 1248 1211 1275 in
1229 1248 1269 1275 eis
1283 1248 1406 1276 deterius
1429 1253 1543 1284 propter
1563 1253 1762 1284 paupertatem,
1778 1254 1825 1278 aut

1028 1295 1146 1329 aliquam
1158 1295 1237 1322 aliam
1256 1296 1450 1323 necessitatem
1461 1300 1532 1331 aget,
1549 1296 1703 1331 proselytis.
1719 1296 1762 1324 vel
1784 1296 1827 1323 in-

1028 1342 1150 1377 qnilinis,
1167 1342 1212 1376 qui
1228 1341 1262 1369 de
1279 1342 1321 1369 his
1334 1342 1444 1376 quidem
1458 1342 1526 1370 foris
1541 1347 1606 1370 sunt
1622 1342 1716 1378 geniti.
1733 1342 1827 1370 adlim-

1029 1386 1105 1419 serit,
1121 1387 1224 1414 servire
1239 1394 1294 1413 non
1309 1387 1423 1422 patitur,
1441 1387 1489 1414 sed
1507 1387 1603 1414 reditni
1617 1395 1680 1414 eum
1693 1387 1728 1414 ab
1738 1387 1828 1422 aliquo

1030 1438 1142 1458 suorum
1157 1435 1337 1466 cognatorum
1353 1432 1493 1467 praecepit.
1520 1432 1598 1464 Vide.
1618 1433 1758 1468 quomodo
1776 1432 1829 1459 hoc

1031 1476 1163 1503 custodiri
1179 1481 1207 1504 et
1218 1478 1369 1504 secundum
1382 1486 1523 1513 anagogen
1539 1478 1689 1513 spiritalem
1709 1484 1828 1514 oportet.

1032 1522 1070 1550 ait
1081 1523 1155 1550 enim
1168 1532 1174 1549 :

184 1574 282 1602 Seruus
302 1582 353 1600 non
379 1578 466 1600 manet
482 1574 510 1599 in
527 1573 603 1600 doma
622 1573 648 1599 in
659 1577 787 1599 aeternum
805 1572 836 1604 ",
851 1572 923 1607 quod
939 1577 982 1600 est
995 1579 1017 1607 (ι
1069 1569 1101 1597 Si
1115 1570 1260 1598 invaluerit
1277 1571 1350 1605 apud
1365 1579 1409 1597 vos
1427 1579 1520 1598 manus
1541 1571 1648 1598 «locum
1658 1577 1739 1606 atque
1755 1579 1831 1606 pere-

185 1618 400 1648 inhabitantium
417 1618 569 1653 proprium.
588 1617 641 1644 Sed
664 1618 701 1645 ait
717 1617 865 1652 legislator,
883 1625 984 1646 secun-

185 1666 249 1694 dum
268 1665 445 1700 Septuaginta
460 1665 510 1692 :Et
525 1664 559 1692 de
577 1664 700 1700 cognatis
723 1663 855 1698 ipsorum,
867 1665 986 1699 quicun-

185 1717 240 1745 que
261 1709 364 1736 fuerint
377 1709 404 1735 in
426 1713 497 1736 terra
512 1712 611 1741 vestra,
634 1713 716 1736 erunt
735 1709 812 1736 vobis
830 1709 858 1736 in
875 1717 985 1744 posses-

187 1754 302 1782 sionem.
319 1755 432 1790 Cognati
455 1754 528 1782 euim
543 1753 712 1787 Judaeorum,
734 1759 847 1790 propter
870 1755 988 1782 infideli-

187 1807 286 1834 tatem,
305 1801 426 1829 ha-retici
450 1805 524 1834 sunt,
538 1802 602 1836 quia
622 1809 676 1828 non
693 1802 783 1836 plene,
802 1802 873 1829 sicut
899 1806 926 1828 et
949 1801 987 1828 illi

187 1848 320 1879 sentiunt,
338 1851 366 1874 ct
380 1847 475 1874 cadetn
495 1846 575 1874 nobis
595 1846 746 1881 praedicant
772 1845 913 1881 mysteria,
928 1853 986 1872 non

189 1898 280 1921 tamen
296 1894 323 1920 in
341 1892 444 1920 eisdem
460 1892 554 1924 rectis,
570 1897 598 1920 ct
623 1891 762 1927 perfectis,
786 1896 813 1919 et
829 1891 943 1927 integris
959 1891 987 1918 in

189 1939 276 1967 Deum
299 1939 472 1974 dogmatibus
487 1947 493 1965 :
511 1938 583 1965 unde
599 1943 664 1965 sunt
676 1938 786 1972 quidem
803 1937 831 1964 in
846 1942 918 1964 terra
936 1945 987 1965 no-

190 1988 256 2016 stra,
269 1985 316 2011 sed
334 1983 473 2018 inquilini.

229 2029 284 2056 Hos
303 2030 440 2061 habebitis,
466 2029 565 2064 inquit,
592 2029 620 2055 in
644 2029 804 2064 {amuloth
819 2028 989 2056 Itmreditario

184 2077 252 2112 jure
270 2076 454 2104 trausmittetis
469 2076 505 2103 ad
527 2081 654 2110 posteros,
671 2085 702 2102 ac
719 2076 883 2111 possidebitis
903 2076 931 2102 in
958 2083 990 2102 ω-

191 2129 306 2151 tmtum.
327 2123 510 2157 Quoseunquc
536 2131 600 2158 ergo
621 2131 655 2150 ex
677 2123 804 2158 gentibus
823 2122 989 2154 infidelibus,

192 2174 241 2197 aut
258 2178 290 2196 ex
305 2169 416 2199 .ludzeis.
432 2175 480 2196 aut
490 2176 524 2196 ex
537 2169 673 2196 haereticis
688 2169 783 2196 lucrati
796 2168 942 2200 fuerimus,
962 2173 990 2196 et

194 2217 249 2243 Deo
260 2216 451 2247 obtulerimus,
473 2223 622 2250 servosque
641 2220 668 2242 et
680 2215 793 2242 ancillas
811 2215 990 2250 acquisiveri-

193 2267 265 2292 mus,
283 2260 472 2294 impendentes
488 2268 538 2295 pro
550 2260 591 2287 eis
602 2260 732 2287 doctrinae
745 2260 900 2295 pecuniam,
916 2260 943 2287 hi
961 2260 989 2288 in
1007 2246 1028 2272 υ

193 2307 288 2331 nostra
304 2304 480 2338 possessione
498 2309 570 2331 sunt.
586 2305 638 2332 Sed
653 2310 680 2332 et
695 2305 756 2332 filiis
768 2305 880 2336 nostris,
898 2306 924 2333 id
937 2310 990 2338 est,

195 2350 352 2384 discipulis,
368 2350 491 2377 dividere
506 2358 563 2381 eos.
583 2351 609 2378 id
629 2356 682 2383 est,
700 2352 806 2379 tradere
823 2359 917 2378 eorum
933 2352 991 2378 dis-

194 2395 345 2430 cipulatum
361 2403 516 2430 possumus.
529 2396 605 2428 Quod
621 2396 777 2423 manifestat
791 2396 901 2429 Paulus,
914 2397 992 2432 cujus

195 2441 267 2468 sicut
284 2441 331 2468 filii
351 2446 430 2469 erant
446 2442 572 2477 discipuli
589 2441 664 2470 Titus
683 2448 711 2469 et
729 2442 900 2470 Timotheus.
924 2443 991 2469 Nam

196 2486 354 2518 Timotheo,
368 2487 547 2516 dilectissimo
563 2488 617 2516 filio
641 2489 667 2516 in
687 2489 749 2521 fide,
774 2494 801 2516 et
827 2488 890 2516 Tito
909 2489 992 2517 dilec-

199 2532 304 2560 tissimo
332 2533 387 2561 filio
411 2534 564 2562 secundum
591 2542 765 2562 communem
782 2535 873 2569 fidem,
888 2537 921 2563 ad
945 2544 992 2564 eos

197 2578 320 2606 scribens
340 2580 545 2614 prteseribehat.
561 2580 664 2607 Deinde
687 2581 752 2608 huic
771 2581 913 2616 Ephesius,
930 2583 993 2610 huic

197 2624 344 2654 Cretenses
372 2626 520 2654 distribuit.
543 2626 612 2656 Nam
640 2627 677 2654 illi
700 2627 811 2662 quidem
837 2629 992 2657 scribebat:

199 2669 272 2699 Sicut
293 2672 385 2707 rogavi
408 2677 442 2705 te,
463 2678 491 2699 ut
511 2681 660 2701 remaneres
682 2674 789 2708 Ephesi,
805 2683 862 2702 cum
883 2676 949 2711 irem
969 2676 996 2702 in

200 2716 397 2752 Macedoniam,
421 2724 449 2746 ut
473 2722 647 2748 annuntiares
669 2721 837 2756 quibusdam,
862 2730 894 2748 ne
921 2722 998 2749 aliter

200 2762 319 2790 docerent
336 2765 368 2791 ".
390 2765 452 2793 Tito
463 2771 571 2794 autem:
593 2766 681 2801 Hujus
702 2768 845 2803 reigratia
865 2768 960 2804 reliqui
975 2773 999 2795 te

201 2806 299 2841 Cum,
323 2813 351 2834 ut
371 2819 401 2835 ea
422 2820 479 2845 qua:
494 2813 586 2840 desunt
607 2813 734 2848 corrigas,
749 2815 935 2854 et_con.sti.'uas
950 2823 997 2850 per

243 2893 338 2925 "Act.
356 2905 414 2931 xm,
435 2899 481 2926 46.

520 2899 542 2915 ³⁵
558 2899 618 2928 Act.
639 2911 693 2934 xx",
710 2904 752 2932 30.
795 2903 814 2919 ³⁸
828 2903 900 2930 Psal.
918 2912 960 2937 LV,
975 2904 1001 2930 7.

1036 1617 1106 1651 griui
1130 1617 1198 1650 (sive
1215 1622 1245 1643 u-t
1267 1616 1443 1652 Septuaginta
1454 1617 1608 1652 inquilini.)
1630 1623 1653 1644 ct
1679 1623 1832 1645 attenuatus

1038 1663 1121 1698 frater
1144 1667 1206 1690 tuus
1228 1662 1418 1690 tmtdiderit‘se
1433 1664 1456 1690 ei
1483 1667 1529 1689 aut
1547 1664 1673 1697 cuiquam
1697 1663 1728 1690 de
1750 1664 1833 1698 stirpe

1038 1709 1105 1743 ejus.

1074 1754 1102 1781 id
1123 1759 1175 1788 est,
1200 1755 1222 1782 si
1249 1754 1272 1782 is
1291 1755 1336 1790 qui
1358 1755 1390 1782 ad
1416 1755 1497 1783 fidem
1515 1763 1549 1782 ex
1572 1755 1712 1790 gentibus,
1727 1759 1774 1782 aut
1800 1763 1832 1782 ex

1037 1802 1149 1835 Iudaeis,
1171 1808 1219 1829 aut
1232 1803 1345 1830 omnino
1360 1803 1507 1836 hrereticis,
1523 1802 1631 1831 novitcr
1646 1807 1748 1830 nostra:
1771 1803 1833 1830 fidei

1039 1848 1205 1883 conjunetns
1223 1849 1313 1875 clarus
1327 1853 1370 1875 est
1387 1848 1546 1880 virtutibus,
1562 1848 1598 1875 ita
1623 1852 1652 1875 ut
1678 1853 1777 1883 potens
1800 1849 1836 1876 sit

1039 1893 1067 1920 in
1085 1893 1234 1928 arguendo,
1245 1899 1273 1920 et
1282 1893 1453 1920 exhortando
1461 1897 1616 1928 peccantes,
1629 1893 1710 1928 hujus
1726 1894 1835 1928 proprie

1040 1948 1138 1968 manus
1155 1941 1306 1973 invalescit,
1322 1941 1427 1971 sivc,ut
1438 1941 1626 1976 Septuaginta,
1641 1941 1755 1974 invenit,
1772 1942 1835 1976 quia

1041 1996 1091 2022 per
1110 1995 1187 2014 suam
1204 1987 1340 2014 actionem
1358 1987 1481 2014 invenire
1497 1991 1524 2014 et
1545 1987 1662 2014 aliorum
1687 1995 1836 2015 conversa-

1042 2033 1144 2060 tionem
1165 2038 1192 2061 et
1218 2034 1437 2060 exhortationem
1462 2038 1562 2068 potest.
1587 2033 1689 2061 Deinde
1710 2035 1836 2062 etfratcr

1043 2083 1116 2112 tuus,
1131 2081 1177 2114 qtti
1194 2079 1258 2109 olim
1281 2079 1407 2106 eruditus
1427 2083 1470 2106 cst
1494 2079 1520 2106 in
1546 2079 1640 2111 verbo,
1656 2079 1704 2107 sed
1720 2084 1748 2107 ct
1773 2080 1836 2115 quia

1041 2126 1155 2161 aequalis
1181 2125 1229 2152 tibi
1251 2131 1294 2152 est
1317 2125 1468 2153 secundum
1488 2129 1590 2153 sortem
1609 2127 1836 2158 conversationis,

1044 2173 1095 2199 hoc
1111 2176 1154 2199 est
1179 2172 1252 2199 enim
1271 2171 1355 2200 frater
1379 2176 1548 2204 attenuatus,
1566 2173 1593 2200 id
1620 2178 1672 2205 est,
1693 2181 1747 2200 non
1768 2173 1839 2201 inve-

1043 2219 1123 2246 niens
1140 2219 1343 2251 exhortantem,
1358 2223 1386 2246 et
1404 2219 1548 2246 consilium
1562 2219 1674 2247 dantem
1690 2230 1695 2247 :
1716 2221 1838 2251 advenat,

1039 2266 1100 2293 sive
1117 2265 1270 2301 peregrino,
1293 2266 1335 2293 vel
1359 2266 1493 2301 inquilino
1508 2274 1538 2293 se
1554 2267 1718 2299 vendiderit,
1741 2267 1766 2294 id
1786 2273 1839 2299 est,

1043 2312 1067 2339 ei
1090 2312 1136 2347 qui
1162 2313 1271 2340 noviter
1286 2313 1320 2340 de
1335 2313 1473 2348 gentibus,
1486 2316 1533 2340 aut
1551 2313 1586 2340 de
1600 2313 1712 2346 Judreis,
1730 2318 1778 2340 aut
1796 2321 1841 2341 se-

1043 2358 1163 2385 cttndum
1184 2359 1260 2393 quod
1283 2359 1403 2386 diximus
1425 2359 1562 2386 haereticis
1583 2359 1717 2390 credenti,
1735 2367 1841 2386 venun-

1044 2402 1125 2429 datur
1149 2407 1241 2430 autem
1265 2402 1307 2434 ei,
1333 2403 1380 2430 illo
1402 2403 1518 2430 verbum
1543 2402 1703 2434 doctorale.
1731 2408 1843 2439 propter

1043 2447 1281 2474 conversationem
1297 2448 1357 2482 ejus
1374 2447 1565 2483 impendente:
1581 2448 1645 2482 quia
1661 2448 1842 2483 incongruum

1044 2497 1087 2519 est
1114 2500 1188 2524 eum,
1210 2493 1255 2528 qui
1284 2493 1348 2520 olim
1379 2493 1407 2520 in
1428 2494 1501 2520 clara
1520 2493 1635 2521 scicntia
1651 2497 1679 2522 et
1701 2501 1844 2522 convena-

1046 2538 1120 2565 tione
1135 2543 1217 2566 notus
1231 2538 1291 2569 fuit,
1308 2539 1359 2566 sub
1373 2546 1406 2566 eo
1420 2540 1466 2574 qui
1484 2539 1595 2567 noviter
1613 2540 1646 2567 ad
1663 2539 1744 2568 fidem
1759 2541 1842 2572 venit,

1047 2593 1137 2620 agerc.
1161 2584 1221 2612 Non
1245 2590 1290 2612 est
1317 2585 1390 2613 enim
1411 2594 1494 2621 parva
1513 2594 1557 2614 res
1583 2586 1774 2622 discipulatus.
1795 2587 1844 2615 sed

1048 2631 1125 2659 multi
1148 2632 1290 2666 temporis,
1312 2632 1376 2660 vitae
1395 2632 1478 2660 etiam
1497 2640 1553 2660 non
1573 2633 1697 2661 modicus
1713 2634 1846 2661 decursus

1049 2678 1082 2706 ad
1103 2678 1301 2714 perfectionem
1322 2679 1505 2706 necessarius.
1522 2678 1608 2707 Recte
1627 2679 1778 2710 redimitur,
1798 2679 1845 2713 qui

1050 2719 1168 2748 voluerit
1187 2728 1221 2748 ex
1238 2720 1369 2748 fratribus
1384 2720 1456 2753 suis,
1473 2726 1545 2748 etnet
1561 2729 1634 2754 eum,
1648 2721 1675 2749 id
1699 2725 1752 2753 est,
1770 2721 1846 2755 quis-

1051 2767 1124 2803 piam
1142 2774 1205 2794 eum
1226 2766 1324 2794 similis
1349 2767 1474 2799 honoris,
1496 2767 1649 2803 similisque
1673 2767 1804 2800 scicntia),
1818 2770 1848 2794 et

1051 2814 1271 2841 conversationis
1301 2821 1350 2849 per
1373 2822 1451 2842 suam
1476 2815 1630 2842 doctrinam
1654 2814 1790 2848 redimat,
1817 2818 1845 2842 et

1041 2904 1062 2919 ³⁷
1080 2903 1159 2931 .loan.
1175 2910 1235 2937 vni,
1252 2903 1296 2931 31‘}.

1337 2905 1357 2920 εί
1375 2905 1383 2932 1
1403 2905 1473 2934 Tini.
1492 2915 1509 2933 l.
1527 2906 1554 2932 5.
1603 2906 1624 2922 ³⁵
1641 2905 1692 2932 Tit.
1711 2912 1730 2938 t,
1747 2904 1775 2933 5.
