2056 3148
257 166 326 199 1135

850 165 1031 196 IIESYCHII
1060 164 1299 194 PRESBYTERI

1822 165 1890 198 1136

257 224 338 252 faciat
360 231 414 250 non
429 231 497 258 opus
515 223 615 250 habere
635 222 775 249 admoneri
791 223 824 249 ab
837 223 887 253 eis,
904 230 972 257 quos
989 222 1047 255 ipse
1063 224 1083 251 A
1135 219 1253 248 Tantum
1271 221 1304 248 de
1317 221 1440 248 libertate
1461 225 1564 254 nostra,
1581 227 1608 249 et
1622 223 1773 253 honestate.
1789 230 1814 250 et
1831 225 1888 258 glo-

256 269 351 298 debuit
367 269 524 301 admonere,
553 273 646 303 utpote
675 269 719 303 qui
748 269 775 295 in
795 269 907 295 scientia
932 268 1044 303 perfecit

255 323 303 342 eos
322 315 369 349 qui
387 315 476 341 adhuc
504 315 584 342 modo
609 315 690 349 geniti
721 320 793 342 sunt.
815 315 874 341 Non
903 319 944 341 est
971 315 1043 342 enim

255 360 453 396 qualiscunque
467 360 494 386 in
513 360 668 387 doctoribus
684 360 809 395 dignitas,
827 360 897 395 longi
914 361 1045 394 temporis

254 405 377 436 sctentia,
390 405 415 431 in
431 408 535 431 tantum
557 409 585 432 ut
606 404 715 437 Paulus,
733 405 841 439 quando
859 404 1043 432 Philemonem

255 450 361 477 volebat
379 450 500 485 alligare,
519 450 559 477 sic
576 450 731 485 scripsisset
749 458 754 476 :
776 450 968 477 Ohsecroeum
985 450 1044 477 talis

254 496 302 528 sis,
315 501 344 523 ut
357 496 457 522 Paulus
477 503 570 527 senex,
586 502 658 522 nunc
672 499 801 522 autemet
822 495 928 522 vinetus
943 495 1043 522 Christi

253 539 327 567 Jcsu.
350 540 383 566 Et
398 545 562 568 vetustatem
582 539 720 575 temporis,
737 540 913 572 confessioni,
937 548 998 574 qua:
1018 541 1044 567 in

255 585 372 611 vinculis
391 589 460 616 erat,
485 585 637 618 conjunxit,
654 587 748 618 utpote
768 584 893 611 idoneam
909 585 1042 611 cxsislen-

253 633 306 655 tem
328 629 362 655 ad
381 629 493 664 gloriam
510 636 605 656 eorum
625 628 708 663 quiin
727 629 840 656 scientia
858 629 1042 663 profecerunt.

253 672 368 699 Patruus
384 681 458 708 ergo,
472 677 498 700 et
514 673 655 708 patruelis,
670 677 697 699 et
712 673 942 708 consanguineus,
955 677 982 700 et
1004 673 1045 699 af-

253 716 315 743 finis
341 717 458 744 redimat.
484 724 557 743 cum.
579 716 673 744 l’atrcs
687 717 773 744 nostri
801 722 865 743 sunt
893 717 1043 743 secundum

252 761 391 795 spiritutn,
407 761 453 795 qui
470 769 520 787 nos
535 765 690 795 genuerunt
699 769 748 796 per
766 761 867 788 Christi
878 761 1042 792 doctrinam,

252 809 362 839 propter
381 805 454 839 quod
471 809 498 831 et
519 803 619 832 Paulus
639 805 789 832 Corinthiis
805 804 951 832 scribebat:
972 804 1043 831 Nam

250 849 299 874 etii
318 848 412 874 multos
426 848 528 874 [iubetis
543 849 698 883 pa'dogogos
724 850 751 875 in
779 849 890 880 Christo,
920 850 965 875 sed
994 857 1044 875 non

252 894 347 921 multos
358 899 446 928 patres
462 894 494 920 ‘°.
512 894 539 920 In
559 894 670 921 Christo
684 894 757 921 enim
768 894 907 929 Jesu,.per
921 896 1043 929 Evange-

251 940 316 966 lium
341 941 395 966 vos‘
413 939 504 975 genui.
524 939 664 974 Quotquot
691 948 756 976 ergo
773 941 870 967 fratres
891 941 998 973 horum,
1018 941 1044 967 id

249 991 291 1012 est
310 985 476 1016 sacerdotes,
501 985 572 1012 sicut
596 990 623 1012 et
646 985 697 1020 ipsi
713 991 782 1013 sunt
797 990 826 1012 et
842 985 979 1018 doctores,
998 991 1044 1013 ant

248 1037 275 1058 et
305 1031 352 1058 lilii
380 1031 507 1064 fratrum,
536 1036 583 1059 aut
607 1031 733 1066 discipuli
759 1032 867 1066 quidem
887 1039 992 1065 eorum,
1015 1033 1042 1059 in

248 1077 372 1105 eamdem
398 1082 488 1105 autem
516 1085 597 1112 quant
618 1077 663 1105 ille
685 1078 828 1105 scientiam
845 1083 873 1105 et
890 1078 1042 1105 doctrinam

250 1124 374 1159 provecti
400 1129 476 1155 sunt,
497 1124 595 1151 fratres
614 1124 698 1159 patris
726 1129 800 1152 recte
827 1125 964 1152 dicuntur.
991 1125 1042 1157 Qui

248 1171 321 1197 enim
340 1170 537 1205 consanguinei
562 1174 591 1196 et
610 1169 705 1197 affines
728 1174 794 1198 sunt
819 1170 878 1204 ejus
909 1170 957 1205 qui
982 1177 1043 1205 eget

248 1217 362 1244 consilio
377 1221 405 1243 et
422 1216 624 1247 exhortatione,
640 1216 666 1242 id
683 1220 735 1247 est,
754 1220 783 1242 ut
798 1216 843 1250 qui
859 1215 980 1248 ejusdem
1000 1215 1042 1243 di-

248 1262 359 1297 gnitatis
374 1266 402 1288 et
426 1261 644 1288 conversationis
660 1260 781 1293 fuerunt,
804 1260 831 1286 hi
849 1267 944 1287 rursus
967 1261 1042 1287 redi-

249 1312 336 1340 munt,
351 1307 426 1334 Pauli
441 1314 577 1334 memores
593 1306 681 1333 vocis:
705 1306 736 1333 Si
748 1307 806 1342 quis
821 1312 909 1334 autem
922 1314 1041 1341 suorum,

248 1360 272 1382 et
296 1354 411 1381 maxime
437 1353 639 1380 domesticorum
662 1360 754 1379 curam
776 1361 827 1379 non
850 1353 925 1380 liabet
939 1374 946 1386 ,
963 1353 1041 1387 [idem

249 1400 369 1435 iugavit,
384 1403 408 1426 et
424 1403 460 1426 est
476 1398 576 1432 infideli
600 1398 715 1425 deterior
729 1399 761 1432 ’”¹,
779 1404 806 1426 et
825 1400 871 1432 qui
886 1403 993 1434 oportet
1007 1400 1040 1426 ad

247 1453 345 1472 omnes
354 1445 456 1472 bonum
472 1443 755 1476 ostendere,maxime
767 1449 857 1471 autem
868 1445 902 1472 ad
916 1445 1040 1479 proprius

248 1493 322 1520 fidei.
355 1492 386 1519 lli
413 1499 478 1527 ergo
508 1491 589 1518 nobis
617 1491 814 1526 consanguinei
851 1500 900 1526 per
929 1499 1039 1519 carnem

247 1539 348 1567 Christi
363 1544 436 1571 sunt,
453 1538 516 1573 quia
536 1538 570 1566 de
593 1545 674 1565 carne
692 1539 753 1573 ejus
769 1543 797 1565 et
810 1538 842 1565 de
856 1538 964 1566 ossibus
979 1539 1039 1573 ejus

248 1592 354 1615 sumus,
370 1583 600 1618 quemadmodum
615 1583 672 1617 ipse
686 1590 782 1609 rursus
799 1582 898 1609 Paulus
912 1582 1038 1617 Ephesiis

249 1629 367 1664 scripsit.
387 1629 415 1654 In
439 1634 544 1655 tantum
565 1635 630 1662 ergo
651 1627 747 1654 melius
761 1631 803 1654 est
819 1627 853 1653 ab
865 1627 993 1661 antiquis,
1011 1633 1039 1654 et

249 1676 371 1710 ejusdem
398 1674 460 1701 fidei
486 1674 625 1701 admoneri
653 1681 715 1700 eum
733 1673 779 1708 qui
812 1672 838 1699 in
859 1673 972 1700 actione
993 1679 1039 1701 aut

249 1722 362 1749 scientia
379 1721 470 1747 minor
487 1725 539 1753 est,
555 1721 617 1754 quia
633 1719 741 1754 Apelles
759 1719 971 1752 Alexandrinus,
989 1721 1039 1747 do-

249 1772 310 1794 ctus
332 1767 461 1802 magister
476 1771 535 1793 erat
554 1770 580 1793 et
603 1767 701 1798 clarus,
721 1766 768 1793 sed
795 1771 887 1792 tamen
905 1766 1039 1793 minorem

249 1813 390 1840 scientiam
408 1811 536 1844 habebat,
555 1816 582 1838 et
603 1811 654 1838 hoc
672 1812 743 1846 quod
763 1816 822 1838 erat
836 1818 982 1843 summum,
999 1819 1040 1837 re—

249 1859 436 1895 prehensibile
461 1859 588 1891 habebat,
615 1859 742 1885 nesciens
765 1857 866 1884 Christi
893 1857 1038 1892 baptisma.

251 1905 326 1934 Unde
351 1904 472 1932 Priscilla
500 1909 528 1931 et
551 1904 648 1939 Aquila
674 1907 854 1938 susceperunt
874 1903 946 1930 hunc
961 1904 994 1935 δ’,
1013 1909 1041 1930 et

249 1949 379 1976 subtilius
395 1952 583 1983 exposuerunt
609 1948 635 1974 ei
650 1948 730 1979 viam,
757 1949 828 1974 sicut
845 1948 884 1974 ait
896 1948 993 1980 Lucas,
1013 1948 1039 1975 id

249 2000 303 2026 est,
318 2003 359 2026 ea,
377 2003 436 2029 qua-
453 1995 626 2029 pertinebant
641 1995 673 2021 ad
686 1994 837 2021 doctrinam
850 1995 1038 2022 etscientiam:

248 2041 429 2075 incongruum
445 2048 505 2067 esse
522 2044 659 2074 putantes,
677 2039 698 2066 si
715 2039 750 2066 ab
762 2039 821 2066 aliis
836 2044 863 2066 ct
885 2047 939 2066 non
955 2040 989 2067 ab
1001 2041 1040 2067 eis

248 2087 294 2122 qui
327 2088 354 2114 in
386 2086 500 2114 scientia
532 2086 726 2121 profecerunt,
752 2086 949 2120 qualeserant
977 2087 1038 2122 ipsi,

248 2132 440 2159 emendaretur
462 2132 566 2159 doctor.
589 2131 642 2159 Sed
654 2136 682 2159 et
696 2139 758 2158 cum
780 2131 838 2158 lucc
852 2131 908 2159 sint
923 2131 1041 2158 admira-

250 2178 325 2208 bilia,
338 2177 427 2204 adhuc
441 2178 644 2205 admirabiliora
655 2182 815 2213 sequuntur.
835 2191 837 2193 -

1097 265 1212 292 riatione
1234 265 1261 292 in
1286 266 1383 298 nobis,
1401 272 1428 294 et
1448 267 1614 295 confidentia
1638 272 1747 295 sanctus
1772 267 1889 303 Spiritus

1096 311 1144 341 ait,
1166 315 1195 337 ut
1212 319 1435 347 unumquemque
1455 319 1579 340 nostrum
1603 314 1654 340 sub
1676 314 1807 341 servitute
1825 322 1889 349 pec-

1096 358 1149 384 cati
1175 359 1367 391 constitutum,
1385 358 1533 386 virtutibus
1561 359 1702 393 prareipiat
1728 359 1835 391 redimi,
1861 363 1889 386 et

1095 405 1325 436 correctionibus,
1336 405 1358 431 si
1373 405 1450 432 verbi
1466 405 1561 440 gratia,
1580 405 1699 432 cilicium
1715 409 1742 432 et
1756 405 1886 437 cinerem,

1096 455 1123 476 ct
1144 450 1285 484 lamymas,
1303 455 1331 477 et
1355 458 1414 477 eam
1437 459 1497 485 quae
1514 451 1541 477 in
1559 450 1601 478 his
1627 455 1669 478 est
1687 450 1887 478 confessionem

1096 496 1195 522 lucrari
1224 496 1361 527 volumus,
1391 501 1419 523 et
1437 504 1607 531 quaecunque
1633 504 1694 524 cum
1718 496 1761 522 his
1786 504 1886 522 annum

1096 539 1239 566 continent
1255 540 1360 574 jubilaei
1373 560 1379 571 ,
1399 539 1456 567 sive
1474 540 1654 570 remissionis.
1680 539 1714 567 ad
1731 539 1886 574 hujusmoiti

1095 585 1169 611 enim
1190 586 1380 620 probationem
1405 585 1551 621 praesentia
1569 586 1706 621 exposuit.
1733 585 1781 613 Sin
1796 590 1887 612 autem

1096 634 1123 656 et
1145 630 1202 664 ipse
1225 630 1354 665 potuerit,
1381 631 1498 658 redimet
1521 639 1550 658 se
1577 631 1732 666 supputatis
1755 631 1888 658 duntaxat

1095 675 1186 707 annis,
1205 684 1220 702 a
1237 680 1359 710 tempore
1372 676 1537 703 venditionis
1551 684 1617 708 sum,
1633 684 1720 711 usque
1735 677 1768 703 ad
1784 685 1885 704 annum

1093 721 1206 755 jllbllil‘l.
1228 721 1256 747 Si
1280 722 1354 748 enitn
1376 729 1480 757 pauper
1502 722 1592 749 factus
1607 730 1656 757 per
1672 728 1825 758 peccatum,
1839 723 1887 758 qui

1095 767 1171 801 prius
1184 767 1260 794 dives
1272 772 1331 794 erat
1345 767 1371 793 in
1382 767 1529 794 virtutibus
1538 772 1565 794 et
1575 763 1801 800 correctionibus,
1813 772 1886 794 recte.

1095 813 1272 847 semetipsum
1290 813 1427 844 liberavit,
1447 813 1511 839 dum
1530 813 1645 840 sufficiat
1669 813 1702 840 ad
1716 813 1884 841 exhortatio-

1096 866 1160 884 nem
1178 859 1327 893 propriam.
1346 858 1540 886 \'erumtamen
1557 867 1608 886 nec
1636 859 1679 885 hic
1701 859 1835 893 integrum
1851 860 1884 886 de

1060 895 1080 920 Β
1095 911 1125 931 se
1143 903 1271 933 confidat.
1289 910 1316 930 ut
1333 905 1377 939 qui
1396 905 1480 932 semel
1504 905 1659 933 infirmatus
1682 909 1733 936 est,
1758 905 1887 931 e\hnrla-

1096 948 1170 975 tione
1187 953 1213 974 et
1228 949 1341 975 consilio
1354 957 1447 984 egens,
1457 953 1597 983 computet
1612 949 1683 983 apud
1696 949 1883 984 semetipsum.

1095 994 1120 1020 id
1142 998 1193 1027 est,
1215 1002 1307 1021 secum
1329 999 1426 1022 tractet
1451 1000 1480 1021 et
1509 995 1653 1029 disceptet.
1685 994 1730 1021 Sic
1753 995 1826 1022 enim
1857 1000 1885 1022 et

1094 1040 1284 1068 Thcodotion:
1310 1040 1447 1068 Tractabit
1465 1050 1523 1068 cum
1541 1050 1580 1072 eo,
1598 1042 1644 1073 qui
1659 1042 1798 1076 acquisivit
1813 1050 1883 1069 eum.

1093 1086 1190 1121 Aquila
1211 1092 1312 1114 autem:
1326 1087 1485 1122 Supputabil
1497 1096 1555 1114 cum
1571 1096 1610 1119 eo,
1628 1088 1672 1122 qui
1684 1089 1797 1122 possedit
1812 1097 1883 1114 cum.

1093 1132 1124 1158 Ei
1138 1133 1183 1167 qui
1200 1133 1334 1164 tractavit,
1352 1134 1488 1168 quomodo
1506 1134 1604 1160 debeat
1620 1141 1712 1160 veram
1730 1134 1884 1161 libertatem

1093 1178 1144 1205 sibi
1170 1179 1353 1213 conquirere:
1383 1179 1550 1213 computavit
1569 1184 1659 1206 autem
1678 1179 1712 1207 ab
1737 1187 1810 1206 anno
1829 1188 1883 1214 quo

1093 1225 1269 1259 semetipsum
1284 1224 1417 1256 vendidit,
1433 1232 1518 1258 usque
1529 1225 1561 1251 ad
1578 1232 1680 1251 annum
1694 1225 1808 1260 jubilﬂfl,
1824 1226 1882 1252 sive

1092 1270 1272 1306 remissionis,
1289 1278 1303 1297 a
1320 1278 1374 1304 quo
1392 1270 1517 1297 videlicet
1534 1278 1653 1305 peccans
1668 1272 1742 1306 eguit
1766 1271 1882 1298 consilio

1091 1320 1119 1342 et
1138 1315 1280 1347 doctrina,
1305 1316 1456 1350 usquedum
1478 1315 1612 1351 integram
1648 1321 1675 1343 et
1696 1316 1880 1343 omnimodam

1090 1367 1202 1397 peragat
1227 1362 1426 1397 paenitentiam,
1448 1363 1475 1389 in
1506 1370 1559 1397 qua
1586 1363 1776 1390 remissionem
1807 1363 1880 1390 acci-

1092 1408 1179 1443 piens,
1195 1407 1305 1442 tequalis
1330 1408 1354 1434 ei
1379 1407 1441 1441 fiat,
1465 1409 1511 1443 qui
1530 1409 1639 1443 penitus
1661 1416 1716 1435 non
1745 1409 1878 1443 peccavit.

1090 1453 1160 1485 Quid
1178 1457 1268 1479 autem
1286 1452 1430 1480 tractabit?
1449 1453 1548 1487 quibus
1573 1453 1718 1480 virtutibus
1746 1457 1773 1479 et
1786 1461 1880 1480 corre-

1090 1499 1236 1531 ctionibus,
1253 1507 1312 1526 eam
1329 1507 1389 1534 qua:
1411 1507 1460 1534 per
1478 1500 1628 1526 studiosam
1638 1500 1827 1534 penitentiam
1837 1504 1880 1528 est

1053 1563 1072 1592 ρ
1090 1547 1287 1580 remissionem,
1299 1548 1488 1582 apprehendre
1504 1552 1530 1573 et
1547 1548 1694 1582 procedere
1704 1549 1800 1583 possit.
1816 1548 1879 1576 Sic-

1091 1597 1120 1619 ut
1147 1593 1221 1619 cniin
1238 1592 1282 1627 qui
1299 1593 1441 1627 pecuniam
1455 1593 1571 1620 reddidit
1589 1594 1878 1629 redemptori,annum

1091 1636 1259 1664 remissionis
1276 1643 1436 1672 exspectare
1452 1646 1520 1672 opus
1536 1647 1590 1665 non
1606 1639 1734 1672 habebat,
1751 1640 1797 1674 qui
1819 1645 1879 1667 erat

1089 1684 1342 1719 quinquagesimus.
1367 1685 1412 1719 qui
1438 1684 1565 1718 jubilasus
1589 1685 1739 1718 dicebatur.
1759 1687 1798 1714 sic
1830 1688 1878 1722 qui

1090 1734 1232 1762 peceatum
1247 1729 1280 1755 ad
1303 1729 1448 1756 delendum
1473 1729 1538 1756 illud
1565 1730 1694 1764 mquales,
1713 1731 1770 1759 sive
1799 1740 1879 1766 pares

1090 1774 1204 1801 virtutes
1219 1775 1349 1809 exquirit,
1367 1775 1494 1809 priccedit
1512 1775 1712 1810 pmnitentiam,
1725 1777 1880 1805 actionibus

1090 1820 1168 1847 bonis
1179 1828 1207 1848 se
1228 1820 1383 1847 redimens:
1395 1821 1467 1854 quod
1486 1820 1655 1848 demonstrat
1670 1821 1817 1855 Zaehmus,
1833 1824 1880 1858 qui

1090 1874 1151 1893 cum
1176 1866 1356 1901 plurimorum
1383 1867 1500 1901 plurima
1524 1868 1697 1898 sustulisset,
1726 1877 1780 1895 non
1806 1871 1881 1904 eguit

1090 1919 1181 1945 sacco,
1193 1918 1220 1940 et
1236 1913 1337 1944 cinere,
1353 1917 1381 1939 et
1398 1912 1536 1947 lacrymis,
1552 1918 1577 1940 et
1594 1913 1728 1941 oratione.
1743 1913 1791 1941 llic
1806 1915 1880 1942 enim

1090 1958 1170 1985 nobis
1189 1966 1278 1985 anuus
1289 1958 1470 1990 remissionis,
1486 1958 1556 1985 sicut
1573 1959 1665 1986 omnia
1689 1960 1803 1990 habens,
1819 1969 1881 1996 qua;

1092 2003 1170 2030 nobis
1185 2003 1349 2030 fructificeut
1361 2003 1560 2030 remissionem.
1578 2002 1637 2030 Non
1651 2003 1765 2038 iudiguit
1776 2009 1882 2038 autent,

1091 2047 1154 2082 quia
1172 2052 1283 2081 chcata
1300 2048 1412 2081 quidem
1429 2052 1507 2074 erant
1529 2048 1699 2082 pecuniaria:
1716 2049 1774 2082 ipse
1789 2054 1880 2076 autent

1091 2100 1132 2125 ea,
1154 2100 1215 2126 qua:
1230 2092 1342 2126 abrepta
1363 2092 1482 2124 fuerant,
1509 2092 1634 2126 promisit
1647 2092 1759 2118 reddere
1772 2092 1799 2118 in
1812 2101 1882 2126 qna-

1090 2138 1228 2172 druplnm,
1242 2137 1384 2164 dimidium
1401 2141 1492 2165 autem
1512 2145 1623 2164 suorum
1640 2137 1804 2164 distribuere
1816 2145 1882 2171 pau-

1092 2184 1213 2218 peribus.
1235 2183 1349 2217 Propter
1377 2183 1448 2217 quod
1476 2182 1602 2209 Christus
1628 2183 1661 2209 ad
1685 2191 1767 2210 eum:
1795 2183 1882 2209 Hodie

282 2223 362 2250 Vens.
382 2223 475 2250 50-55.
492 2233 501 2248 (
521 2223 548 2250 Si
564 2229 655 2251 autem
670 2228 697 2251 et
709 2224 766 2258 ipse
781 2223 910 2258 potuerit,
925 2222 1039 2250 redimet

1090 2230 1163 2257 salus
1188 2231 1248 2256 huic
1271 2231 1360 2256 domui
1376 2231 1446 2265 facta
1473 2234 1510 2256 est
1525 2229 1557 2262 ³³,
1580 2229 1732 2264 suscipiens
1751 2230 1882 2263 pecunia.

248 2277 288 2303 se,
305 2269 459 2304 supputatis
472 2269 605 2296 duntaxat
618 2269 698 2296 annis
710 2277 725 2295 a
742 2273 863 2303 tempore
874 2268 1037 2296 venditionis

247 2324 304 2344 sus:
333 2323 421 2351 usque
443 2317 469 2342 in
495 2323 597 2342 annum
623 2315 775 2350 jubilacum,
802 2319 827 2342 et
844 2316 959 2350 pecunia
984 2324 1036 2351 qua

247 2362 375 2390 venditus
393 2363 499 2395 fuerat,
518 2362 596 2396 juxta
622 2368 758 2388 annorum
773 2369 918 2388 numerum
948 2365 976 2388 et
992 2370 1036 2388 ra—

247 2409 350 2436 tionem
365 2409 529 2436 mercenarii
545 2412 702 2443 supputata.
719 2408 746 2434 Si
757 2408 848 2443 plures
857 2408 956 2435 fuerint
971 2409 1036 2435 anni

245 2456 293 2490 qui
315 2460 458 2482 retnaneut
475 2463 560 2490 usque
577 2455 610 2482 ad
637 2454 788 2490 jubilzeum,
813 2455 962 2481 secundum
987 2455 1037 2482 hos

246 2502 341 2529 reddet
355 2507 383 2529 et
404 2508 530 2537 pretium.
550 2502 578 2529 Si
602 2502 690 2537 pauci,
710 2507 792 2536 portet
816 2501 948 2528 rationem
974 2509 1035 2528 cum

245 2555 280 2574 eo
294 2548 370 2582 juxta
388 2549 517 2582 pretium,
533 2554 560 2576 et
572 2556 718 2575 numerum
735 2555 881 2578 annorum,
898 2552 926 2574 et
941 2547 1036 2574 reddet

245 2595 363 2629 emptori
380 2595 451 2629 quod
474 2595 608 2629 reliquum
632 2599 674 2621 est
695 2601 841 2625 annorum,
858 2593 956 2627 quibus
971 2597 1034 2620 ante

245 2640 360 2668 servivit
385 2640 556 2668 mercedibus
583 2639 732 2674 iinputatis.
759 2638 819 2666 Non
845 2639 943 2673 atlligot
971 2645 1033 2664 eum

245 2686 378 2715 violenter
392 2686 418 2713 in
434 2690 581 2720 conspectu
603 2690 659 2713 tuo.
672 2686 750 2718 Quod
766 2685 789 2712 si
805 2693 852 2721 per
868 2686 925 2712 hzec
939 2684 1035 2712 redimi

247 2740 301 2760 non
328 2733 455 2767 potuerit,
479 2739 551 2758 anno
569 2732 679 2766 jubilaeo
703 2732 840 2767 egreditur
866 2739 927 2758 eum
942 2731 1037 2758 liberis

246 2779 313 2805 suis.
329 2777 379 2804 Mei
396 2778 466 2804 enim
484 2783 548 2804 sunt
563 2777 634 2804 servi
652 2778 698 2804 filii
716 2778 808 2810 Israel,
824 2785 892 2812 quos
908 2777 987 2804 eduxi
1004 2777 1038 2804 de

247 2827 320 2852 terra
335 2823 452 2859 ASgypti.
469 2824 525 2859 Ego
540 2823 671 2851 Dominus
689 2823 760 2851 Deus
772 2828 870 2851 vester.
891 2832 901 2849 ι

281 2882 331 2910 ⁸⁸1
349 2881 407 2910 Cor.
428 2891 463 2915 iv,
479 2882 518 2910 l5.
559 2882 578 2897 “
597 2881 653 2909 Gal.
671 2889 706 2914 vi,
721 2881 764 2909 10.
803 2882 824 2898 δ’
837 2882 896 2909 Act.
911 2890 970 2915 vui,
984 2881 1029 2910 9.6.

1089 2273 1286 2308 redemptionis
1297 2273 1452 2308 ejus,dixit.
1467 2273 1633 2300 Admirabile
1648 2277 1690 2299 est
1702 2277 1793 2299 autent
1808 2273 1880 2307 quod

1089 2320 1225 2354 sequitur.

1124 2365 1157 2392 Et
1173 2365 1282 2400 pecunia
1300 2372 1351 2400 qua
1368 2365 1486 2391 venditus
1500 2365 1676 2398 fueratjuxta
1689 2372 1818 2390 ianitorum
1832 2372 1877 2390 iui-

1089 2419 1200 2443 merunt,
1219 2415 1242 2437 et
1260 2411 1388 2437 rationem
1403 2411 1559 2436 mercenarii
1572 2414 1753 2444 supputatam.

1127 2457 1190 2483 Sive
1206 2455 1355 2483 secundum
1372 2455 1550 2490 Septuaginta
1562 2465 1568 2481 ι
1580 2456 1637 2482 [irit
1655 2457 1770 2490 pecunia
1791 2455 1882 2482 vendi~

1091 2502 1171 2529 tionis
1185 2503 1244 2537 ejus
1262 2509 1334 2528 anno
1355 2501 1426 2528 sicut
1439 2501 1497 2528 dies
1512 2501 1673 2528 mercenarii
1685 2500 1742 2528 erit
1756 2509 1818 2527 cum
1837 2509 1880 2527 eo.

1089 2548 1158 2574 Cum
1179 2555 1233 2582 quo
1249 2547 1294 2574 die
1314 2554 1379 2582 ergo
1400 2546 1537 2581 legislator
1563 2552 1617 2572 non
1645 2545 1745 2572 frustra
1762 2547 1884 2573 mentio-

1088 2602 1150 2621 nem
1162 2594 1235 2625 fecit,
1245 2593 1290 2620 sed
1304 2594 1376 2620 illam
1390 2593 1516 2623 innuens.
1527 2600 1607 2627 quam
1619 2593 1747 2627 apertein
1759 2591 1882 2628 Evange-

1087 2639 1130 2667 liis
1138 2640 1266 2667 Dominus
1274 2639 1514 2671 ostendit,quando
1523 2638 1675 2673 parabolam
1683 2639 1880 2673 operariorum,

1090 2686 1136 2721 qui
1155 2686 1188 2713 ad
1203 2685 1309 2712 vincant
1335 2685 1463 2712 conducti
1488 2689 1570 2716 sunt,
1584 2683 1742 2719 exposuit“
1755 2685 1883 2718 :quando

1091 2733 1141 2759 hos
1151 2732 1260 2766 quidem
1271 2739 1360 2763 mane,
1371 2731 1430 2758 illos
1440 2735 1532 2758 autem
1548 2731 1613 2758 hora
1622 2731 1710 2763 tertia,
1728 2731 1778 2758 hos
1789 2736 1880 2757 autem

1091 2783 1165 2805 sexta
1182 2797 1189 2809 ,
1206 2777 1266 2804 illos
1283 2781 1374 2804 autem
1387 2784 1468 2808 nona,
1483 2776 1550 2803 alios
1560 2784 1625 2803 vero
1640 2777 1780 2803 undecima
1794 2781 1880 2808 quum

1092 2823 1207 2851 conduci
1228 2823 1351 2855 dixisset,
1372 2827 1400 2850 et
1423 2822 1480 2849 dari
1501 2822 1640 2850 mercedes
1667 2820 1718 2858 his,
1736 2819 1781 2855 qui
1805 2819 1877 2848 circa

1068 2882 1089 2899 ⁸³
1107 2882 1173 2909 Luc.
1190 2890 1244 2915 xix,
1263 2881 1289 2908 9.
1329 2882 1352 2898 “
1366 2881 1461 2908 Matth.
1481 2889 1526 2910 xx.
1546 2880 1556 2905 t
1572 2885 1628 2912 seq.
