2056 3148
161 222 229 257 1137

722 229 761 259 ΙΝ
782 227 1002 259 LEVlTlCUM.
1022 239 1056 245 -
1076 227 1148 258 LIB.
1169 228 1236 258 VII.

1723 225 1791 257 1138

161 279 334 307 undecimam
352 280 481 308 conducti
495 285 570 313 sunt,
583 281 655 308 sicut
667 281 709 308 his
719 281 766 316 qui
780 286 864 308 totam
878 281 947 309 diem
965 283 986 311 Α
1001 279 1218 315 prmdieaveruut
1234 279 1381 315 jejunium,
1408 285 1435 308 et
1462 281 1550 308 induti
1576 287 1638 308 sunt
1666 289 1747 309 sacco
1775 290 1790 310 a

159 325 264 358 operati
286 331 360 359 sunt,
377 326 468 360 jussit,
489 326 560 353 sicut
576 327 657 354 unius
673 335 737 362 ergo
764 327 882 357 illorum,
899 327 951 354 erit

160 371 184 397 ei
213 371 259 403 qui
286 371 429 399 redimitur
450 372 564 407 pecunia
593 373 757 399 venditionis
781 380 838 399 sua:
856 381 863 398 :
884 372 949 399 licet

161 417 234 444 enim
250 418 274 444 ei
291 422 318 444 et
333 425 381 452 per
398 425 511 452 parvum
526 422 643 453 tempus,
660 423 686 445 et
699 426 748 452 per
757 419 870 445 multum
888 426 951 452 per-

162 471 245 498 agere
263 463 489 498 redemptionem.
510 468 620 498 propter
650 463 721 498 quod
734 467 762 490 ct
782 462 951 490 rationabili-

164 513 205 535 ter
221 508 358 543 legislamr
369 509 472 536 addidit
487 518 493 535 :

201 553 253 580 «Si
277 559 368 581 autem
399 554 490 588 plures
515 553 616 581 fuerint
642 555 717 586 anni,
741 554 786 589 qui
810 558 953 581 remanent

166 607 251 634 usque
267 600 300 626 ad
313 599 464 634 jubilieum,
482 599 631 626 secundum
658 600 707 626 hos
728 599 822 626 reddet
848 603 876 626 et
890 606 952 633 pre-

166 645 233 672 tium
252 646 291 671 :si
306 645 395 680 pauci,
407 650 491 679 ponet
503 645 634 672 rationem
646 653 709 672 cum
724 653 766 675 eo,
777 644 853 679 juxta
865 652 952 672 anno-

165 701 225 720 rum
243 697 434 724 nunternm,et
447 693 542 719 reddet
553 692 667 726 emptori
681 692 753 726 quod
769 692 902 726 reliquum
911 695 953 719 est

164 747 310 773 annorum,
331 739 430 773 quibus
442 738 555 766 servivit
568 739 740 765 mercedibus
754 738 921 772 imputatis.»

201 784 320 811 Primum
335 792 400 819 ergo
422 785 572 811 secundum
595 783 653 811 haec
677 783 752 810 reddi
774 783 902 818 pretium,
927 784 952 810 id

165 835 216 861 est,
230 831 381 858 secundum
396 838 439 862 ea,
455 839 515 864 quae
534 831 665 865 peccavit,
684 830 756 864 quod
775 831 953 865 semetipsum

166 876 299 903 redimere
311 877 368 902 vult
380 876 517 910 pmcepit,
538 881 567 902 ut
581 876 602 902 si
617 875 731 902 forsitan:
751 884 783 902 ex
810 876 872 910 gula
890 883 953 909 pec-

166 922 247 955 cavit,
263 930 311 957 per
323 923 457 957 jejunium
474 923 591 958 corrigat
605 922 664 949 :sin
677 926 768 948 autem
784 930 817 948 ex
831 922 954 948 verbosi-

167 972 230 1000 tate,
249 969 358 995 studeat
372 968 593 995 taciturnitatem.
610 968 638 996 Si
656 976 689 995 ex
706 968 838 995 incautela
860 968 954 994 oculo-

166 1019 224 1037 rum
242 1012 269 1038 in
288 1012 410 1038 mulieris
421 1012 670 1046 concupisce-utram
696 1011 802 1043 cecidit,
818 1015 879 1046 agat
900 1019 954 1037 non

166 1058 258 1085 videre
279 1058 416 1090 mulieres,
432 1065 520 1092 neque
554 1057 666 1084 omnino
688 1057 728 1084 eis
740 1057 850 1084 obvium
885 1058 952 1084 lieri.

167 1104 270 1131 Deinde
284 1105 305 1131 si
323 1104 379 1130 vult
393 1104 508 1131 celerem
525 1104 575 1130 sibi
598 1104 813 1138 redemptionem
847 1111 953 1138 parare,

166 1149 291 1176 intendat
309 1149 431 1184 pecuniis
445 1148 653 1183 conquisitionis
667 1157 733 1180 sum,
760 1149 843 1175 verbo
858 1148 955 1176 videli-

166 1201 210 1222 cet
233 1195 375 1227 doctrinm,
388 1195 460 1230 quod
476 1202 539 1222 eum
564 1195 715 1228 intelligere
732 1195 871 1229 p'oprinm
892 1203 956 1230 pec-

165 1249 256 1271 catum
277 1249 304 1271 et
318 1244 397 1271 subdi
413 1244 569 1271 admonenti
584 1243 657 1271 fecit.
678 1243 744 1270 Etsi
764 1242 860 1269 viderit
886 1242 957 1268 Inul-

166 1295 224 1317 tum
242 1291 332 1318 minus
343 1299 404 1318 esse
418 1291 451 1318 ad
465 1298 568 1317 annum
589 1290 769 1321 remissionis,
788 1295 815 1316 et
829 1290 862 1316 ad
893 1297 956 1316 cor-

167 1337 328 1368 rectionem,
345 1337 471 1363 videlicet
487 1336 606 1363 definita:
625 1337 650 1363 ei
668 1336 845 1370 paenitentia,
871 1337 957 1371 magis

167 1386 296 1416 operetur
307 1382 432 1412 virtutes,
444 1387 471 1409 et
486 1382 648 1409 laboriosam
682 1382 802 1408 lueratur
821 1382 955 1416 paeniten-

169 1429 243 1456 tiam.
263 1429 291 1456 Si
303 1434 395 1456 autem
409 1429 460 1456 hoc
477 1437 571 1456 rursus
587 1436 681 1464 parum
697 1433 825 1463 operatus
846 1429 907 1461 fuit,
934 1429 957 1457 si

169 1483 222 1502 non
242 1483 291 1510 per
301 1475 428 1507 virtutes,
444 1483 493 1510 per
511 1475 642 1509 lacrymas
657 1480 760 1508 autem,
775 1480 801 1502 et
827 1475 956 1509 suspiria,

168 1527 195 1548 et
211 1521 320 1553 similia,
351 1521 404 1549 illis
425 1521 543 1548 remedia
569 1528 699 1556 peragere
726 1528 838 1548 necesse
865 1520 958 1547 habet.

169 1568 338 1595 Conﬁrmans
350 1572 441 1596 autem
460 1567 531 1602 quod
547 1567 649 1595 dictum
665 1571 717 1599 est,
730 1567 879 1593 secundum
907 1566 957 1593 Sc-

1001 326 1105 361 majorc
1129 333 1215 360 usque
1246 326 1280 353 ad
1299 331 1427 360 patruum
1453 333 1605 357 eorum,ct
1619 328 1790 356 exclamave-

1002 376 1067 398 runt
1083 372 1117 398 ad
1134 371 1220 398 Deum
1238 371 1352 404 intente,
1368 377 1396 399 et
1416 380 1477 399 cum
1491 377 1547 399 toto
1560 373 1660 405 animo,
1676 378 1703 400 et
1714 381 1792 400 aver-

1003 421 1094 443 terunt
1110 424 1139 444 se
1155 417 1345 452 unusquisque
1358 425 1374 444 a
1390 418 1432 445 via
1443 425 1491 445 sua
1512 418 1592 450 mala,
1606 419 1680 445 etab
1714 419 1793 452 inju-

1003 462 1075 488 stitia
1096 469 1158 496 qua;
1175 462 1202 489 in
1216 462 1342 489 manibus
1358 470 1452 490 eorum
1467 468 1535 490 erat.
1559 463 1603 490 Sic
1614 464 1688 490 enim
1720 464 1792 490 Dens

1002 515 1098 534 eorum
1129 509 1318 542 pmnitentiam
1331 510 1463 544 suscepit,
1486 515 1515 536 ut
1534 510 1667 545 propheta
1694 510 1795 537 subde-
1814 502 1821 510 ”

1003 559 1045 580 ret.
1057 563 1064 581 :
1076 553 1196 581 Miscrtus
1210 559 1248 581 est
1269 554 1337 581 Deus
1349 563 1426 589 super
1453 556 1595 588 malitiam,
1612 565 1693 588 quam
1722 556 1794 582 locu-

1004 605 1045 627 tus
1056 601 1153 635 fuerat,
1170 605 1197 627 ut
1213 603 1310 635 Iaceret
1329 601 1376 634 eia,
1392 606 1416 628 et
1437 610 1487 628 non
1500 603 1560 636 fecit
1577 603 1612 629 “.
1627 602 1729 637 litqlue
1754 607 1795 630 est

1004 652 1097 677 causa,
1113 652 1173 679 qum
1190 646 1379 680 ptenitentiam
1395 647 1486 673 delere
1507 652 1618 681 peccata
1649 648 1738 678 faciat,
1767 653 1795 675 et

1004 689 1069 717 facit
1084 690 1212 717 mundam
1232 690 1374 724 poenitenti
1401 692 1537 726 proﬂigari
1567 692 1792 727 redemptionem.

1003 736 1040 762 ita
1050 740 1079 762 ut
1093 743 1144 763 nec
1155 744 1224 770 opus
1240 736 1337 763 habeat
1353 737 1436 763 alium
1453 738 1506 771 jam
1523 738 1714 765 admonentem
1724 758 1731 769 .
1746 746 1794 766 ne-

1005 789 1057 816 que
1072 781 1122 808 sub
1136 781 1199 816 iugo
1217 781 1329 808 alterius
1346 790 1426 817 agere
1442 783 1583 811 doctrinm.

1037 827 1088 868 diei
1102 832 1161 854 sunt
1176 828 1245 854 cnim
1256 828 1323 855 serui
1341 828 1495 862 ﬁliilsrael,
1512 838 1575 864 quas
1590 830 1668 856 eduxi
1683 831 1714 856 de
1725 835 1796 856 terra

1005 873 1124 908 Aigypti.
1141 872 1282 906 Quomodo
1308 878 1399 901 autem
1415 882 1463 902 eos
1491 875 1608 902 eduxit?
1623 876 1798 910 Suspirantes

1006 919 1223 952 vidclicet,sicut
1235 919 1302 947 liber
1314 921 1394 948 nobis
1411 921 1497 948 Exodi
1513 922 1711 948 demonstravit
1725 931 1729 948 :
1745 921 1799 949 Per

1007 965 1118 992 multum
1132 966 1255 999 tempori:
1268 971 1387 993 mortuus
1418 972 1454 993 est
1472 975 1517 993 rex
1536 966 1656 1001 Egypti.
1672 971 1697 993 et
1723 967 1797 1001 inge—

1007 1011 1140 1038 miscentes
1160 1011 1209 1045 ﬁlii
1224 1011 1308 1038 Israel
1322 1017 1427 1046 propter
1458 1021 1549 1046 opera,
1577 1013 1711 1048 tioriferati
1725 1017 1796 1043 sunt,

1006 1058 1172 1091 ascenditque
1199 1057 1299 1084 clamor
1323 1066 1412 1084 eorum
1443 1059 1479 1085 nd
1504 1058 1586 1085 Demn
1601 1059 1633 1085 ⁸⁷.
1648 1058 1699 1091 Qui
1733 1066 1799 1093 ergo

1008 1107 1071 1130 tunc
1091 1103 1181 1138 populi
1198 1104 1345 1139 suspirium
1361 1105 1491 1139 suscepit,
1515 1104 1694 1139 liberavitque
1709 1111 1757 1131 eos
1783 1111 1799 1131 ι

1007 1149 1137 1176 servitute
1151 1149 1286 1184 Egyptia.
1300 1150 1357 1184 ipse
1369 1154 1396 1177 et
1422 1157 1495 1177 nunc
1527 1141 1754 1184 unumquemque‘
1770 1150 1798 1177 in

1008 1194 1168 1228 pcenitentia
1191 1194 1374 1229 suspirantem
1404 1195 1510 1228 liberat,
1525 1200 1553 1222 et
1572 1196 1605 1223 ab
1636 1195 1799 1230 intelligibili

1008 1241 1123 1275 [Egypto
1135 1241 1260 1268 redimet.
1277 1241 1347 1268 Dicit
1360 1241 1392 1268 ad
1409 1249 1458 1269 nos
1474 1250 1481 1269 :
1497 1241 1553 1277 Ego
1569 1242 1700 1269 Dominus
1730 1242 1800 1269 licus

1008 1291 1108 1320 vester,
1117 1287 1161 1323 qui
1180 1287 1224 1315 illa
1237 1287 1289 1324 egi,
1308 1292 1335 1315 et
1347 1288 1407 1315 haec
1420 1288 1547 1324 przcccpi.

1292 1366 1405 1395 CAPUT
1418 1366 1513 1394 XXVI.

1044 1423 1125 1449 Vens.
1141 1423 1201 1454 1,2.
1217 1423 1275 1450 Non
1288 1423 1394 1451 facietis
1408 1424 1486 1450 vobis
1504 1423 1616 1455 idolum,
1629 1428 1657 1450 ct
1665 1422 1800 1457 sculptile,

1009 1476 1059 1496 nec
1077 1468 1169 1496 titulos
1183 1469 1302 1504 erigctis,
1319 1477 1370 1496 nec
1385 1469 1520 1504 insignem
1544 1469 1660 1504 lapidem
1692 1469 1803 1504 ponetis

1010 1516 1037 1542 in
1056 1521 1125 1543 terra
1141 1520 1241 1547 vestra,
1257 1520 1286 1542 nt
1300 1515 1418 1542 adoretis
1431 1523 1514 1552 eum,-
1524 1523 1574 1551 ego
1587 1515 1659 1542 enim
1673 1523 1733 1542 sum
1752 1514 1802 1542 Do-

1010 1561 1099 1587 minus
1116 1560 1186 1587 Deus
1199 1564 1298 1587 vester.
1314 1559 1458 1587 Custodite
1480 1559 1596 1587 Sabbata
1613 1567 1683 1591 mea,
1699 1563 1727 1586 et
1753 1566 1801 1593 pa-

171 1614 310 1649 ptnaginta
324 1614 407 1641 infert
427 1622 434 1639 ε
450 1613 517 1646 Quia
542 1613 729 1640 mercenarius
753 1620 826 1640 anno
837 1621 869 1640 ex
886 1620 959 1639 anno
973 1616 993 1644 c
1011 1612 1071 1634 Veli:
1081 1606 1264 1633 sanClllarium
1284 1614 1385 1633 meum.
1399 1607 1455 1642 Ego
1470 1606 1614 1633 Dominus.
1635 1615 1644 1630 ι

170 1669 231 1687 cum
247 1668 280 1687 eo
292 1664 344 1692 est,
359 1667 412 1688 non
425 1660 526 1694 alliich
534 1667 596 1686 eum
613 1659 639 1685 in
655 1659 757 1690 labore,
772 1659 799 1685 in
811 1664 959 1693 conspectu

171 1711 226 1731 tuo.
244 1705 284 1732 Ad
301 1705 376 1731 illum
393 1704 542 1739 respiciens
557 1704 766 1735 mercenarium,
782 1711 898 1738 quorum
916 1704 960 1731 hic

171 1751 278 1785 quidem
303 1758 352 1785 per
371 1758 452 1777 unam
472 1750 576 1781 horam,
595 1750 638 1776 ille
657 1755 748 1777 autem
763 1757 811 1784 per
823 1755 877 1776 tres
904 1750 960 1777 for—

171 1797 240 1822 sitan
252 1796 320 1822 alter
333 1795 471 1829 aliquanto
487 1794 604 1828 amplius
624 1795 778 1822 mercedem
795 1795 886 1829 operis
913 1803 959 1823 ac-

168 1842 243 1877 cepit
257 1842 291 1868 ⁸³.
307 1841 400 1875 Neque
415 1842 488 1868 enim
516 1841 634 1875 injustas
663 1846 732 1874 crat,
754 1843 801 1876 qui
817 1843 959 1875 coinlnxit,

171 1890 219 1915 sed
230 1888 300 1915 sicut
311 1888 414 1922 justas,
430 1895 484 1915 non
500 1888 587 1915 solum
598 1888 630 1914 ad
648 1893 755 1922 tempus
774 1888 958 1922 operantium,

170 1934 218 1960 sed
233 1938 261 1960 et
280 1934 312 1960 ad
331 1941 413 1968 opera
433 1933 560 1967 respexit,
577 1933 616 1959 sic
642 1933 761 1960 metieris
776 1933 811 1965 ci,
829 1934 874 1968 qui
903 1934 958 1961 vult

170 1988 220 2015 per
235 1980 357 2007 actiones
369 1980 453 2007 bonas
469 1980 655 2015 semetipsum,
675 1985 701 2007 et
718 1979 900 2014 periectiones
916 1988 960 2007 re-

169 2026 284 2058 dimere,
298 2031 328 2053 ut
339 2034 442 2053 annum
454 2034 486 2053 ex
504 2034 577 2053 anno
589 2026 624 2053 sit
633 2033 694 2053 cum
710 2033 753 2057 co,
767 2026 962 2060 redemptionis

170 2073 287 2107 propria:
301 2072 414 2107 pecunia
431 2072 457 2098 in
474 2076 678 2102 momento.ant
691 2079 739 2107 per
754 2071 852 2098 multos
863 2079 960 2102 annos.

170 2123 218 2146 aut
232 2127 280 2154 per
291 2127 393 2154 paucos
403 2119 531 2146 virtutem
547 2119 676 2153 operandi
694 2117 872 2152 redemptioni
889 2117 962 2144 simi-

171 2166 235 2192 lem.

210 2212 243 2239 Et
259 2221 310 2239 non
326 2213 423 2247 aﬂligcs
436 2222 496 2240 eum
521 2214 547 2239 in
564 2213 652 2239 labore
681 2213 708 2239 in
732 2216 870 2246 conspectu
905 2217 957 2238 tuo.

171 2259 243 2292 Quid
260 2264 351 2286 autem
366 2259 417 2286 hoc
427 2259 487 2286 est?
502 2258 536 2286 Ut
547 2266 621 2289 eum,
634 2259 679 2293 qui
698 2266 746 2292 per
758 2258 886 2284 virtutem
899 2265 962 2292 pcc~

1045 1653 1104 1679 Non
1116 1653 1203 1679 solum
1216 1652 1303 1683 nobis,
1330 1652 1466 1687 quomodo
1479 1656 1622 1686 peccantes
1651 1651 1802 1678 libertatem

1011 1698 1169 1731 habeamus,
1186 1706 1238 1725 nec
1265 1698 1378 1725 aliorum
1407 1698 1530 1726 doctrina
1543 1702 1590 1724 aut
1611 1697 1803 1724 exhortatione

1011 1751 1150 1779 egeamus,
1167 1743 1208 1771 lex
1236 1744 1359 1774 mandat.
1375 1748 1409 1771 ιιι-
1428 1744 1617 1779 propheticum
1638 1743 1703 1770 illud
1726 1742 1804 1770 nobis

1011 1791 1188 1825 impleretur:
1206 1791 1239 1818 Et
1267 1799 1318 1818 non
1347 1791 1447 1818 docebit
1482 1791 1662 1825 unusquisque
1692 1791 1804 1825 fratrem

1010 1844 1097 1867 suum,
1133 1836 1243 1864 dicens:
1270 1837 1401 1871 Cognosce
1432 1836 1602 1863 Dominum:
1627 1836 1689 1870 quia
1715 1843 1804 1862 omnes

1010 1883 1091 1909 scient
1106 1891 1157 1914 me,
1173 1891 1188 1908 a
1202 1882 1300 1909 minare
1313 1890 1394 1917 usque
1410 1882 1445 1908 ad
1470 1881 1597 1916 majorem
1626 1889 1726 1911 eorum,
1741 1881 1803 1914 quia

1011 1929 1139 1962 propitius
1151 1937 1194 1954 cro
1207 1929 1389 1964 iniquitatibus
1400 1936 1489 1954 corum
1502 1932 1525 1954 et
1549 1931 1716 1961 peccatorum
1744 1926 1804 1953 illo-

1012 1982 1070 2000 rum
1082 1974 1140 2008 jam
1158 1982 1208 2000 non
1224 1974 1380 2000 recordabar
1391 1974 1505 2008 (nuptias
1518 1973 1549 2000 ⁵⁸.
1560 1972 1702 2005 Quomodo
1713 1976 1803 2000 autem

1012 2020 1063 2047 hoc
1077 2025 1143 2050 erat,
1155 2020 1177 2046 si
1191 2028 1244 2046 non
1263 2021 1350 2046 solum
1365 2020 1399 2047 ab
1427 2024 1522 2054 aperto
1549 2019 1684 2046 idolorum
1716 2018 1802 2050 cultu,

1011 2072 1092 2099 quem
1113 2065 1239 2099 prohibet
1254 2065 1319 2099 legis
1332 2065 1432 2096 littera,
1449 2064 1496 2091 sed
1511 2068 1540 2091 et
1554 2064 1588 2091 ab
1599 2063 1708 2091 occulto
1720 2063 1805 2090 absti-

1012 2110 1147 2137 neamus?
1162 2110 1196 2137 de
1211 2118 1265 2144 quo
1282 2109 1382 2137 Paulus
1409 2109 1518 2137 dicebat
1534 2119 1540 2136 ;
1571 2109 1660 2136 Radix
1687 2108 1805 2135 oumiwm

1012 2155 1143 2182 malorum
1171 2156 1284 2182 auaritia
1308 2155 1413 2190 “Equa:
1443 2160 1485 2182 est
1513 2155 1646 2182 idolorum
1666 2154 1802 2182 servitus:

1012 2200 1242 2236 quemadmodum
1270 2201 1348 2227 nobis
1373 2201 1453 2228 etiam
1484 2208 1558 2228 nunc
1591 2200 1658 2235 legis
1692 2199 1805 2234 spiritus

1013 2246 1205 2274 abstinentiam
1215 2247 1334 2274 mandat.
1347 2247 1380 2273 Et
1395 2254 1447 2273 non
1459 2246 1589 2273 faciemus
1598 2245 1676 2273 nobis
1691 2245 1804 2275 idolum,

170 2309 262 2331 catum
283 2304 396 2338 respuit,
414 2312 468 2331 non
485 2304 509 2330 ci
527 2304 734 2338 superimponas
752 2303 882 2329 districta:
906 2310 957 2336 pte

1014 2297 1041 2319 ct
1066 2292 1208 2326 sculptile?
1218 2292 1284 2324 sive,
1298 2297 1328 2319 ut
1342 2292 1529 2327 Septuaginta,
1558 2290 1737 2326 manufactilc,
1754 2290 1804 2317 do-

171 2350 295 2377 nitentia:
306 2350 421 2384 pondus.
439 2349 528 2376 Semel
544 2349 617 2376 enim
629 2349 806 2383 semetipsum
834 2349 962 2382 operibus

170 2395 251 2422 bonis
264 2395 388 2422 redemit.
405 2395 474 2430 Ergo
494 2394 577 2422 nimis
590 2399 663 2422 recte
680 2393 811 2426 subdidit,
829 2401 889 2427 qua:
917 2401 962 2420 se-

173 2445 305 2475 qunntnr.

208 2485 285 2518 Quod
297 2486 319 2512 si
333 2493 378 2520 per
392 2487 445 2512 lucc
460 2487 552 2512 redimi
566 2493 616 2512 non
636 2490 759 2518 potuerit,
773 2495 841 2512 oliuo
860 2486 964 2513 iubila’o

174 2532 321 2566 egredietur
344 2539 401 2557 cum
427 2531 516 2558 liberis
538 2532 602 2558 suis.
630 2531 681 2564 Qui
697 2538 787 2559 autem
813 2533 965 2567 :eqnalibus

174 2583 286 2612 peccato
297 2577 443 2604 virtutibus
455 2579 632 2612 semetipsum
648 2585 702 2604 non
721 2578 846 2610 redemit,
863 2579 889 2604 in
915 2587 964 2605 an~

173 2631 209 2650 no
222 2624 336 2658 jubilcei,
355 2624 412 2651 sive
428 2624 610 2655 remissionis,
628 2624 653 2651 id
675 2628 727 2655 est,
756 2624 782 2651 in
798 2625 916 2659 perfecta
937 2630 965 2652 et

173 2669 295 2696 districta
334 2670 507 2704 pwn‘tentia,
537 2670 766 2704 quemadmodum
806 2671 964 2705 frequenter

174 2713 303 2745 diximus,
315 2719 343 2741 ct
358 2716 445 2749 ipsum
457 2715 552 2742 redimi
569 2716 708 2750 praecepit,
719 2716 765 2742 sed
777 2720 803 2742 et
816 2716 884 2743 bona
897 2724 962 2750 ορθ-

157 2758 160 2759 ⁷
176 2766 213 2790 ra,
228 2767 289 2794 qua)
306 2760 465 2795 priusquam
494 2765 644 2795 peccasset,
657 2761 722 2797 egit,
735 2770 794 2796 quae
810 2762 855 2789 lilii
873 2762 963 2789 unius-

174 2805 306 2839 CUjIIsquc
326 2811 449 2834 nostrum
465 2811 539 2834 sunt.
559 2807 606 2834 Sili
622 2813 711 2835 autem
725 2808 765 2835 vis
787 2816 962 2844 cognoscere,

175 2857 234 2886 qua:
251 2851 287 2878 sit
308 2853 426 2879 aerii-eia
443 2853 614 2887 pmnitcntia,
631 2853 763 2881 Ninivilas
783 2854 904 2888 intende,
917 2855 963 2889 qui

211 2940 234 2955 ⁸⁵
251 2940 343 2968 Matth.
357 2949 400 2974 xx,
418 2941 425 2968 l
440 2949 496 2976 seq.
545 2941 566 2957 ‘G
580 2942 664 2970 J0me.
683 2951 720 2971 Ill.
741 2943 779 2970 l0.

820 2943 840 2958 ³⁷
859 2943 941 2971 Eth.
962 2951 995 2976 tl.
1011 2943 1055 2972 ‘25.

1012 2346 1071 2365 mos
1085 2339 1258 2370 aedificantes,
1275 2343 1301 2365 et
1326 2346 1404 2373 agros
1417 2338 1522 2372 aliquos
1552 2337 1735 2372 possidentes,
1755 2343 1806 2362 nee

1012 2383 1137 2418 sculptile
1164 2383 1191 2409 in
1209 2383 1249 2410 eis
1275 2383 1432 2418 ﬁgurantes,
1458 2387 1578 2409 nostram
1602 2381 1805 2415 quodammodo

1012 2427 1161 2456 atterentes
1181 2437 1274 2456 amore
1290 2437 1384 2456 corum
1414 2427 1612 2456 mentcm.Nec
1633 2428 1726 2455 titulos
1755 2435 1805 2454 no—

1015 2475 1066 2506 bis,
1094 2475 1151 2501 sive
1183 2479 1299 2501 statuam
1314 2474 1339 2501 in
1359 2475 1400 2501 his
1433 2473 1579 2509 erigamus,
1610 2473 1734 2500 volentes
1760 2480 1807 2507 per

1017 2528 1075 2548 eam
1089 2520 1248 2547 memoriam
1269 2525 1390 2547 nostram
1406 2520 1553 2547 extendere
1584 2519 1610 2546 in
1638 2519 1744 2546 futuras
1759 2526 1808 2554 ge-

1018 2567 1172 2594 nerationes
1190 2575 1195 2592 :
1219 2566 1266 2593 sed
1282 2573 1333 2593 nec
1353 2566 1468 2600 lapidem
1494 2565 1631 2600 insignem
1647 2565 1806 2600 ,erigamus.

1017 2614 1087 2644 auri.
1106 2613 1181 2640 verbi
1195 2612 1289 2647 gratia,
1307 2617 1353 2638 aut
1369 2612 1473 2647 argenti
1494 2612 1648 2644 cumulum,
1666 2616 1713 2639 aut
1738 2611 1808 2646 lapi-

1016 2659 1092 2690 dum,
1108 2658 1153 2692 qni
1171 2658 1297 2684 videntur
1314 2664 1374 2683 esse
1387 2656 1498 2691 pretiosi
1513 2657 1624 2691 lapides,
1640 2657 1720 2683 etiam
1736 2656 1760 2682 hi
1775 2656 1808 2682 de

1017 2710 1086 2732 terra
1110 2704 1227 2738 :equalcs
1251 2702 1319 2730 albis
1344 2702 1479 2736 lapidibus
1501 2707 1575 2734 sunt,
1591 2702 1640 2729 etsi
1666 2708 1808 2729 avarorum

1017 2751 1092 2778 visus
1117 2750 1144 2777 in
1170 2750 1222 2781 his,
1242 2748 1469 2783 quemadmodum
1487 2755 1652 2782 paganorum
1670 2747 1697 2773 in
1718 2745 1806 2777 idolis,

1017 2797 1205 2824 scducunlur:
1223 2799 1333 2830 propter
1356 2795 1426 2829 quod
1454 2798 1479 2821 et
1506 2794 1620 2828 insignis
1639 2792 1706 2827 lapis
1720 2791 1809 2818 dictus

1018 2847 1067 2870 cst.
1085 2842 1138 2870 Nos
1153 2846 1244 2869 autem
1260 2841 1328 2868 nihil
1344 2841 1395 2868 tale
1413 2841 1555 2875 patiamur,
1568 2848 1619 2867 nec
1635 2838 1747 2874 insignis
1762 2846 1810 2864 nu-

1457 2942 1466 2970 l
1485 2942 1553 2969 Titii.
1572 2949 1607 2972 γι,
1626 2939 1665 2968 10.

1095 2944 1116 2960 "i
1129 2943 1229 2971 Jcrcm.
1250 2951 1322 2976 XXXI,
1337 2942 1380 2970 Si.
