2056 3148
237 214 306 246 1139

856 212 1036 244 HESYCHII
1057 214 1295 244 PRESBYTERI

1807 208 1876 243 111.0

234 272 277 300 bis
292 272 360 308 lapis
374 271 526 300 emciautur
538 272 651 305 divitia,
668 276 698 300 ut
717 271 869 300 secundum
892 272 1030 300 intentio-
1045 275 1066 303 Α
1080 279 1140 303 vos.
1151 275 1179 299 et
1193 279 1317 300 crescere
1328 271 1438 304 faciam,
1451 270 1711 306 multiplicabimini.
1725 273 1754 297 et
1763 268 1878 297 ﬁrmabo

233 324 297 345 nem
309 324 403 344 earum
418 317 551 350 vivamus,
563 318 716 345 secundum
731 317 899 345 intellectum
912 317 1031 352 Septua-

233 364 306 400 ginta
322 364 502 398 interpretum
515 373 522 397 ;
536 368 565 391 et
577 371 632 391 non
650 371 821 399 quacunque
837 364 1028 399 prameperint,

233 410 376 442 faciamus,
385 414 412 437 et
426 409 572 438 desideriis
586 417 683 437 earum
696 410 857 443 serviamus,
870 411 1030 437 adoremus-

231 464 286 490 que
301 464 363 489 eas,
380 461 407 483 et
426 456 549 484 colamus
565 457 593 484 in
609 457 799 484 conservando
811 464 868 484 eas.
885 456 1030 484 Custodia-

233 508 294 528 inus
307 505 399 528 autem
413 505 441 528 et
453 500 582 534 Sabbata,
597 502 633 529 ab
644 502 718 529 omni
734 502 787 529 alio
801 502 872 529 malo
888 501 1030 528 abstinen-

233 550 297 577 tiam
316 550 542 584 vacationemque
571 550 725 584 studentes,
741 554 769 577 et
783 554 893 585 agentes
908 554 938 577 ut
963 557 1031 584 ope-

233 595 309 622 ribus
325 595 468 630 pmsentis
482 595 574 622 mundi
587 603 739 628 careamus,
751 601 834 631 atque
847 596 881 623 ab
895 595 937 623 eis
951 596 1030 630 quie‘

232 647 351 667 scamus.
367 639 425 667 lloc
442 639 515 667 enim
532 640 703 676 intelligibile
720 645 747 668 et
763 648 857 668 verum
882 640 1030 668 Sabbatum

233 691 284 717 esr,
301 685 374 720 quod
399 693 454 712 non
480 686 572 720 populi
597 690 640 713 est
661 686 770 721 ingrati,
786 686 835 713 sed
858 686 945 721 ipsius
971 687 1028 719 Dei,

232 731 463 765 quemadmodum
476 731 503 758 in
520 731 587 759 lsaia
601 732 709 759 dicebat
725 741 732 759 ε
747 733 845 759 Beatus
859 734 898 759 vir
912 733 957 768 qui
970 734 1030 768 {erit

233 776 291 808 hac,
309 781 333 802 et
349 776 421 810 [ilius
444 777 558 803 hominis
582 777 627 812 qui
648 778 820 812 apprehendit
843 778 924 810 istud,
942 783 1030 805 custo-

232 821 306 848 diem
322 821 467 848 Sabbatum
481 831 513 849 ne
523 823 625 857 polluat
638 823 705 850 illud
715 823 748 851 ‘°.
767 823 845 851 Unde
862 823 1030 859 distinguere

233 867 268 894 ab
281 868 334 895 illis
350 869 465 900 volebat,
478 869 512 896 de
527 869 627 903 quibus
643 870 721 897 initio
736 871 889 905 prophetia:
904 871 1028 899 dicebat:

232 913 405 944 Neunteuias,
421 920 443 941 et
461 914 616 947 Sabbatum,
634 920 658 942 et
670 917 824 951 festivitates
838 917 908 944 alias
922 926 972 944 non
991 919 1030 953 fe-

232 961 331 985 ram".
341 960 418 992 Quod
437 965 527 988 autent
542 961 588 988 Dei
603 966 644 989 est
659 961 819 994 Sabbatum,
831 966 879 990 aut
893 965 1030 998 quomodo

232 1004 297 1031 illud
314 1005 375 1040 quis
397 1006 542 1040 profanare
561 1014 614 1034 non
633 1012 742 1042 potest,
770 1009 905 1036 subinfert
921 1018 927 1036 :
945 1009 1025 1042 Quie-

230 1051 297 1077 scits
309 1059 387 1086 agere
403 1060 521 1085 perverse
529 1053 562 1080 ε’.
580 1053 650 1088 Ergo
669 1061 684 1080 a
699 1053 778 1081 malis
790 1055 928 1082 abstinere
941 1076 948 1089 ,
965 1056 1026 1083 sab-

231 1096 286 1123 bati
304 1101 346 1124 est
362 1098 474 1133 impleti.
491 1098 543 1126 Sed
557 1102 584 1126 et
599 1100 785 1127 sanctuarium
800 1101 860 1135 ejus
879 1109 1026 1136 paveamns

231 1144 437 1171 sanctimoniam
454 1145 606 1178 studentes,
626 1146 652 1173 id
664 1150 718 1180 est,
732 1146 885 1174 castitatem
901 1155 933 1174 ac
947 1148 1025 1182 pndi-

230 1190 322 1217 titiam
338 1199 345 1218 :
361 1191 419 1218 haec
435 1191 508 1219 enim
525 1196 567 1218 est
580 1193 641 1219 vitm
655 1192 823 1227 imperfecta!
847 1198 874 1221 et
897 1202 1025 1221 consum-

232 1241 313 1263 mata!
334 1237 500 1271 capitulum,
516 1237 575 1265 sive
598 1246 715 1265 summa.
734 1238 850 1274 Propter
873 1240 945 1274 quod
974 1241 1026 1268 hoc

230 1281 312 1308 etiam
328 1282 508 1310 novissimum
525 1283 629 1317 posuit,
645 1288 710 1311 tunc
727 1284 794 1312 dicit
813 1285 846 1312 ad
862 1293 912 1312 nos
929 1285 1000 1313 Deus
1017 1295 1024 1313 :

231 1327 288 1362 Ego
297 1327 429 1354 Dominus
443 1328 514 1355 Deus
526 1333 625 1360 vester,
640 1330 684 1364 qui
701 1337 761 1357 sum
775 1330 886 1364 quidem
903 1336 1024 1364 sanctus,

230 1371 279 1399 scd
295 1376 321 1399 et
337 1373 363 1399 in
380 1372 482 1400 sanctis
498 1374 641 1408 requiesco
653 1394 660 1406 ,
686 1375 848 1403 interimens
872 1381 900 1404 et
918 1377 1024 1412 disper-

229 1417 300 1444 dens
311 1425 418 1450 omnes,
435 1418 481 1453 qui
498 1419 704 1447 tabernaculum
719 1429 810 1448 meum
826 1422 984 1456 polluerint,
999 1429 1026 1451 et

230 1462 362 1498 templum
386 1471 478 1492 meum
499 1465 699 1500 pollutionibus
719 1467 889 1502 voluptatum
908 1469 1025 1496 violave-

229 1509 300 1536 rint:
313 1511 384 1544 quod
401 1514 519 1539 testatur
535 1512 636 1540 Paulus
651 1514 766 1541 dicens:
781 1514 810 1542 Si
826 1516 883 1550 quis
899 1516 1025 1550 templum

231 1557 279 1583 Dei
295 1558 443 1592 violaverit,
460 1560 594 1595 disperde!
608 1561 685 1588 illum
700 1561 811 1589 Deus".
826 1562 940 1598 Propter
952 1563 1024 1598 quod

230 1603 414 1630 sanctuarium
428 1605 488 1639 ejus
504 1612 663 1639 paveamus,
681 1609 710 1632 ut
725 1613 774 1633 nec
789 1613 888 1641 corpus
900 1611 1024 1634 nostrum

230 1647 393 1681 polluamus,
406 1656 496 1683 neque
512 1650 544 1676 ad
561 1657 661 1684 corpus
677 1650 788 1683 Christi,
803 1650 829 1677 in
844 1658 898 1684 quo
911 1655 952 1678 est
966 1659 1024 1678 om:
1039 1642 1060 1669 (ἶ

230 1691 274 1720 nls
299 1693 480 1721 sanctiﬁcatio
498 1695 536 1730 (in
559 1696 617 1730 ipso
635 1697 708 1723 enim
723 1697 814 1724 omnis
827 1697 967 1732 plenitudo
982 1698 1025 1725 in-

232 1739 335 1766 habitat
348 1740 591 1776 dlvinitatis),sine
608 1743 700 1769 subtili
713 1743 910 1778 dijudicatione
925 1745 1023 1778 nostri,

232 1790 336 1813 temere
356 1788 519 1816 accedamus
533 1809 539 1821 ,
559 1789 606 1816 sed
623 1790 699 1824 prius
717 1791 901 1825 nosmetipsos
923 1791 1024 1826 probe-

232 1839 302 1863 mus,
325 1833 534 1862 reminiscentes
557 1836 617 1870 ejus
643 1837 688 1871 qui
702 1837 770 1864 dixit
788 1845 795 1864 :
815 1837 968 1870 Quicunque
982 1846 1024 1864 co-

232 1878 340 1904 mederit
363 1887 459 1912 panem
483 1884 530 1906 aut
554 1880 646 1908 biberit
661 1882 770 1909 calicem
786 1882 892 1909 Domini
909 1883 1023 1919 indigne,

232 1932 290 1950 reus
305 1925 355 1952 erit
370 1926 486 1960 corporis
500 1931 523 1953 et
548 1929 685 1963 sanguinis
696 1929 815 1958 Domini.
827 1929 920 1956 Probet
935 1935 1024 1957 autem

230 1971 398 2005 semetipsum
412 1972 498 2006 homo,
515 1977 540 2000 et
554 1973 592 2000 sic
606 1975 638 2000 de
654 1983 723 2009 pane
739 1976 867 2007 comedat,
885 1981 908 2002 et
930 1977 962 2003 de
979 1985 1024 2003 ca-

232 2015 280 2042 lice
303 2016 415 2043 bibat".
431 2018 544 2050 Qualem
562 2019 750 2054 probationem
769 2021 852 2048 dicit?
872 2022 900 2049 ld
924 2027 975 2053 est.
995 2026 1022 2049 ut

234 2062 260 2088 in
276 2063 358 2090 corde
373 2064 485 2097 mundo,
499 2068 581 2100 atque
596 2065 776 2098 conscientia,
792 2071 820 2095 et
834 2068 1024 2102 pmnitentiam

233 2115 339 2140 crrum,
355 2116 414 2143 qua:
439 2109 503 2136 olim
526 2109 640 2146 deliquit
667 2112 821 2140 intendenti
847 2114 1025 2148 participetur

234 2154 345 2186 Sanctis,
360 2155 393 2182 ad
408 2157 574 2184 ablutionem
589 2164 762 2192 peccatorum
778 2168 900 2188 suorum.

271 2198 352 2226 Vens.
371 2200 448 2228 ’.5-Ιὸ.
473 2212 483 2228 ι
499 2202 527 2229 Si
551 2203 579 2230 in
601 2206 745 2239 praeceptis
760 2206 828 2233 meis
843 2206 1026 2234 ambulaveri-

237 2245 280 2276 lis,
294 2249 322 2272 et
344 2246 471 2274 mandata
494 2256 552 2275 mea
577 2250 760 2277 custodieritis
787 2255 814 2278 et
833 2243 959 2278 ‘feceritis
981 2259 1023 2284 ea,

236 2290 306 2318 dabo
331 2292 408 2320 vobis
431 2294 549 2328 pluviam
577 2295 603 2322 in
625 2297 793 2331 temporibus
810 2297 866 2324 suis
883 2306 890 2324 :
905 2302 930 2325 et
953 2302 1024 2325 terra

236 2337 328 2373 gignct
338 2338 456 2367 fructum
470 2348 560 2375 suum,
573 2347 600 2369 et
614 2343 701 2377 pomis
714 2343 827 2370 arbores
838 2344 1026 2378 replebontur,

235 2388 262 2411 et
278 2384 467 2419 appreltendet
479 2387 606 2414 messium
626 2388 722 2414 tritura
737 2388 910 2420 vindemiam,
925 2394 952 2416 ct
969 2390 1029 2416 viu-

237 2429 325 2457 dcmia
352 2432 494 2466 occupabit
519 2437 692 2460 sementem:
715 2437 742 2460 et
756 2435 906 2462 comedetis
933 2443 1029 2470 panem

239 2480 358 2503 vestrmn
375 2477 401 2503 in
415 2478 597 2510 saturitatan
615 2483 642 2506 et
660 2479 761 2514 absque
777 2487 877 2514 pavore
894 2481 1030 2508 habitabi-

239 2521 274 2548 tis
286 2521 313 2548 in
331 2526 402 2549 terra
418 2529 518 2550 vestra.
543 2524 617 2551 Dabo
632 2532 726 2559 pacem
747 2524 773 2551 in
792 2525 891 2552 ﬁnibus
904 2526 1005 2553 vestris
1023 2536 1029 2554 :

238 2568 391 2601 dormietis,
402 2574 429 2596 ct
443 2577 497 2596 non
513 2570 564 2596 crit
580 2571 624 2604 qui
643 2575 789 2598 exterreat.
799 2572 925 2599 Anieram
945 2572 1029 2600 malas

240 2613 356 2645 bestias,
371 2619 398 2641 et
416 2615 522 2649 gladius
543 2624 597 2643 non
615 2617 740 2644 transibit
759 2618 890 2645 terminos
912 2623 1028 2646 vestros.

240 2659 438 2694 Pcrsequimini
461 2660 587 2689 inimicos
602 2667 716 2693 vestros,
731 2667 759 2690 et
784 2667 913 2690 corruent
939 2671 1029 2691 ceram

239 2706 327 2733 vobis.
339 2706 541 2742 Pcrscquentur
553 2708 674 2742 quinque
687 2708 721 2735 de
732 2709 831 2736 vestris
843 2714 953 2736 centum
966 2710 1031 2737 alie-

241 2761 302 2785 ros,
319 2757 347 2780 et
363 2758 472 2780 Centum
489 2761 521 2780 ex
538 2754 616 2780 vobis
631 2754 725 2781 decem
751 2755 844 2782 millia.
862 2755 965 2782 Cadent
978 2756 1031 2782 ini—

241 2800 304 2828 mici
321 2800 404 2828 vestri
429 2801 456 2827 in
478 2807 626 2836 conspectu
650 2806 740 2829 vestro
757 2802 854 2837 gladio.
875 2801 1030 2837 Despiciam

529 2903 549 2918 “
567 2903 617 2929 ha.
636 2911 652 2929 ι.
673 2902 713 2929 l3.

449 2939 470 2953 "
489 2937 569 2965 llcbr.
588 2946 625 2971 ιι,
642 2939 685 2965 57.

766 2903 788 2919 ⁵¹
801 2904 867 2929 ibin.
887 2902 927 2930 Hi.

724 2938 747 2953 ιη
763 2938 860 2972 liphes.
879 2947 914 2969 l\',
934 2940 973 2966 15.

275 2901 298 2918 ¹⁰
312 2901 364 2929 lsa.
382 2910 434 2935 l.\'l,
448 2903 474 2929 2.

238 2936 259 2951 ⁵⁸
279 2937 336 2965 ibid
365 2937 408 2965 55.

1046 948 1067 974 Β

984 2904 1027 2931 ⁵³1
1045 2904 1106 2934 Cor.
1127 2913 1165 2938 ιιι,
1189 2904 1229 2932 li.

1083 322 1193 353 pactum
1221 325 1315 345 meum
1337 318 1490 346 vobiscum.
1514 316 1670 344 Comedetis
1694 314 1878 343 vetustissima

1082 367 1254 394 veterum,et
1273 368 1363 390 vetera
1382 362 1461 390 novis
1477 361 1735 397 supervenientibus
1749 358 1878 395 projicie-

1081 409 1127 436 tis.
1143 407 1244 435 Ponam
1263 408 1467 435 tabernaculum
1483 415 1577 435 meum
1593 407 1619 433 in
1636 406 1728 434 medio
1743 406 1838 437 vestri,
1850 410 1877 433 et

1082 462 1138 481 non
1152 454 1263 488 abjiciet
1279 461 1326 481 vos
1339 454 1429 480 anima
1448 461 1517 480 mea.
1534 452 1688 480 Ambulabo
1707 452 1780 479 inter
1792 459 1840 479 vos
1850 456 1878 479 et

1081 508 1129 528 ero
1145 505 1236 528 vester
1254 500 1337 532 Deus,
1351 507 1454 534 vosque
1473 500 1551 526 eritis
1573 499 1691 534 populus
1715 505 1806 525 meus.
1821 497 1880 533 Ego

1082 546 1215 573 Dominus
1232 545 1305 573 Deus
1320 551 1419 578 vester,
1435 545 1480 580 qui
1498 545 1579 572 eduxi
1597 552 1644 571 vos
1655 544 1689 571 de
1704 549 1777 571 terra
1795 543 1877 578 Egy—

1082 593 1212 628 ptiornm,
1231 600 1266 620 ne
1279 592 1423 619 serviretis
1435 592 1486 623 eis,
1504 596 1532 618 et
1552 591 1599 626 qui
1623 590 1745 625 confregi
1766 594 1878 617 catenas

1082 639 1220 666 cervicum
1236 643 1399 669 vestrarum,
1416 642 1446 665 ut
1459 637 1624 665 incederetis
1643 636 1739 664 erecti.
1757 645 1767 662 ι

1118 684 1181 712 Haec
1196 684 1362 712 sensibiliter
1377 684 1499 719 suscepit
1513 683 1669 710 Judaeorum
1682 682 1812 718 populus,
1833 686 1877 708 ut-

1082 735 1146 765 pote
1162 737 1273 765 parvam
1295 730 1401 758 habens
1420 738 1497 764 spem
1513 729 1609 762 futuri,
1625 734 1653 757 et
1667 737 1722 756 non
1748 729 1816 755 satis
1835 728 1878 754 in-

1083 776 1272 811 telligibilibus
1285 783 1435 811 suspensus
1453 776 1545 803 bonis.
1560 776 1624 803 Erat
1646 776 1720 803 enim
1746 778 1820 807 totus
1843 774 1876 801 ad

1082 827 1206 850 ventrem
1231 827 1259 849 et
1279 822 1313 850 ad
1336 823 1446 849 carnale
1470 821 1557 849 otium
1580 821 1714 853 intentus,
1730 821 1765 847 ita
1794 825 1823 847 ut
1848 820 1876 846 in

1081 868 1210 904 presenti
1228 869 1300 900 vita,
1319 876 1350 895 ea
1367 876 1428 903 qua:
1449 868 1482 895 ad
1501 868 1668 902 voluptatem
1690 866 1874 902 pertinebant,

1083 917 1188 944 etiamsi
1204 917 1287 944 nimis
1301 919 1395 944 essent
1409 916 1536 950 despecta
1561 918 1588 942 et
1613 913 1725 941 minima
1746 921 1796 948 pro
1811 912 1874 942 illis,

1080 971 1142 998 qna:
1165 971 1263 998 parum
1280 963 1415 990 laboriosa
1439 966 1528 994 erant,
1544 961 1591 988 sed
1618 961 1733 988 multum
1758 959 1874 994 majora,

1078 1010 1201 1045 eligeret,
1220 1014 1248 1037 et
1263 1015 1407 1044 propterea
1427 1012 1562 1044 quzcreret
1580 1007 1721 1042 Algyptios
1742 1013 1872 1041 pepones,

1077 1064 1176 1091 cupas,
1187 1060 1214 1083 et
1227 1056 1299 1088 allia,
1316 1055 1446 1090 quoniam
1463 1055 1490 1081 in
1507 1058 1635 1089 promptu
1651 1057 1729 1080 erant
1742 1052 1777 1079 ad
1791 1059 1873 1078 exsa-

1079 1101 1185 1129 tiandos
1198 1109 1256 1133 eos,
1273 1105 1300 1128 et
1319 1101 1380 1128 sine
1399 1101 1492 1127 labore
1512 1100 1636 1126 aderant.
1659 1098 1714 1125 Nos
1730 1101 1834 1129 autem,
1850 1097 1874 1124 si

1077 1147 1212 1175 mandatis
1237 1146 1284 1174 Dei
1311 1146 1491 1177 intendimus,
1517 1145 1640 1173 dicentes
1667 1144 1739 1172 sicut
1763 1143 1872 1170 David:

1080 1195 1153 1222 Viam
1165 1194 1390 1229 justiﬁcationum
1405 1198 1512 1220 tuarum
1524 1193 1631 1219 insinua
1645 1192 1709 1218 mihi
1717 1192 1750 1218 ".
1769 1190 1802 1218 Et.
1814 1198 1874 1217 rur—

1077 1248 1144 1268 sus:
1160 1240 1249 1267 Deduc
1274 1249 1313 1268 me
1331 1241 1358 1267 in
1374 1240 1468 1267 semita
1491 1239 1677 1266 mandatorum
1701 1242 1824 1267 tuarum;
1848 1241 1873 1263 et

1077 1286 1276 1313 custodierimus
1291 1286 1419 1313 mandata
1434 1285 1490 1320 ejus
1503 1285 1536 1317 ",
1555 1284 1622 1311 nihil
1638 1291 1733 1311 eorum
1748 1290 1874 1310 corrum-

1076 1337 1173 1367 pentes
1184 1352 1191 1364 ,
1207 1340 1296 1367 neque
1311 1332 1463 1359 secundant
1473 1335 1594 1358 nostram
1613 1330 1806 1359 intentionem.
1825 1327 1873 1356 sed

1076 1378 1228 1406 Secundum
1256 1378 1317 1412 ejus
1329 1398 1336 1409 ,
1354 1381 1382 1404 et
1408 1385 1469 1412 quae
1493 1377 1553 1411 ejus
1578 1380 1653 1408 sunt,
1671 1379 1782 1410 agentes
1797 1384 1804 1400 :
1821 1375 1875 1401 hoc

1075 1424 1148 1452 enim
1166 1429 1210 1452 est
1228 1423 1339 1458 proprie
1354 1422 1414 1457 ejus
1431 1421 1570 1449 custodire
1584 1421 1729 1454 mandata;
1745 1419 1874 1454 intelligi-

1075 1471 1169 1498 biliter
1183 1475 1375 1505 exspectemus
1390 1468 1605 1503 unumquodque
1617 1474 1791 1502 eorum.qu:e
1803 1473 1874 1501 prae-

1076 1518 1147 1545 dicta
1166 1521 1241 1544 sunt.
1260 1516 1327 1550 Quia
1352 1521 1443 1543 autem
1460 1523 1475 1542 a
1490 1514 1594 1542 Judaeis
1609 1514 1785 1542 inveniemus
1797 1512 1872 1540 omni

1076 1563 1157 1590 modo
1175 1563 1233 1590 liaac
1247 1561 1398 1590 secundum
1414 1561 1533 1588 litteram
1553 1560 1663 1595 impleta
1680 1569 1687 1586 :
1706 1559 1783 1586 multi
1798 1558 1873 1586 enim

1077 1608 1123 1635 Dei
1137 1608 1288 1643 prophetat,
1303 1607 1489 1634 custodientes
1500 1607 1558 1642 ejus
1574 1605 1710 1638 mandata,
1722 1609 1750 1632 et
1763 1605 1790 1632 in
1803 1611 1875 1639 prte-

1077 1655 1163 1690 ceptis
1177 1656 1237 1690 ejus
1255 1654 1436 1686 ambulantes,
1457 1654 1485 1680 in
1500 1654 1584 1680 multa
1599 1652 1710 1680 fuerunt
1725 1651 1873 1679 alﬂictione

1076 1701 1229 1732 constituti,
1247 1708 1297 1728 nec
1311 1708 1410 1735 panem
1428 1707 1508 1727 suum
1523 1707 1584 1727 cum
1602 1699 1739 1730 satietate,
1752 1697 1799 1725 sed
1811 1705 1873 1724 cum

1077 1751 1197 1782 egeslate
1217 1747 1408 1778 comederunt,
1429 1745 1658 1781 quemadmodum
1675 1743 1812 1775 Ezechiel,
1827 1743 1874 1770 cui

1077 1795 1111 1820 ab
1125 1795 1185 1828 ipso
1199 1794 1252 1820 hoc
1267 1793 1323 1819 Deo
1339 1797 1505 1827 praeceptum
1521 1795 1574 1819 est.
1588 1791 1641 1818 Sed
1657 1796 1686 1819 et
1702 1791 1803 1818 Paulus
1813 1797 1872 1820 eos.

1076 1840 1122 1874 qui
1139 1839 1165 1866 in
1185 1839 1243 1874 lege
1256 1843 1283 1865 et
1299 1838 1442 1873 prophetis
1464 1837 1605 1872 jnstilicati
1637 1841 1712 1868 sunt,
1731 1844 1874 1871 exponens

1075 1885 1200 1912 dicebat:
1216 1885 1382 1912 Cirruierunt
1399 1884 1426 1910 in
1441 1883 1552 1915 melolia,
1570 1883 1597 1909 in
1612 1882 1723 1917 pellibus
1745 1882 1873 1916 caprinis.

1075 1931 1219 1963 lmmiliati,
1233 1930 1323 1965 afﬂicti
1336 1951 1343 1962 ,
1359 1929 1453 1965 quibus
1469 1929 1563 1964 dignus
1578 1937 1628 1955 non
1642 1933 1698 1955 erat
1717 1929 1829 1955 mundus
1839 1928 1873 1954 ".

1076 1978 1142 2005 lllud
1159 1982 1250 2005 autem
1267 1977 1354 2012 magis
1371 1976 1514 2003 intendere
1531 1976 1558 2002 in
1578 1976 1629 2008 liis,
1644 1983 1705 2010 qua:
1715 1975 1787 2002 dicta
1799 1979 1875 2008 sunt,

1076 2027 1194 2058 oportet.
1225 2023 1289 2057 quia
1306 2023 1526 2050 custodientibns
1541 2022 1588 2049 Dei
1606 2021 1744 2054 mandata,
1763 2021 1875 2056 triginta

1076 2069 1283 2096 benedictiones
1304 2067 1330 2094 in
1354 2068 1481 2103 praesenti
1496 2068 1537 2095 lex
1556 2068 1658 2102 posuit.
1676 2067 1721 2094 Sic
1737 2067 1811 2094 enim
1827 2073 1875 2093 eas

1077 2121 1194 2141 numero
1212 2113 1347 2145 invenies,
1367 2121 1589 2148 unamquamque
1606 2112 1826 2140 benedictionem
1841 2112 1877 2139 ab

1076 2160 1130 2186 alia
1153 2167 1202 2194 per
1224 2159 1459 2193 conjunctionem,
1476 2159 1503 2185 in
1529 2159 1679 2186 scentulum
1697 2158 1875 2193 Septuaginta

1076 2206 1198 2233 editione
1221 2205 1394 2238 discernens,
1423 2206 1486 2239 quia
1511 2210 1550 2232 tot
1576 2213 1712 2232 annorum
1740 2204 1876 2232 exsistens

1077 2251 1219 2283 Dominus,
1236 2251 1269 2278 de
1287 2259 1341 2286 quo
1357 2251 1395 2278 ait
1409 2251 1520 2283 Paulus,
1536 2251 1570 2278 Ut
1593 2259 1763 2278 occurramus
1786 2258 1876 2277 autne;

1078 2299 1106 2325 in
1128 2298 1213 2325 virum
1236 2299 1380 2333 perfectum
1390 2298 1422 2331 ⁵⁸,
1439 2298 1466 2324 in
1481 2305 1639 2325 mensuram
1653 2297 1739 2324 a'tatis
1756 2297 1878 2331 plenitu-

1082 2344 1153 2371 dinis
1166 2343 1268 2371 Christi
1286 2353 1292 2371 :
1313 2344 1390 2371 venit
1415 2343 1449 2370 ad
1472 2344 1638 2378 baptismum
1657 2348 1813 2378 :quatenus
1825 2342 1877 2369 do-

1083 2389 1202 2417 nationis
1217 2389 1427 2424 perfectionem,
1443 2397 1491 2424 pcr
1501 2394 1620 2421 tetateni,
1637 2397 1718 2424 quam
1732 2395 1816 2423 agens
1828 2388 1878 2414 ba-

1083 2436 1200 2471 ptizatus
1215 2440 1271 2467 est,
1287 2436 1425 2462 nuntiaret
1441 2439 1468 2461 et
1485 2435 1643 2462 ostenderet
1661 2444 1667 2461 :
1686 2439 1714 2461 et
1730 2435 1768 2461 sic
1785 2433 1879 2469 perfe-

1083 2487 1144 2509 ctus
1166 2482 1316 2509 secundum
1342 2486 1450 2516 tempus
1474 2481 1572 2513 iactus,
1591 2480 1739 2516 prredieare
1752 2480 1877 2513 Evange-

1084 2528 1148 2555 lium
1163 2528 1246 2562 erepit
1266 2537 1272 2555 :
1290 2528 1316 2554 in
1331 2535 1387 2562 quo
1400 2527 1530 2554 omnibus
1549 2532 1591 2553 est
1603 2526 1665 2554 vita:
1679 2531 1707 2553 et
1721 2525 1879 2552 donationis

1084 2575 1234 2610 plenitudo,
1252 2579 1279 2602 ct
1295 2574 1524 2606 conversationis,
1541 2572 1794 2606 retrilmtionisque.
1811 2571 1878 2604 Quae

1084 2621 1128 2647 hic
1144 2620 1324 2656 signiﬁcavit;
1343 2621 1381 2648 ait
1395 2620 1467 2648 enim
1481 2629 1487 2647 τ

1121 2666 1155 2693 Et
1179 2667 1246 2694 dabo
1269 2667 1339 2694 vobis
1363 2667 1480 2703 pluviam
1498 2668 1526 2694 in
1543 2668 1703 2701 teniporious
1719 2666 1784 2693 suis.
1807 2665 1879 2691 Dicit

1084 2716 1176 2739 autem
1192 2713 1304 2740 verbum
1323 2713 1369 2740 Dci
1383 2733 1392 2745 ,
1409 2717 1504 2747 utpote
1525 2713 1740 2740 descendentem
1758 2711 1792 2737 de
1808 2710 1880 2737 etnlo

1084 2759 1186 2794 gratiae,
1202 2758 1236 2786 de
1259 2766 1313 2793 quo
1328 2758 1431 2794 Moyses
1447 2759 1485 2786 sic
1499 2759 1567 2786 dixit
1583 2767 1590 2786 ί
1607 2758 1728 2789 Attende,
1736 2756 1837 2786 omium,
1853 2758 1877 2780 ct

1085 2804 1227 2839 loquarhct
1244 2804 1337 2830 audiat
1353 2808 1424 2831 terra
1438 2805 1515 2831 verba
1533 2812 1566 2831 ex
1579 2811 1623 2831 ore
1639 2811 1705 2835 meo,
1718 2805 1877 2836 “mactetur

1283 2905 1305 2920 “
1321 2905 1329 2932 l
1345 2905 1407 2932 Cor.
1431 2912 1467 2937 ιιι,
1486 2903 1530 2932 ‘28.
1579 2904 1601 2919 "
1615 2902 1686 2929 Psal.
1702 2908 1798 2934 cvvni,
1829 2900 1873 2928 27.
