2056 3148
173 202 238 236 IIII

724 208 764 238 IN
787 208 1008 240 LEVITICUM.
1030 221 1063 226 -
1084 209 1158 238 LIB.
1178 209 1243 239 VII.

1739 208 1808 242 ιτιὲ

173 261 238 288 sicut
254 261 343 296 pluria
359 262 493 297 eloquium
510 263 634 290 meum“.
658 262 715 291 IIoc
739 272 794 291 non
811 265 961 300 qualecuu-
977 269 998 295 Δ
1014 265 1124 291 stris“?
1138 265 1243 298 Quibus
1261 265 1409 294 destructis
1429 274 1482 301 pax
1501 266 1530 293 in
1553 271 1626 294 terra
1641 270 1733 295 vestra
1748 266 1808 303 lege

173 315 226 342 que
241 308 343 339 bonum
357 314 398 336 est
421 310 447 336 in
463 314 584 344 tempore
599 317 649 337 suo
673 310 824 345 percipere,
842 311 889 338 sed
904 318 962 338 ma-

174 353 272 381 nifesta
298 359 339 382 est
364 355 411 382 Dei
438 355 567 383 bonitatis
587 356 718 388 ostensio,
733 357 962 391 queiuadmodum

174 407 228 426 non
254 400 380 434 accipere
401 401 579 428 aversationis
603 406 655 429 est.
673 401 789 436 Propter
803 403 874 437 quod
893 403 963 430 Deus

175 444 297 473 irascens
321 447 421 481 populo
445 447 611 478 Judteorum,
629 455 677 483 per
689 447 784 475 Isaiam
802 449 962 484 prophetam

174 491 295 519 minatus
318 497 371 525 est,
389 493 483 521 dicens
501 503 508 519 :
526 493 559 520 Et
584 494 731 529 relinquam
748 495 851 522 vincam
867 504 963 528 nteant,

173 542 198 562 ct
213 546 265 564 non
280 539 426 572 putabitur,
443 548 489 566 nec
505 540 630 575 fodiatur,
644 545 669 567 et
682 542 822 568 ascendant
846 542 873 568 in
894 550 963 574 eam,

172 585 239 611 sicut
255 585 358 619 inagro
374 585 481 615 inculto.
495 587 592 619 spirae;
611 591 634 612 ct
649 587 758 613 nubibus
775 587 916 620 mandabo,
934 596 965 615 ne

172 630 266 663 pluunt
292 638 372 662 θηρευ-
389 639 447 657 eam
462 631 621 665 pluviam”.
638 632 707 665 Quid
732 632 803 660 cnim
832 633 910 660 nobis
932 642 964 660 ex

173 675 329 709 accipienda
343 676 432 710 pluvia
447 676 474 703 in
493 681 614 711 tempore
630 685 680 704 suo
696 679 826 712 prolicit?

208 722 242 748 Et
257 727 327 749 terra
345 723 431 758 g’gnct
445 724 561 758 fructum
575 732 662 750 satum.
680 723 706 751 Id
723 729 774 756 est,
794 732 893 760 corpus
913 733 964 753 no—

172 772 271 798 strum.
287 768 369 802 hujus
393 769 466 795 enim
492 769 555 796 doni
577 769 681 796 fructus
696 775 769 801 stitit,
784 771 904 803 castitas,
921 778 965 798 so-

173 811 285 842 brietas,
302 813 477 840 abstinentia.
493 813 524 839 Et
549 814 632 848 pomis
658 814 765 841 arbores
786 815 962 849 rcplebttntur.

174 856 247 890 Sive,
267 863 296 885 ut
317 858 494 894 Septuaginta
513 868 519 886 :
536 859 620 894 Ligna
635 862 721 894 campi
735 862 833 888 dabunt
849 862 963 894 fructum

171 911 260 930 situm.
275 903 358 938 Ligna
382 910 473 931 autem
491 906 577 940 campi
608 910 671 933 sunt
691 907 787 934 auium:
804 913 902 939 motus,
922 913 964 935 ut-

173 954 235 982 pote
252 950 297 984 qui
315 956 378 977 sunt
396 951 515 978 motibus
529 952 690 987 intelligibili
709 958 807 980 nostra:
823 958 911 985 terrtc.
925 954 964 981 vi-
981 950 987 966 "

173 995 272 1022 ᾱιτΙίορι
286 1004 367 1027 c-iruc
384 997 567 1024 sublimiorcs.
588 999 689 1026 llorum
705 1006 768 1034 ergo
784 999 897 1032 fructus,
916 1009 962 1028 vc-

173 1041 251 1073 ritas,
266 1042 384 1076 iustitia,
400 1044 592 1076 mansuetudo,
607 1045 769 1079 cotupassio,
789 1051 815 1073 et
832 1046 873 1073 his
887 1047 963 1073 sitni-

172 1087 207 1115 lia
221 1097 228 1121 ;
244 1094 354 1124 propter
369 1089 440 1124 quod
465 1095 666 1125 consequenter
692 1091 870 1128 subjungeus,
886 1092 962 1120 addi-

174 1134 223 1161 dit.

206 1180 386 1215 Apprcltendct
400 1183 522 1210 messium
537 1184 633 1211 tritura
649 1185 817 1216 vindemiam,
831 1188 854 1212 cl
875 1185 964 1212 virule-

171 1229 225 1255 ntia
253 1230 389 1263 occupabit
413 1236 566 1258 seuientem.
587 1230 656 1263 Quia
677 1231 751 1259 enim
772 1231 868 1258 tritura
885 1237 964 1260 terrae

171 1275 273 1311 colligit
297 1275 412 1308 fructus,
435 1276 573 1304 vindemia
598 1278 739 1309 arborum,
761 1282 834 1305 recte
859 1277 964 1306 fructus

171 1321 294 1356 Corporis
317 1326 364 1348 aut
389 1322 493 1350 fructus
516 1323 615 1350 anima:
640 1324 889 1358 comprehendere,
906 1325 964 1352 sive

171 1373 305 1401 occupare
320 1367 436 1394 dicimus
447 1388 454 1399 ,
470 1368 533 1402 quia
549 1368 601 1396 hoc
618 1368 727 1402 quidem
742 1369 865 1396 maxima:
880 1369 964 1397 bette—

171 1411 300 1440 dictionis
319 1417 371 1445 cst,
404 1421 458 1440 uno
492 1413 644 1448 eodemque
670 1419 793 1449 tempore
817 1415 913 1442 stabile
936 1419 964 1443 et

171 1457 317 1484 fecundum
346 1466 456 1493 corpus,
471 1463 552 1493 atque
564 1459 683 1486 animam
700 1459 727 1486 in
744 1460 890 1488 virtutibus
901 1469 964 1493 pose

171 1502 270 1530 sidere.
289 1503 505 1538 Comprehendit
519 1510 622 1538 autem,
636 1505 693 1533 sive
709 1506 853 1541 occupavit
869 1507 964 1534 vinde-

171 1550 225 1577 mia
249 1555 419 1585 sementem;
445 1558 613 1587 congregans
640 1552 712 1579 enim
737 1553 827 1580 anima
850 1553 964 1581 virtutes

1015 311 1061 338 Dei
1077 311 1219 339 relrtenata
1235 312 1405 347 proﬂigator.

1050 357 1085 384 Et
1095 357 1244 389 dormietis,
1259 359 1353 394 inquit.
1365 359 1395 386 In
1409 359 1596 387 retributionis
1605 364 1696 387 autem
1705 359 1807 395 specie,

1013 403 1097 431 etiam
1119 404 1171 431 hoc
1194 403 1336 440 Scriptura
1364 413 1439 433 sacra
1464 407 1564 440 posuit.
1585 406 1718 434 Dormitio
1734 408 1807 436 enim

1016 454 1109 484 utpote
1127 450 1250 485 requies,
1267 458 1342 478 mors
1355 456 1512 479 sanctorum
1527 451 1637 484 dicitur,
1653 452 1806 486 iniquorum

1015 499 1106 522 autem
1122 503 1176 523 non
1192 500 1234 523 est
1248 496 1294 529 ita,
1305 497 1349 524 cui
1367 496 1444 524 testis
1460 500 1503 524 est
1517 497 1711 525 Ecclesiastes:
1725 498 1807 526 Satu~

1015 541 1082 568 ritus
1100 545 1190 568 autent
1205 542 1294 568 diuitis
1309 550 1359 568 non
1379 543 1442 569 sinit
1455 542 1570 570 dormire
1582 551 1641 570 eum
1649 543 1682 570 “.
1695 544 1808 579 I‘roptcr

1015 586 1087 620 quod
1103 594 1177 614 nunc
1193 592 1392 622 consequenter
1405 587 1511 615 addidit
1534 596 1540 614 :

1053 631 1086 658 Et
1100 640 1151 658 mm
1167 637 1203 659 est
1217 633 1261 667 qui
1275 637 1416 660 exterreat.
1428 633 1479 666 Qui
1490 633 1562 660 enim
1576 634 1615 661 sic
1625 634 1701 666 vixit,
1713 642 1808 669 quent—

1017 676 1162 703 admodum
1180 677 1206 704 in
1224 677 1409 712 superioribus
1424 677 1527 706 dictum
1544 682 1602 710 est,
1619 686 1674 705 non
1698 678 1808 705 habebit

1015 722 1061 756 qui
1074 730 1136 749 eum
1152 726 1254 753 terreat
1269 727 1391 758 tempore
1405 724 1511 756 mortis,
1526 732 1588 758 qua:
1610 724 1690 752 nobis
1705 724 1807 751 dormi-

1016 769 1053 796 tio
1078 773 1130 801 est,
1150 774 1261 804 propter
1285 777 1360 804 spem
1388 774 1559 797 mortuorum
1584 770 1807 798 resurrectionis.

1016 813 1073 840 Non
1101 813 1211 841 habebit
1234 819 1326 841 autem
1351 814 1396 849 qui
1417 819 1564 847 exterreat,
1581 815 1649 842 nihil
1667 814 1719 842 sibi
1742 822 1808 842 con-

1016 860 1097 891 scius,
1114 860 1147 887 de
1163 867 1217 894 quo
1233 864 1376 887 terreatur.

1050 905 1176 940 Auferam
1203 906 1289 933 mala:
1315 906 1421 933 bestias.
1439 905 1572 935 Videlicet
1593 906 1741 933 daemones.
1756 906 1808 933 Be-

1017 952 1076 979 stiae
1091 952 1164 979 enim
1181 957 1245 979 sunt
1259 959 1292 979 ex
1309 952 1390 979 simili
1412 953 1524 984 malitia,
1540 953 1659 988 primum
1683 952 1754 980 sicut
1768 952 1808 980 la-

1017 1001 1114 1030 tentes,
1131 997 1229 1024 deinde
1248 1002 1276 1024 ut
1290 1005 1426 1024 venenum
1453 998 1626 1032 importabile
1643 1002 1672 1025 et
1686 998 1808 1025 mortife-

1015 1051 1074 1069 rum
1093 1043 1235 1070 habentes.
1262 1043 1455 1078 Prosequimini
1477 1044 1597 1071 inimicos
1620 1048 1727 1071 uestras.
1746 1043 1807 1070 Non

1015 1092 1129 1122 possunt
1142 1088 1213 1114 cnim
1229 1092 1292 1116 ante
1309 1087 1405 1116 facient
1419 1095 1525 1120 eorum,
1537 1089 1583 1123 qui
1599 1088 1750 1115 secundum
1767 1088 1806 1115 le-

1015 1140 1074 1166 gem
1100 1132 1208 1164 vivunt,
1221 1137 1304 1161 stare.
1329 1133 1362 1160 Et
1387 1138 1508 1160 corruerat
1535 1141 1622 1159 coram
1646 1133 1726 1159 vobis.
1748 1133 1807 1164 Qua

1015 1179 1123 1206 morte?
1138 1178 1203 1212 Quae
1220 1184 1262 1207 est
1280 1180 1371 1215 utique
1388 1188 1437 1215 pv'r
1453 1179 1588 1214 jejunium
1603 1184 1631 1207 et
1643 1179 1805 1207 orationem.

1016 1224 1073 1252 lloc
1084 1226 1156 1252 enim
1171 1225 1252 1252 modo
1265 1225 1349 1252 nostri
1364 1225 1547 1260 intelligibiles
1559 1224 1660 1253 inimici
1669 1225 1807 1257 dmmones

1015 1271 1220 1304 interimuntur,
1238 1277 1267 1300 ut
1290 1279 1461 1307 nequaquam
1481 1273 1551 1300 ultra
1565 1277 1660 1299 contra
1676 1279 1726 1300 nos
1741 1279 1805 1307 pos-

1015 1318 1068 1344 sint
1084 1317 1258 1345 reviviscere.
1277 1317 1352 1346 Unde
1376 1323 1404 1346 ct
1428 1319 1559 1346 Dominus
1570 1319 1700 1354 apostolis
1716 1319 1807 1354 inqui—

1015 1363 1148 1395 rentibus,
1166 1371 1215 1391 cur
1229 1369 1333 1392 ntutum
1355 1370 1383 1392 ct
1399 1365 1512 1392 surdum
1528 1365 1692 1393 dit-monium
1708 1366 1807 1400 ejicere

1015 1409 1127 1436 minime
1144 1410 1308 1445 potuissent,
1324 1411 1479 1446 respondit:
1494 1411 1548 1439 Hoc
1566 1413 1635 1439 enim
1654 1421 1736 1448 genus
1756 1420 1807 1440 non

1015 1455 1132 1490 ejicitur,
1153 1456 1203 1482 nisi
1222 1465 1268 1491 per
1282 1456 1419 1491 jejunium
1438 1461 1464 1484 et
1483 1459 1629 1485 orationem
1640 1458 1674 1484 ”.

1051 1501 1242 1537 Persequcntur
1268 1503 1382 1538 quinque
1406 1504 1438 1530 de
1466 1504 1539 1531 vobis
1558 1509 1662 1532 centum
1691 1505 1806 1532 alienos.

1017 1548 1079 1576 Sive
1095 1552 1124 1575 ut
1138 1548 1331 1584 Septuaginta:
1343 1549 1479 1584 Expellam
1493 1547 1686 1586 quinquaginta
1703 1555 1807 1578 rentum

172 1603 247 1628 suas,
265 1604 327 1623 mox
343 1596 410 1624 alias
425 1598 572 1630 desiderat,
593 1606 677 1633 usque
692 1599 755 1626 dum
772 1599 830 1626 illas
845 1599 965 1635 attigerit

1018 1595 1219 1630 quinquaginta.
1245 1595 1366 1623 Dicimus
1392 1603 1453 1623 esse
1478 1596 1628 1631 spiritalem
1658 1597 1806 1629 hominem,

172 1641 292 1672 divitias.
306 1642 338 1669 ad
357 1651 424 1678 quas
437 1642 538 1671 I'uulus
555 1643 704 1674 festinavit,
723 1648 750 1670 ct
766 1648 908 1678 propterea
922 1643 966 1670 di—

171 1690 270 1716 cebat:
290 1689 410 1723 Fratres,
426 1699 472 1725 ego
496 1698 537 1716 me
561 1698 611 1716 non
631 1690 746 1716 arbitror
759 1690 966 1724 comprobem/is-

171 1736 240 1768 se“,
257 1744 341 1763 unum
357 1741 459 1767 autem,
475 1744 536 1771 qme
553 1736 662 1771 quidem
679 1741 752 1764 retro
768 1741 831 1764 sunt
853 1737 964 1768 oblitus,

173 1782 200 1809 in
217 1782 260 1809 his
274 1787 377 1815 autem,
395 1791 456 1817 qtae
474 1783 565 1817 priora
581 1788 645 1809 sunt
660 1787 797 1815 extentus,
814 1783 964 1810 secundum

173 1826 354 1853 intentionem
372 1834 473 1861 sequor
487 1827 520 1854 ad
537 1827 654 1861 palmam
670 1834 797 1861 supernae
818 1827 967 1853 vocationis

171 1872 286 1900 Christi.
302 1873 415 1908 Propter
438 1873 510 1908 quod
536 1878 563 1900 ct
588 1873 689 1900 bonum
716 1873 839 1907 sequitur
862 1880 966 1906 semen,

173 1918 284 1952 plenum
307 1918 472 1946 salutaribus
493 1918 659 1950 actionibus,
676 1924 705 1945 ut
729 1918 798 1946 bene
821 1919 967 1946 conveniat

173 1963 247 1998 quod
264 1964 399 1998 sequitur.

210 2010 242 2037 Et
257 2011 395 2038 comedetis
408 2019 503 2046 panem
518 2014 630 2038 vestrum
644 2010 670 2036 in
685 2010 837 2036 saturitate.
854 2009 881 2037 Si
894 2009 966 2036 enim

174 2057 253 2093 panis
267 2060 362 2084 noster
378 2057 465 2084 virtus
486 2060 538 2088 est,
557 2056 591 2083 de
611 2064 664 2090 qua
687 2055 817 2083 Dominus
834 2055 942 2082 dicebat
960 2065 966 2082 τ

175 2103 328 2137 Operamini
341 2110 392 2129 non
411 2102 496 2129 cibum
513 2102 557 2137 qui
572 2102 639 2136 perit
649 2122 656 2134 ,
674 2101 719 2128 sed
734 2102 778 2136 qui
792 2106 926 2136 permanet
941 2101 968 2127 in

175 2150 258 2177 vitam
273 2154 402 2177 reternam
412 2149 434 2164 θ’
449 2157 455 2175 :
472 2148 515 2175 hic
530 2147 604 2174 IIIlllll
615 2148 647 2175 ad
664 2147 815 2174 satietatem
830 2147 966 2178 comedet,

175 2193 202 2221 id
219 2193 474 2228 est,0peratur,qui
487 2193 514 2219 in
531 2197 663 2228 perpetuo
679 2193 739 2227 ejus
753 2194 904 2228 appetitum
919 2193 968 2219 ha—

175 2239 232 2267 bet.

1017 1642 1079 1675 quia
1103 1642 1146 1668 dic
1163 1641 1338 1669 Pcntccostes
1361 1641 1478 1677 Spiritus
1499 1642 1533 1670 de
1559 1643 1630 1671 corio
1655 1642 1807 1670 descendit.

1017 1687 1086 1721 Ergo
1101 1687 1229 1722 spiritalis
1243 1687 1287 1714 ille
1300 1687 1389 1722 qualis
1397 1688 1442 1719 sit,
1462 1687 1563 1716 Paulus
1575 1688 1683 1715 diccbat
1695 1697 1703 1715 :
1718 1688 1809 1723 Spiri-

1019 1732 1081 1758 talis
1100 1737 1188 1758 anteiit
1201 1733 1308 1766 judicat
1323 1733 1422 1765 omnia,
1439 1738 1463 1759 et
1476 1733 1531 1767 ipse
1547 1742 1564 1760 a
1581 1733 1685 1761 nemine
1699 1733 1810 1768 judica-

1018 1782 1061 1809 tur
1074 1777 1095 1793 ‘°
1115 1787 1120 1804 :
1142 1778 1168 1805 id
1185 1783 1236 1811 est,
1258 1778 1304 1812 qui
1319 1778 1461 1806 scientiam
1476 1778 1624 1814 perfectam
1643 1779 1746 1811 habet,
1775 1779 1809 1807 ad

1017 1822 1146 1848 subtilem
1163 1830 1268 1855 corum,
1281 1830 1341 1857 qua:
1354 1823 1458 1857 agenda
1475 1827 1539 1849 sunt
1552 1823 1754 1855 discretionem,
1766 1823 1810 1850 hic

1017 1868 1141 1902 quamvis
1157 1868 1273 1895 validum
1292 1868 1454 1901 daemonem,
1468 1869 1542 1896 verbi
1558 1869 1711 1903 gratimqui
1723 1877 1757 1896 ex
1771 1869 1811 1896 eis

1019 1921 1099 1948 supra
1116 1917 1239 1945 centum,
1259 1918 1285 1940 et
1303 1914 1349 1948 qui
1365 1914 1434 1948 legio
1449 1914 1601 1948 appellatur
1616 1919 1726 1949 propter
1740 1915 1810 1941 mul-

1020 1959 1163 1986 titudinem
1186 1959 1372 1986 obedientium
1399 1960 1424 1986 ei
1448 1960 1581 1987 malorum
1608 1960 1753 1995 spirituum
1783 1964 1811 1987 et

1019 2005 1239 2040 cooperantium,
1253 2006 1324 2032 valet
1339 2012 1470 2040 superare
1485 2009 1567 2040 atque
1581 2006 1701 2032 vincere.

1057 2051 1087 2077 Et
1103 2056 1206 2078 centum
1222 2059 1254 2077 cx
1269 2050 1338 2077 vobis
1360 2051 1446 2077 decem
1469 2050 1563 2078 millia.
1583 2050 1633 2083 Qui
1658 2051 1731 2078 enim
1755 2058 1809 2078 non

1020 2097 1108 2124 solum
1122 2097 1265 2124 scientiam
1285 2097 1368 2124 habet
1381 2097 1519 2130 subtilem,
1549 2097 1595 2123 sed
1611 2101 1638 2123 et
1651 2096 1733 2123 vitam
1749 2104 1811 2131 per-

1020 2144 1116 2170 lectam
1136 2147 1218 2178 atque
1240 2148 1468 2176 consummatam,
1491 2144 1536 2171 hic
1552 2144 1650 2179 duplex
1679 2143 1812 2178 quodam-

1021 2189 1102 2216 modo
1117 2188 1247 2224 spiritalis
1259 2194 1311 2221 cst,
1328 2193 1356 2216 et
1368 2194 1512 2225 propterea
1527 2190 1684 2217 centenario
1696 2197 1812 2217 numero

1021 2235 1197 2262 honorandus
1219 2240 1271 2268 est,
1289 2235 1359 2263 sicut
1373 2236 1510 2271 duplicem
1533 2235 1650 2264 fructum
1670 2237 1760 2264 terens
1784 2237 1811 2264 in

213 2286 246 2313 Et
262 2287 358 2322 absque
372 2294 467 2320 pavore
483 2286 636 2312 liabitabitis
654 2286 679 2312 in
696 2290 767 2312 terra
784 2291 880 2313 vestra.
892 2285 968 2312 Dabo
986 2283 1006 2310 Ι)
1021 2282 1130 2316 spirilu,
1146 2286 1226 2316 atque
1241 2281 1401 2316 perfectum,
1421 2287 1446 2309 et
1464 2290 1517 2317 quo
1540 2283 1671 2317 majorem
1687 2283 1813 2310 Christus

176 2341 267 2368 pacem
282 2334 308 2359 in
325 2333 419 2366 ﬁnibus
434 2333 538 2359 vestris.
551 2331 599 2358 Vel
615 2331 764 2358 scentulum
781 2331 968 2367 Septuaginta,

177 2382 201 2405 et
215 2377 311 2404 bellum
326 2385 376 2403 non
391 2377 562 2411 pertransibit
576 2382 684 2406 terram,
695 2375 767 2410 quod
777 2382 868 2403 nostra
881 2382 969 2403 trans-

177 2424 244 2451 latio
262 2423 342 2458 paulo
360 2428 422 2458 post
437 2423 510 2450 dicit.
525 2422 634 2450 Gladius
655 2431 706 2449 non
727 2423 850 2450 transibit
870 2422 896 2449 in
918 2427 970 2449 ter-

178 2471 262 2497 minos
278 2475 385 2501 vestros,
397 2474 420 2497 ct
434 2469 502 2496 tlubo
514 2478 604 2504 pacem
623 2470 649 2495 iu
664 2474 733 2495 terra
748 2473 844 2495 rustra.
858 2468 884 2495 Si
896 2468 968 2495 cuitu

177 2524 278 2551 corpus
293 2516 390 2544 stabile
407 2515 497 2547 fuerit,
516 2519 543 2542 et
560 2515 649 2541 anima
666 2514 821 2546 tructilicat,
837 2514 926 2541 securi
943 2514 969 2542 in

178 2567 249 2589 terra
265 2567 355 2589 nostra
372 2562 567 2592 habitabimus,
584 2562 645 2596 quia
662 2561 732 2587 Caro
748 2569 798 2588 non
814 2561 970 2594 concupiscit

178 2614 269 2636 contra
294 2610 417 2643 spiritum
428 2608 449 2623 δ’
471 2617 477 2634 :
502 2608 574 2634 unde
599 2615 649 2634 nec
676 2607 775 2633 bellum
801 2614 849 2640 per
872 2611 971 2633 terram

178 2653 312 2681 transibit.
328 2653 421 2688 Neque
438 2653 512 2681 cnim
536 2653 648 2679 habebit
669 2656 776 2686 tempus
797 2651 824 2678 in
849 2659 972 2679 resurre-

179 2699 269 2727 ctione
289 2699 585 2734 concupiscentiarum,
601 2699 633 2726 dc
656 2699 756 2733 quibus
781 2698 818 2724 ait
833 2698 972 2726 Iacobus:

179 2745 254 2772 1λή(ιο
285 2746 353 2772 bella
380 2751 404 2773 et
425 2747 484 2772 lites
504 2746 531 2772 in
551 2745 641 2772 vobis?
667 2745 762 2771 Nonne
781 2745 841 2771 hinc
860 2753 891 2771 ea:
911 2752 972 2770 con-

182 2792 346 2826 cupiscentiis
373 2792 484 2824 vestris,
505 2799 563 2826 quin
588 2791 703 2818 militant
732 2791 758 2817 in
789 2789 911 2818 membris
931 2797 973 2816 rc-

215 2892 238 2908 ”
254 2891 323 2920 Deut
348 2902 433 2922 xxx”,
446 2893 472 2919 φ..
513 2894 535 2909 ⁶⁰
562 2893 613 2920 lsa.
628 2902 652 2926 γ,
665 2894 690 2920 6.

184 2935 234 2958 (ιο.
262 2935 287 2961 v,
304 2929 346 2956 11.
386 2930 407 2945 εδ
420 2928 514 2956 .ilatth.
531 2937 585 2956 xvn
598 2949 606 2964 ,
623 2929 667 2956 ‘20.

732 2894 752 2909 "'
771 2893 839 2920 Phil.
855 2901 894 2926 III,
913 2894 954 2920 I5.

708 2929 729 2943 ”
745 2929 751 2956 l
768 2929 832 2957 (ηπ.
851 2937 880 2956 u.
901 2929 941 2956 ιτ).

992 2893 1013 2908 ε’
1026 2893 1105 2919 .loan.
1119 2901 1156 2925 vi,
1172 2893 1216 2918 ‘27.

981 2929 1000 2944 ⁶⁷
1017 2928 1112 2956 Matth.
1130 2936 1187 2958 xm.
1207 2927 1232 2960 8,
1247 2925 1290 2954 Εὖ.

1023 2335 1077 2354 non
1099 2327 1174 2359 dicit,
1192 2327 1240 2354 sed
1255 2327 1412 2362 frequenter
1437 2328 1535 2356 bonam
1552 2332 1652 2356 terram
1669 2328 1813 2355 insinuans

1023 2374 1130 2401 diccbat
1146 2384 1151 2401 :
1167 2374 1246 2409 Aﬂ‘crt
1259 2375 1374 2409 fructum
1389 2375 1561 2409 trigesimum,
1573 2379 1597 2401 et
1609 2375 1811 2410 sexagesimum,

1023 2425 1046 2445 ct
1063 2420 1232 2446 centesimum
1243 2420 1276 2446 ετ.
1292 2420 1341 2447 llic
1354 2427 1418 2454 ergo
1432 2419 1515 2447 millia
1531 2419 1648 2447 hostium
1666 2419 1812 2455 subjicere.

1024 2473 1119 2492 (mines
1135 2465 1261 2493 videlicet
1275 2466 1426 2493 contrarias
1442 2465 1568 2497 virtutes,
1589 2470 1683 2501 utpote
1702 2465 1747 2500 qui
1761 2466 1814 2493 vir—

1025 2516 1111 2538 tutum
1129 2511 1209 2538 habet
1224 2508 1430 2546 pertcctiouem,
1444 2516 1544 2546 potest.
1557 2510 1698 2550 Quomodo
1710 2517 1813 2545 autem,

1024 2558 1143 2591 subjicit.
1161 2557 1188 2584 ln
1203 2557 1284 2584 verbo
1298 2557 1390 2592 utique
1408 2558 1471 2590 Dei;
1487 2558 1525 2584 ait
1541 2558 1613 2584 enim
1628 2567 1633 2584 :

1061 2603 1093 2629 Iit
1107 2602 1199 2628 cadent
1214 2602 1315 2628 ini-miri
1332 2603 1409 2628 vestri
1424 2603 1450 2628 in
1465 2608 1601 2636 conspectu
1617 2606 1700 2629 ucstra
1713 2602 1814 2638 gladio.

1026 2649 1101 2676 Ilium
1117 2649 1221 2680 dicens,
1238 2657 1318 2684 queui
1337 2649 1447 2676 Paulum
1465 2649 1504 2676 sic
1526 2649 1660 2682 scribens,
1677 2649 1814 2684 exposuit.

1025 2695 1093 2722 Cum
1108 2695 1181 2721 cnim
1197 2694 1272 2729 prius
1287 2694 1399 2720 dixisset
1411 2694 1583 2720 inimicorum
1598 2694 1679 2720 millia
1692 2714 1699 2725 ,
1715 2693 1739 2720 id
1754 2696 1814 2719 est:

1027 2742 1086 2768 Non
1100 2746 1135 2767 cst
1151 2741 1220 2767 vobis
1238 2740 1389 2766 colluctatio
1409 2740 1533 2766 adversus
1547 2748 1652 2767 carnem
1667 2744 1689 2766 ct
1707 2738 1817 2772 sangui-

1028 2797 1097 2820 ncm,
1120 2789 1164 2815 sed
1184 2787 1308 2814 adversus
1331 2787 1461 2821 principcs
1478 2792 1502 2813 ct
1525 2791 1675 2821 potestates.
1692 2785 1817 2812 adversus

1269 2891 1358 2919 “Cal.
1377 2900 1403 2925 ι’,
1423 2891 1464 2919 Π.
1503 2891 1525 2905 ⁸⁸
1539 2890 1589 2918 lsa.
1608 2897 1644 2922 tv,
1665 2887 1687 2916 Ι.
1720 2887 1752 2903 ⁸⁸⁸
1765 2885 1818 2914 Ec-
