2056 3148
254 203 321 238 1143

852 217 1033 248 HESYCHII
1054 219 1290 252 PRESBYTERI

1822 224 1884 256 Ilii

251 261 344 288 mutuli
360 268 471 290 rectores
482 264 648 292 tenebrarum
657 267 763 299 Irarum,
776 270 898 298 adversus
908 272 1042 307 spiritalia
1059 274 1082 302 Δ
1132 274 1187 310 Ego
1202 275 1330 303 Dominus
1353 276 1422 304 Deus
1447 281 1540 308 uester,
1557 277 1602 312 qui
1617 277 1695 304 eduxi
1714 286 1757 304 vos
1770 278 1801 304 de
1816 283 1887 306 terra

251 308 376 342 nequitiis
390 309 417 334 iu
433 308 577 337 erelestibus
593 311 625 343 “,
641 313 777 341 subinfert
792 335 799 342 .
812 315 956 351 Propterea
972 318 1043 344 acci-

252 354 306 386 pite
338 359 505 382 armaturam
533 357 581 383 Dei
598 357 637 391 ";
660 367 741 393 quam
774 361 931 397 singulatim
962 363 1044 390 dinu-

252 405 372 428 merans.
395 399 433 426 ait
447 409 454 427 :
470 400 503 428 Et
517 401 638 436 gladium
655 405 775 438 spiritus,
799 407 869 441 quod
884 412 922 434 est
937 407 1043 435 verbum

251 442 300 470 Dei
314 444 336 459 "°

284 487 434 522 Respiciam
445 498 498 518 vos.
510 492 580 525 Quid
593 499 636 522 est
647 496 720 524 enim
737 498 933 534 melius,quam
944 500 1042 537 respici

250 541 266 560 ιι
282 534 337 562 Deo
349 556 356 568 ,
372 536 452 571 cujus
476 544 616 574 respectus
634 542 707 570 salus
719 548 778 577 est,
800 547 935 574 aversatio
951 553 1042 575 autem

251 588 324 608 mors
339 583 402 609 est?
424 583 458 610 Et
475 593 590 613 crescere
602 589 715 622 faciam,
740 595 765 616 et
790 592 1041 627 multiplicabimini.

250 626 338 662 Auget
352 636 402 655 nos
417 630 540 664 quidem,
559 640 620 660 cum
638 642 720 668 parva
747 636 828 668 bona,
842 645 902 672 quae
926 639 1041 674 agimus,

251 673 368 701 maxima
391 674 457 702 facit
482 684 625 711 apparere.
655 679 816 716 Multiplicat
839 688 932 711 autem
947 673 1043 720 ipauca

250 726 376 747 crescere
406 721 509 750 faciens
524 724 553 750 in
575 726 676 753 multis.
693 728 790 755 Annon
812 737 914 765 augens
937 736 1044 760 nostras

250 763 368 792 virtutes
393 770 420 793 et
437 768 615 802 magniﬁcans
648 771 755 800 dicebat
770 783 776 800 :
793 763 916 806 Quandiu
948 777 1044 812 fecistis

251 808 298 835 uni
325 810 357 836 de
384 811 501 840 minimis
513 814 568 846 Itis,
589 816 654 842 ini/ti
669 818 765 852 fecistis
778 820 821 846 7'?
846 820 879 848 Et
914 808 1042 858 multipli-

251 860 316 882 cans
337 863 442 890 rursus,
460 857 573 887 Paulum
599 863 717 891 scribere
733 865 867 894 faciebat:
887 867 948 895 Non
974 871 1043 897 enim

250 901 371 934 occides;
387 911 438 930 non
467 905 634 934 adulterabis
651 917 661 940 ;
680 919 730 936 non
760 915 946 947 concupisces;
971 921 994 942 et
1020 917 1043 944 si

250 947 320 980 quod
330 953 368 975 est
381 949 457 977 aliud
470 954 626 981 mandatum
637 956 670 988 π,
688 957 741 984 hoc
755 959 837 987 verbo
858 966 1041 990 restaurator:

250 991 351 1028 Diliges
363 998 511 1029 proximum
525 1004 599 1028 tuum
615 1003 681 1030 sicut
694 1005 807 1038 teipsum
819 1007 850 1040 ⁷³,
867 1009 949 1036 multa
964 1018 1042 1037 man-

250 1036 313 1065 data
328 1039 449 1069 efﬁciens
463 1043 515 1071 hoc
527 1053 612 1073 unum
621 1049 789 1083 mandatum,
800 1056 829 1078 ut
838 1060 886 1079 nos
894 1061 1043 1089 assequen-

252 1085 293 1109 tes
305 1082 382 1117 illud,
396 1086 495 1115 divites
510 1089 670 1119 efﬁciamur.
696 1082 787 1122 Nimis
804 1103 869 1132 ergo
889 1082 1042 1134 oppoi‘tuna

250 1134 323 1160 sunt,
336 1138 397 1165 qua:
412 1139 573 1168 sequuntur.

287 1174 415 1204 Firmabo
426 1184 533 1213 pactum
548 1190 634 1212 meum
646 1185 786 1214 vobiscum.
804 1188 841 1216 Ea
856 1190 964 1224 quidem
977 1198 1041 1221 sunt

249 1222 389 1256 prmdicta,
404 1232 454 1259 per
465 1227 658 1258 retributiones
669 1237 760 1259 autem
776 1234 840 1262 illud
857 1222 954 1270 firmat,
968 1240 1040 1273 quod

249 1268 436 1304 manifestam,
454 1279 515 1306 qua:
529 1281 697 1309 sequuntur:
709 1278 856 1308 Conterletis
867 1268 1040 1312 vetustissima

249 1318 374 1342 veterum.
392 1316 455 1345 Sive
467 1323 496 1346 ut
512 1319 700 1357 Septuaginta,
716 1330 801 1352 vetera
816 1330 974 1362 veterum,id
987 1337 1038 1365 est,

248 1367 310 1394 qua:
324 1362 402 1390 vobis
418 1371 467 1398 per
483 1365 569 1401 legem
596 1372 624 1395 et
645 1371 794 1404 prophetas
818 1375 950 1407 promissa
965 1362 1038 1410 sunt,

248 1410 277 1433 et
290 1416 352 1443 quae
371 1417 420 1445 per
433 1412 603 1446 patriarchas
632 1415 659 1442 in
686 1424 781 1444 eorum
803 1419 1040 1451 benedictionibus

247 1453 384 1486 promisit.
401 1455 435 1483 Et
449 1462 536 1485 vetera
548 1460 621 1486 novis
629 1464 870 1495 snpervonientibus
882 1467 1037 1501 projicietis.

247 1498 314 1532 Quae
322 1508 386 1529 sunt
401 1505 491 1531 nova?
512 1505 657 1542 Evangelia
674 1509 812 1544 videlicet;
829 1519 889 1539 nam
907 1521 969 1541 cum
982 1523 1040 1542 ma-

247 1547 320 1574 xima
340 1553 405 1576 sunt
419 1557 461 1583 ea,
481 1544 542 1586 qua:
564 1557 629 1579 sunt
640 1562 690 1588 per
705 1556 885 1590 patriarchas,
905 1559 991 1594 legem
1012 1567 1040 1589 et

249 1594 397 1629 prophetas
408 1597 538 1630 pollicita,
551 1602 641 1626 tamen
654 1607 702 1634 per
713 1603 889 1637 Evangelium
904 1607 1038 1640 promissa

249 1641 351 1675 majora
368 1646 443 1674 sunt,
460 1649 572 1678 propter
596 1647 668 1680 quod
679 1667 686 1678 ,
711 1647 808 1675 horum
824 1653 1039 1687 comparatione,

248 1685 294 1712 illa
309 1686 387 1713 nobis
401 1688 713 1724 superilnajudicantur.
726 1693 796 1720 Ecce
805 1702 869 1729 ergo
879 1685 1039 1732 capitulum,

247 1730 320 1765 quod
354 1736 437 1759 totam
461 1733 681 1763 benedictionem
695 1736 858 1772 conﬁrm'at,
884 1741 988 1776 infert,
1014 1730 1040 1771 id

248 1781 300 1810 est,
329 1786 389 1813 quas
409 1787 458 1814 per
486 1781 671 1817 evangelicam
695 1787 753 1811 aeta
777 1789 842 1813 sunt
878 1791 905 1815 et
930 1788 1040 1824 impleta

248 1824 373 1858 gratiam.

283 1869 385 1897 Portant
402 1872 602 1901 tabernaculum
620 1884 706 1903 meum
722 1878 748 1904 in
778 1879 862 1906 medio
885 1882 974 1908 vestri.
993 1882 1040 1909 Vel

246 1914 317 1942 sicut
339 1916 516 1952 Septuaginta
540 1927 546 1944 :
567 1919 734 1948 Constituam
751 1925 935 1952 testamentum
954 1935 1041 1954 meum

247 1961 388 1988 vobiscum.
408 1962 486 1995 Quod
502 1969 543 1991 est
555 1964 623 1996 hoc,
645 1967 672 1993 in
692 1975 746 2002 quo
758 1976 825 1996 nova
839 1971 975 2005 promisit,
994 1981 1041 2000 cu-

244 2007 289 2042 jus
304 2007 343 2035 sic
359 2009 491 2044 propheta
505 2009 639 2039 Jcremias
653 2015 812 2042 memoriam
831 2016 916 2044 facit:
930 2017 964 2043 Et
977 2026 1040 2044 con-

245 2055 355 2082 stituam
378 2056 448 2083 vobis
482 2062 668 2086 testamentum
690 2068 801 2093 novum,
827 2071 878 2089 non
898 2065 1041 2092 secundum

246 2105 446 2134 testamentum,
473 2105 543 2138 quod
564 2105 682 2140 disposui
700 2108 819 2141 patribus
831 2110 922 2136 uestris
938 2111 969 2137 7‘.
993 2111 1040 2139 llis

245 2147 319 2174 enim
353 2149 499 2182 conjuncta
526 2155 608 2183 sunt,
637 2157 664 2179 et
691 2161 752 2188 qure
788 2161 942 2190 sequuntur
982 2166 1040 2185 ma-

246 2194 327 2222 xime.

281 2239 315 2266 Et
331 2248 380 2267 nou
397 2242 592 2270 abominabitur
615 2245 706 2272 anima
735 2255 793 2274 mea
817 2256 870 2275 vos.
894 2248 1040 2278 Ambulabo

245 2285 315 2313 inter
328 2295 382 2321 vas,
404 2293 428 2315 et
449 2297 493 2316 ero
511 2295 595 2317 vester
612 2291 694 2324 Deus,
709 2301 804 2328 vasque
826 2295 900 2322 eritis
926 2297 1038 2331 populus

245 2342 329 2360 meus.
348 2334 449 2369 Aperte
462 2336 544 2364 etiam
562 2337 620 2365 hac
635 2346 648 2365 a
659 2339 790 2373 praedicto
806 2342 949 2376 propheta,
966 2344 1038 2370 sicut

245 2380 423 2419 Septuaginta
435 2382 520 2410 editio
539 2383 672 2416 continet,
697 2385 797 2420 scripta
814 2393 886 2414 sunt.
904 2388 952 2416 llic
966 2388 1037 2417 Deus

243 2434 344 2462 vester,
362 2437 418 2457 non
431 2430 606 2466 reputabitur
625 2431 696 2458 alius
719 2432 753 2459 ad
774 2440 848 2460 eum.
875 2434 992 2462 Post/itte
1010 2437 1037 2462 in

244 2476 321 2502 terris
336 2477 407 2503 visus
421 2482 468 2510 est,
484 2482 508 2504 et
524 2486 583 2504 cum
599 2478 745 2506 horninibus
764 2487 931 2508 conversatus
948 2483 1036 2510 est":

243 2521 315 2556 quod
331 2530 387 2549 non
403 2523 511 2558 egisset,
527 2524 549 2552 si
567 2533 618 2552 nos
630 2530 812 2553 aversaretnr.
834 2527 893 2553 Non
906 2535 970 2562 ergo
984 2537 1034 2556 nos

243 2567 414 2595 abominatus
428 2573 478 2602 est,
496 2571 543 2597 scd
556 2576 582 2598 et
597 2571 765 2599 inambulare
779 2573 805 2599 in
820 2573 899 2601 nobis
912 2582 960 2609 per
975 2583 1035 2603 car-

243 2621 305 2641 nem
320 2613 415 2648 voluit,
432 2620 459 2643 et
479 2616 538 2643 ﬁeri
559 2623 652 2645 noster
666 2617 747 2651 Deus,
771 2627 831 2646 cum
852 2627 924 2648 esset
945 2623 1032 2657 prius,

241 2660 290 2688 sed
308 2660 438 2696 ignotus:
453 2662 515 2696 quia
533 2671 583 2690 nos
597 2665 683 2691 errori
705 2664 845 2700 conjuncti
860 2675 979 2695 eramus.
994 2669 1033 2696 Ex

241 2717 296 2743 quo
311 2715 402 2736 autem
421 2717 470 2736 nos
483 2711 594 2745 proprio
606 2712 673 2738 emit
686 2713 819 2748 sanguine
829 2736 836 2747 ,
853 2715 924 2743 Deus
940 2722 1034 2745 noster

241 2755 330 2782 factus
344 2761 394 2788 est.
412 2760 439 2783 ct
451 2765 501 2784 nos
513 2758 619 2791 plebem
634 2766 710 2787 suam
727 2760 802 2788 fecit.
818 2762 849 2789 Et
860 2764 922 2798 quis
932 2769 974 2791 est
988 2765 1033 2800 qui

242 2801 299 2829 hec
314 2802 379 2831 fecit
395 2804 406 2831 ?

274 2907 297 2923 "
316 2907 417 2943 Ephes.
434 2917 471 2941 Vl,
489 2909 534 2937 12.
571 2910 594 2927 ⁸³
612 2911 678 2938 ibid.
699 2912 738 2939 ll.
785 2914 808 2929 7“
827 2913 892 2941 ihid.
916 2915 960 2941 ll.

237 2950 311 2976 χχιι,
328 2943 372 2972 32.
412 2944 434 2962 ⁷³
448 2944 568 2974 Baruch.
585 2955 626 2982 Ill,
639 2947 684 2975 5S.
721 2948 742 2964 ⁷¹
757 2947 843 2978 Exod.
866 2957 907 2982 ιιι,
921 2950 948 2984 7,
967 2951 992 2980 8.

996 2915 1016 2931 '“
1034 2915 1132 2953 Matth.
1154 2923 1215 2953 xxv,
1234 2915 1280 2942 40.
1300 2917 1339 2953 λι
1355 2915 1435 2953 “om.
1453 2923 1514 2947 xm,
1638 2915 1702 2953 ibid.
1743 2915 1765 2928 "
1779 2915 1821 2953 ,Ιχ-ξ

1051 2951 1074 2967 ⁷⁷
1089 2951 1175 2979 Exod.
1198 2947 1275 2986 sum,
1297 2951 1341 2980 20.
1380 2952 1402 2967 ⁷³
1417 2951 1459 2980 lsa
1489 2958 1528 2984 rx,
1543 2949 1569 2978 6.
1598 2950 1620 2965 ⁷ο
1636 2950 1714 2977 Juun.
1733 2956 1775 2981 Ill,
1793 2947 1834 2975 l3.

1095 321 1215 356 .IEgypti,
1235 330 1266 349 ne
1283 323 1415 349 seri-iretis
1437 324 1483 350 eis.
1506 322 1584 356 Quod
1607 323 1629 350 si
1646 324 1687 350 vis
1711 331 1886 359 cognoscere,

1096 366 1155 393 haec
1171 367 1255 394 Exodi
1279 368 1360 395 verba
1381 376 1430 403 per
1454 368 1591 403 Evangelii
1621 369 1745 396 ordinem
1770 369 1886 397 discute.

1098 411 1169 438 Dixit
1193 420 1256 447 ergo
1284 413 1415 441 Dominus
1437 414 1469 440 ad
1492 413 1600 449 Moysen
1618 423 1625 440 :
1642 414 1699 441 Vidi
1721 415 1886 449 aﬂlictioncm

1097 459 1187 491 populi
1202 459 1253 484 mei
1277 459 1305 484 in
1317 458 1433 494 Egi/pta
1447 479 1453 492 ,
1480 460 1620 486 clamorem
1637 460 1694 494 ejus
1708 460 1808 492 audivi,
1823 469 1886 495 pro-

1097 509 1155 536 pter
1166 503 1295 530 duritiam
1310 512 1410 536 corum,
1423 505 1468 539 qui
1483 510 1598 538 pra’sunt
1616 505 1736 539 operibus
1748 513 1756 532 :
1767 512 1791 533 et
1803 506 1886 533 sciens

1097 548 1214 576 dolorem
1227 550 1294 584 ejus,
1310 550 1429 577 descendi
1442 550 1554 576 liberare
1571 559 1612 577 eos
1629 551 1661 577 de
1672 552 1792 578 manibus
1801 551 1887 587 Egy-

1097 596 1223 629 ptiarum,
1244 601 1268 622 et
1282 596 1390 622 educare
1406 596 1438 622 dc
1451 601 1522 623 terra
1536 597 1583 623 illa
1599 597 1627 623 in
1638 602 1736 624 terram
1749 599 1843 625 bonam
1861 604 1886 626 et

1095 642 1251 674 speciosam.
1267 649 1324 676 qum
1339 642 1398 676 ﬂuit
1412 641 1481 668 lacte
1497 647 1521 668 et
1538 642 1613 669 melle
1624 642 1656 668 7°.
1673 642 1707 670 Et
1720 643 1782 678 quis
1790 644 1822 670 sit
1838 642 1884 678 qui

1095 687 1246 714 introducit
1259 688 1287 714 in
1307 688 1497 722 promissionis
1513 693 1613 715 terram
1634 689 1717 723 ‘llpse
1735 689 1822 722 Deus,
1840 690 1885 725 qui

1095 734 1153 761 htec
1170 734 1252 768 Moysi
1268 734 1386 761 ostendit
1402 743 1408 760 :
1426 734 1491 762 Ecce
1503 743 1549 770 ego
1565 735 1639 762 mitto
1653 735 1779 770 Angelum
1800 745 1886 763 meum

1094 782 1139 815 qui
1156 780 1287 814 prwcedat
1304 785 1328 807 te
1345 785 1369 806 et
1380 781 1511 807 custodiat
1533 785 1556 807 te
1571 781 1598 807 in
1612 782 1666 811 vin,
1686 787 1709 808 et
1737 774 1886 810 introducat

1094 829 1130 854 ad
1145 828 1229 854 locum
1244 836 1320 863 quem
1334 827 1427 861 parari
1437 827 1470 853 ⁷⁷.
1485 827 1618 860 Angelum
1633 827 1717 854 ﬁlium
1735 830 1884 863 appellans,

1094 875 1157 911 quia
1178 875 1345 902 voluntatem
1360 873 1439 901 nobis
1457 873 1544 901 Patris
1563 874 1753 907 annuntiavit,
1779 876 1813 902 de
1833 883 1884 910 quo

1097 922 1134 948 ait
1148 922 1231 948 lsaias
1248 930 1254 947 :
1273 920 1342 947 Puer
1361 925 1438 947 natus
1451 925 1487 947 cst
1506 920 1593 952 nobis,
1610 920 1681 954 ﬁlius
1694 921 1773 947 datus
1787 927 1824 948 est
1840 930 1886 947 no-

1098 968 1146 999 bis,
1167 967 1245 1001 cujus
1259 967 1421 1001 primiputus
1443 974 1522 1000 super
1533 968 1655 992 humeros
1670 967 1738 1000 ejus,
1752 971 1775 993 et
1797 967 1886 1001 appel-

1098 1015 1196 1042 labitur
1213 1022 1305 1041 uomcu
1321 1013 1377 1047 ejus
1395 1013 1484 1047 magni
1505 1012 1607 1039 consilii
1622 1011 1751 1047 Angelus,
1767 1013 1883 1039 admira-

1096 1062 1164 1093 bilis,
1192 1059 1370 1089 consiliarius,
1403 1058 1471 1085 Dcus
1499 1058 1622 1093 fortis".
1647 1058 1790 1090 Quomodo
1801 1058 1882 1089 enim,

1096 1115 1159 1136 cum
1176 1105 1335 1142 promiserit
1360 1104 1440 1137 Deus,
1460 1111 1509 1138 per
1530 1111 1560 1130 ea
1583 1111 1643 1138 qua:
1666 1103 1794 1137 superius
1816 1103 1886 1130 dicta

1095 1158 1169 1186 sunt,
1189 1151 1363 1179 introducere
1377 1150 1505 1185 populum
1520 1150 1546 1176 in
1561 1154 1672 1180 terram,
1693 1149 1812 1184 Angelus
1836 1149 1886 1176 hoc

1097 1200 1197 1231 facere,
1211 1202 1238 1225 ct
1249 1205 1303 1224 non
1323 1198 1381 1231 ipse
1395 1196 1440 1230 qui
1455 1195 1590 1230 promisit,
1611 1195 1736 1230 poterat?
1750 1195 1816 1227 Quis
1837 1202 1885 1221 au-

1096 1251 1161 1279 tem,
1173 1250 1201 1273 et
1216 1244 1264 1280 qui
1277 1243 1429 1275 descendit,
1447 1242 1505 1276 ipse
1521 1241 1600 1268 nobis
1613 1241 1706 1268 dicens
1721 1241 1780 1268 haec
1794 1241 1826 1267 ad
1839 1240 1882 1267 Ni-

1095 1293 1238 1321 codemum
1257 1289 1378 1317 ostendit
1393 1297 1399 1316 :
1417 1288 1501 1315 Nemo
1525 1288 1643 1314 ascendit
1658 1288 1685 1314 in
1702 1287 1794 1314 ctzlum
1809 1308 1816 1319 ,
1836 1287 1885 1314 nisi

1095 1340 1138 1375 qui
1155 1337 1285 1366 descendit
1306 1337 1338 1362 de
1352 1335 1425 1366 caelo,
1443 1334 1525 1361 Filius
1540 1334 1653 1360 hominis
1669 1334 1714 1369 qui
1733 1335 1761 1360 in
1775 1333 1838 1360 caelo
1850 1333 1884 1359 "'.

1094 1384 1176 1419 Atqui
1200 1383 1316 1410 necdum
1336 1381 1364 1408 in
1393 1381 1492 1408 cmlum
1521 1387 1583 1407 cum
1604 1387 1687 1407 carne
1713 1379 1885 1412 ascenderat,

1095 1430 1211 1458 necdum
1227 1428 1300 1456 enim
1318 1431 1476 1461 assumptus
1490 1430 1559 1459 erat,
1576 1426 1624 1453 sed
1639 1425 1847 1453 descensionem
1859 1429 1886 1452 et

1094 1475 1283 1503 ascensionem
1302 1473 1444 1508 pristinam
1460 1472 1535 1504 dicit,
1553 1472 1586 1498 de
1594 1480 1658 1506 qua,
1672 1472 1743 1498 sicut
1756 1471 1884 1502 diximus,

1094 1521 1177 1557 Moysi
1196 1521 1303 1548 locutus
1322 1523 1364 1546 est
1379 1529 1385 1545 :
1403 1518 1460 1546 Vidi
1472 1517 1639 1553 aﬂlictiunem
1660 1518 1750 1552 populi
1770 1518 1840 1550 mei,
1861 1521 1886 1543 et

1093 1568 1213 1596 descendi
1238 1567 1350 1593 liberare
1373 1573 1416 1591 eos
1435 1564 1467 1591 de
1483 1565 1604 1591 manibus
1617 1563 1813 1599 rEgyptiorum.
1836 1562 1887 1590 Hic

1054 1622 1075 1651 ο
1092 1623 1156 1650 ergo
1174 1613 1252 1640 nobis
1265 1617 1292 1639 et
1308 1619 1350 1644 ea,
1371 1618 1431 1645 quae
1442 1614 1606 1645 sequuntur,
1622 1610 1708 1637 dedit.

1126 1661 1177 1694 Qui
1198 1658 1324 1694 confregit
1353 1661 1461 1683 catenas
1486 1656 1615 1682 cervicum
1637 1661 1795 1682 vestrarum.
1817 1653 1886 1681 Tam

1092 1706 1196 1742 peccati
1211 1712 1292 1740 quam
1308 1702 1376 1737 legis
1395 1701 1493 1729 litterze
1510 1711 1516 1728 :
1536 1701 1566 1729 Ut
1578 1701 1733 1728 incederetis
1749 1701 1839 1727 erecti.
1857 1699 1885 1726 ld

1091 1758 1143 1784 est,
1159 1760 1220 1780 eum
1233 1749 1409 1782 conﬁdentia,
1424 1749 1487 1783 quia
1501 1748 1617 1776 virtutes
1628 1748 1707 1775 nobis
1722 1747 1782 1775 sine
1795 1747 1885 1781 aliqua

1091 1797 1263 1826 hazsitatione
1283 1794 1390 1830 operari
1406 1794 1491 1821 dedit.

1130 1845 1209 1871 Vens.
1223 1842 1316 1869 l-i-l'l.
1333 1851 1342 1867 ‹
1358 1841 1436 1874 Quod
1448 1840 1470 1867 si
1488 1847 1543 1866 non
1555 1839 1698 1867 audieritis
1713 1846 1768 1870 me,
1780 1845 1834 1864 nec
1843 1836 1886 1864 fe-

1092 1890 1184 1918 ceritis
1202 1888 1327 1916 mandata
1339 1895 1410 1920 mea,
1439 1886 1461 1913 si
1483 1886 1641 1921 spreveritis
1659 1885 1733 1919 leges
1754 1891 1840 1916 meas,
1858 1887 1887 1910 et

1089 1937 1192 1972 judicia
1208 1943 1267 1962 mea
1281 1933 1512 1968 contempseritis,
1539 1937 1568 1960 ut
1581 1939 1636 1959 non
1649 1931 1755 1958 faciatis
1768 1938 1810 1963 ea,
1824 1937 1886 1964 qua

1091 1991 1106 2009 a
1124 1990 1167 2009 me
1184 1981 1331 2008 constituta
1347 1984 1420 2009 sunt,
1437 1983 1465 2006 et
1479 1979 1512 2006 ad
1537 1978 1644 2006 irritum
1666 1977 1821 2013 perducatis
1837 1984 1886 2010 pa-

1092 2034 1166 2055 ctum
1183 2034 1285 2058 meum,
1296 2033 1346 2061 ego
1358 2033 1467 2060 quoque
1481 2025 1540 2052 haec
1555 2024 1652 2052 faciam
1663 2023 1749 2051 vobis.
1763 2023 1886 2050 Visitsbo

1092 2082 1139 2101 vos
1156 2073 1287 2100 velociter
1302 2073 1331 2099 in
1346 2076 1466 2107 egestate
1493 2075 1521 2098 et
1546 2070 1644 2097 ardore
1659 2091 1666 2102 ,
1695 2069 1741 2104 qui
1757 2068 1887 2096 conﬁciat

1091 2121 1185 2148 oculos
1198 2125 1313 2153 vestros,
1331 2123 1358 2146 et
1375 2122 1519 2146 consumat
1529 2117 1645 2144 animas.
1660 2117 1770 2143 Frustra
1788 2115 1885 2143 seretis

1092 2176 1204 2199 semen,
1224 2167 1297 2202 quod
1320 2167 1355 2194 ab
1378 2166 1501 2194 hostibus
1517 2165 1703 2192 devorabitur.
1722 2164 1825 2191 Ponant
1845 2163 1885 2190 ia-

1091 2215 1159 2241 ciem
1176 2221 1264 2241 meam
1279 2217 1374 2240 contra
1387 2220 1445 2244 vos,
1459 2216 1486 2239 et
1501 2212 1636 2239 corruetis
1648 2218 1740 2238 coram
1760 2209 1886 2236 hostibus

1092 2261 1202 2294 vestris,
1217 2265 1245 2287 et
1256 2259 1440 2295 subjiciemini
1453 2258 1485 2285 iis
1496 2258 1541 2293 qui
1557 2258 1675 2285 oderunt
1690 2265 1746 2284 vos.
1764 2255 1886 2291 Fugietis

1092 2307 1203 2334 nemine
1216 2309 1408 2341 persequente.
1425 2313 1434 2329 ι

1127 2354 1193 2386 Quae
1208 2353 1278 2380 bona
1293 2360 1350 2384 eos,
1361 2351 1407 2386 qui
1420 2350 1553 2378 obediunt
1566 2349 1612 2377 Dei
1629 2349 1776 2380 mandatis,
1787 2354 1885 2382 exspe-

1092 2405 1177 2432 ctant,
1198 2398 1368 2426 sufﬁcienter
1388 2397 1430 2424 lex
1456 2396 1582 2431 superius
1606 2395 1682 2422 dixit.
1704 2394 1770 2427 Quae
1793 2399 1884 2420 autem

1091 2445 1202 2472 evenire
1231 2442 1493 2478 transgredientibus
1520 2441 1685 2468 comminata
1704 2445 1756 2472 est,
1775 2447 1806 2466 ea
1823 2447 1885 2473 qua:

1055 2502 1076 2529 ι)
1091 2499 1166 2518 nunc
1181 2490 1343 2517 sanciuntur
1356 2509 1363 2521 ,
1393 2488 1551 2515 ostendunt.
1577 2487 1698 2520 Quorum
1722 2485 1833 2521 quando
1851 2486 1884 2511 ad

1089 2537 1207 2563 litteram
1227 2535 1332 2570 singula
1357 2534 1540 2566 discutimus,
1569 2533 1726 2560 invenimus
1753 2531 1885 2566 populum

1088 2583 1257 2614 .ludtcorum,
1273 2581 1371 2608 horum
1385 2588 1495 2615 passum
1511 2578 1634 2614 qumdam
1649 2578 1799 2605 secundum
1813 2577 1885 2603 litte-

1089 2637 1157 2661 ram,
1174 2627 1266 2655 omnia
1282 2631 1373 2653 autem
1389 2626 1540 2654 secundum
1564 2625 1702 2659 spiritum.

1124 2673 1199 2706 Quod
1220 2674 1243 2700 si
1260 2681 1311 2699 non
1333 2672 1472 2698 audieritis
1487 2679 1537 2703 me,
1559 2679 1605 2697 nec
1620 2669 1733 2705 feceritis
1754 2668 1883 2695 mandata

1090 2729 1162 2752 mea,
1189 2720 1211 2747 si
1234 2719 1384 2754 spreveritis
1405 2718 1472 2753 leges
1487 2726 1568 2750 meas,
1586 2722 1610 2743 et
1623 2716 1729 2751 judicia
1746 2723 1803 2741 mea
1818 2722 1881 2740 con~

1090 2762 1256 2801 tcmpseritis,
1276 2769 1303 2791 ut
1320 2773 1372 2791 non
1394 2765 1500 2801 faciatis
1524 2771 1566 2795 ea,
1584 2771 1641 2797 qum
1654 2771 1670 2788 α
1682 2770 1723 2788 me
1738 2761 1881 2787 constituta

1090 2817 1160 2845 strnt,
1178 2817 1201 2838 ct
1216 2813 1251 2838 ad
1268 2812 1372 2838 irritum
1388 2811 1538 2846 perducatis
1552 2814 1658 2845 pactum
1676 2816 1772 2834 mcum.

1316 2917 1339 2932 '”
1355 2915 1435 2943 Πολ-,1.
1453 2923 1514 2947 xm,
1533 2915 1549 2942 9
1599 2914 1623 2932 τ’
1638 2913 1702 2940 ibid.
1743 2912 1765 2928 "
1779 2911 1878 2938 Jerem.
