2056 3148
161 232 227 266 1145

721 235 763 266 ΙΝ
784 235 1003 267 LEVITICUM.
1017 248 1048 255 -
1067 236 1141 266 LIB.
1156 237 1222 268 Vll.
1249 262 1253 265 .

1724 235 1792 269 lllﬁ

193 293 245 326 Qui
261 300 315 321 non
336 293 451 321 audiunt
466 292 622 320 mandatum
639 291 696 326 Dei,
725 299 752 320 et
782 294 828 328 qui
845 294 948 328 judicia
965 298 986 324 Α
1001 294 1171 322 abscondere
1188 298 1332 330 poterant,
1360 295 1406 322 sed
1427 295 1582 322 clamabant
1608 295 1696 331 palam
1711 302 1792 331 atque

159 339 358 368 contemnunt?
375 339 426 366 nisi
446 340 491 374 qui
517 339 676 366 traditiones
692 340 833 366 seniorum
859 340 949 367 inten-

160 384 257 412 dentes
268 404 274 416 ,
286 389 313 412 et
330 384 493 420 legislatoris
509 385 688 412 intentionem
706 385 947 420 transgredientes,

160 431 194 458 ad
211 431 264 458 hoc
289 431 361 465 quod
384 431 424 457 eis
447 430 589 458 videbatur
601 431 685 465 legem
700 431 884 466 exponebant,
903 431 948 465 qui

159 475 297 508 dicebant,
316 476 387 502 sicut
399 475 591 502 aitDominus:
602 475 755 510 Quicunque
770 475 866 502 dixerit
879 475 950 509 patri

159 526 205 548 aut
220 521 322 548 matri:
340 519 444 547 Donum
469 521 641 556 quodcunque
654 529 685 547 ex
702 529 742 547 me
758 521 805 546 tibi
821 521 948 555 proderit,

159 573 183 594 et
198 575 249 594 non
260 567 442 601 houoriﬁcabit
453 572 554 601 patrem
576 575 652 593 suum
665 572 688 593 et
701 571 810 593 matrem
823 575 899 593 suam
908 567 948 592 3°:

158 613 186 640 id
209 617 273 646 est,
299 614 457 648 quicunque
476 613 575 640 dixerit
601 613 762 647 parentibus
781 622 788 640 :
804 613 871 639 Vota
887 617 951 640 sunt

161 659 216 685 Deo
236 666 268 686 ea
278 666 339 693 qua:
353 659 451 691 habeo,
466 658 517 693 ipsi
534 658 607 685 enim
625 666 656 685 ea
679 666 777 684 namus
793 662 820 684 et
835 657 950 684 oblatio-

159 711 223 731 nem
239 704 342 737 obtuli,
366 712 424 736 eos,
447 705 492 739 qui
515 708 726 740 generaverunt,
744 703 878 730 honorare
894 710 950 730 non

161 750 277 785 cogitur.
289 750 340 783 Qui
361 755 426 777 sunt
449 750 494 785 qui
510 758 564 777 non
577 750 637 784 ejus
652 750 741 776 omnia
757 749 860 776 faciunt
874 757 951 775 man-

161 796 242 824 data?
256 796 308 823 nisi
321 797 366 831 qui
385 803 492 823 anetum
506 801 529 823 et
543 797 675 831 cyminum
687 797 827 827 decimam,
843 800 867 822 et
878 803 951 821 men—

161 841 244 874 titam,
262 841 412 877 relinquunt
427 847 515 868 autent
528 842 676 876 judicium,
695 847 718 868 et
732 841 950 872 misericordiam,

160 892 185 913 et
200 887 331 920 ﬁdem“;
360 894 421 913 cum
446 886 515 913 Deus
537 887 576 914 eis
605 895 654 921 per
670 887 830 921 prophetam
854 887 925 913 dicat
943 895 949 912 :

160 932 288 959 Indicabo
303 932 365 966 tibi,
389 941 403 959 ο
418 933 504 966 homo,
530 932 593 968 quid
609 933 735 959 Dominus
749 937 852 967 quwrat
877 941 893 958 a
916 937 948 964 te,

161 978 250 1013 utique
264 979 351 1014 facere
363 978 494 1012 judicium
507 1000 514 1011 ,
531 983 555 1005 et
570 978 679 1013 diligere
693 979 911 1009 misericordiam,
927 982 951 1004 et
969 967 988 994 Β

160 1024 303 1050 sollicitum
323 1024 462 1050 ambulare
479 1032 538 1050 cum
556 1024 609 1050 Deo
630 1029 674 1050 tuo
688 1024 721 1051 ⁸¹.
750 1024 865 1058 Propter
880 1022 957 1058 quod

161 1069 291 1096 Dominus
306 1070 339 1096 ad
352 1077 409 1102 eos,
427 1075 521 1104 utpote
543 1077 597 1096 non
612 1070 703 1096 omnia
722 1070 867 1104 implentes
887 1069 952 1105 legis

160 1120 307 1150 pmcepta,
329 1116 377 1142 sed
401 1124 462 1150 quae
488 1117 549 1151 ejus
563 1122 628 1143 sunt
647 1116 738 1152 gravia
754 1117 950 1150 relinquentes.

160 1165 188 1187 et
203 1168 265 1195 quae
278 1161 390 1188 minima
403 1166 524 1196 agentes,
538 1161 662 1188 dicebat:
679 1160 740 1188 llzec
756 1161 898 1196 oportebat
912 1161 952 1188 fa—

161 1213 234 1237 cere,
249 1211 277 1233 et
293 1205 337 1232 illa
350 1213 405 1232 non
421 1206 558 1234 omittere.
583 1205 636 1233 Sed
651 1210 679 1232 et
703 1206 830 1233 mandata
847 1205 893 1233 Dei
915 1206 952 1233 illi

160 1252 272 1287 proprie
293 1252 539 1287 transgrediuntur,
562 1257 587 1279 ct
603 1252 643 1279 eis
662 1252 778 1290 maxime
793 1252 953 1279 inobedien-

163 1303 204 1325 tcs
217 1298 534 1332 sunt,quiaeateriorem
552 1299 648 1326 faciem
665 1306 771 1330 eorum,
790 1306 844 1326 non
860 1304 951 1325 autem

161 1345 342 1371 intentionem
352 1343 400 1370 Dei
415 1348 589 1370 conservant.
602 1343 711 1370 Planius
728 1351 792 1378 ergo
806 1343 912 1378 Aquila,
926 1347 953 1370 et

161 1389 351 1421 Theodotion,
380 1395 408 1417 et
428 1389 606 1425 Symmachus
621 1389 739 1416 edidisse
764 1389 952 1418 inveniuntur.

161 1436 227 1463 Nam
242 1436 288 1463 ille
304 1436 413 1473 quidem
429 1436 484 1463 ait:
504 1436 533 1463 Si
547 1437 687 1462 constituta
701 1444 758 1463 mea
774 1435 953 1469 reprobuvcri-

162 1482 211 1513 tis;
235 1482 274 1509 illi
290 1487 381 1509 autem
399 1491 404 1508 :
423 1481 451 1508 Si
470 1481 630 1508 subtilitate:
646 1490 716 1508 meas
731 1502 737 1514 ,
765 1482 791 1508 id
813 1486 872 1514 est,
896 1481 953 1516 agri

161 1527 244 1562 viam,
265 1529 415 1555 renueritis.
433 1528 561 1563 Dogmata
578 1532 670 1555 autem
685 1527 747 1561 Dei,
775 1532 801 1554 et
816 1527 953 1555 subtilita-

162 1579 217 1601 tem
230 1595 236 1606 ,
252 1581 313 1608 qua:
331 1574 358 1600 in
375 1573 489 1608 spiritali
513 1573 704 1600 mandatorum
731 1573 868 1600 intellectu
883 1577 952 1606 erat,

165 1619 413 1654 transgrediuntur,
430 1619 492 1654 quia
513 1619 589 1646 Novo
604 1618 780 1646 Testamento
794 1618 952 1651 concordat,

162 1664 301 1692 inﬁrmare
317 1664 502 1700 evangelicum
527 1663 641 1700 gratiam
666 1671 716 1698 per
742 1663 795 1691 hoc
818 1663 952 1696 volentes,

162 1711 233 1746 quod
254 1719 302 1738 eos
315 1719 433 1746 arguens
452 1711 490 1737 ait
505 1720 511 1738 ε

196 1757 230 1784 Et
243 1757 278 1783 ad
291 1757 396 1783 irritum
409 1757 561 1791 perducatis
577 1761 684 1790 pactum
699 1764 794 1783 meum.
808 1756 877 1789 Quid
889 1764 953 1791 ergo

162 1810 212 1837 pro
232 1803 284 1830 hoc
302 1802 421 1830 minatus
435 1803 497 1830 est?
517 1801 603 1829 Nimis
615 1802 688 1828 enim
704 1801 802 1828 similis
817 1809 896 1836 paena
912 1805 954 1828 est

162 1849 379 1884 pnevaricationi
393 1857 501 1876 eorum.
516 1848 571 1884 Ego
584 1856 685 1883 quoque
695 1849 750 1875 ha’c
758 1849 856 1884 faciant
871 1848 951 1874 vobis.

162 1894 326 1926 Quomodo?
342 1895 455 1922 Visitabo
475 1903 518 1922 vos
532 1895 653 1922 velociter
667 1895 694 1921 in
724 1899 849 1930 egestate.
867 1894 953 1921 Nimis

161 1941 233 1968 enim
251 1947 364 1976 egentes
375 1949 422 1969 eos
438 1941 568 1968 Dominus
583 1949 631 1975 per
647 1941 760 1967 verbum
777 1949 855 1968 suum
878 1941 950 1973 fecit,

162 1986 189 2012 in
205 1990 309 2013 tantum
323 1991 351 2013 ut
363 1986 395 2013 ad
409 1986 525 2013 invicem
541 1986 689 2026 dicerent}
708 1985 798 2012 Durus
814 1989 850 2011 est
868 1993 954 2011 sermo

161 2032 213 2065 hic,
233 2033 292 2067 quis
308 2037 390 2067 potest
403 2041 461 2059 eum
476 2032 571 2058 audire
581 2032 625 2058 ⁸³2
643 2031 721 2058 Sicut
732 2039 797 2066 ergo
807 2034 905 2066 sponte
916 2031 953 2057 le-

161 2079 201 2114 gis
214 2079 383 2106 intellectum
401 2079 673 2114 transgrediebantur
684 2099 691 2111 ,
720 2083 749 2105 ut
764 2077 952 2112 evangelicum

163 2129 357 2152 testamentum
387 2125 413 2152 in
443 2125 550 2151 irritum
566 2125 751 2157 deducerent,
781 2124 854 2159 quod
879 2124 954 2151 illine

162 2170 280 2197 habebat
294 2170 448 2203 exordium,
464 2171 504 2198 sic
518 2171 560 2197 eis
574 2174 601 2197 et
612 2170 669 2205 ipse
680 2170 795 2198 obscura
813 2170 896 2198 verba
910 2170 951 2197 di-

161 2215 250 2248 cebat,
265 2220 292 2243 et
306 2215 441 2243 difﬁcilem
456 2224 568 2244 suorum
581 2216 739 2252 dogmatum
753 2216 868 2244 faciebat
879 2224 953 2244 com-

162 2262 386 2297 prehensionem.
409 2262 462 2290 Sed
479 2263 536 2297 jam
552 2270 612 2297 qua:
626 2267 778 2297 sequuntur
789 2271 917 2298 agnosce.

1001 341 1188 375 praedicabant
1206 350 1212 368 ί
1229 341 1300 373 Quid
1315 341 1452 375 faciemus,
1479 341 1540 376 quia
1557 342 1598 368 hic
1617 342 1693 368 homo
1708 341 1792 368 multa

1001 387 1076 421 signa
1099 387 1186 419 facit?
1200 385 1227 412 Si
1244 386 1389 412 omittimus
1410 393 1468 412 cum
1483 387 1533 417 sic,
1552 386 1652 412 venient
1669 386 1791 417 Romani,

1001 437 1024 459 et
1048 431 1138 458 tollent
1156 436 1273 458 nostrum
1289 436 1312 458 et
1326 432 1411 458 locum
1432 436 1454 458 ct
1473 436 1574 466 gentem
1594 432 1627 458 ".
1645 432 1716 467 Ergo
1738 441 1793 460 non

1002 479 1064 513 quia
1084 478 1132 513 legi
1151 481 1198 504 aut
1211 477 1354 512 prophetis
1369 477 1506 504 contraria
1523 477 1649 510 docebat,
1667 486 1729 504 nam
1749 478 1792 505 ni-

1001 524 1053 551 mis
1068 523 1108 550 eis
1117 531 1237 550 consona
1250 523 1352 554 docuit,
1365 523 1412 549 sed
1427 522 1468 549 sui
1479 523 1580 551 amoris
1589 531 1681 555 causa,
1696 524 1793 558 suique

1001 577 1081 597 causa
1106 569 1230 604 negotii,
1257 569 1432 596 sermonibus
1457 569 1516 603 ejus
1537 577 1593 596 non
1617 571 1792 598 obediehant.

1002 615 1058 643 Hoc
1071 624 1136 651 ergo
1151 615 1268 650 perculsi
1281 615 1386 648 morbo,
1403 616 1497 642 oculos
1518 623 1583 643 suos
1599 617 1790 648 conﬁciebant,

1001 667 1027 689 et
1042 662 1147 688 animas
1163 661 1377 694 consumebant,
1401 670 1455 688 non
1481 663 1568 689 solum
1584 663 1792 690 exardesecntes

1002 708 1104 741 lurore,
1119 712 1146 735 et
1166 707 1265 734 invidia
1284 708 1421 742 corrupti,
1440 708 1487 735 sed
1512 714 1541 735 nt
1557 709 1642 735 semel
1662 709 1791 736 inﬁrmati

1002 759 1104 786 mente,
1129 758 1155 780 et
1169 754 1347 789 cogitationes
1365 762 1420 780 non
1435 754 1517 782 nimis
1536 762 1616 781 sanas
1631 755 1663 781 ad
1693 755 1792 782 disrre-

1004 801 1105 828 tionem
1122 800 1255 827 factorum
1285 800 1454 827 dictornmvc
1476 800 1608 827 habentes
1623 821 1630 832 ,
1646 800 1739 827 verbis
1765 804 1794 827 et

1003 848 1143 875 miraculis
1155 868 1162 880 ,
1191 847 1335 875 interiores
1353 856 1416 875 suos
1432 848 1527 875 oculos
1544 848 1737 880 conﬁciebant,
1767 852 1794 874 et

1002 894 1121 920 animam
1143 893 1359 926 consumebant,
1381 893 1417 920 ita
1441 897 1471 920 ut
1486 894 1518 920 ad
1537 902 1599 920 cum
1615 894 1767 920 clamarent
1785 902 1792 920 :

1006 941 1141 975 Usquequo
1157 940 1276 966 animum
1290 944 1407 966 nostram
1425 939 1514 966 tollis?
1534 939 1562 966 Si
1581 944 1607 966 tu
1624 948 1649 966 cs
1665 939 1792 971 Christus,

1003 987 1045 1013 dic
1060 986 1132 1012 nobis
1151 986 1243 1020 palam
1257 985 1290 1012 ³⁵.
1313 985 1390 1018 Quod
1408 986 1502 1020 utique
1514 985 1611 1012 animae
1627 984 1795 1011 inﬁdelitatis

1002 1032 1205 1066 eonsurnptioni
1230 1032 1405 1066 subjacentes
1428 1036 1517 1058 erant.
1544 1030 1598 1057 Sed
1623 1034 1650 1057 et
1673 1029 1795 1056 Joannes

1003 1078 1061 1104 haec
1075 1077 1110 1104 de
1130 1077 1170 1103 eis
1191 1076 1256 1104 dicit
1272 1085 1278 1102 :
1296 1076 1444 1110 Propterea
1462 1083 1515 1102 non
1532 1078 1657 1109 poterant
1670 1073 1794 1101 credere.

1003 1124 1055 1157 Qui
1070 1131 1165 1151 rursus
1189 1123 1255 1150 dicit
1277 1122 1358 1150 Isaias
1371 1131 1378 1148 :
1391 1122 1467 1149 Casta
1492 1130 1536 1148 cor
1559 1121 1648 1155 populi
1664 1121 1753 1155 hujus,
1771 1124 1795 1146 et

1004 1177 1082 1196 aures
1096 1169 1153 1203 ejus
1172 1177 1287 1204 aggrava
1300 1187 1308 1201 ,
1329 1176 1360 1194 ne
1376 1167 1481 1203 quando
1505 1166 1587 1193 oculis
1604 1167 1658 1193 auis
1678 1166 1795 1198 videant,

1003 1220 1028 1242 et
1048 1215 1156 1241 auribus
1181 1214 1309 1246 audiunt,
1332 1218 1355 1240 et
1372 1213 1450 1240 corde
1469 1212 1617 1247 intelligant
1633 1212 1666 1238 ⁸⁸.
1687 1211 1794 1243 Cernis,

1003 1261 1066 1296 quia
1081 1260 1310 1296 quemadmodum
1334 1259 1458 1286 fecerunt
1481 1259 1544 1293 ipsi.
1568 1258 1607 1285 sic
1623 1262 1651 1285 et
1670 1257 1795 1285 Christus

1004 1308 1044 1335 eis
1062 1307 1138 1335 fecit.
1159 1306 1227 1339 Quia
1250 1306 1324 1334 enim
1347 1306 1407 1341 ejus
1425 1305 1533 1332 irritum
1559 1304 1648 1332 facere
1672 1308 1794 1338 pactum.

1005 1353 1063 1380 sive
1081 1357 1274 1380 testamentum
1291 1351 1468 1383 studuerunt,
1494 1355 1568 1378 recte
1585 1358 1680 1377 eorum
1702 1349 1796 1376 oeulos

1004 1403 1033 1426 et
1046 1406 1093 1426 cor
1109 1398 1302 1430 excacavit,et
1310 1397 1435 1424 ardorem
1448 1397 1506 1424 sive
1521 1397 1628 1431 ἴκτερον
1645 1395 1795 1422 conficien-

1005 1449 1061 1472 tem
1077 1443 1173 1471 oculos
1186 1451 1292 1476 eorum,
1309 1447 1335 1470 et
1350 1443 1455 1470 animas
1467 1445 1675 1469 consumentem
1691 1440 1731 1468 eis
1747 1440 1796 1467 de-

1005 1488 1054 1515 dit.
1079 1487 1133 1514 Sed
1146 1487 1214 1521 quid
1231 1487 1264 1514 iis
1278 1486 1400 1514 addidit?
1747 1479 1750 1482 ’

1041 1534 1152 1561 Frustra
1168 1538 1309 1560 sementem
1323 1534 1425 1564 teretia,
1442 1541 1500 1568 quit
1511 1533 1544 1559 ab
1556 1533 1672 1560 hostibus
1685 1533 1797 1559 devora-

1006 1579 1087 1605 bitur.
1109 1577 1221 1606 Frustra
1237 1578 1310 1606 enim
1331 1578 1384 1606 illis
1400 1579 1595 1613 prophetarum
1612 1583 1639 1606 et
1654 1578 1721 1614 legis
1733 1585 1796 1613 pro-

1006 1623 1098 1650 ferunt
1118 1623 1222 1650 semina
1236 1644 1244 1655 ,
1267 1628 1294 1650 et
1311 1623 1465 1652 doctorales
1487 1623 1563 1651 illinc
1580 1624 1718 1651 scminant
1737 1630 1797 1651 ser-

1005 1677 1113 1702 mones,
1137 1676 1192 1696 nou
1210 1669 1343 1696 habentes
1361 1673 1459 1696 terram
1476 1668 1594 1696 fertilem
1620 1668 1653 1695 ad
1666 1667 1798 1703 intelligi-

1004 1714 1100 1741 bilium
1116 1713 1274 1748 dogmatum
1292 1713 1409 1740 fructum
1426 1722 1432 1740 :
1449 1712 1522 1740 unde
1546 1720 1597 1739 nec
1614 1712 1676 1739 cibo
1700 1717 1796 1737 eorum

1005 1759 1145 1792 fruuntur,
1162 1759 1209 1787 sed
1223 1759 1357 1787 devorant
1374 1766 1405 1786 ea
1420 1757 1568 1786 adversarii
1585 1765 1681 1784 eorum
1704 1756 1750 1790 qui
1768 1755 1796 1782 in

1004 1806 1114 1836 Christo
1138 1806 1265 1838 credunt,
1279 1813 1348 1840 quos
1365 1805 1416 1840 ipsi
1437 1804 1489 1832 sibi
1503 1812 1552 1838 per
1566 1802 1755 1830 inﬁdelitatem
1769 1806 1798 1829 et

1005 1853 1136 1880 invidiam
1155 1852 1308 1880 contrarios
1325 1851 1460 1879 fecerunt.

1041 1898 1074 1925 Et
1091 1907 1188 1933 ponam
1204 1898 1300 1933 facirm
1318 1906 1404 1924 meam
1430 1901 1522 1923 contra
1551 1904 1605 1923 vos.
1638 1894 1795 1921 Secundum

1004 1944 1193 1980 propheticam
1220 1944 1292 1970 illam
1319 1951 1436 1971 vocem:
1460 1941 1553 1968 Vultus
1581 1946 1671 1967 autem
1690 1939 1796 1966 Domini

1003 1999 1083 2025 super
1096 1990 1220 2025 facientes
1234 1989 1306 2016 mula
1318 2009 1325 2022 ,
1340 1994 1368 2015 ut
1385 1988 1478 2022 perdat
1499 1987 1531 2014 de
1548 1992 1621 2013 terra
1641 1986 1796 2012 memoriam

1005 2044 1095 2063 eorum
1106 2035 1141 2062 ⁸⁷.

1039 2082 1073 2109 Et
1088 2081 1214 2108 corruetis
1229 2089 1317 2108 coram
1329 2080 1445 2106 hostibus
1465 2078 1566 2105 vestris.
1581 2077 1702 2104 Gentiles
1710 2076 1795 2105 enim.

1004 2136 1075 2164 quos
1087 2128 1213 2155 inimicos
1229 2127 1279 2154 sibi
1298 2127 1434 2161 judicant,
1459 2132 1551 2152 coram
1568 2124 1608 2152 eis
1632 2123 1751 2154 cadunt,
1768 2122 1795 2148 in

1005 2174 1092 2202 salute
1109 2181 1204 2201 eorum
1220 2172 1403 2200 olTendentes.
1425 2171 1503 2199 Unde
1521 2170 1699 2206 Symmachus
1711 2190 1719 2200 ,
1746 2175 1797 2203 pro

1005 2221 1112 2252 cadetis,
1135 2219 1270 2254 a/fendetis
1283 2239 1290 2250 ,
1315 2219 1362 2250 ait,
1380 2222 1440 2244 ante
1459 2217 1579 2245 inimicos
1597 2220 1704 2243 vestros.
1726 2213 1796 2247 Quid

1005 2273 1096 2294 autem
1112 2266 1185 2293 aliud
1204 2265 1329 2292 addidit?
1346 2264 1537 2299 Persequentur
1554 2271 1607 2294 vos,
1621 2261 1680 2288 odio
1697 2261 1795 2287 haben-

197 2307 230 2335 Et
249 2308 345 2335 ardore
361 2308 405 2342 qui
418 2308 538 2342 conficiat
554 2308 641 2334 oculos
653 2312 758 2335 vestros.
771 2308 833 2335 Sive
852 2315 950 2335 secun-
968 2308 989 2335 D
1005 2320 1041 2342 ιεε
1056 2323 1110 2347 vos,
1124 2319 1148 2340 ει
1165 2313 1270 2349 fugietis
1284 2312 1356 2339 nullo
1367 2315 1546 2346 persequente.

162 2354 226 2381 dum
244 2353 421 2389 Septuaginta
434 2363 440 2381 :
455 2353 588 2386 Scabiem,
607 2359 630 2381 et
643 2354 760 2381 morbum
776 2354 873 2389 regium
891 2363 952 2381 con-

161 2405 292 2428 sumente:
306 2400 393 2426 oculos
403 2405 510 2432 vestros,
524 2400 669 2434 obﬁrmabo
685 2408 764 2434 super
774 2408 827 2426 vos.
840 2399 952 2427 Scabies

162 2451 254 2474 autem
269 2446 382 2474 morbus
397 2451 438 2473 est
452 2446 587 2481 corporis,
605 2446 652 2473 sed
664 2446 835 2479 manifestus,
858 2446 884 2472 in
905 2454 953 2473 su-

163 2493 275 2527 perﬁcie
288 2493 380 2520 carnis
397 2497 424 2519 et
437 2493 513 2520 corio
525 2493 585 2527 ejus
602 2492 760 2519 decurrens.
780 2492 889 2519 Morbus
904 2500 954 2519 au-

162 2543 215 2565 tem
229 2538 329 2574 regius,
341 2539 367 2566 id
379 2542 431 2571 est,
442 2538 558 2573 ῐκτερος,
572 2538 601 2565 ﬁt
614 2538 724 2572 quidem
736 2546 769 2565 ex
780 2538 952 2566 aecensione.

163 2583 324 2612 Manifestus
341 2589 432 2612 autem
455 2585 500 2612 hic
514 2588 568 2617 est,
585 2585 613 2611 in
642 2584 787 2619 superﬁcie
811 2584 900 2612 carnis
927 2589 954 2612 et

162 2631 240 2665 pellis
257 2631 418 2663 decurrens,
447 2636 475 2658 et
502 2631 588 2658 multo
612 2631 698 2665 magis
713 2631 799 2658 oculis
821 2630 952 2658 insidens.

162 2676 260 2704 Latere
275 2682 367 2704 autem
385 2677 541 2705 morborum
557 2682 654 2704 neuter
669 2681 768 2712 potest.
783 2677 862 2704 Tales
877 2682 954 2704 erant

162 2723 315 2750 animarum
340 2723 516 2750 Judaicarum
537 2723 645 2756 morbi,
671 2724 808 2753 manifesti
825 2729 853 2751 et
876 2724 952 2756 mali,

162 2775 189 2797 et
203 2776 376 2803 nequaquam
397 2769 466 2796 ultra
482 2769 608 2797 latentes.
628 2769 800 2797 .‘Etnulantes
811 2770 883 2796 enim
900 2770 952 2797 Do-

163 2817 228 2843 mini
249 2817 332 2844 verba
351 2822 378 2844 et
408 2817 559 2851 miracula,
587 2825 642 2844 non
665 2818 719 2852 jam
750 2818 860 2845 morbos
887 2826 951 2845 suos

198 2916 221 2933 "
237 2917 318 2945 .\lare.
334 2926 380 2951 vlt,
397 2919 440 2946 Η.
479 2918 500 2934 ⁸¹
515 2917 610 2946 Matth.
627 2927 703 2949 mn.
721 2919 766 2945 225.

161 2946 184 2963 η
198 2917 380 2963 ἱξᾼὶῐεξιςαιψ,
397 2919 461 2963 lui.“
515 2917 610 2963 Matth.
627 2919 776 2963 ξξιιικξὶξζ.
841 2917 927 2963 lilii-li.
942 2927 983 2963 Ivi,
1001 2919 1027 2947 8.
1063 2919 1086 2936 ⁸³
1101 2919 1225 2953 Joan.\'l,
1244 2918 1288 2947 6i.

202 2952 253 2981 lsa.
269 2961 306 2987 vt,
325 2955 366 2981 ιυ.
404 2955 425 2970 ⁸⁷
443 2954 511 2982 l‘sal.
528 2955 666 2987 xxxm,l7.
698 2955 728 2992 f‘"
748 2953 864 2989 l'hilipp.
886 2962 924 2987 nt,
942 2955 982 2982 Ν,

1041 2361 1090 2388 llic
1104 2359 1307 2395 quodammodo
1322 2357 1490 2386 contrarium
1505 2363 1566 2382 csse
1589 2354 1699 2381 videtur
1722 2352 1794 2387 quod

1004 2408 1115 2435 dicitur.
1136 2406 1163 2433 Si
1181 2406 1252 2433 enim
1268 2405 1302 2432 ab
1318 2404 1444 2431 hostibus
1455 2401 1673 2437 persecutionem
1687 2398 1794 2434 patiun-

1006 2459 1060 2485 tur,
1075 2452 1211 2487 quomodo
1220 2451 1295 2477 nullo
1308 2452 1491 2484 persequente
1506 2446 1636 2482 fugiunt?
1652 2444 1716 2477 Sed,
1732 2451 1794 2478 pcr-

1005 2503 1155 2534 sequentur
1173 2504 1221 2524 vos
1234 2517 1240 2529 ,
1263 2504 1318 2523 non
1335 2495 1368 2522 ad
1385 2493 1579 2529 expellendum
1594 2491 1734 2526 legislator
1750 2496 1794 2516 ac-

1005 2543 1099 2578 cepit:
1118 2542 1166 2569 sed
1186 2541 1249 2576 quia
1264 2540 1401 2568 currendo
1425 2539 1610 2569 imminerent,
1627 2537 1659 2563 ad
1680 2535 1793 2563 salutetur

1005 2595 1099 2615 eorum
1116 2587 1289 2614 festinantes.
1306 2585 1394 2617 Unde,
1410 2587 1610 2620 persequentur
1622 2590 1679 2614 vos,
1697 2581 1726 2608 In
1741 2589 1791 2607 ser-

1005 2635 1112 2662 vitutem
1129 2633 1244 2668 redigent
1260 2631 1518 2667 vos,Symmachus;
1533 2629 1666 2656 Ermliunt
1683 2636 1698 2654 a
1715 2627 1794 2658 vubis,

1005 2679 1175 2707 Theodotion
1193 2679 1289 2706 edidit.
1310 2678 1403 2705 Talem
1416 2677 1495 2704 nobis
1512 2680 1539 2704 et
1556 2675 1655 2702 Paulus
1666 2682 1795 2710 persecu-

1007 2725 1108 2752 tionem
1127 2716 1297 2751 demonstrat
1312 2732 1318 2750 :
1335 2721 1437 2758 Sequar
1458 2727 1548 2748 autem
1562 2741 1569 2752 ,
1589 2721 1612 2748 si
1629 2719 1797 2754 comprehcu.

1006 2771 1078 2803 dant,
1096 2770 1123 2796 in
1138 2777 1188 2804 quo
1205 2774 1228 2795 ct
1240 2769 1438 2803 comprehensus
1450 2767 1550 2797 sum“.
1567 2766 1668 2794 Gentes
1678 2773 1753 2799 ergo,
1768 2769 1796 2790 ot

1005 2816 1076 2844 sicut
1085 2815 1169 2843 David
1177 2815 1211 2843 de
1225 2814 1457 2848 .ludteis,dicnnt:
1469 2811 1563 2841 Nmne
1577 2812 1622 2846 qui
1635 2816 1659 2838 te
1673 2810 1795 2841 mittunt,

1329 2918 1351 2935 “
1366 2917 1432 2947 Luc.
1450 2916 1536 2953 11,“.
1569 2915 1592 2932 ⁸⁸
1607 2914 1685 2943 Joan.
1705 2920 1733 2946 x,
1748 2912 1794 2942 2t.
