2056 3148
243 199 313 233 1147

841 203 1024 234 ΠΕΞΥΕΗΙΙ
1043 204 1283 235 PRESBYTERI

1812 202 1881 236 1H8

241 259 322 291 Deus,
343 259 449 285 oderam
473 257 531 283 illos
546 256 588 284 qs‘?
607 257 798 285 Verumtamen
825 266 921 286 eorum
951 260 1034 287 instat
1050 263 1071 290 Α
1087 262 1168 287 totius
1185 260 1330 295 prmsentis
1345 259 1406 286 vita:
1421 259 1507 293 ﬁgura
1521 263 1573 289 est,
1589 263 1617 285 et
1631 258 1738 294 signum
1753 265 1804 292 est,
1818 267 1879 296 qua!

241 305 336 336 saluti,
348 304 514 337 festinatque
533 308 557 330 et
575 308 645 336 erat,
662 304 713 331 srit
725 304 797 330 ettim
812 303 879 336 Quia
891 306 1035 338 assumptio

241 359 342 381 cat-unt,
353 351 422 377 sTcut
435 349 470 375 ait
483 348 593 381 Paulus,
612 351 663 376 ritu
679 354 716 376 est
733 358 764 376 ea;
782 350 901 382 mortuis,
914 355 937 376 ct
953 350 1037 385 pleni-

242 395 303 422 tttrlo
318 403 418 427 eurum,
437 394 519 422 salus
529 395 619 421 minuit
632 395 664 422 ’°.
683 395 714 421 lli
728 399 819 422 autent
837 395 946 430 fugiunt
961 396 1036 422 nullo

242 445 433 475 persequente.
456 441 513 467 Non
528 441 600 467 enint
634 441 865 475 quemadmodum
883 441 919 467 illi
936 445 1037 468 nostra:

241 487 320 514 saluti
338 487 470 518 invident,
481 487 522 514 sic
534 492 561 513 et
575 495 625 513 nos
638 487 758 516 illorth
768 487 840 514 unde
855 495 902 514 eos
913 495 965 514 nec
977 495 1038 522 per-

241 532 398 567 sequimur,
417 540 468 559 ttec
492 540 555 558 cunt
582 540 632 558 nos
659 537 838 564 aversantur,
865 540 1035 564 aversantur,

240 578 288 605 sed
315 578 461 613 implentus
492 578 564 613 quod
595 577 678 604 isaias
696 578 829 612 propheta
845 578 934 605 dixit:
952 578 1037 605 Dicite

241 624 390 650 at'lit'tttiirus
408 632 453 650 eos
468 624 595 658 fratribus
610 624 712 655 vestris,
729 629 752 650 et
768 624 990 655 abominantibus,
1008 629 1035 651 ttt

242 676 333 694 natura
347 669 452 703 Domini
466 668 637 703 gloriﬁretur,
648 673 671 694 et
685 669 804 695 vitientur
820 670 846 695 in
860 669 1037 696 exsultatione

242 722 342 746 eorum,
358 719 381 741 ct
398 714 438 740 illi
453 714 605 741 erubescant
618 715 651 741 ".

279 759 361 786 Vens.
377 760 468 787 18-εὲ6.
485 760 549 786 «Sin
560 765 650 787 autent
663 768 715 787 nec
732 761 771 788 sic
786 761 943 788 olzedieritis
958 762 1036 794 tttilti,

242 806 339 832 addam
352 805 541 840 correptiones
557 810 662 833 vestras
675 806 830 840 septuplum
846 812 957 842 propter
972 814 1037 842 prc-

242 856 302 878 cata
323 857 425 884 vestra,
439 855 466 878 et
481 856 622 879 conteram
639 851 766 878 duritiam
783 852 918 885 superbia:
930 859 1036 885 vestrm,

242 898 367 932 daboque
380 898 479 925 emittm
495 897 572 924 vobis
586 897 714 932 desuper,
731 898 802 924 sicut
817 898 931 930 ferrum,
947 902 974 924 et
988 903 1038 925 ter-

1087 313 1135 339 per
1151 304 1337 339 septenariutn
1356 311 1500 330 numerum
1518 303 1646 330 volvitur.
1662 303 1764 338 thuia
1774 309 1878 338 septem

1087 350 1127 377 eis
1144 350 1333 384 correptiones
1350 350 1407 376 sive
1430 349 1565 376 vindictas
1584 349 1627 375 vel
1651 349 1743 384 plagas
1765 349 1878 382 inferre,

1087 396 1272 423 omnimodam
1287 403 1405 430 pmttam,
1425 400 1451 422 et
1462 395 1595 430 integrata
1614 394 1770 426 vittdictatn,
1784 401 1880 429 utpote

1087 450 1142 468 ttott
1159 442 1273 469 venialia
1290 449 1341 468 ttec
1357 441 1520 476 pmttitentia
1536 441 1619 475 digna
1633 441 1810 474 peccantibus
1828 440 1880 468 nti-

1088 493 1168 515 natus
1187 492 1238 519 est,
1255 488 1291 514 ita
1309 492 1335 513 ut
1354 488 1435 513 linem
1453 487 1480 513 itt
1497 487 1536 513 eis
1562 486 1627 513 illttd
1654 487 1791 520 acciperet
1815 494 1879 522 pro-

1088 524 1226 568 pheticum
1241 532 1381 567 eloquium
1400 541 1405 559 :
1422 531 1491 564 Quid
1520 532 1642 567 rogi/(itis
1666 537 1757 558 contra
1790 532 1880 559 Domi-

1089 587 1150 605 num
1162 579 1202 605 πῖ)
1212 578 1482 605 Consuntmationem
1495 578 1553 613 ipse
1563 578 1652 610 faciet,
1666 585 1719 605 non
1734 582 1880 613 consurget

1088 625 1188 658 duplex
1205 624 1354 656 tribulatio,
1367 625 1430 658 quia
1445 625 1516 651 sicut
1530 624 1617 658 spina:
1631 631 1659 650 se
1674 624 1791 651 invicem
1803 631 1880 650 enm-

1089 671 1254 706 plccluntur,
1268 671 1308 698 sic
1319 670 1473 697 convivium
1485 670 1592 696 illorum
1605 670 1707 704 pariter
1716 670 1879 704 potantiutn,

1088 721 1286 744 constituentur
1302 716 1380 750 quasi
1407 716 1506 751 stipula
1531 715 1657 742 ariditate
1678 716 1769 749 plena.
1793 714 1831 741 Ex
1854 720 1881 742 te

1089 760 1183 792 exibit,
1199 760 1323 794 cogitans
1338 764 1433 786 contra
1458 759 1602 786 Dominum
1621 759 1751 785 malitiam
1766 779 1772 791 ,
1788 763 1882 785 mente

1088 814 1131 840 pet
1141 810 1259 832 tractans
1276 805 1541 840 przevaricationem.
1561 805 1582 831 A
1597 813 1651 838 quo
1667 810 1758 831 autent
1777 805 1881 839 cogita—

1090 851 1127 878 tio
1141 857 1234 879 cotttra
1254 852 1398 878 Dominum
1419 860 1528 887 egressa
1545 857 1596 883 est,
1612 851 1682 878 tttala
1699 851 1837 886 cogitans.
1854 855 1882 878 et

1090 898 1226 924 contraria
1246 898 1392 933 praeceptis
1413 899 1481 933 ejus.
1509 897 1560 924 nisi
1585 898 1686 933 populo
1700 897 1882 924 Judmorum?

243 951 298 970 ram
317 951 432 971 teneam.
453 944 638 971 Consumetur
663 943 800 970 incassum
830 944 907 971 labor
933 948 1036 971 vcslcr.
1054 940 1074 967 Β
1089 943 1123 971 de
1139 952 1194 978 (ιιιο
1209 944 1292 971 Isaias
1312 945 1438 972 dicebat:
1458 944 1500 971 Vw
1515 944 1584 976 illis,
1602 944 1663 979 quia
1683 943 1822 970 consilium
1839 951 1884 970 co-

242 989 300 1016 Non
316 989 437 1024 proferet
455 994 526 1016 terra
544 997 667 1024 germen,
680 997 731 1016 nec
745 990 858 1017 arbores
870 998 948 1024 pottta
965 998 1036 1025 prae-

241 1036 355 1062 bebunt.
375 1035 403 1062 Si
419 1036 625 1063 atnbuiavcritis
644 1044 676 1062 ex
697 1036 812 1063 adverso
831 1036 908 1069 Inibi,
923 1045 974 1064 nec
989 1045 1036 1063 vo-

241 1081 347 1108 lueritis
374 1081 469 1107 audire
495 1089 556 1114 nte,
585 1081 683 1108 addam
711 1081 803 1116 plagas
826 1086 931 1108 vestras
950 1089 1036 1116 usque

241 1127 396 1162 Sl‘plllplllltl
420 1132 531 1162 propter
554 1132 664 1162 peccata
683 1131 771 1154 vestra
791 1136 797 1154 :
814 1129 992 1163 entittamquc
1008 1129 1035 1155 in

241 1180 290 1199 vos
306 1173 391 1199 tnalas
404 1172 507 1200 bestias
532 1173 600 1207 agri,
617 1180 677 1207 quae
702 1177 864 1199 consumant
883 1177 910 1199 et
936 1180 983 1199 vos
1009 1177 1037 1199 et

241 1225 340 1252 pecora
359 1223 448 1245 vestra
461 1238 469 1249 ,
498 1221 524 1244 et
545 1218 577 1244 ad
595 1218 760 1252 paucitatem
782 1222 878 1244 cuncta
902 1218 1034 1252 redigant,

242 1264 412 1299 dCSertrque
426 1265 492 1290 liant
510 1264 560 1290 vite
572 1269 680 1290 vestrae.
696 1263 774 1296 Quod
787 1263 809 1290 si
826 1272 877 1290 ttcc
893 1264 930 1291 sic
946 1265 1037 1292 volue-

243 1310 305 1338 ritis
323 1310 447 1345 rccipere
459 1309 643 1344 disciplinam,
661 1310 708 1336 sed
720 1310 927 1337 ambularet-itis
942 1318 974 1337 ex
989 1310 1037 1337 ad-

244 1364 324 1384 verso
341 1356 405 1383 milii
417 1376 424 1388 ,
450 1363 500 1391 ego
519 1363 628 1390 quoque
643 1361 737 1382 contra
751 1363 800 1382 vos
816 1355 948 1382 adversus
963 1355 1037 1382 ince-

241 1402 316 1434 dant,
330 1407 356 1429 et
367 1402 517 1436 percutiam
526 1409 574 1428 vos
584 1401 685 1436 septies
695 1405 806 1436 propter
814 1406 925 1436 peccata
935 1406 1037 1433 vestra,

244 1448 426 1482 inducantque
439 1455 522 1483 super
533 1455 581 1474 vos
592 1447 710 1482 gladium
725 1447 843 1474 ultorem
853 1447 964 1474 foederis
972 1447 1036 1474 mei.

242 1494 368 1529 Cumque
386 1493 564 1528 eontugeritis
579 1493 612 1520 ad
633 1493 724 1525 urbes,
737 1493 843 1520 mittam
856 1493 1037 1527 pestilentiam

243 1538 272 1566 iit
290 1539 379 1566 tttedio
399 1538 479 1565 \estri
494 1559 501 1572 ,
532 1542 559 1565 et
577 1538 722 1565 tradentini
743 1538 863 1565 hostium
892 1538 1038 1565 manibus:

245 1584 566 1619 postquamronlregero
585 1584 711 1611 baculum
729 1584 808 1618 panis
824 1584 928 1617 vestri,
956 1584 990 1611 ita
1010 1589 1040 1611 ut

243 1631 339 1658 decem
358 1630 490 1656 mulieres
504 1631 531 1656 itt
544 1629 652 1656 clibano
668 1635 787 1664 coquent
803 1637 888 1664 panes
900 1650 907 1661 ,
926 1634 954 1656 et
973 1630 1036 1657 rcd-
1052 1614 1073 1643 c

242 1676 311 1702 deut
335 1682 383 1702 eos
408 1675 441 1702 ad
459 1675 577 1709 pondus,
594 1678 621 1701 et
646 1675 796 1702 comedetis
811 1695 817 1707 ,
847 1679 874 1702 et
891 1683 946 1702 non
961 1680 1037 1703 satu-

244 1720 384 1748 rabitttitti.
405 1729 414 1745 ι
476 1723 478 1725 ’

279 1765 392 1792 Talibus
427 1765 653 1792 distinctionibus
681 1773 737 1792 non
765 1765 864 1792 frustra
899 1766 1038 1801 legislator

248 1820 312 1839 usus
332 1816 383 1843 est,
398 1819 460 1838 naut
475 1819 549 1839 ttunc
565 1812 676 1847 quidem
695 1812 733 1839 ait
751 1821 757 1840 :
778 1812 826 1839 Sin
841 1817 929 1840 autem
942 1821 987 1840 nec
1001 1814 1038 1840 sic

242 1858 394 1885 ubedieritis
408 1858 484 1884 milii.
513 1858 614 1896 Deinde
640 1858 771 1892 quasdant
787 1859 975 1893 correptiones
991 1858 1038 1886 de-

245 1910 394 1930 numerans
410 1902 549 1930 subitifert
566 1913 572 1929 :
589 1902 617 1930 Si
646 1903 848 1930 antbttlaecritis
871 1913 903 1930 ex
930 1906 1037 1931 adverso

245 1949 319 1975 milii.
342 1948 375 1975 Et
390 1956 485 1975 rursus
501 1948 567 1975 alias
577 1948 669 1984 plagas
685 1957 836 1983 exponens,
852 1949 947 1976 addit:
964 1948 1039 1981 Quod

243 1994 266 2020 si
281 2002 326 2020 nec
336 1994 471 2020 volueritis
484 1994 598 2028 recipere
619 1995 786 2029 disciplinam
798 2015 805 2028 ,
820 1995 864 2022 sed
881 1994 1036 2021 ambulave-

245 2039 303 2065 ritis
318 2047 349 2065 ex
361 2039 471 2066 atlrerso
491 2039 565 2066 nti/ti.

281 2085 334 2113 Sed
361 2086 422 2113 ideo
433 2107 440 2118 ,
467 2089 496 2112 ιιι
512 2085 631 2113 diximus
643 2107 650 2119 ,
675 2086 718 2114 his
731 2086 954 2116 distinctionibus
970 2097 1036 2117 usus

243 2137 306 2164 est,
333 2132 396 2166 quia
412 2133 571 2167 frequenter
585 2132 712 2160 Christus
736 2134 877 2168 suscipere
904 2135 1035 2170 populum

244 2177 402 2205 Judazorutn
415 2177 509 2210 voluit,
527 2178 565 2204 illi
585 2183 675 2205 autem
695 2187 747 2205 non
763 2179 939 2213 obediebant,
959 2180 994 2207 ita
1009 2183 1041 2207 ut

247 2222 280 2249 ad
297 2229 343 2248 eos
357 2222 486 2249 clamaret
502 2231 508 2248 :
526 2222 684 2256 Jerusalem,
699 2222 858 2256 Jerusalem,
872 2231 930 2258 qua:
943 2223 1040 2251 occidis

1085 989 1168 1023 gitmtt
1184 988 1281 1014 malum
1294 1009 1300 1018 ,
1327 994 1420 1015 contra
1437 989 1586 1021 semetipsos
1609 989 1722 1015 dicentes
1738 997 1744 1014 :
1762 988 1883 1014 Circum-

1087 1034 1224 1060 ecnimmts
1235 1034 1338 1068 justum
1356 1043 1362 1061 :
1382 1034 1446 1069 quia
1460 1034 1563 1060 inutilis
1578 1039 1615 1060 est
1630 1034 1703 1060 nobis
1718 1034 1752 1060 “.
1767 1033 1885 1060 Fructus

1088 1087 1153 1114 ergo
1166 1079 1290 1106 laborutn
1307 1087 1420 1106 SthI‘l.lIl
1447 1080 1662 1106 mattduealtunt.
1681 1079 1795 1106 Intende
1809 1079 1884 1106 enim

1088 1123 1211 1150 ordinem
1248 1131 1303 1158 quo
1340 1124 1426 1151 utitur
1456 1124 1595 1158 legislator
1628 1125 1660 1150 ad
1691 1124 1884 1151 comminatio-

1088 1178 1151 1196 nem
1158 1190 1163 1196 .

1123 1215 1172 1242 Sin
1188 1220 1275 1242 autem
1295 1223 1339 1242 nec
1354 1216 1391 1242 sic
1412 1216 1559 1242 obedierilis
1584 1216 1657 1245 milii,
1679 1216 1776 1242 acidum
1795 1223 1884 1242 corre-

1088 1263 1188 1297 ptiones
1217 1268 1315 1290 vestras
1337 1263 1486 1298 δι’ρίιιρίιιιη
1517 1268 1622 1298 propter
1652 1268 1758 1297 parcum
1786 1268 1885 1290 vestra.

1088 1307 1264 1343 Septuaginta
1300 1313 1390 1335 autem
1431 1308 1576 1335 ediderunt
1595 1317 1601 1333 :
1619 1307 1647 1334 Si
1670 1316 1750 1342 usque
1787 1308 1887 1334 adhoc

1089 1363 1141 1381 non
1161 1354 1300 1381 audieritis
1321 1363 1361 1380 me
1376 1363 1382 1380 :
1398 1361 1483 1388 usque
1498 1354 1532 1381 ad
1557 1353 1607 1380 hoc
1618 1354 1689 1388 quod
1707 1353 1886 1388 pra-cedentia

1089 1399 1278 1432 ostenderunt,
1297 1399 1342 1426 ubi
1355 1404 1505 1433 egestatem
1520 1399 1702 1432 ardoremque
1713 1399 1792 1426 dixit.
1821 1398 1888 1431 Qua:

1088 1446 1224 1481 quomodo
1247 1449 1372 1481 oporteat
1387 1445 1484 1480 accipi,
1507 1445 1534 1472 in
1560 1445 1780 1480 prmeedentibus
1804 1451 1888 1479 expo-

1090 1493 1205 1520 suimus.
1221 1491 1248 1519 Si
1270 1500 1334 1527 ergo
1349 1500 1435 1526 usque
1451 1492 1483 1519 ad
1506 1492 1556 1519 hoc
1572 1491 1761 1518 ittobedientcs
1775 1490 1888 1524 fuerint,

1092 1543 1121 1566 ut
1137 1547 1187 1566 nec
1203 1547 1235 1566 ex
1251 1539 1305 1572 his,
1321 1546 1381 1573 quin
1396 1539 1466 1565 dicta
1484 1543 1558 1569 sunt,
1576 1537 1767 1567 emendentur.
1787 1537 1888 1571 septies

1093 1585 1152 1611 illos
1168 1585 1236 1612 dixit
1248 1585 1359 1619 corripi,
1371 1585 1397 1611 id
1410 1589 1460 1615 est.
1479 1584 1625 1619 perfectam
1644 1584 1845 1618 correptionem
1860 1583 1888 1609 in

1089 1630 1207 1663 peccatis
1229 1637 1324 1656 eorum
1339 1629 1460 1656 evenire.
1476 1628 1580 1661 Quibus
1600 1633 1701 1659 autent,
1723 1636 1778 1654 non
1807 1628 1885 1660 dicit,

1089 1678 1118 1700 ut
1143 1682 1238 1701 eorum
1266 1679 1377 1709 peccata
1396 1674 1446 1700 ltoc
1479 1673 1547 1708 ipso,
1571 1673 1643 1708 quod
1663 1681 1716 1699 ttott
1747 1672 1886 1699 emendati

1088 1723 1161 1752 sunt,
1174 1728 1205 1747 ex
1218 1720 1356 1755 praedictis
1369 1719 1560 1753 intelligamus.
1576 1719 1608 1746 Et
1622 1719 1687 1754 quid
1701 1719 1732 1745 ad
1745 1719 1805 1745 ιίςΙῐι
1824 1719 1837 1744 ?

1125 1765 1158 1792 Et
1176 1770 1310 1792 conteram
1322 1765 1585 1799 duritiamsuperbim
1599 1769 1700 1791 restra'.
1714 1764 1772 1791 Non
1791 1764 1888 1791 volue-

1090 1815 1154 1839 runt
1180 1819 1238 1838 eam
1260 1812 1362 1838 Christi
1389 1811 1544 1838 libertatem
1568 1810 1716 1845 suscipere.
1745 1810 1887 1836 dicentes:

1089 1858 1180 1885 Semen
1199 1858 1308 1884 Abralta!
1323 1866 1424 1888 sumus,
1437 1863 1460 1884 ct
1473 1851 1538 1883 tut/li
1554 1857 1706 1883 serriritnus
1725 1865 1843 1891 unquam
1854 1856 1886 1882 ".

1091 1904 1166 1931 lianc
1182 1912 1275 1931 eorum
1301 1904 1430 1930 duritiam
1453 1903 1588 1937 superbia:
1619 1902 1757 1935 contrivit,
1786 1901 1889 1928 servire

1089 1958 1136 1977 eos
1151 1950 1276 1985 gentibus
1286 1948 1399 1976 faciens.
1414 1948 1489 1975 Dabo
1503 1948 1595 1974 uelum
1607 1948 1675 1974 rubis
1688 1950 1799 1981 desuper
1815 1948 1888 1973 sit-ut

1093 1997 1205 2031 ferrum.
1219 1995 1326 2022 Nullam
1339 2003 1404 2030 ergo
1414 2003 1445 2021 ex
1462 2003 1495 2021 eo
1506 1994 1691 2021 visitationem
1705 1994 1814 2028 penitus
1827 1998 1891 2020 suttt

1091 2042 1194 2077 adepti.
1216 2041 1248 2068 Et
1264 2046 1360 2068 terram
1376 2048 1488 2067 (l’tlt’ﬂltt.
1507 2040 1590 2067 Terra
1607 2039 1680 2066 enim
1701 2039 1801 2066 divinm
1816 2039 1890 2066 Sert-

1090 2093 1187 2123 pturte,
1210 2095 1291 2122 quam
1310 2087 1465 2122 possident,
1495 2086 1664 2112 infructuosa
1687 2085 1728 2112 eis
1744 2090 1803 2117 est;
1827 2093 1889 2112 cum

1090 2141 1146 2160 non
1168 2134 1202 2160 ab
1226 2133 1266 2160 eis
1290 2133 1448 2167 intelligitur
1474 2141 1527 2167 quo
1547 2136 1674 2166 oporteat
1701 2131 1797 2163 ntodo,
1816 2131 1890 2158 illam

1091 2186 1193 2206 aeneam
1220 2185 1279 2205 esse
1302 2177 1377 2204 dicit.
1399 2177 1439 2204 Ad
1460 2177 1540 2212 cujus
1567 2177 1605 2203 rei
1625 2175 1815 2203 ostensionem
1843 2176 1891 2203 ad-

1091 2224 1160 2251 didi!
1177 2232 1183 2250 ε

247 2269 397 2302 Drophetas,
411 2274 434 2295 et
449 2268 552 2308 lepidas
565 2277 607 2295 eos
620 2269 665 2304 qui
678 2269 711 2295 uti
727 2273 751 2295 te
763 2270 834 2295 missi
845 2274 905 2296 sunt
918 2277 926 2296 :
937 2270 1038 2304 quoties
1056 2283 1076 2310 ο
1127 2270 1300 2298 Consumetur
1322 2268 1454 2295 incassum
1479 2267 1554 2294 labor
1576 2273 1669 2295 uester.
1690 2267 1780 2295 Labor
1799 2265 1884 2297 enim,

248 2313 319 2341 volui
338 2322 496 2349 congregare
515 2313 584 2348 ﬁlios
600 2320 672 2348 tuos,
695 2315 762 2341 sicut
781 2315 880 2349 gallina
897 2320 1038 2351 congregat

246 2361 332 2396 pullos
345 2369 405 2390 suos
421 2360 468 2387 sub
493 2361 551 2387 uias
568 2368 641 2391 suos,
660 2364 683 2386 et
699 2360 809 2386 noluisti
824 2361 845 2375 "
859 2360 870 2386 ?
888 2361 954 2387 illud
975 2369 1039 2396 ergo

247 2407 365 2434 maxime
379 2407 406 2434 in
424 2407 476 2440 itis,
505 2414 566 2441 qum
582 2406 654 2433 dicta
670 2410 744 2437 sunt.
766 2406 950 2435 attendamus.
977 2406 1039 2441 quia

247 2459 310 2479 cum
328 2457 432 2487 septem
451 2451 639 2487 correptiones
665 2452 848 2479 comminatus
874 2451 974 2485 fuerit,
1001 2453 1041 2479 sic

247 2505 294 2524 eas
308 2498 431 2524 subdijit
449 2507 455 2524 :
470 2498 670 2525 Contritioncm
688 2505 752 2532 ergo
767 2497 875 2524 duritim
895 2498 1040 2532 superbiie,

248 2547 277 2570 ct
288 2543 425 2570 datianem
438 2544 498 2570 ρειῦὶ
515 2544 608 2575 ferrei,
622 2549 649 2571 et
665 2551 744 2571 terra:
756 2551 849 2574 :ettezc,
861 2548 888 2570 et
905 2545 1042 2572 incassum

248 2597 344 2616 eorum
362 2589 486 2615 consumi
507 2589 626 2617 laborem
640 2610 647 2621 ,
671 2594 695 2616 et
725 2594 824 2616 tcrrant
847 2597 901 2616 non
920 2590 1043 2624 proferre

250 2642 375 2670 germen,
395 2642 445 2662 ttec
460 2635 571 2662 arbores
594 2643 673 2670 poma
695 2636 819 2670 pttzebere
847 2636 968 2663 minatus
990 2641 1043 2663 est.

251 2681 316 2709 llrec
333 2685 425 2708 autem
441 2689 487 2708 sex
498 2687 572 2714 sunt,
588 2690 641 2708 tton
659 2687 764 2716 septem
779 2691 785 2709 :
800 2683 850 2709 hoc
867 2683 937 2710 idem
952 2688 1043 2710 autent

252 2727 388 2759 invenies,
406 2731 433 2753 et
443 2728 563 2762 reliquas
576 2728 764 2762 correptiones
780 2736 954 2763 percurrens.
974 2729 1044 2763 Ergo

252 2783 301 2809 per
314 2774 367 2802 hoc
379 2773 553 2801 manifestum
565 2778 607 2801 est
620 2782 625 2799 τ
639 2775 702 2808 quia
718 2775 891 2810 septenarius
901 2782 1044 2808 numerus,

290 2888 312 2903 ”
330 2887 400 2915 l‘sal.
423 2897 554 2919 cxxxvut.
569 2890 614 2917 21.
666 2889 688 2906 ⁹⁰
706 2889 783 2917 Rom.
808 2898 845 2923 χι,
859 2889 892 2916 lii
908 2895 936 2917 et
953 2889 993 2917 l2.

263 2925 272 2941 ⁸
296 2924 359 2961 Sap.
379 2931 410 2959 tt,
429 2925 472 2952 12.
511 2926 534 2941 ⁹³
549 2926 628 2954 Joan.
648 2933 706 2960 vui,
719 2925 763 2953 55.
803 2927 824 2942 ⁵⁸
840 2924 940 2961 Philip.
959 2933 999 2959 ut,
1018 2924 1060 2953 19.

1050 2890 1072 2905 οι
1086 2889 1138 2916 lsa.
1153 2897 1223 2923 vat,
1241 2881 1264 2916 5,

1091 2325 1171 2352 quem
1188 2316 1215 2343 in
1233 2315 1332 2343 divitiis
1346 2314 1494 2349 Scripturis
1509 2315 1669 2346 ostendunt.
1701 2314 1894 2341 incumbentes

1094 2362 1231 2390 traditioni
1257 2363 1362 2393 litterte,
1378 2362 1514 2388 incassum
1532 2361 1713 2392 consumitur,
1742 2361 1787 2394 qui
1813 2359 1893 2394 plene

1094 2417 1148 2436 non
1159 2414 1272 2444 possunt
1285 2409 1342 2443 lege
1354 2407 1504 2434 secundum
1518 2406 1635 2434 litteram
1651 2407 1700 2437 uti,
1719 2406 1808 2433 ablato
1821 2405 1891 2437 loco,

1095 2456 1122 2483 itt
1135 2464 1189 2490 quo
1201 2455 1292 2481 littera
1303 2462 1411 2481 ontttcm
1422 2454 1544 2480 divinum
1558 2454 1661 2479 cultum
1671 2453 1737 2487 legis
1748 2451 1893 2478 conclusit.

1096 2501 1182 2528 Nimis
1197 2501 1269 2527 ettittt
1282 2499 1409 2526 convenit
1423 2499 1496 2533 quod
1512 2499 1636 2532 sequitur
1649 2507 1655 2524 :
1674 2498 1733 2524 Non
1751 2497 1823 2524 dabit
1840 2502 1894 2522 trr-

1097 2556 1127 2574 ra
1160 2553 1264 2582 germen
1295 2553 1382 2575 sttutu,
1410 2553 1456 2570 nec
1483 2544 1589 2570 arbores
1620 2552 1699 2577 poma
1725 2541 1890 2576 prwbclmnt.

1097 2593 1190 2627 Neque
1211 2592 1283 2619 enim
1305 2591 1426 2617 exterior
1442 2598 1535 2617 eorum
1557 2590 1649 2622 homo,
1670 2589 1715 2624 qtti
1741 2587 1896 2623 appellatur

1100 2641 1183 2668 terra,
1202 2636 1355 2668 fructiﬁcat,
1373 2635 1437 2670 quia
1460 2636 1487 2662 itt
1501 2636 1688 2671 gastrimargia
1704 2635 1809 2663 vivunt.
1822 2638 1850 2660 et
1862 2634 1896 2660 de

1098 2682 1138 2709 eis
1165 2681 1266 2709 dictum
1288 2686 1328 2707 est
1343 2690 1348 2706 :
1376 2680 1493 2712 Quorum
1524 2680 1594 2707 Deus
1610 2675 1713 2711 venter:
1727 2685 1750 2706 ct
1763 2680 1848 2715 gloria
1866 2679 1894 2704 in

1099 2728 1250 2763 confusione
1263 2735 1351 2754 eorum
1360 2728 1393 2754 ".
1406 2726 1458 2754 Sed
1476 2734 1527 2753 nec
1548 2731 1663 2757 utentes.
1684 2734 1745 2761 qua:
1755 2730 1817 2753 suttt
1838 2724 1895 2759 agri

1100 2775 1184 2810 ligna,
1202 2774 1273 2802 sicut
1290 2773 1400 2801 insertat
1413 2773 1524 2808 quidem
1539 2773 1646 2808 corpori
1664 2782 1671 2800 :
1690 2772 1737 2799 sed
1756 2775 1846 2798 tamen
1861 2777 1896 2796 eo

1323 2888 1345 2903 ⁹¹
1363 2887 1460 2914 Matth.
1475 2894 1550 2920 xxttt,
1573 2886 1616 2914 57.
1657 2885 1680 2901 9’
1694 2883 1811 2911 Nullum.
1826 2890 1846 2917 ι,
1861 2880 1890 2910 9.
