2056 3148
249 200 259 233 1
269 199 314 238 151

842 204 1022 236 llESYCHII
1040 204 1277 235 PRESBYTERI

1810 204 1880 238 “3‘2

247 265 265 285 n
279 259 371 294 ttique
385 258 533 286 habentem
547 257 689 292 ubertatis,
709 259 893 295 spiritalisque
903 261 1038 296 largitatis
1055 263 1077 291 Α
1090 264 1170 288 erant
1186 260 1360 295 captivitates
1378 261 1494 296 experti,
1512 263 1651 298 multaque
1667 262 1769 298 ﬂagella
1783 270 1876 298 pertu-

245 308 394 332 sumentes.

282 349 363 376 Vens.
379 350 476 378 27-45.
498 360 506 376 ι
526 350 573 378 Sin
590 357 680 379 autent
694 360 744 379 nec
760 361 808 388 per
821 353 878 380 haec
894 354 1036 382 audieritis

245 402 301 427 me,
323 395 371 423 sed
396 397 602 425 amlmlaveritis
616 403 712 426 contra
730 407 785 432 me,
800 405 889 435 etego
911 400 1035 427 incedam

245 440 391 468 adversum
403 450 450 470 vos
460 443 486 469 in
501 443 592 470 furore
610 452 671 471 meo
683 446 829 479 contrario,
849 451 877 473 et
890 447 1035 481 corripiant

244 484 294 514 vos
308 492 412 523 septem
443 489 529 524 plagis
556 487 668 526 propter
688 496 797 526 precata
827 497 926 524 vestra,
959 494 994 520 ita
1008 497 1036 520 ut

245 534 393 562 comedatis
413 544 522 563 carnem
549 536 664 564 filiorum
685 543 847 571 vestrorum,
870 543 896 566 et
920 539 1035 566 filiarum

246 585 407 609 vestrarum.
431 583 572 610 Destruam
601 584 708 611 excelsa
729 589 816 611 vestra
838 590 865 612 et
889 586 1035 613 simulacra

245 626 423 662 eonfringam.
444 629 552 656 Cadetis
569 630 642 657 inter
662 631 752 657 ruinas
775 631 908 659 idolorum
931 638 1035 660 vestro—

245 680 316 705 rum,
340 677 367 700 et
386 674 588 702 abominabitur
604 683 653 703 vos
673 677 763 703 anima
781 685 850 708 mea,
873 675 901 704 i'n
917 682 1034 709 tantum,

247 723 276 745 ut
292 719 373 746 urbes
389 725 492 748 vestras
507 722 624 755 redigam
641 722 668 748 in
682 722 867 754 solitudinem,
886 727 912 750 et
926 723 1033 750 deserta

246 763 342 792 faciam
370 767 524 793 sanctuaria
556 772 655 798 vestra,
685 776 736 794 nec
761 769 889 803 recipiam
923 769 1034 796 odorem

247 809 315 836 ultra
335 810 537 842 suavissimum,
557 811 765 847 dtspcrdamque
781 818 879 840 terram
904 819 1033 846 vestram,

245 860 273 882 et
288 856 436 891 stupebunt
450 865 531 891 super
543 865 604 884 eam
619 858 720 885 inimici
738 859 832 892 vestri,
848 867 909 887 cum
930 861 1034 888 habita-

247 907 318 929 tores
331 902 402 929 illius
417 902 527 930 fuerint.
539 903 592 931 Vos
607 909 697 931 autent
712 905 864 940 dispergam
880 906 906 932 in
924 912 1032 941 gentes,

244 951 271 973 et
286 947 433 982 evaginabo
444 952 506 982 post
524 957 571 975 vos
582 949 712 984 gladium,
732 950 838 985 eritque
853 955 924 978 terra
942 957 1032 980 vestra

244 992 363 1020 deserta.
385 998 412 1019 et
435 992 558 1020 civitates
575 994 683 1021 dirutrc.
701 995 777 1022 Tunc
793 996 938 1030 placebunt
956 1002 1034 1025 terrm

245 1038 356 1064 sabbata
374 1046 421 1065 sua
436 1039 542 1066 cunctis
554 1039 651 1067 diebus
661 1041 817 1068 solitudinis
843 1050 908 1074 sur,
925 1043 1034 1077 quando

245 1083 350 1110 [ueritis
370 1083 396 1110 in
417 1088 487 1111 terra
511 1085 614 1112 hostili.
640 1085 823 1114 Sabbatizabit
837 1092 865 1114 et
882 1089 1035 1123 requiescet

245 1129 272 1155 in
288 1129 407 1156 sabbatis
420 1130 577 1157 solitudinis
592 1139 658 1163 sum,
675 1139 707 1158 eo
719 1134 790 1167 quod
803 1141 856 1160 non
871 1134 1035 1168 requieverit

246 1174 376 1202 Sabhatis
401 1177 508 1210 vestris,
527 1177 637 1211 quando
657 1177 814 1205 habitabilis
841 1179 867 1206 in
882 1187 924 1206 ea.
942 1179 972 1206 Et
987 1179 1033 1214 qui

243 1221 277 1247 de
304 1221 381 1248 vobis
398 1222 590 1253 remanserint,
615 1222 686 1249 dabo
708 1231 836 1257 pavorem
862 1224 888 1251 in
907 1225 1034 1251 cordibus

243 1274 338 1293 eorum
356 1275 362 1293 :
379 1267 406 1293 in
432 1267 588 1302 regionibus
605 1267 724 1294 hostium
739 1268 852 1296 terrebit
869 1276 916 1296 vos
929 1270 1035 1296 sonitus

244 1311 300 1338 folii
317 1311 444 1344 volantis,
458 1317 486 1338 et
501 1312 536 1338 ita
551 1312 657 1347 fugient
683 1315 760 1347 quasi
783 1314 911 1348 gladium.
932 1314 1034 1342 Cadent

244 1357 319 1383 nullo
340 1364 484 1391 sequente,
507 1362 534 1385 et
551 1363 681 1385 eorruent
703 1359 801 1393 singuli
823 1368 906 1394 super
926 1360 1032 1392 fratres,

243 1402 320 1437 quasi
330 1402 397 1429 bella
411 1402 649 1438 fugientes.Nemo
664 1409 784 1431 vestrum
796 1405 913 1433 inimicis
925 1406 1035 1433 audebit

244 1449 380 1477 resistere.
401 1449 526 1478 Peribitis
542 1451 613 1478 inter
621 1455 725 1487 gentes,
743 1458 769 1479 et
783 1453 890 1480 hostilis
899 1461 946 1480 vos
961 1458 1033 1480 terra

244 1501 396 1524 consumet.
424 1496 502 1529 Quod
529 1497 551 1524 si
566 1503 593 1524 ct
613 1498 704 1525 dehis
729 1499 812 1534 aliqui
840 1500 1031 1532 remanserint,

245 1542 384 1569 tabescent
402 1542 429 1569 in
445 1542 634 1578 iniquitatibus
650 1544 715 1576 suis,
731 1544 757 1571 in
774 1549 843 1571 terra
859 1545 1030 1572 inimicorum
1047 1543 1053 1549 ”

1088 306 1187 339 lerant,
1209 306 1256 333 sed
1277 314 1308 334 ea
1322 314 1382 342 qua:
1400 316 1473 334 nunc
1493 315 1542 343 per
1561 314 1652 344 partes
1665 309 1742 341 dicit,
1755 310 1788 336 ad
1800 309 1874 337 illam

1087 352 1270 387 captivitatem
1293 354 1441 388 pertinent,
1464 363 1524 389 qua:
1543 361 1654 390 propter
1666 356 1836 390 iniquitatem
1848 357 1875 383 in

1086 397 1196 425 Christo
1211 399 1396 432 commissam,
1412 408 1426 426 a
1444 399 1573 428 Romanis
1591 401 1818 437 depopulantibus
1836 402 1877 429 eis

1086 445 1211 480 contigit.
1224 445 1373 480 Cognoscis
1386 451 1487 479 auten),
1504 447 1525 474 si
1538 447 1664 474 subtilius
1678 455 1758 475 nosse
1778 449 1819 475 vis
1832 456 1874 479 ea.

1085 497 1146 524 quae
1165 490 1205 517 eis
1220 495 1381 522 evenerunt,
1403 499 1435 518 ex
1449 491 1559 526 Josephi
1584 492 1705 524 historia,
1722 493 1748 519 in
1763 501 1814 528 qua
1828 501 1875 520 eos

1086 540 1113 563 et
1128 536 1196 563 filios
1219 537 1381 569 comedisse,
1403 542 1430 564 ct
1444 538 1546 572 reliqua
1564 539 1739 573 praesentium
1761 539 1875 566 commi-

1087 581 1230 608 nationum
1256 582 1420 609 sustinuisse
1445 582 1602 618 descripsit,
1616 591 1732 618 quorum
1761 585 1874 618 plurima

1085 628 1167 654 etiam
1185 635 1257 654 nunc
1279 628 1381 655 nostris
1395 628 1427 655 ad
1441 629 1607 656 cernendum
1623 629 1745 663 adjacent
1761 630 1874 657 visibus.

1087 673 1197 699 Deserta
1209 680 1302 699 eorum
1316 677 1397 705 terra,
1424 673 1549 701 civitates
1573 674 1734 709 deprredatc
1745 674 1778 701 ab
1792 675 1875 701 hosti-

1086 718 1146 750 bus,
1167 718 1286 746 desolata
1303 719 1441 753 provincia
1456 719 1563 754 ipsique
1584 719 1790 755 peregrinantes
1803 721 1874 755 apud

1086 763 1210 790 initnicos
1221 771 1284 790 suos
1297 763 1422 798 gentiles,
1437 771 1500 790 cum
1516 769 1589 790 metu
1607 764 1747 792 continuo.
1764 765 1876 792 Verum-

1087 814 1176 836 tamen
1200 809 1427 844 quemadmodum
1457 818 1511 836 non
1539 811 1626 837 solum
1648 810 1699 837 hoc
1723 811 1874 838 secundum

1086 856 1202 884 litterati)
1215 857 1335 891 perpessi
1345 861 1420 887 sunt,
1430 857 1475 883 sed
1488 856 1521 883 ad
1536 857 1621 891 ipsam
1631 856 1874 884 considerationem

1086 902 1207 937 spiritus,
1228 902 1372 937 dupliciter
1393 902 1466 928 enim
1491 907 1646 936 peccantes,
1663 903 1689 929 in
1703 902 1769 938 legis
1787 907 1875 930 trans-

1085 948 1234 982 gressione,
1260 953 1287 975 ct
1308 947 1470 982 legislatoris
1501 947 1681 982 blasphemia,
1708 948 1830 982 duplices
1849 954 1876 976 ct

1084 1002 1180 1029 lumnas
1198 998 1271 1021 recte
1289 993 1438 1028 patiuntur,
1455 993 1526 1028 quod
1542 993 1593 1020 hoc
1609 994 1689 1021 modo
1705 994 1789 1021 disce.
1810 996 1876 1021 Am-

1085 1040 1247 1066 bulaverunt
1272 1047 1333 1066 cum
1357 1039 1477 1070 Christo,
1496 1047 1528 1066 ex
1553 1039 1667 1066 adverso
1686 1040 1877 1067 subvertentes

1085 1085 1214 1112 miracula
1242 1085 1312 1119 ejus,
1330 1089 1357 1111 et
1385 1084 1419 1111 de
1443 1084 1567 1111 doctrina
1595 1085 1657 1117 ejus
1679 1085 1874 1112 detrahentes:

1085 1139 1148 1158 cum
1169 1139 1216 1165 per
1238 1130 1369 1157 invidiam
1400 1130 1607 1161 insidiarentur,
1641 1136 1767 1165 tanquam
1781 1135 1877 1157 contra

1087 1175 1170 1200 lieum
1192 1178 1318 1209 agentem
1340 1174 1425 1200 divini
1450 1174 1552 1201 amoris
1574 1174 1717 1201 Doctorem
1746 1174 1878 1201 fallaciter

1085 1220 1252 1246 asserebant.
1276 1219 1329 1246 Sed
1350 1225 1376 1247 et
1394 1220 1452 1254 ipse
1474 1220 1500 1246 in
1521 1220 1561 1247 ira
1584 1220 1624 1247 eis
1639 1228 1672 1247 ex
1694 1221 1808 1248 adverso
1825 1221 1877 1248 hoc

1085 1265 1165 1291 modo
1181 1273 1247 1292 usus
1273 1270 1315 1292 est
1336 1275 1342 1292 :
1361 1266 1423 1300 quia
1439 1266 1512 1292 enim
1527 1266 1660 1300 judicium
1677 1266 1739 1296 fuit.
1753 1271 1779 1293 et
1796 1274 1878 1301 pmna

1085 1311 1237 1337 commissae
1256 1310 1282 1337 in
1297 1319 1330 1338 eo
1347 1311 1497 1346 iniquitatis
1516 1311 1671 1346 captivitas,
1687 1320 1769 1346 quam
1794 1312 1876 1338 susti-

1085 1361 1205 1383 nuerunt
1224 1364 1231 1382 :
1251 1364 1332 1390 quam
1355 1365 1409 1383 non
1424 1361 1513 1383 tamen
1538 1362 1648 1391 propter
1671 1356 1723 1384 hoc
1740 1356 1879 1384 Romanos

1086 1402 1186 1429 inferre
1197 1401 1270 1435 fecit,
1283 1402 1400 1429 necdum
1410 1402 1483 1429 enim
1494 1403 1553 1436 ejus
1562 1403 1736 1430 vindicabant
1744 1403 1856 1438 gloriam
1868 1413 1876 1431 :

1085 1448 1131 1475 sed
1148 1447 1286 1482 quomodo
1300 1448 1344 1482 qui
1358 1456 1453 1475 eorum
1477 1448 1591 1483 imperio
1617 1449 1790 1481 resistebant,
1811 1457 1876 1477 cum

1085 1495 1190 1529 pridem
1201 1495 1345 1522 collatores
1353 1502 1446 1521 eorum
1458 1494 1585 1527 fuissent,
1596 1495 1758 1530 tributisque
1769 1503 1810 1522 eo:
1819 1504 1878 1527 um,

1086 1545 1113 1568 et
1142 1540 1258 1576 legibus,
1289 1545 1370 1575 atque
1398 1540 1600 1575 magistratibus
1621 1541 1803 1568 obedientcs:
1829 1541 1878 1568 sed

245 1595 365 1617 suorum.
383 1593 411 1615 et
432 1593 541 1623 propter
556 1594 665 1623 peccata
681 1594 788 1624 patrum
813 1598 924 1617 suorum
947 1595 1033 1617 etsna
1048 1593 1069 1622 c
1086 1587 1205 1614 furorem
1224 1595 1258 1614 ex
1277 1587 1392 1614 adverso
1414 1595 1545 1614 exercens
1566 1587 1698 1614 adversus
1721 1595 1769 1614 eos
1793 1587 1876 1617 DeUS.

245 1633 406 1668 aﬂligeutur,
429 1633 516 1662 donec
538 1634 719 1662 confiteantur
738 1635 896 1670 iniquitates
918 1643 991 1668 suas,
1005 1641 1033 1663 et

246 1678 378 1713 majorum
401 1686 523 1712 suorum,
549 1681 649 1714 quibus
671 1681 838 1715 praevaricati
864 1685 927 1708 sunt
950 1682 977 1708 in
989 1690 1032 1709 me

245 1728 274 1750 et
288 1724 496 1751 ambulaverunt
511 1732 544 1751 ex
564 1725 677 1752 adverso
690 1725 767 1752 mihi.
785 1725 936 1753 Ambulabo
952 1726 1035 1761 igitur

246 1772 274 1796 et
283 1777 332 1804 ego
339 1774 430 1796 contra
439 1777 497 1802 eos,
505 1774 531 1795 et
539 1769 666 1796 inducam
678 1770 737 1797 illos
745 1771 771 1797 in
785 1775 884 1798 terram
897 1771 1033 1804 hostilem,

246 1814 334 1842 donec
357 1815 499 1843 erubescat
522 1815 711 1843 iucircumcisa
734 1824 812 1844 mens
834 1825 939 1845 eormn.
958 1818 1035 1845 Tunc

246 1860 362 1887 orabunt
384 1869 434 1896 pro
455 1861 639 1896 impietatibus
662 1862 728 1893 suis,
752 1866 780 1889 et
798 1863 963 1890 recordabar
987 1864 1035 1891 fu:-

247 1906 319 1934 dcris
348 1906 412 1937 mei,
440 1907 511 1941 quod
538 1907 625 1942 pepigi
641 1915 702 1934 cum
726 1907 820 1940 Jacob,
847 1913 874 1935 et
901 1909 984 1941 Isaae,
1008 1914 1035 1937 et

248 1951 411 1978 Abraham:
437 1956 514 1979 terra:
539 1960 648 1987 quoque
676 1961 781 1980 memor
802 1963 861 1987 cro,
889 1963 949 1990 qua:
973 1963 1033 1982 eum

248 1998 340 2024 relicta
365 1997 446 2025 fuerit
468 1998 502 2025 ab
518 1999 568 2029 eis,
585 1999 765 2034 complaeebit
790 2001 840 2027 sibi
866 2001 893 2027 in
915 2001 1035 2028 sabbatis

247 2043 313 2074 suis,
340 2044 448 2078 patiens
468 2044 643 2072 solitudinem
663 2050 775 2080 propter
793 2046 862 2074 illos.
886 2046 937 2081 Ipsi
969 2054 1034 2074 vero

247 2090 380 2125 rogabunt
403 2097 452 2124 pro
476 2091 593 2124 peccatis
618 2091 684 2123 suis,
710 2099 742 2118 eo
768 2092 841 2126 quod
871 2092 1029 2126 abjecerant

245 2135 346 2169 judicia
372 2143 441 2167 mea,
462 2140 488 2161 et
507 2135 580 2170 leges
595 2144 669 2163 meas
686 2137 880 2171 despexerunt.
905 2139 1032 2164 Attamen

248 2187 310 2206 cum
333 2185 426 2207 essent
447 2180 473 2207 in
489 2186 559 2208 terra
584 2181 685 2214 hostili,
696 2191 748 2210 non
763 2183 872 2218 penitus
886 2183 972 2218 abjeei
988 2192 1035 2211 eos

249 2231 338 2259 neque
356 2225 395 2252 sic
414 2225 534 2260 despexi,
556 2232 586 2254 ut
607 2234 845 2261 consumerentur,
874 2233 901 2256 et
925 2229 1033 2256 irritum

249 2268 366 2296 facerem
389 2274 497 2305 pactum
527 2279 617 2299 meum
641 2279 703 2300 cum
730 2273 779 2300 eis.
798 2273 853 2308 Ego
868 2274 940 2301 enim
971 2283 1031 2302 sum

250 2315 379 2344 Dominus
399 2317 471 2344 Deus
491 2325 597 2350 eorum,
618 2322 645 2345 et
663 2318 827 2345 rec0rdabor
843 2319 954 2346 fazderis
978 2320 1033 2347 mei

249 2361 364 2397 pristini,
387 2363 516 2397 quoniam
540 2363 620 2391 eduxi
640 2371 688 2391 eos
713 2364 746 2391 de
777 2368 848 2391 terra
870 2364 990 2400 Egypti,
1007 2366 1033 2392 in

248 2415 396 2443 conspectu
421 2409 553 2444 gentium,
579 2413 608 2436 ut
634 2417 722 2436 essem
749 2407 820 2437 Deus
842 2417 946 2438 eorum.
981 2411 1035 2446 ligo

249 2454 380 2482 Dominus
394 2454 476 2482 Deus.
500 2464 509 2480 ι

285 2500 352 2531 Quia
375 2509 428 2527 non
448 2501 534 2528 solum
556 2501 692 2536 legislator
713 2501 827 2537 Moyses,
843 2503 890 2530 sed
909 2503 991 2530 etiam
1010 2507 1037 2530 et

250 2545 381 2580 propheta
400 2550 467 2579 erat,
491 2547 548 2580 ipsc
567 2547 773 2579 demonstravit,
790 2547 823 2575 de
848 2548 957 2576 Christo
973 2557 1037 2584 spe-

249 2591 356 2618 cialiter
381 2592 548 2626 prophetans
579 2593 621 2620 his
650 2594 740 2621 verbis
757 2602 767 2622 :
787 2594 944 2628 Prop/telam
969 2595 1037 2622 vobis

250 2637 384 2663 “(uitabit
409 2637 534 2664 Dominus
556 2639 587 2666 de
607 2639 733 2674 fratribus
756 2641 856 2672 vestris,
880 2641 947 2668 sicut
960 2650 1000 2667 me
1016 2642 1035 2668 ¹.

250 2681 323 2709 Bene
344 2687 432 2709 auten:
455 2683 505 2710 sibi
527 2684 628 2711 Christi
651 2685 856 2713 similitudinem
879 2687 1038 2718 custodivit,

249 2727 295 2762 qui
308 2733 406 2763 prmter
421 2729 483 2760 alia,
501 2729 526 2756 in
539 2731 640 2764 quibus
655 2731 863 2759 similitudinem
887 2733 947 2767 ejus
961 2740 1039 2767 gere-

249 2773 307 2806 bat,
324 2774 552 2808 quemadmodum
573 2775 705 2803 Dominus
719 2777 752 2803 de
777 2777 829 2803 line
850 2777 943 2803 mundi
959 2777 1038 2808 dixit,

251 2819 287 2847 ita
306 2824 332 2847 et
357 2820 400 2848 hic
412 2828 455 2852 ea,
467 2828 527 2855 qua:
546 2820 639 2849 futura
659 2827 737 2849 crant
751 2823 851 2857 populo
872 2823 1039 2855 Judaeorum,

250 2863 279 2893 in
296 2866 422 2901 presenti
446 2865 504 2902 lege
522 2867 692 2904 conscripsit.
722 2867 818 2896 Multas
840 2869 971 2905 siquidem
997 2869 1040 2896 fu-

288 2935 295 2950 '
314 2933 394 2964 Deut.
408 2936 544 2970 “111,15.

1085 1632 1276 1668 superinduxit
1297 1637 1392 1660 contra
1413 1640 1461 1659 eos
1484 1633 1562 1665 iram,
1575 1637 1605 1659 ut
1623 1633 1808 1664 vindicaretur
1829 1641 1880 1668 per

1085 1678 1269 1705 Romanorum
1280 1678 1434 1712 imperium,
1446 1682 1574 1713 tanquam
1587 1678 1673 1713 ipsius
1683 1678 1879 1712 prmdieatores

1085 1723 1263 1756 exstitissent,
1273 1728 1300 1750 et
1309 1724 1441 1758 corripuit
1450 1731 1497 1752 eos
1507 1728 1612 1758 septem
1623 1724 1718 1759 plagis,
1727 1723 1878 1751 secundum

1085 1774 1196 1804 peccata
1215 1777 1320 1802 eorum,
1336 1770 1522 1805 multiplicans
1537 1778 1631 1797 eorum
1648 1778 1756 1805 pomas.
1772 1770 1804 1796 Et
1822 1777 1876 1796 non

1086 1823 1140 1842 uno
1154 1815 1234 1842 modo
1243 1815 1400 1848 vindicavit,
1418 1816 1481 1851 quia
1493 1824 1543 1843 nec
1556 1816 1607 1851 ipsi
1629 1823 1684 1843 uno
1697 1819 1879 1851 peccaverunt

1085 1861 1166 1889 modo
1183 1871 1190 1888 :
1207 1861 1255 1888 sed
1272 1865 1299 1888 et
1316 1869 1413 1889 carnes
1437 1861 1552 1888 ﬁliorum
1575 1869 1687 1888 suortnn
1713 1866 1741 1888 et
1760 1860 1878 1887 ﬁliarum

1085 1915 1196 1934 suarum
1224 1907 1377 1939 comedent,
1404 1907 1430 1934 id
1453 1911 1505 1939 est,
1534 1907 1683 1942 discipulos
1711 1915 1784 1938 suos.
1810 1915 1878 1942 quos

1086 1953 1162 1988 quasi
1182 1954 1208 1980 in
1227 1953 1296 1980 filios
1311 1953 1360 1980 sibi
1376 1957 1530 1986 assumunt,
1543 1954 1576 1981 ad
1590 1954 1713 1981 eamdem
1726 1954 1878 1980 doctrinam

1088 1999 1175 2027 verbis
1197 2000 1312 2033 callidis,
1335 2000 1510 2035 animamque
1534 2001 1760 2027 subvertentibus
1786 2008 1880 2027 eume-

1086 2046 1192 2073 dentes.
1211 2046 1265 2073 Sed
1289 2051 1316 2073 ct
1332 2047 1440 2073 excelsa
1458 2054 1553 2073 eorum
1571 2047 1605 2074 ad
1621 2047 1760 2074 desertum
1776 2047 1878 2080 perdu-

1086 2091 1134 2124 xit,
1157 2096 1184 2118 et
1202 2091 1347 2118 simulacra
1367 2091 1514 2126 confregit.
1537 2091 1646 2118 Excelsa
1667 2092 1768 2126 quippe
1784 2099 1880 2118 earum

1087 2136 1224 2172 principes
1245 2140 1273 2164 et
1294 2136 1430 2170 ductores,
1452 2144 1520 2171 quos
1545 2137 1730 2168 intemleutcs.
1756 2137 1828 2164 sicut
1852 2137 1879 2163 in

1086 2183 1196 2210 sublimi
1213 2183 1387 2215 constitutos,
1404 2183 1445 2210 vel
1461 2183 1532 2210 sicut
1555 2182 1638 2215 LXX,
1654 2188 1770 2215 statuas,
1795 2183 1880 2210 vitam

1087 2236 1163 2256 suam
1181 2236 1347 2264 componere
1371 2228 1534 2256 debuerunt.
1557 2228 1611 2256 Sed
1625 2229 1688 2263 quia
1711 2228 1777 2255 nihil
1796 2229 1880 2255 habe—

1054 2261 1073 2288 ί)
1089 2274 1154 2301 bant
1173 2281 1281 2306 sanum,
1309 2281 1398 2308 neque
1418 2273 1497 2305 forte,
1526 2273 1573 2300 sed
1601 2273 1706 2301 inﬁrma
1734 2274 1839 2306 omnia,
1853 2279 1881 2300 et

1089 2319 1274 2354 corruptibilia
1291 2318 1397 2345 virtutis
1422 2319 1571 2352 schemata,
1587 2323 1614 2346 et
1631 2318 1802 2351 imitationis,
1819 2328 1881 2354 qu;e

1091 2369 1212 2398 tempore
1232 2367 1446 2398 corrumpuntur
1458 2366 1541 2397 atque
1557 2367 1730 2398 putrescunt,
1756 2364 1828 2390 unde
1854 2369 1882 2390 et

1088 2408 1160 2442 apud
1175 2407 1256 2440 LXX,
1270 2407 1356 2443 lignea
1371 2409 1523 2442 mamq‘acta
1548 2408 1709 2435 dicebantur
1727 2418 1732 2435 :
1750 2408 1883 2436 desolavit

1088 2460 1132 2486 ea,
1151 2461 1268 2490 arguens
1293 2462 1384 2481 coram
1413 2462 1493 2481 unam
1525 2454 1692 2489 hypocrisin,
1717 2462 1779 2481 cum
1815 2455 1883 2488 ipsis

1088 2504 1178 2527 autem
1194 2504 1222 2527 et
1236 2500 1391 2535 populares,
1403 2500 1448 2534 qui
1466 2500 1506 2527 eis
1523 2500 1712 2527 intendebant.
1733 2499 1883 2534 Posuitque

1088 2545 1218 2573 cadavera
1234 2553 1327 2572 eorum
1341 2546 1412 2572 inter
1430 2546 1523 2572 ruinas
1542 2538 1675 2572 idolorum
1699 2545 1834 2580 ipsorum,
1853 2546 1879 2572 id

1088 2596 1140 2624 est,
1166 2593 1287 2619 membra
1303 2592 1407 2627 populi,
1426 2597 1453 2619 et
1468 2592 1590 2619 actiones
1615 2599 1787 2618 coacervatis
1801 2599 1885 2626 super

1089 2637 1210 2664 actiones
1241 2637 1374 2664 idolorum
1413 2637 1545 2672 ipsorum,
1576 2636 1775 2663 Phariszeornm
1801 2641 1884 2671 atque

1092 2682 1268 2714 Scribarum,
1289 2683 1388 2717 quibus
1410 2683 1481 2709 sicut
1508 2682 1586 2709 idolis
1615 2682 1774 2712 utebantur,
1800 2683 1884 2708 relin-

1090 2733 1205 2764 quentes
1219 2728 1314 2761 Deum,
1329 2733 1355 2754 et
1373 2729 1506 2766 idolorum
1519 2728 1723 2755 scductionibus
1736 2728 1885 2754 intenden-

1093 2779 1144 2806 tcs,
1159 2779 1303 2809 propterea
1319 2774 1357 2800 ait
1372 2783 1378 2800 :

1127 2820 1327 2848 Abominabitur
1351 2828 1394 2846 vos
1410 2820 1501 2846 animo
1529 2828 1598 2846 mea.
1625 2818 1809 2853 Qum?qnaln
1836 2825 1885 2852 pro

1094 2868 1172 2896 nobis
1208 2866 1308 2902 posuit,
1344 2871 1371 2893 ut
1399 2874 1448 2893 nos
1479 2866 1512 2893 de
1551 2865 1681 2893 sertitule
1710 2862 1887 2899 peccatorum
