2056 3148
159 185 226 218 H53

157 291 236 320 atque
251 285 278 311 in
297 290 459 320 perpetuum
483 292 529 311 eos
549 289 701 318 aversatur,
723 285 785 320 quia
801 285 860 319 ejus
872 293 951 320 opus,

157 336 289 366 quantum
303 331 335 357 ad
347 338 394 357 eos
416 330 558 365 pertinuit,
575 331 607 357 ad
623 331 729 358 irritum
755 331 951 365 perduxerunt,

157 384 319 404 concessum
346 385 396 411 per
432 385 491 404 eam
517 377 619 403 donum
648 380 807 402 renuentes.
838 375 953 410 Propter

157 424 228 456 quod
248 424 330 450 urbes
353 431 447 450 eorum
460 423 565 457 redegit
590 423 617 449 in
632 422 819 455 solitudinem,
835 422 954 456 fecitque

158 470 263 495 deserta
280 469 438 496 sanctuaria
452 478 459 501 ;
472 469 577 495 nullum
592 469 665 495 enim
686 468 829 495 inveniunt
843 469 877 495 de
890 476 953 503 pro-

158 514 276 548 pheticis
291 514 368 541 libris
386 514 517 544 fructum,
533 522 622 548 neque
633 515 752 549 aliquam
765 514 876 542 studere
888 522 952 541 san-

157 560 317 586 ctimoniam
335 560 435 586 valent.
452 559 507 587 Nec
518 560 616 595 recipit
627 560 736 588 odorem
748 561 952 593 suavissimum,

159 614 208 633 nec
229 607 345 641 suscipit
360 614 454 633 eorum
471 607 636 639 orationem,
649 607 838 642 disperditque
851 612 951 634 terram

157 659 265 683 eorum,
282 658 365 678 omne.
386 655 465 679 vetus
487 655 693 683 testamentum,
711 659 765 679 non
782 652 844 687 quia
863 651 952 686 ipsum

157 705 189 723 ex
206 694 262 724 toto
285 697 457 732 despoliavit,
473 698 520 725 sed
547 698 599 726 illis
613 699 764 726 desolatam
793 703 821 725 et
849 698 952 725 invium

157 742 232 770 fecit.
258 742 387 770 llabitare
416 748 508 771 autent
530 744 557 770 in
582 751 613 771 ea
634 744 698 771 fecit
715 749 820 780 gentes,
841 748 953 779 propter

157 789 229 823 quod
242 789 300 815 ait:

191 834 338 867 Stupt-bunt
351 843 429 868 super
448 843 505 861 eam
533 835 634 862 inimici
659 836 749 868 vestri,
771 845 829 863 tum
848 836 954 863 habita-

157 884 225 907 tores
252 881 324 907 illius
340 881 449 916 fuerint.
477 881 577 908 Gentes
602 881 734 917 siquidem
754 882 870 910 inimica:
889 887 953 910 sunt

157 925 326 958 Judzeorum,
349 926 412 960 quia
434 926 471 952 illi
508 927 652 961 elegerunt
671 927 829 954 inimicitias
851 927 952 954 habere

159 979 220 998 cum
239 971 305 1003 Deo,
324 976 352 998 et
375 980 439 998 cum
453 972 506 998 illis
527 980 596 1006 quos
613 971 711 1000 l’aulus
723 973 847 1000 inimicos
862 973 952 1001 crucis

156 1017 258 1044 Christi
275 1022 362 1044 vocat.
389 1018 518 1045 Habitant
551 1023 643 1046 autem
658 1019 684 1045 in
698 1019 855 1046 Judmorum
869 1024 950 1052 terra,

157 1064 184 1090 in
201 1064 288 1090 veteri
301 1068 476 1095 testamento,
492 1069 519 1091 et
537 1065 691 1092 habitantes
701 1069 863 1100 stupescunt
877 1074 950 1099 eum,

156 1110 244 1144 quiin
268 1110 326 1145 lege
341 1115 368 1137 et
384 1111 527 1145 prophetis
546 1111 608 1138 talia
622 1111 729 1138 locutus
742 1116 793 1139 est.
812 1111 864 1145 Qui
890 1113 951 1140 vitae

156 1154 211 1182 illic
227 1155 353 1182 fundavit
364 1157 487 1187 exordia,
507 1157 620 1192 insuper
631 1157 669 1184 ait
684 1166 690 1183 :

194 1201 241 1228 Vos
256 1207 344 1228 autem
362 1202 513 1237 dispergam
530 1203 557 1229 iu
573 1208 671 1237 gentes.
686 1203 744 1230 Non
761 1204 849 1231 solum
864 1204 952 1232 sensi-

156 1246 201 1274 bili
225 1247 276 1274 hac
299 1247 484 1282 dispersione,
511 1249 559 1276 sed
577 1253 604 1276 et
633 1249 808 1285 intelligibili.
825 1249 890 1283 Quae
915 1251 952 1278 sit

156 1297 246 1319 autem
262 1292 332 1326 hare,
345 1293 429 1320 disce.
445 1293 479 1320 Et
506 1293 652 1330 cvagiitabo
677 1301 733 1329 post
752 1304 796 1323 vos
820 1296 949 1332 gladium,

156 1338 257 1374 eritque
278 1345 351 1365 terra
373 1344 460 1366 vestra
476 1340 582 1367 deserta
601 1346 625 1368 et
643 1342 760 1369 civitates
775 1342 880 1370 dirutaz.
904 1342 949 1370 Dei

156 1384 227 1411 enim
243 1385 367 1417 verbum,
388 1386 459 1420 quod
475 1391 516 1414 est
542 1387 655 1422 spiritus
678 1388 792 1423 gladius,
811 1389 912 1423 ubique
923 1389 949 1416 in

156 1432 282 1465 gentibus
302 1431 459 1464 decurrens,
475 1437 502 1459 et
515 1440 625 1459 omnem
650 1438 751 1460 terram
766 1434 948 1466 circumdatis,

156 1477 293 1504 consumit
323 1477 479 1505 Judaaorum
509 1479 600 1512 ﬁlios,
627 1484 654 1506 et
681 1480 814 1514 dispertiit
840 1488 887 1507 eos
916 1481 949 1508 de

156 1523 259 1549 sanctis
281 1523 328 1550 Dei
347 1533 353 1551 ε
371 1524 521 1551 ostendens
534 1525 606 1559 quod
619 1525 722 1551 nullam
734 1533 796 1552 cum
818 1525 857 1553 eis
873 1533 948 1552 com-

708 185 749 214 ΙΝ
769 183 990 215 LEVITICU‘M.
1012 195 1043 201 ·-
1065 185 1138 219 LIB.
1158 185 1225 215 VII.

157 241 254 268 mortis
275 240 434 267 redimeret.
451 238 514 266 lla‘c
537 247 601 274 ergo
616 239 726 267 Juda‘os
743 240 957 271 abominabitur,
974 243 996 268 A
1012 240 1115 266 sonitus
1150 240 1208 274 folii
1247 239 1372 266 t'olunlis.

968 911 991 939 Β

155 1568 315 1595 munionem
333 1569 463 1600 habeant,
483 1569 554 1596 unde
569 1570 676 1597 deserta
692 1575 762 1597 terra
775 1576 802 1598 et
812 1572 946 1603 civitates,
963 1590 985 1619 ο

155 1614 276 1648 expulsis
289 1615 329 1642 eis
344 1615 511 1642 habitatione
527 1624 585 1648 sua,
599 1616 789 1644 inveniuntur.

190 1659 261 1686 Tunc
277 1660 416 1694 placebunt
434 1667 513 1688 terra:
527 1661 639 1688 sabbata
670 1670 719 1688 sua
739 1662 839 1689 cunctis
858 1662 948 1689 diebus

155 1705 305 1732 solitudinis
315 1715 380 1738 sum,
396 1708 502 1742 quando
513 1708 616 1742 fueritis
632 1708 659 1734 in
672 1713 742 1735 terra
757 1709 845 1736 hostili
861 1717 869 1735 :
886 1709 948 1735 sab—

159 1752 286 1779 batizabit
304 1758 328 1779 et
342 1754 485 1788 requiescet
502 1754 529 1781 in
541 1754 657 1781 sabbatis
674 1755 822 1782 solitudinis
835 1764 899 1788 sum,
918 1764 947 1782 eo

155 1799 224 1833 quod
256 1807 308 1825 non
334 1800 488 1834 requieverit
517 1801 544 1826 in
561 1800 684 1827 Sabbatis
711 1802 812 1834 uestris,
842 1806 947 1837 quando

154 1843 307 1871 habitabilis
330 1845 357 1871 in
384 1853 426 1872 ea.
449 1845 561 1873 Terram
582 1854 643 1873 esse
658 1847 854 1883 intelligibilcm
872 1849 946 1876 Scri-

156 1895 261 1923 pturam
285 1891 343 1923 Dei,
367 1896 395 1918 et
418 1893 668 1924 conversationem,
695 1901 756 1928 quae
777 1894 803 1920 in
826 1895 866 1921 eis
893 1900 945 1928 est,

155 1943 227 1971 saepe
253 1937 425 1964 ostendimus
450 1947 455 1964 :
480 1938 527 1965 sed
551 1937 707 1966 Judacorum
737 1940 847 1974 quidem
868 1945 946 1968 vetus

155 1985 350 2010 testamentum
369 1992 375 2010 :
394 1983 515 2018 gentium
535 1988 640 2015 autem,
665 1992 724 2019 quae
746 1985 862 2012 inimicae
883 1991 947 2012 sunt

152 2026 263 2060 Judzeis,
289 2036 388 2056 novum
411 2038 417 2055 :
436 2030 499 2064 quia
522 2037 587 2064 ergo
606 2028 755 2057 Sabbatum
776 2031 944 2057 vacationem

153 2075 287 2111 signiﬁcat
315 2075 427 2108 ludat-is,
446 2076 563 2103 maxime
582 2076 635 2103 hoc
651 2085 724 2104 nunc
745 2077 886 2104 evidenter
905 2078 945 2104 lc-

153 2122 265 2157 gislator
285 2123 384 2149 innuit.
404 2122 473 2154 Quia
487 2123 555 2149 nihil
580 2131 654 2151 nunc
671 2124 812 2153 invenient
828 2131 859 2151 ex
887 2125 945 2159 lege

153 2174 179 2196 et
193 2169 345 2204 prophetis,
363 2169 434 2204 quod
456 2169 506 2204 ipsi
520 2169 610 2197 facere
624 2170 728 2202 volunt,
746 2171 792 2197 sed
807 2171 944 2198 destructa

154 2223 246 2242 eorum
264 2223 333 2250 pene
349 2216 439 2243 omnis
454 2216 614 2251 superficies
628 2217 733 2244 llllt‘l‘tlb.
748 2217 861 2252 Propter
873 2219 943 2252 quod

1730 186 1797 217 1154

1410 240 1548 275 Quotquot
1587 240 1660 267 enim
1689 249 1720 268 cx
1757 242 1799 270 eis

1004 285 1093 312 relicti
1135 289 1208 315 sunt,
1231 285 1321 312 adhuc
1366 286 1510 312 studentes
1552 284 1723 320 Scripturam
1755 293 1799 313 sa—

1004 339 1090 363 cram,
1103 335 1204 366 pavent
1220 330 1246 357 in
1260 334 1331 358 terra
1345 331 1518 358 inimicorum
1543 339 1668 364 suorum,
1686 332 1714 359 in
1726 339 1798 360 novo

1005 381 1180 408 testamento,
1200 377 1272 403 sicut
1293 377 1431 404 diximus:
1459 377 1556 404 timent
1571 377 1645 404 enim
1660 386 1692 405 ex
1715 378 1798 406 fatui-

1005 427 1070 454 tate,
1085 427 1110 450 et
1126 423 1209 458 corde
1227 429 1329 450 caecato
1344 423 1537 450 commixtione
1549 424 1610 458 ejus
1621 429 1663 455 ,ct
1678 425 1798 460 comple-

1005 474 1048 495 tur
1062 469 1138 495 :lllic
1153 469 1350 504 trepidauerunt
1366 469 1469 501 timore,
1485 469 1530 496 ubi
1545 477 1596 496 mn
1611 475 1669 496 erat
1681 471 1760 498 timor
1775 472 1796 499 ³.

1035 513 1150 540 Terrebit
1166 522 1208 540 eos
1219 514 1319 540 sonitus
1331 514 1388 549 folii
1401 514 1525 542 volantis.
1536 514 1640 542 Folium
1649 516 1798 551 lcgislitte-

1004 567 1061 586 ram
1081 559 1241 594 appellans:
1253 559 1336 594 hujus
1344 560 1417 586 enim
1431 567 1479 587 eos
1494 560 1602 588 sonitus
1611 562 1796 596 persequitur,

1004 611 1032 633 et
1050 607 1175 633 timorem
1203 610 1327 633 nostrum
1342 606 1383 634 eis
1399 606 1504 638 indicit,
1519 607 1593 642 quia,
1610 608 1685 635 verbi
1700 608 1796 644 gratia,

1004 651 1121 678 audiunt
1133 652 1346 679 custodiendum
1356 651 1428 679 diem
1440 651 1563 684 Sabbati,
1581 653 1674 680 vident
1704 659 1796 682 autem

1002 705 1053 725 nos
1065 698 1134 725 nihil
1147 699 1180 726 de
1192 699 1288 726 eodem
1301 699 1432 726 mandato
1448 699 1617 734 despicabile
1628 707 1797 735 sapere,nc-

1003 752 1058 779 que
1073 749 1223 776 terrenum,
1235 753 1323 780 neque
1343 753 1357 772 a
1373 746 1478 773 cultura
1500 751 1590 779 terra},
1608 746 1656 774 sed
1686 754 1700 774 a
1727 748 1796 775 mala

1003 791 1112 818 actione
1125 791 1296 818 vacationem
1307 792 1446 819 discentes
1463 801 1469 819 :
1497 792 1642 820 oll‘endunt
1658 793 1685 820 in
1705 793 1796 823 nobis.

1003 841 1031 864 et
1046 837 1219 864 commisceri
1237 837 1318 864 nobis
1332 837 1452 873 fugiunt.
1474 838 1581 865 Folium
1604 843 1696 866 autem
1722 843 1798 866 recte

1004 881 1071 917 legis
1087 882 1177 909 littera
1190 883 1336 917 accipitur,
1346 884 1408 917 quia
1419 884 1650 918 quemadmodum
1668 885 1796 912 arborum

1003 927 1109 955 fructus
1126 928 1198 956 loliis
1209 929 1319 964 tegitur,
1332 928 1372 955 sic
1396 929 1447 956 sub
1467 929 1534 965 legis
1548 929 1638 957 lit'era
1651 930 1797 957 abscondi-

1003 974 1179 1008 turspiritus.
1197 973 1313 1009 Propter
1324 975 1395 1010 quod
1424 983 1484 1008 nos,
1500 975 1535 1003 de
1561 975 1662 1010 quibus
1691 975 1795 1003 dictum

1002 1023 1044 1045 est
1059 1027 1065 1044 :
1081 1018 1110 1046 Si
1122 1019 1323 1047 vindemiatore:
1341 1021 1451 1055 ingressi
1476 1021 1585 1055 fuissent
1602 1021 1631 1046 in
1647 1025 1681 1052 te,
1701 1020 1796 1047 saltem

1002 1065 1166 1100 reliquissent
1181 1074 1316 1092 racemum
1337 1066 1383 1093 tibi
1403 1066 1413 1081 ⁸
1427 1076 1433 1093 :
1449 1067 1586 1094 nudamus
1600 1067 1694 1094 folium
1720 1067 1796 1094 litte-

1003 1117 1050 1141 ιω,
1065 1116 1093 1136 ιιι
1109 1109 1228 1137 fructum
1240 1110 1354 1145 spiritus
1371 1111 1553 1138 inveniamus.
1581 1111 1612 1138 lli
1628 1116 1720 1139 autem
1748 1111 1794 1147 qui

1003 1153 1061 1182 lucc
1074 1154 1209 1189 ignorant,
1225 1154 1296 1182 sicut
1309 1154 1436 1182 inimicos
1452 1163 1502 1183 nos
1516 1156 1626 1189 habent,
1642 1162 1669 1184 et
1686 1156 1796 1192 fugiunt

1002 1207 1053 1226 nos
1069 1199 1139 1226 sicut
1153 1200 1199 1234 qui
1227 1200 1296 1235 fugit
1308 1200 1437 1236 gladium.

1038 1245 1072 1272 Et
1096 1247 1190 1273 cadent
1224 1247 1297 1273 nullo
1319 1252 1452 1282 sequente.
1473 1247 1568 1283 Neque
1593 1248 1668 1275 enim
1683 1256 1733 1276 nos
1748 1256 1796 1277 eos

1003 1292 1202 1328 persequimur,
1217 1293 1264 1320 sed
1282 1301 1314 1320 ex
1345 1294 1386 1320 sui
1402 1294 1492 1321 cordis
1513 1294 1610 1322 duritia
1624 1295 1794 1329 persecutio-

1002 1347 1064 1366 nem
1078 1339 1228 1374 patiuntur.
1246 1338 1312 1366 Nam
1324 1340 1386 1367 vide
1399 1340 1464 1375 quid
1484 1341 1617 1368 subdidit.
1630 1341 1662 1367 Et
1673 1347 1794 1368 corruant

1001 1384 1098 1418 singuli
1136 1392 1216 1416 super
1235 1385 1332 1418 fratres
1365 1393 1438 1417 suos,
1461 1386 1538 1418 quasi
1566 1385 1634 1412 bella
1654 1387 1792 1421 fugientes.

1002 1429 1118 1462 Quando
1130 1430 1202 1456 enim
1218 1438 1280 1457 cum
1294 1430 1334 1457 eis
1351 1431 1503 1466 loquimur,
1521 1436 1549 1458 et
1562 1432 1630 1466 legis
1643 1432 1794 1467 propheta-

1002 1482 1117 1508 rumque
1137 1475 1291 1502 testimonia
1305 1481 1400 1502 contra
1413 1483 1460 1502 eos
1479 1476 1514 1502 de
1525 1475 1635 1504 Christo
1650 1476 1794 1513 Evangeli—

1003 1520 1096 1554 eisque
1105 1520 1241 1555 mysteriis
1249 1521 1424 1556 proferimus,
1433 1522 1562 1549 coarctati
1573 1522 1599 1549 hi
1610 1523 1719 1558 quidem
1731 1524 1793 1555 hoc,

1003 1565 1039 1592 illi
1058 1570 1149 1592 autem
1171 1566 1235 1593 illud
1248 1566 1353 1598 dicunt,
1374 1571 1402 1593 et
1430 1567 1619 1602 unusquisque
1636 1575 1719 1602 super
1738 1567 1792 1595 fra-

1002 1616 1071 1639 trem
1089 1613 1153 1640 ruit.
1167 1613 1276 1640 Iulirma
1293 1613 1365 1640 enim
1382 1621 1479 1640 omnes
1504 1614 1610 1646 dicunt,
1643 1614 1794 1642 consistere

1002 1663 1113 1694 propter
1126 1659 1177 1685 hoc
1190 1659 1215 1685 in
1233 1659 1345 1686 alternis
1362 1667 1418 1686 non
1443 1659 1533 1686 valent
1547 1659 1648 1693 verbis,
1677 1664 1705 1687 et
1726 1668 1794 1688 con-

1003 1705 1147 1731 turbantur
1160 1704 1237 1739 quasi
1255 1705 1325 1731 bella
1339 1705 1486 1740 fugientes,
1498 1701 1575 1732 n'ullo
1587 1711 1730 1740 sequente.
1739 1706 1794 1733 Nos

1001 1754 1091 1777 autem
1111 1758 1165 1776 non
1180 1750 1370 1785 persequimur
1384 1758 1441 1783 cos,
1458 1758 1510 1778 nec
1525 1755 1554 1778 ut
1568 1759 1730 1785 noceamus,
1746 1752 1794 1780 sed

1002 1800 1031 1822 ut
1043 1796 1171 1830 iuremus
1184 1801 1266 1831 atque
1282 1797 1420 1824 lucremur
1434 1805 1492 1831 eos,
1513 1798 1701 1832 disceptamus
1730 1807 1792 1827 eum

1001 1842 1052 1869 eis.
1069 1842 1139 1874 Quid
1149 1850 1213 1877 ergo
1230 1843 1293 1869 hinc
1310 1843 1473 1877 patiuntur?

1036 1889 1120 1915 Nemo
1139 1893 1253 1916 vestrum
1272 1889 1385 1916 inimicis
1398 1890 1505 1916 audebit
1526 1890 1658 1922 resistere,
1674 1891 1792 1924 peribitis

1000 1935 1069 1961 inter
1093 1939 1192 1970 gentes,
1205 1940 1229 1961 et
1246 1935 1348 1961 hostilis
1365 1943 1409 1962 vos
1434 1941 1505 1962 terra
1526 1941 1670 1963 consumet.
1687 1937 1792 1963 Consu-

1000 1981 1050 2007 mit
1065 1981 1140 2008 enim
1156 1988 1202 2008 eos
1212 1982 1400 2016 evangelicum
1414 1985 1621 2012 testamentum,
1638 1982 1722 2009 totius
1740 1989 1790 2009 eo-

1000 2035 1059 2055 rum
1073 2034 1220 2055 conterens
1240 2029 1341 2055 erroris
1360 2028 1551 2055 substantiam.
1580 2028 1660 2055 Unde
1678 2036 1729 2055 nec
1746 2036 1790 2055 re—

999 2075 1096 2102 sistere
1107 2075 1226 2102 inimicis
1235 2075 1302 2107 suis,
1319 2075 1366 2109 qui
1382 2075 1481 2102 salvari
1501 2083 1550 2109 per
1562 2074 1644 2101 [idem
1661 2079 1787 2109 possunt,

999 2122 1046 2150 scd
1064 2126 1091 2148 ct
1110 2126 1227 2156 pereunt
1256 2122 1328 2148 inter
1357 2126 1461 2157 gentes,
1493 2122 1519 2147 in
1546 2121 1634 2156 lapide
1666 2121 1790 2156 angulari

998 2168 1179 2200 oll‘cndentes,
1216 2172 1308 2195 ctncc
1344 2167 1412 2203 legis
1438 2167 1549 2203 quidem
1586 2167 1702 2194 litteram
1744 2175 1788 2194 re-

998 2215 1104 2249 spicere
1135 2214 1269 2245 volentes,
1299 2218 1394 2248 utpote
1414 2214 1461 2249 qui
1482 2215 1510 2241 in
1525 2222 1585 2241 cam
1613 2222 1668 2241 non
1684 2213 1789 2242 habent

153 2263 213 2290 facti
230 2268 295 2290 sunt
310 2263 336 2290 in
363 2267 434 2290 terra
462 2263 634 2290 inimicorum
659 2271 783 2296 suoutm,
803 2264 828 2290 id
849 2270 900 2297 est,
915 2264 942 2291 in
960 2269 980 2295 ι)
997 2262 1134 2290 ﬁduciam.

152 2309 308 2344 evangelica
333 2313 514 2336 testamento:
533 2309 594 2335 facti
617 2314 679 2336 sunt
701 2314 801 2340 autem,
819 2310 868 2336 etsi
888 2318 942 2337 non

151 2360 257 2389 spente.
276 2361 365 2382 tamen
389 2364 421 2382 ex
445 2356 618 2383 necessitate.
643 2355 710 2390 Ipsis
734 2356 807 2383 enim
826 2357 943 2384 nolenti-

151 2401 212 2435 bus,
239 2403 383 2434 sacriﬁcia,
406 2407 434 2430 et
455 2402 661 2437 purificationes
677 2410 844 2438 azymorum,
862 2408 888 2430 et
902 2408 943 2430 ta-

152 2447 360 2475 bernaculorum
388 2448 559 2483 festivitates,
573 2454 599 2475 et
617 2449 720 2483 reliqua
745 2457 851 2476 cessare
868 2449 943 2483 fecit,

151 2493 338 2521 dillicultatcm
356 2495 503 2528 patientes.
520 2495 547 2521 in
563 2495 768 2522 meditationem
781 2495 841 2529 ejus
856 2496 944 2523 disce-

151 2540 229 2567 dunt.
246 2541 281 2567 Et
304 2540 374 2567 hanc
389 2541 558 2567 vacationem
573 2548 622 2575 pro
636 2540 755 2568 Sabbato
770 2541 899 2577 suscepit,
915 2547 941 2569 et

151 2585 185 2612 ab
206 2586 246 2613 eis
266 2594 341 2613 sacra
363 2587 515 2621 Scriptura,
533 2587 670 2622 nimisque
693 2588 733 2615 eis
755 2588 836 2614 etiam
860 2596 940 2623 supra

150 2630 271 2664 priorum
299 2630 480 2658 Sabbatorum
512 2632 682 2659 vacationem
717 2633 842 2668 placebit.
863 2632 941 2660 Cur?

151 2675 218 2708 Quia
237 2685 287 2703 non
309 2682 345 2703 est
363 2678 479 2711 speciosa
500 2677 559 2704 laus
577 2679 603 2704 in
619 2687 662 2705 ore
684 2680 829 2714 peccatoris
844 2680 864 2705 '.
887 2678 940 2706 Sed

150 2721 204 2749 ait:

188 2768 221 2794 Et
249 2770 293 2803 qui
317 2769 433 2796 decobis
462 2771 648 2802 remanserint,
674 2771 741 2797 dubo
767 2774 890 2805 pavorem
914 2771 941 2798 in

151 2815 272 2841 cordibus
288 2823 390 2846 eorum,
408 2816 435 2841 in
462 2816 610 2850 regionibus
632 2816 746 2843 hostium
776 2816 879 2843 terrebit
899 2825 941 2843 cos

186 2905 196 2919 ²
210 2903 293 2930 Eecli.
307 2912 350 2936 xv,
364 2904 390 2931 9.
430 2904 439 2919 ³
455 2903 526 2931 Psal.
545 2911 602 2937 Mli,
625 2904 650 2931 5.

691 2904 699 2919 "
711 2903 813 2931 Jcrcui.
837 2913 909 2937 uix,
928 2904 954 2930 9.

1033 2307 1108 2340 Quod
1122 2308 1171 2334 etsi
1186 2307 1267 2334 deliis
1284 2307 1369 2342 aliqui
1399 2307 1585 2339 remanserint,
1608 2308 1739 2334 tabescent
1760 2307 1788 2333 in

996 2353 1181 2389 iniquitatibus
1196 2353 1261 2386 suis,
1272 2354 1300 2379 in
1315 2358 1385 2379 terra
1400 2353 1568 2379 inimicorum
1584 2360 1702 2379 suorum.
1720 2352 1787 2385 Qui-

997 2407 1105 2434 cunque
1121 2399 1194 2426 cnim
1218 2407 1250 2426 ex
1267 2399 1317 2431 cis,
1329 2399 1373 2434 qui
1403 2399 1527 2426 conversi
1543 2403 1617 2431 sunt,
1632 2404 1785 2434 remanent,

997 2450 1188 2480 permanentes
1204 2445 1229 2471 in
1243 2445 1309 2480 legis
1322 2445 1422 2477 studio,
1441 2445 1467 2471 hi
1483 2448 1596 2480 propter
1610 2449 1784 2479 peccatasua,

993 2499 1054 2526 quae
1071 2491 1099 2518 in
1118 2495 1189 2518 terra
1203 2491 1377 2518 inimicorum
1394 2499 1515 2524 suorum,
1528 2491 1614 2523 idest,
1645 2491 1672 2518 in
1696 2491 1787 2518 Evan-

996 2537 1083 2573 gelico
1104 2542 1277 2569 testamento,
1295 2537 1445 2564 secundum
1472 2537 1544 2572 quod
1572 2537 1700 2570 diximus,
1723 2545 1785 2572 pro-

995 2587 1056 2618 pter
1071 2583 1313 2619 transgrcssioncm
1328 2584 1386 2619 ejus
1409 2587 1526 2618 pereunt
1543 2591 1550 2610 :
1566 2583 1623 2611 inec
1634 2588 1698 2611 sunt
1712 2583 1787 2612 enim

996 2630 1083 2656 modis
1098 2630 1225 2657 omnibus
1239 2635 1360 2665 peccata,
1379 2638 1440 2665 quae
1461 2631 1487 2657 in
1511 2638 1544 2658 eo
1567 2631 1784 2658 committuntur.

1031 2676 1065 2702 Et
1080 2681 1187 2711 propter
1198 2682 1306 2711 peccata
1318 2685 1379 2709 sua,
1394 2682 1417 2703 et
1436 2682 1542 2712 propter
1555 2681 1662 2711 peccata
1680 2682 1785 2712 patrum

995 2730 1113 2749 suorum.
1126 2723 1194 2756 Quia
1209 2723 1379 2758 przevaricati
1395 2728 1469 2756 sunt,
1487 2727 1514 2750 et
1524 2723 1708 2758 despexerunt
1721 2729 1762 2749 me
1778 2730 1786 2749 :

995 2777 1027 2796 ea
1037 2769 1110 2795 enim
1125 2777 1185 2804 qum
1199 2778 1272 2797 nunc
1290 2770 1330 2797 eis
1345 2773 1509 2803 evenerunt,
1540 2774 1648 2805 patrum
1666 2769 1787 2806 peccatis

996 2817 1145 2845 ascribunt.
1162 2816 1278 2853 Propter
1289 2817 1361 2852 quod
1374 2821 1401 2845 ct
1416 2817 1557 2846 tabesccnt
1574 2817 1602 2844 in
1614 2816 1665 2850 eis,
1681 2823 1730 2851 pro
1744 2815 1786 2842 eis
