  <div class='ocr_page' id='page_1' title='image "/cluster/home/n/w/nwhite01/storage/ocr_20150623/93/njp.32101077772836/648.png"; bbox 0 0 2056 3148; ppageno 0'>
   <div class='ocr_carea' id='block_1_1' title="bbox 175 197 240 231">
    <p class='ocr_par' dir='ltr' id='par_1_1' title="bbox 175 197 240 231">
     <span class='ocr_line' id='line_1_1' title="bbox 175 197 240 231; baseline -0.015 -2"><span class='ocrx_word' id='word_1_1' title='bbox 175 197 240 231; x_wconf 69' lang='lat' dir='ltr'><strong>liE&#39;i</strong></span> 
     </span>
    </p>
   </div>
   <div class='ocr_carea' id='block_1_2' title="bbox 729 200 1251 233">
    <p class='ocr_par' dir='ltr' id='par_1_2' title="bbox 729 200 1251 233">
     <span class='ocr_line' id='line_1_2' title="bbox 729 200 1251 233; baseline 0.004 -3"><span class='ocrx_word' id='word_1_2' title='bbox 729 201 769 231; x_wconf 77' lang='lat' dir='ltr'>IN</span> <span class='ocrx_word' id='word_1_3' title='bbox 793 200 1014 232; x_wconf 77' lang='lat' dir='ltr'><strong>LEVITICUM.</strong></span> <span class='ocrx_word' id='word_1_4' title='bbox 1037 215 1071 220; x_wconf 84' lang='lat'><strong>--</strong></span> <span class='ocrx_word' id='word_1_5' title='bbox 1091 201 1165 233; x_wconf 83' lang='lat' dir='ltr'><strong>LIB.</strong></span> <span class='ocrx_word' id='word_1_6' title='bbox 1187 203 1251 233; x_wconf 75' lang='lat' dir='ltr'><strong>VII.</strong></span> 
     </span>
    </p>
   </div>
   <div class='ocr_carea' id='block_1_3' title="bbox 1741 211 1808 243">
    <p class='ocr_par' dir='ltr' id='par_1_3' title="bbox 1741 211 1808 243">
     <span class='ocr_line' id='line_1_3' title="bbox 1741 211 1808 243; baseline -0.015 0"><span class='ocrx_word' id='word_1_7' title='bbox 1741 211 1808 243; x_wconf 54' lang='lat' dir='ltr'><strong>115i</strong></span> 
     </span>
    </p>
   </div>
   <div class='ocr_carea' id='block_1_4' title="bbox 211 256 1808 296">
    <p class='ocr_par' dir='ltr' id='par_1_4' title="bbox 211 256 1808 296">
     <span class='ocr_line' id='line_1_4' title="bbox 211 256 1808 296; baseline 0.008 -14"><span class='ocrx_word' id='word_1_8' title='bbox 211 256 272 283; x_wconf 73' lang='lat' dir='ltr'><strong>Non</strong></span> <span class='ocrx_word' id='word_1_9' title='bbox 289 257 377 284; x_wconf 83' lang='lat' dir='ltr'><strong>otiose</strong></span> <span class='ocrx_word' id='word_1_10' title='bbox 389 257 523 290; x_wconf 74' lang='lat' dir='ltr'><strong>intendas,</strong></span> <span class='ocrx_word' id='word_1_11' title='bbox 536 265 597 293; x_wconf 69' lang='lat' dir='ltr'><strong>quat</strong></span> <span class='ocrx_word' id='word_1_12' title='bbox 622 257 693 286; x_wconf 69' lang='lat' dir='ltr'><strong>dicta</strong></span> <span class='ocrx_word' id='word_1_13' title='bbox 706 264 779 285; x_wconf 79' lang='lat' dir='ltr'><strong>sunt.</strong></span> <span class='ocrx_word' id='word_1_14' title='bbox 805 259 966 286; x_wconf 80' lang='lat' dir='ltr'><strong>Conclusio-</strong></span> <span class='ocrx_word' id='word_1_15' title='bbox 981 260 1002 290; x_wconf 80' lang='grc' dir='ltr'><strong>Α</strong></span> <span class='ocrx_word' id='word_1_16' title='bbox 1019 258 1140 292; x_wconf 87' lang='lat' dir='ltr'><strong>cerdote,</strong></span> <span class='ocrx_word' id='word_1_17' title='bbox 1152 264 1179 286; x_wconf 90' lang='lat' dir='ltr'><strong>et</strong></span> <span class='ocrx_word' id='word_1_18' title='bbox 1190 264 1323 294; x_wconf 87' lang='lat' dir='ltr'><strong>quantum</strong></span> <span class='ocrx_word' id='word_1_19' title='bbox 1334 260 1377 287; x_wconf 89' lang='lat' dir='ltr'><strong>ille</strong></span> <span class='ocrx_word' id='word_1_20' title='bbox 1393 261 1577 295; x_wconf 81' lang='lat' dir='ltr'><strong>:estimaverit,</strong></span> <span class='ocrx_word' id='word_1_21' title='bbox 1590 268 1617 291; x_wconf 89' lang='lat' dir='ltr'><strong>et</strong></span> <span class='ocrx_word' id='word_1_22' title='bbox 1634 265 1730 294; x_wconf 70' lang='lat' dir='ltr'><strong>viderit</strong></span> <span class='ocrx_word' id='word_1_23' title='bbox 1745 275 1808 296; x_wconf 83' lang='lat' dir='ltr'><strong>eum</strong></span> 
     </span>
    </p>
   </div>
   <div class='ocr_carea' id='block_1_5' title="bbox 172 302 961 339">
    <p class='ocr_par' dir='ltr' id='par_1_5' title="bbox 172 302 961 339">
     <span class='ocr_line' id='line_1_5' title="bbox 172 302 961 339; baseline 0.001 -10"><span class='ocrx_word' id='word_1_24' title='bbox 172 310 234 329; x_wconf 84' lang='lat' dir='ltr'><strong>nent</strong></span> <span class='ocrx_word' id='word_1_25' title='bbox 263 302 337 329; x_wconf 79' lang='lat' dir='ltr'><strong>enim</strong></span> <span class='ocrx_word' id='word_1_26' title='bbox 369 303 459 330; x_wconf 89' lang='lat' dir='ltr'><strong>verbis</strong></span> <span class='ocrx_word' id='word_1_27' title='bbox 488 304 543 330; x_wconf 84' lang='lat' dir='ltr'><strong>suis</strong></span> <span class='ocrx_word' id='word_1_28' title='bbox 572 304 711 339; x_wconf 82' lang='lat' dir='ltr'><strong>legislator</strong></span> <span class='ocrx_word' id='word_1_29' title='bbox 736 304 848 339; x_wconf 76' lang='lat' dir='ltr'><strong>adjecit,</strong></span> <span class='ocrx_word' id='word_1_30' title='bbox 865 312 896 331; x_wconf 90' lang='lat' dir='ltr'><strong>ex</strong></span> <span class='ocrx_word' id='word_1_31' title='bbox 909 312 961 338; x_wconf 84' lang='lat' dir='ltr'><strong>qua</strong></span> 
     </span>
    </p>
   </div>
   <div class='ocr_carea' id='block_1_6' title="bbox 173 348 960 385">
    <p class='ocr_par' dir='ltr' id='par_1_6' title="bbox 173 348 960 385">
     <span class='ocr_line' id='line_1_6' title="bbox 173 348 960 385; baseline 0.001 -10"><span class='ocrx_word' id='word_1_32' title='bbox 173 356 259 383; x_wconf 84' lang='lat' dir='ltr'><strong>usque</strong></span> <span class='ocrx_word' id='word_1_33' title='bbox 276 348 308 376; x_wconf 78' lang='lat' dir='ltr'><strong>ad</strong></span> <span class='ocrx_word' id='word_1_34' title='bbox 321 353 425 375; x_wconf 84' lang='lat' dir='ltr'><strong>certum</strong></span> <span class='ocrx_word' id='word_1_35' title='bbox 438 354 544 383; x_wconf 87' lang='lat' dir='ltr'><strong>tempus</strong></span> <span class='ocrx_word' id='word_1_36' title='bbox 558 350 663 376; x_wconf 83' lang='lat' dir='ltr'><strong>ﬁrmam</strong></span> <span class='ocrx_word' id='word_1_37' title='bbox 680 350 745 377; x_wconf 82' lang='lat' dir='ltr'><strong>velit</strong></span> <span class='ocrx_word' id='word_1_38' title='bbox 758 358 818 377; x_wconf 79' lang='lat' dir='ltr'><strong>esse</strong></span> <span class='ocrx_word' id='word_1_39' title='bbox 831 350 898 385; x_wconf 80' lang='lat' dir='ltr'><strong>legis</strong></span> <span class='ocrx_word' id='word_1_40' title='bbox 919 350 960 377; x_wconf 86' lang='lat' dir='ltr'><strong>lit-</strong></span> 
     </span>
    </p>
   </div>
   <div class='ocr_carea' id='block_1_7' title="bbox 173 394 963 428">
    <p class='ocr_par' dir='ltr' id='par_1_7' title="bbox 173 394 963 428">
     <span class='ocr_line' id='line_1_7' title="bbox 173 394 963 428; baseline 0.003 -8"><span class='ocrx_word' id='word_1_41' title='bbox 173 398 268 424; x_wconf 82' lang='lat' dir='ltr'><strong>teram,</strong></span> <span class='ocrx_word' id='word_1_42' title='bbox 286 394 345 420; x_wconf 88' lang='lat' dir='ltr'><strong>sine</strong></span> <span class='ocrx_word' id='word_1_43' title='bbox 360 394 449 428; x_wconf 88' lang='lat' dir='ltr'><strong>aliqua</strong></span> <span class='ocrx_word' id='word_1_44' title='bbox 472 395 642 422; x_wconf 85' lang='lat' dir='ltr'><strong>dubitatione</strong></span> <span class='ocrx_word' id='word_1_45' title='bbox 667 396 860 425; x_wconf 81' lang='lat' dir='ltr'><strong>manilestavit,</strong></span> <span class='ocrx_word' id='word_1_46' title='bbox 875 401 902 422; x_wconf 87' lang='lat' dir='ltr'><strong>et</strong></span> <span class='ocrx_word' id='word_1_47' title='bbox 916 396 963 423; x_wconf 87' lang='lat' dir='ltr'><strong>Ju-</strong></span> 
     </span>
    </p>
   </div>
   <div class='ocr_carea' id='block_1_8' title="bbox 173 440 961 476">
    <p class='ocr_par' dir='ltr' id='par_1_8' title="bbox 173 440 961 476">
     <span class='ocr_line' id='line_1_8' title="bbox 173 440 961 476; baseline 0.003 -10"><span class='ocrx_word' id='word_1_48' title='bbox 173 440 294 466; x_wconf 67' lang='lat' dir='ltr'><strong>daeorum</strong></span> <span class='ocrx_word' id='word_1_49' title='bbox 312 440 448 467; x_wconf 83' lang='lat' dir='ltr'><strong>obstruxit</strong></span> <span class='ocrx_word' id='word_1_50' title='bbox 459 449 500 473; x_wconf 87' lang='lat' dir='ltr'><strong>os,</strong></span> <span class='ocrx_word' id='word_1_51' title='bbox 517 441 688 468; x_wconf 82' lang='lat' dir='ltr'><strong>tentantibus</strong></span> <span class='ocrx_word' id='word_1_52' title='bbox 701 440 752 468; x_wconf 86' lang='lat' dir='ltr'><strong>hac</strong></span> <span class='ocrx_word' id='word_1_53' title='bbox 766 441 824 476; x_wconf 76' lang='lat' dir='ltr'><strong>lege</strong></span> <span class='ocrx_word' id='word_1_54' title='bbox 836 442 871 468; x_wconf 90' lang='lat' dir='ltr'><strong>uti</strong></span> <span class='ocrx_word' id='word_1_55' title='bbox 881 443 961 468; x_wconf 85' lang='lat' dir='ltr'><strong>etiam</strong></span> 
     </span>
    </p>
   </div>
   <div class='ocr_carea' id='block_1_9' title="bbox 174 486 963 522">
    <p class='ocr_par' dir='ltr' id='par_1_9' title="bbox 174 486 963 522">
     <span class='ocr_line' id='line_1_9' title="bbox 174 486 963 522; baseline 0.004 -10"><span class='ocrx_word' id='word_1_56' title='bbox 174 494 258 517; x_wconf 85' lang='lat' dir='ltr'><strong>nunc,</strong></span> <span class='ocrx_word' id='word_1_57' title='bbox 271 486 380 520; x_wconf 89' lang='lat' dir='ltr'><strong>quando</strong></span> <span class='ocrx_word' id='word_1_58' title='bbox 397 491 506 520; x_wconf 87' lang='lat' dir='ltr'><strong>tempus</strong></span> <span class='ocrx_word' id='word_1_59' title='bbox 522 495 576 513; x_wconf 90' lang='lat' dir='ltr'><strong>non</strong></span> <span class='ocrx_word' id='word_1_60' title='bbox 595 487 771 522; x_wconf 85' lang='lat' dir='ltr'><strong>liabent,jam</strong></span> <span class='ocrx_word' id='word_1_61' title='bbox 789 488 915 515; x_wconf 82' lang='lat' dir='ltr'><strong>veniente</strong></span> <span class='ocrx_word' id='word_1_62' title='bbox 930 497 963 515; x_wconf 83' lang='lat' dir='ltr'><strong>eo</strong></span> 
     </span>
    </p>
   </div>
   <div class='ocr_carea' id='block_1_10' title="bbox 173 529 962 568">
    <p class='ocr_par' dir='ltr' id='par_1_10' title="bbox 173 529 962 568">
     <span class='ocr_line' id='line_1_10' title="bbox 173 529 962 568; baseline 0.004 -12"><span class='ocrx_word' id='word_1_63' title='bbox 173 531 218 565; x_wconf 90' lang='lat' dir='ltr'><strong>qui</strong></span> <span class='ocrx_word' id='word_1_64' title='bbox 231 529 344 561; x_wconf 68' lang='lat' dir='ltr'><strong>Jtitlmis,</strong></span> <span class='ocrx_word' id='word_1_65' title='bbox 358 531 429 557; x_wconf 71' lang='lat' dir='ltr'><strong>sicut</strong></span> <span class='ocrx_word' id='word_1_66' title='bbox 444 531 572 561; x_wconf 76' lang='lat' dir='ltr'><strong>infirmis,</strong></span> <span class='ocrx_word' id='word_1_67' title='bbox 591 532 669 559; x_wconf 84' lang='lat' dir='ltr'><strong>lactis</strong></span> <span class='ocrx_word' id='word_1_68' title='bbox 688 533 746 559; x_wconf 83' lang='lat' dir='ltr'><strong>vice</strong></span> <span class='ocrx_word' id='word_1_69' title='bbox 762 533 827 568; x_wconf 74' lang='lat' dir='ltr'><strong>legis</strong></span> <span class='ocrx_word' id='word_1_70' title='bbox 846 533 962 560; x_wconf 74' lang='lat' dir='ltr'><strong>l&#39;lterum</strong></span> 
     </span>
    </p>
   </div>
   <div class='ocr_carea' id='block_1_11' title="bbox 173 570 962 612">
    <p class='ocr_par' dir='ltr' id='par_1_11' title="bbox 173 570 962 612">
     <span class='ocr_line' id='line_1_11' title="bbox 173 570 962 612; baseline 0.003 -10"><span class='ocrx_word' id='word_1_71' title='bbox 173 576 330 611; x_wconf 85' lang='lat' dir='ltr'><strong>exquisivit,</strong></span> <span class='ocrx_word' id='word_1_72' title='bbox 346 577 447 604; x_wconf 87' lang='lat' dir='ltr'><strong>etbuic</strong></span> <span class='ocrx_word' id='word_1_73' title='bbox 473 577 583 611; x_wconf 68' lang='lat' dir='ltr'><strong>Moysen</strong></span> <span class='ocrx_word' id='word_1_74' title='bbox 607 578 768 612; x_wconf 66' lang='lat' dir='ltr'><strong>prtccipiens</strong></span> <span class='ocrx_word' id='word_1_75' title='bbox 789 570 962 610; x_wconf 58' lang='lat' dir='ltr'><strong>‘ministrare,</strong></span> 
     </span>
    </p>
   </div>
   <div class='ocr_carea' id='block_1_12' title="bbox 174 622 963 658">
    <p class='ocr_par' dir='ltr' id='par_1_12' title="bbox 174 622 963 658">
     <span class='ocr_line' id='line_1_12' title="bbox 174 622 963 658; baseline 0.003 -10"><span class='ocrx_word' id='word_1_76' title='bbox 174 622 231 656; x_wconf 83' lang='lat' dir='ltr'><strong>ipse</strong></span> <span class='ocrx_word' id='word_1_77' title='bbox 248 622 360 649; x_wconf 83' lang='lat' dir='ltr'><strong>veniens</strong></span> <span class='ocrx_word' id='word_1_78' title='bbox 376 623 409 649; x_wconf 87' lang='lat' dir='ltr'><strong>ad</strong></span> <span class='ocrx_word' id='word_1_79' title='bbox 426 623 499 649; x_wconf 85' lang='lat' dir='ltr'><strong>illum</strong></span> <span class='ocrx_word' id='word_1_80' title='bbox 527 623 675 658; x_wconf 71' lang='lat' dir='ltr'><strong>perfectius</strong></span> <span class='ocrx_word' id='word_1_81' title='bbox 690 625 840 651; x_wconf 78' lang='lat' dir='ltr'><strong>introduxit</strong></span> <span class='ocrx_word' id='word_1_82' title='bbox 852 624 963 658; x_wconf 78' lang='lat' dir='ltr'><strong>judicia.</strong></span> 
     </span>
    </p>
   </div>
   <div class='ocr_carea' id='block_1_13' title="bbox 173 668 962 704">
    <p class='ocr_par' dir='ltr' id='par_1_13' title="bbox 173 668 962 704">
     <span class='ocr_line' id='line_1_13' title="bbox 173 668 962 704; baseline 0.003 -10"><span class='ocrx_word' id='word_1_83' title='bbox 173 668 403 702; x_wconf 81' lang='lat' dir='ltr'><strong>Ergosecundum</strong></span> <span class='ocrx_word' id='word_1_84' title='bbox 433 669 503 703; x_wconf 90' lang='lat' dir='ltr'><strong>quod</strong></span> <span class='ocrx_word' id='word_1_85' title='bbox 517 669 602 695; x_wconf 86' lang='lat' dir='ltr'><strong>semel</strong></span> <span class='ocrx_word' id='word_1_86' title='bbox 622 669 751 701; x_wconf 80' lang='lat' dir='ltr'><strong>diximus,</strong></span> <span class='ocrx_word' id='word_1_87' title='bbox 771 670 962 704; x_wconf 80' lang='lat' dir='ltr'><strong>propriedixit,</strong></span> 
     </span>
    </p>
   </div>
   <div class='ocr_carea' id='block_1_14' title="bbox 171 713 965 750">
    <p class='ocr_par' dir='ltr' id='par_1_14' title="bbox 171 713 965 750">
     <span class='ocr_line' id='line_1_14' title="bbox 171 713 965 750; baseline 0.004 -11"><span class='ocrx_word' id='word_1_88' title='bbox 171 721 232 747; x_wconf 61' lang='lat' dir='ltr'><strong>qua!</strong></span> <span class='ocrx_word' id='word_1_89' title='bbox 256 713 467 746; x_wconf 75' lang='lat' dir='ltr'><strong>Dcojndicante</strong></span> <span class='ocrx_word' id='word_1_90' title='bbox 498 714 532 741; x_wconf 87' lang='lat' dir='ltr'><strong>de</strong></span> <span class='ocrx_word' id='word_1_91' title='bbox 556 715 717 747; x_wconf 75' lang='lat' dir='ltr'><strong>quibusdam</strong></span> <span class='ocrx_word' id='word_1_92' title='bbox 745 716 881 750; x_wconf 80' lang='lat' dir='ltr'><strong>capitulis,</strong></span> <span class='ocrx_word' id='word_1_93' title='bbox 905 724 965 750; x_wconf 81' lang='lat' dir='ltr'><strong>qua:</strong></span> 
     </span>
    </p>
   </div>
   <div class='ocr_carea' id='block_1_15' title="bbox 172 760 964 797">
    <p class='ocr_par' dir='ltr' id='par_1_15' title="bbox 172 760 964 797">
     <span class='ocr_line' id='line_1_15' title="bbox 172 760 964 797; baseline 0.005 -12"><span class='ocrx_word' id='word_1_94' title='bbox 172 760 331 794; x_wconf 85' lang='lat' dir='ltr'><strong>ignorantes</strong></span> <span class='ocrx_word' id='word_1_95' title='bbox 360 760 608 795; x_wconf 82' lang='lat' dir='ltr'><strong>interrogaverunt,</strong></span> <span class='ocrx_word' id='word_1_96' title='bbox 633 761 704 788; x_wconf 87' lang='lat' dir='ltr'><strong>dicta</strong></span> <span class='ocrx_word' id='word_1_97' title='bbox 735 767 808 789; x_wconf 86' lang='lat' dir='ltr'><strong>sunt.</strong></span> <span class='ocrx_word' id='word_1_98' title='bbox 827 763 964 797; x_wconf 68' lang='lat' dir='ltr'><strong>I’rmcepta</strong></span> 
     </span>
    </p>
   </div>
   <div class='ocr_carea' id='block_1_16' title="bbox 173 806 965 843">
    <p class='ocr_par' dir='ltr' id='par_1_16' title="bbox 173 806 965 843">
     <span class='ocr_line' id='line_1_16' title="bbox 173 806 965 843; baseline 0.005 -12"><span class='ocrx_word' id='word_1_99' title='bbox 173 809 275 836; x_wconf 69' lang='lat' dir='ltr'><strong>autem,</strong></span> <span class='ocrx_word' id='word_1_100' title='bbox 288 813 348 839; x_wconf 66' lang='lat' dir='ltr'><strong>qum</strong></span> <span class='ocrx_word' id='word_1_101' title='bbox 360 813 414 832; x_wconf 92' lang='lat' dir='ltr'><strong>non</strong></span> <span class='ocrx_word' id='word_1_102' title='bbox 427 806 478 832; x_wconf 86' lang='lat' dir='ltr'><strong>hoe</strong></span> <span class='ocrx_word' id='word_1_103' title='bbox 491 807 580 837; x_wconf 84' lang='lat' dir='ltr'><strong>modo,</strong></span> <span class='ocrx_word' id='word_1_104' title='bbox 598 807 646 834; x_wconf 85' lang='lat' dir='ltr'><strong>sed</strong></span> <span class='ocrx_word' id='word_1_105' title='bbox 662 808 810 843; x_wconf 85' lang='lat' dir='ltr'><strong>semetipso</strong></span> <span class='ocrx_word' id='word_1_106' title='bbox 826 808 965 843; x_wconf 72' lang='lat' dir='ltr'><strong>legislator</strong></span> 
     </span>
    </p>
   </div>
   <div class='ocr_carea' id='block_1_17' title="bbox 173 850 964 885">
    <p class='ocr_par' dir='ltr' id='par_1_17' title="bbox 173 850 964 885">
     <span class='ocr_line' id='line_1_17' title="bbox 173 850 964 885; baseline 0.008 -10"><span class='ocrx_word' id='word_1_107' title='bbox 173 850 248 876; x_wconf 93' lang='lat' dir='ltr'><strong>nullo</strong></span> <span class='ocrx_word' id='word_1_108' title='bbox 274 850 458 885; x_wconf 78' lang='lat' dir='ltr'><strong>interrogante</strong></span> <span class='ocrx_word' id='word_1_109' title='bbox 481 851 608 878; x_wconf 79' lang='lat' dir='ltr'><strong>sancivit.</strong></span> <span class='ocrx_word' id='word_1_110' title='bbox 631 851 733 879; x_wconf 81' lang='lat' dir='ltr'><strong>lteinde</strong></span> <span class='ocrx_word' id='word_1_111' title='bbox 751 853 893 880; x_wconf 75' lang='lat' dir='ltr'><strong>succincte</strong></span> <span class='ocrx_word' id='word_1_112' title='bbox 922 858 964 881; x_wconf 93' lang='lat' dir='ltr'><strong>to-</strong></span> 
     </span>
    </p>
   </div>
   <div class='ocr_carea' id='block_1_18' title="bbox 173 895 961 934">
    <p class='ocr_par' dir='ltr' id='par_1_18' title="bbox 173 895 961 934">
     <span class='ocr_line' id='line_1_18' title="bbox 173 895 961 934; baseline 0.005 -13"><span class='ocrx_word' id='word_1_113' title='bbox 173 895 227 922; x_wconf 80' lang='lat' dir='ltr'><strong>tius</strong></span> <span class='ocrx_word' id='word_1_114' title='bbox 244 895 392 923; x_wconf 56' lang='lat' dir='ltr'><strong>sanctionis</strong></span> <span class='ocrx_word' id='word_1_115' title='bbox 420 896 653 930; x_wconf 55' lang='lat' dir='ltr'><strong>dispensationem</strong></span> <span class='ocrx_word' id='word_1_116' title='bbox 699 898 842 932; x_wconf 86' lang='lat' dir='ltr'><strong>complecti</strong></span> <span class='ocrx_word' id='word_1_117' title='bbox 867 899 961 934; x_wconf 83' lang='lat' dir='ltr'><strong>volens</strong></span> 
     </span>
    </p>
   </div>
   <div class='ocr_carea' id='block_1_19' title="bbox 171 941 315 968">
    <p class='ocr_par' dir='ltr' id='par_1_19' title="bbox 171 941 315 968">
     <span class='ocr_line' id='line_1_19' title="bbox 171 941 315 968; baseline 0.007 -1"><span class='ocrx_word' id='word_1_118' title='bbox 171 941 291 968; x_wconf 86' lang='lat' dir='ltr'><strong>subdidit</strong></span> <span class='ocrx_word' id='word_1_119' title='bbox 309 950 315 968; x_wconf 88' lang='lat'>:</span> 
     </span>
    </p>
   </div>
   <div class='ocr_carea' id='block_1_20' title="bbox 207 987 962 1025">
    <p class='ocr_par' dir='ltr' id='par_1_20' title="bbox 207 987 962 1025">
     <span class='ocr_line' id='line_1_20' title="bbox 207 987 962 1025; baseline 0.005 -12"><span class='ocrx_word' id='word_1_120' title='bbox 207 987 240 1013; x_wconf 83' lang='lat' dir='ltr'><strong>Et</strong></span> <span class='ocrx_word' id='word_1_121' title='bbox 255 987 324 1022; x_wconf 74' lang='lat' dir='ltr'><strong>leges</strong></span> <span class='ocrx_word' id='word_1_122' title='bbox 341 995 407 1022; x_wconf 76' lang='lat' dir='ltr'><strong>quas</strong></span> <span class='ocrx_word' id='word_1_123' title='bbox 420 987 489 1014; x_wconf 81' lang='lat' dir='ltr'><strong>dedit</strong></span> <span class='ocrx_word' id='word_1_124' title='bbox 507 987 632 1015; x_wconf 79' lang='lat' dir='ltr'><strong>Dominus</strong></span> <span class='ocrx_word' id='word_1_125' title='bbox 643 989 710 1015; x_wconf 79' lang='lat' dir='ltr'><strong>inter</strong></span> <span class='ocrx_word' id='word_1_126' title='bbox 724 998 751 1016; x_wconf 80' lang='lat' dir='ltr'><strong>se</strong></span> <span class='ocrx_word' id='word_1_127' title='bbox 767 995 790 1016; x_wconf 83' lang='lat' dir='ltr'><strong>et</strong></span> <span class='ocrx_word' id='word_1_128' title='bbox 815 991 882 1017; x_wconf 71' lang='lat' dir='ltr'><strong>inter</strong></span> <span class='ocrx_word' id='word_1_129' title='bbox 892 991 962 1025; x_wconf 81' lang='lat' dir='ltr'><strong>ﬁlios</strong></span> 
     </span>
    </p>
   </div>
   <div class='ocr_carea' id='block_1_21' title="bbox 171 1031 962 1070">
    <p class='ocr_par' dir='ltr' id='par_1_21' title="bbox 171 1031 962 1070">
     <span class='ocr_line' id='line_1_21' title="bbox 171 1031 962 1070; baseline 0.004 -10"><span class='ocrx_word' id='word_1_130' title='bbox 171 1031 269 1060; x_wconf 77' lang='lat' dir='ltr'><strong>Israel.</strong></span> <span class='ocrx_word' id='word_1_131' title='bbox 283 1033 394 1068; x_wconf 84' lang='lat' dir='ltr'><strong>Propter</strong></span> <span class='ocrx_word' id='word_1_132' title='bbox 408 1034 479 1067; x_wconf 84' lang='lat' dir='ltr'><strong>quod</strong></span> <span class='ocrx_word' id='word_1_133' title='bbox 496 1039 523 1060; x_wconf 81' lang='lat' dir='ltr'><strong>et</strong></span> <span class='ocrx_word' id='word_1_134' title='bbox 541 1034 636 1069; x_wconf 80' lang='lat' dir='ltr'><strong>reliqui</strong></span> <span class='ocrx_word' id='word_1_135' title='bbox 650 1035 824 1068; x_wconf 86' lang='lat' dir='ltr'><strong>interpretes,</strong></span> <span class='ocrx_word' id='word_1_136' title='bbox 840 1037 962 1070; x_wconf 72' lang='lat' dir='ltr'><strong>exceptis</strong></span> 
     </span>
    </p>
   </div>
   <div class='ocr_carea' id='block_1_22' title="bbox 174 1077 962 1116">
    <p class='ocr_par' dir='ltr' id='par_1_22' title="bbox 174 1077 962 1116">
     <span class='ocr_line' id='line_1_22' title="bbox 174 1077 962 1116; baseline 0.004 -12"><span class='ocrx_word' id='word_1_137' title='bbox 174 1078 214 1104; x_wconf 73' lang='lat' dir='ltr'><strong>LX</strong></span> <span class='ocrx_word' id='word_1_138' title='bbox 223 1077 254 1110; x_wconf 82' lang='grc' dir='ltr'><strong>Χ,</strong></span> <span class='ocrx_word' id='word_1_139' title='bbox 264 1078 336 1113; x_wconf 81' lang='lat' dir='ltr'><strong>leges</strong></span> <span class='ocrx_word' id='word_1_140' title='bbox 348 1078 502 1112; x_wconf 81' lang='lat' dir='ltr'><strong>ediderunt,</strong></span> <span class='ocrx_word' id='word_1_141' title='bbox 520 1079 674 1107; x_wconf 73' lang='lat' dir='ltr'><strong>did‘crcntiu</strong></span> <span class='ocrx_word' id='word_1_142' title='bbox 688 1080 753 1115; x_wconf 73' lang='lat' dir='ltr'><strong>legis</strong></span> <span class='ocrx_word' id='word_1_143' title='bbox 765 1082 871 1116; x_wconf 71' lang='lat' dir='ltr'><strong>negotia</strong></span> <span class='ocrx_word' id='word_1_144' title='bbox 878 1082 962 1108; x_wconf 85' lang='lat' dir='ltr'><strong>verbo</strong></span> 
     </span>
    </p>
   </div>
   <div class='ocr_carea' id='block_1_23' title="bbox 172 1121 960 1159">
    <p class='ocr_par' dir='ltr' id='par_1_23' title="bbox 172 1121 960 1159">
     <span class='ocr_line' id='line_1_23' title="bbox 172 1121 960 1159; baseline 0.003 -11"><span class='ocrx_word' id='word_1_145' title='bbox 172 1121 224 1148; x_wconf 85' lang='lat' dir='ltr'><strong>hoc</strong></span> <span class='ocrx_word' id='word_1_146' title='bbox 239 1121 426 1148; x_wconf 86' lang='lat' dir='ltr'><strong>demonstrare</strong></span> <span class='ocrx_word' id='word_1_147' title='bbox 437 1122 588 1156; x_wconf 79' lang='lat' dir='ltr'><strong>cupientes.</strong></span> <span class='ocrx_word' id='word_1_148' title='bbox 619 1122 689 1155; x_wconf 85' lang='lat' dir='ltr'><strong>Quid</strong></span> <span class='ocrx_word' id='word_1_149' title='bbox 713 1129 860 1150; x_wconf 78' lang='lat' dir='ltr'><strong>autemest</strong></span> <span class='ocrx_word' id='word_1_150' title='bbox 889 1125 960 1159; x_wconf 86' lang='lat' dir='ltr'><strong>qtmd</strong></span> 
     </span>
    </p>
   </div>
   <div class='ocr_carea' id='block_1_24' title="bbox 172 1166 962 1201">
    <p class='ocr_par' dir='ltr' id='par_1_24' title="bbox 172 1166 962 1201">
     <span class='ocr_line' id='line_1_24' title="bbox 172 1166 962 1201; baseline 0.004 -9"><span class='ocrx_word' id='word_1_151' title='bbox 172 1166 239 1193; x_wconf 78' lang='lat' dir='ltr'><strong>dixit</strong></span> <span class='ocrx_word' id='word_1_152' title='bbox 249 1166 336 1193; x_wconf 83' lang='lat' dir='ltr'><strong>inter?</strong></span> <span class='ocrx_word' id='word_1_153' title='bbox 354 1166 407 1193; x_wconf 85' lang='lat' dir='ltr'><strong>nisi</strong></span> <span class='ocrx_word' id='word_1_154' title='bbox 421 1167 483 1201; x_wconf 86' lang='lat' dir='ltr'><strong>quia</strong></span> <span class='ocrx_word' id='word_1_155' title='bbox 499 1167 683 1201; x_wconf 68' lang='lat' dir='ltr'><strong>proculdubio</strong></span> <span class='ocrx_word' id='word_1_156' title='bbox 696 1175 782 1200; x_wconf 52' lang='lat' dir='ltr'><strong>usque</strong></span> <span class='ocrx_word' id='word_1_157' title='bbox 794 1168 858 1194; x_wconf 88' lang='lat' dir='ltr'><strong>dttm</strong></span> <span class='ocrx_word' id='word_1_158' title='bbox 869 1168 962 1195; x_wconf 86' lang='lat' dir='ltr'><strong>veniat</strong></span> 
     </span>
    </p>
   </div>
   <div class='ocr_carea' id='block_1_25' title="bbox 171 1211 962 1246">
    <p class='ocr_par' dir='ltr' id='par_1_25' title="bbox 171 1211 962 1246">
     <span class='ocr_line' id='line_1_25' title="bbox 171 1211 962 1246; baseline 0 -7"><span class='ocrx_word' id='word_1_159' title='bbox 171 1211 205 1239; x_wconf 85' lang='lat' dir='ltr'><strong>de</strong></span> <span class='ocrx_word' id='word_1_160' title='bbox 222 1219 277 1246; x_wconf 87' lang='lat' dir='ltr'><strong>quo</strong></span> <span class='ocrx_word' id='word_1_161' title='bbox 292 1211 330 1238; x_wconf 84' lang='lat' dir='ltr'><strong>ait</strong></span> <span class='ocrx_word' id='word_1_162' title='bbox 347 1211 430 1239; x_wconf 80' lang='lat' dir='ltr'><strong>Isaias</strong></span> <span class='ocrx_word' id='word_1_163' title='bbox 444 1220 450 1237; x_wconf 85' lang='lat'><strong><em>:</em></strong></span> <span class='ocrx_word' id='word_1_164' title='bbox 472 1211 531 1246; x_wconf 74' lang='lat' dir='ltr'><strong>Ipse</strong></span> <span class='ocrx_word' id='word_1_165' title='bbox 542 1212 627 1239; x_wconf 78' lang='lat' dir='ltr'><strong>veniet</strong></span> <span class='ocrx_word' id='word_1_166' title='bbox 655 1212 801 1239; x_wconf 77' lang='lat' dir='ltr'><strong>etsalvabit</strong></span> <span class='ocrx_word' id='word_1_167' title='bbox 815 1221 860 1239; x_wconf 81' lang='lat' dir='ltr'><strong>nos</strong></span> <span class='ocrx_word' id='word_1_168' title='bbox 875 1221 883 1238; x_wconf 91' lang='lat'><em>:</em></span> <span class='ocrx_word' id='word_1_169' title='bbox 901 1218 962 1239; x_wconf 83' lang='lat' dir='ltr'><strong>tunc</strong></span> 
     </span>
    </p>
   </div>
   <div class='ocr_carea' id='block_1_26' title="bbox 171 1258 961 1293">
    <p class='ocr_par' dir='ltr' id='par_1_26' title="bbox 171 1258 961 1293">
     <span class='ocr_line' id='line_1_26' title="bbox 171 1258 961 1293; baseline 0.001 -9"><span class='ocrx_word' id='word_1_170' title='bbox 171 1258 326 1293; x_wconf 75' lang='lat' dir='ltr'><strong>aperientur</strong></span> <span class='ocrx_word' id='word_1_171' title='bbox 333 1258 400 1284; x_wconf 83' lang='lat' dir='ltr'><strong>oculi</strong></span> <span class='ocrx_word' id='word_1_172' title='bbox 408 1263 574 1290; x_wconf 68' lang='lat' dir='ltr'><strong>emortumet</strong></span> <span class='ocrx_word' id='word_1_173' title='bbox 583 1267 660 1284; x_wconf 79' lang='lat' dir='ltr'><strong>aures</strong></span> <span class='ocrx_word' id='word_1_174' title='bbox 667 1258 806 1284; x_wconf 79' lang='lat' dir='ltr'><strong>surdornm</strong></span> <span class='ocrx_word' id='word_1_175' title='bbox 815 1259 921 1285; x_wconf 84' lang='lat' dir='ltr'><strong>audient</strong></span> <span class='ocrx_word' id='word_1_176' title='bbox 931 1259 961 1290; x_wconf 79' lang='lat'><strong>”,</strong></span> 
     </span>
    </p>
   </div>
   <div class='ocr_carea' id='block_1_27' title="bbox 175 1303 963 1338">
    <p class='ocr_par' dir='ltr' id='par_1_27' title="bbox 175 1303 963 1338">
     <span class='ocr_line' id='line_1_27' title="bbox 175 1303 963 1338; baseline 0 -8"><span class='ocrx_word' id='word_1_177' title='bbox 175 1308 200 1330; x_wconf 76' lang='lat' dir='ltr'><strong>et</strong></span> <span class='ocrx_word' id='word_1_178' title='bbox 214 1311 384 1338; x_wconf 74' lang='lat' dir='ltr'><strong>quaecunque</strong></span> <span class='ocrx_word' id='word_1_179' title='bbox 398 1303 424 1330; x_wconf 93' lang='lat' dir='ltr'><strong>in</strong></span> <span class='ocrx_word' id='word_1_180' title='bbox 444 1303 488 1329; x_wconf 89' lang='lat' dir='ltr'><strong>illa</strong></span> <span class='ocrx_word' id='word_1_181' title='bbox 512 1303 655 1338; x_wconf 81' lang='lat' dir='ltr'><strong>prophetia</strong></span> <span class='ocrx_word' id='word_1_182' title='bbox 677 1304 869 1330; x_wconf 82' lang='lat' dir='ltr'><strong>continentur:</strong></span> <span class='ocrx_word' id='word_1_183' title='bbox 899 1307 963 1331; x_wconf 92' lang='lat' dir='ltr'><strong>tunc</strong></span> 
     </span>
    </p>
   </div>
   <div class='ocr_carea' id='block_1_28' title="bbox 173 1349 963 1385">
    <p class='ocr_par' dir='ltr' id='par_1_28' title="bbox 173 1349 963 1385">
     <span class='ocr_line' id='line_1_28' title="bbox 173 1349 963 1385; baseline 0 -9"><span class='ocrx_word' id='word_1_184' title='bbox 173 1356 343 1385; x_wconf 77' lang='lat' dir='ltr'><strong>nequaquam</strong></span> <span class='ocrx_word' id='word_1_185' title='bbox 363 1349 432 1376; x_wconf 88' lang='lat' dir='ltr'><strong>ultra</strong></span> <span class='ocrx_word' id='word_1_186' title='bbox 448 1350 597 1376; x_wconf 87' lang='lat' dir='ltr'><strong>sccundtun</strong></span> <span class='ocrx_word' id='word_1_187' title='bbox 612 1349 784 1384; x_wconf 72' lang='lat' dir='ltr'><strong>superﬁciem</strong></span> <span class='ocrx_word' id='word_1_188' title='bbox 801 1350 905 1382; x_wconf 73' lang='lat' dir='ltr'><strong>litterae,</strong></span> <span class='ocrx_word' id='word_1_189' title='bbox 916 1350 963 1376; x_wconf 81' lang='lat' dir='ltr'><strong>sed</strong></span> 
     </span>
    </p>
   </div>
   <div class='ocr_carea' id='block_1_29' title="bbox 171 1395 963 1431">
    <p class='ocr_par' dir='ltr' id='par_1_29' title="bbox 171 1395 963 1431">
     <span class='ocr_line' id='line_1_29' title="bbox 171 1395 963 1431; baseline -0.001 -9"><span class='ocrx_word' id='word_1_190' title='bbox 171 1395 401 1430; x_wconf 85' lang='lat' dir='ltr'><strong>quemadmodum</strong></span> <span class='ocrx_word' id='word_1_191' title='bbox 424 1395 482 1430; x_wconf 85' lang='lat' dir='ltr'><strong>ipse</strong></span> <span class='ocrx_word' id='word_1_192' title='bbox 492 1396 660 1430; x_wconf 72' lang='lat' dir='ltr'><strong>exposuerit,</strong></span> <span class='ocrx_word' id='word_1_193' title='bbox 680 1396 888 1431; x_wconf 78' lang='lat' dir='ltr'><strong>oportctlegem</strong></span> <span class='ocrx_word' id='word_1_194' title='bbox 914 1404 963 1421; x_wconf 88' lang='lat' dir='ltr'><strong>cu-</strong></span> 
     </span>
    </p>
   </div>
   <div class='ocr_carea' id='block_1_30' title="bbox 171 1440 964 1475">
    <p class='ocr_par' dir='ltr' id='par_1_30' title="bbox 171 1440 964 1475">
     <span class='ocr_line' id='line_1_30' title="bbox 171 1440 964 1475; baseline -0.001 -8"><span class='ocrx_word' id='word_1_195' title='bbox 171 1440 267 1467; x_wconf 82' lang='lat' dir='ltr'><strong>stodiri</strong></span> <span class='ocrx_word' id='word_1_196' title='bbox 276 1441 309 1466; x_wconf 90' lang='lat' dir='ltr'><strong>ad</strong></span> <span class='ocrx_word' id='word_1_197' title='bbox 319 1440 509 1475; x_wconf 69' lang='lat' dir='ltr'><strong>Evangelicam</strong></span> <span class='ocrx_word' id='word_1_198' title='bbox 522 1441 635 1475; x_wconf 89' lang='lat' dir='ltr'><strong>gratiam</strong></span> <span class='ocrx_word' id='word_1_199' title='bbox 650 1441 806 1467; x_wconf 71' lang='lat' dir='ltr'><strong>translatam</strong></span> <span class='ocrx_word' id='word_1_200' title='bbox 821 1445 847 1466; x_wconf 85' lang='lat' dir='ltr'><strong>et</strong></span> <span class='ocrx_word' id='word_1_201' title='bbox 859 1441 891 1467; x_wconf 88' lang='lat' dir='ltr'><strong>ad</strong></span> <span class='ocrx_word' id='word_1_202' title='bbox 902 1448 964 1475; x_wconf 59' lang='lat' dir='ltr'><strong>per»</strong></span> 
     </span>
    </p>
   </div>
   <div class='ocr_carea' id='block_1_31' title="bbox 172 1485 963 1519">
    <p class='ocr_par' dir='ltr' id='par_1_31' title="bbox 172 1485 963 1519">
     <span class='ocr_line' id='line_1_31' title="bbox 172 1485 963 1519; baseline 0 -7"><span class='ocrx_word' id='word_1_203' title='bbox 172 1485 315 1512; x_wconf 74' lang='lat' dir='ltr'><strong>fectiorem</strong></span> <span class='ocrx_word' id='word_1_204' title='bbox 339 1486 587 1519; x_wconf 83' lang='lat' dir='ltr'><strong>conversationem,</strong></span> <span class='ocrx_word' id='word_1_205' title='bbox 604 1494 658 1513; x_wconf 88' lang='lat' dir='ltr'><strong>non</strong></span> <span class='ocrx_word' id='word_1_206' title='bbox 671 1490 699 1513; x_wconf 93' lang='lat' dir='ltr'><strong>ut</strong></span> <span class='ocrx_word' id='word_1_207' title='bbox 710 1487 742 1513; x_wconf 92' lang='lat' dir='ltr'><strong>ad</strong></span> <span class='ocrx_word' id='word_1_208' title='bbox 754 1486 859 1512; x_wconf 90' lang='lat' dir='ltr'><strong>irritum</strong></span> <span class='ocrx_word' id='word_1_209' title='bbox 877 1487 963 1513; x_wconf 87' lang='lat' dir='ltr'><strong>dedu-</strong></span> 
     </span>
    </p>
   </div>
   <div class='ocr_carea' id='block_1_32' title="bbox 172 1531 959 1566">
    <p class='ocr_par' dir='ltr' id='par_1_32' title="bbox 172 1531 959 1566">
     <span class='ocr_line' id='line_1_32' title="bbox 172 1531 959 1566; baseline 0 -8"><span class='ocrx_word' id='word_1_210' title='bbox 172 1535 260 1563; x_wconf 86' lang='lat' dir='ltr'><strong>catur,</strong></span> <span class='ocrx_word' id='word_1_211' title='bbox 277 1531 325 1558; x_wconf 88' lang='lat' dir='ltr'><strong>sed</strong></span> <span class='ocrx_word' id='word_1_212' title='bbox 337 1535 367 1557; x_wconf 89' lang='lat' dir='ltr'><strong>ut</strong></span> <span class='ocrx_word' id='word_1_213' title='bbox 382 1531 414 1558; x_wconf 87' lang='lat' dir='ltr'><strong>ad</strong></span> <span class='ocrx_word' id='word_1_214' title='bbox 426 1532 587 1565; x_wconf 87' lang='lat' dir='ltr'><strong>prudentem</strong></span> <span class='ocrx_word' id='word_1_215' title='bbox 606 1532 872 1566; x_wconf 80' lang='lat' dir='ltr'><strong>interpretationem,</strong></span> <span class='ocrx_word' id='word_1_216' title='bbox 903 1532 959 1566; x_wconf 85' lang='lat' dir='ltr'><strong>spi-</strong></span> 
     </span>
    </p>
   </div>
   <div class='ocr_carea' id='block_1_33' title="bbox 172 1577 962 1612">
    <p class='ocr_par' dir='ltr' id='par_1_33' title="bbox 172 1577 962 1612">
     <span class='ocr_line' id='line_1_33' title="bbox 172 1577 962 1612; baseline 0.001 -9"><span class='ocrx_word' id='word_1_217' title='bbox 172 1577 333 1612; x_wconf 87' lang='lat' dir='ltr'><strong>ritalemque</strong></span> <span class='ocrx_word' id='word_1_218' title='bbox 344 1585 453 1604; x_wconf 89' lang='lat' dir='ltr'><strong>sensum</strong></span> <span class='ocrx_word' id='word_1_219' title='bbox 472 1578 606 1604; x_wconf 85' lang='lat' dir='ltr'><strong>trahatur.</strong></span> <span class='ocrx_word' id='word_1_220' title='bbox 629 1579 684 1605; x_wconf 88' lang='lat' dir='ltr'><strong>Cur</strong></span> <span class='ocrx_word' id='word_1_221' title='bbox 707 1578 788 1606; x_wconf 83' lang='lat' dir='ltr'><strong>etiam</strong></span> <span class='ocrx_word' id='word_1_222' title='bbox 807 1578 896 1604; x_wconf 78' lang='lat' dir='ltr'><strong>locum</strong></span> <span class='ocrx_word' id='word_1_223' title='bbox 925 1578 962 1604; x_wconf 85' lang='lat' dir='ltr'><strong>si-</strong></span> 
     </span>
    </p>
   </div>
   <div class='ocr_carea' id='block_1_34' title="bbox 172 1622 488 1658">
    <p class='ocr_par' dir='ltr' id='par_1_34' title="bbox 172 1622 488 1658">
     <span class='ocr_line' id='line_1_34' title="bbox 172 1622 488 1658; baseline 0.003 -10"><span class='ocrx_word' id='word_1_224' title='bbox 172 1622 330 1658; x_wconf 80' lang='lat' dir='ltr'><strong>gniﬁcavit?</strong></span> <span class='ocrx_word' id='word_1_225' title='bbox 345 1623 383 1649; x_wconf 87' lang='lat' dir='ltr'><strong>ait</strong></span> <span class='ocrx_word' id='word_1_226' title='bbox 394 1623 466 1650; x_wconf 90' lang='lat' dir='ltr'><strong>enim</strong></span> <span class='ocrx_word' id='word_1_227' title='bbox 482 1631 488 1649; x_wconf 93' lang='lat'><strong>:</strong></span> 
     </span>
    </p>
   </div>
   <div class='ocr_carea' id='block_1_35' title="bbox 208 1667 962 1702">
    <p class='ocr_par' dir='ltr' id='par_1_35' title="bbox 208 1667 962 1702">
     <span class='ocr_line' id='line_1_35' title="bbox 208 1667 962 1702; baseline 0.001 -7"><span class='ocrx_word' id='word_1_228' title='bbox 208 1667 242 1695; x_wconf 87' lang='lat' dir='ltr'><strong>In</strong></span> <span class='ocrx_word' id='word_1_229' title='bbox 257 1673 344 1695; x_wconf 87' lang='lat' dir='ltr'><strong>monte</strong></span> <span class='ocrx_word' id='word_1_230' title='bbox 359 1668 451 1702; x_wconf 78' lang='lat' dir='ltr'><strong>Sinni,</strong></span> <span class='ocrx_word' id='word_1_231' title='bbox 468 1669 519 1695; x_wconf 90' lang='lat' dir='ltr'><strong>nisi</strong></span> <span class='ocrx_word' id='word_1_232' title='bbox 537 1673 567 1696; x_wconf 91' lang='lat' dir='ltr'><strong>ut</strong></span> <span class='ocrx_word' id='word_1_233' title='bbox 579 1676 644 1701; x_wconf 88' lang='lat' dir='ltr'><strong>non,</strong></span> <span class='ocrx_word' id='word_1_234' title='bbox 661 1669 745 1696; x_wconf 88' lang='lat' dir='ltr'><strong>David</strong></span> <span class='ocrx_word' id='word_1_235' title='bbox 763 1669 873 1697; x_wconf 87' lang='lat' dir='ltr'><strong>dicente</strong></span> <span class='ocrx_word' id='word_1_236' title='bbox 890 1678 896 1694; x_wconf 93' lang='lat'>:</span> <span class='ocrx_word' id='word_1_237' title='bbox 916 1670 962 1696; x_wconf 64' lang='lat' dir='ltr'><strong>Vi-</strong></span> 
     </span>
    </p>
   </div>
   <div class='ocr_carea' id='block_1_36' title="bbox 173 1713 963 1750">
    <p class='ocr_par' dir='ltr' id='par_1_36' title="bbox 173 1713 963 1750">
     <span class='ocr_line' id='line_1_36' title="bbox 173 1713 963 1750; baseline 0.005 -10"><span class='ocrx_word' id='word_1_238' title='bbox 173 1714 275 1742; x_wconf 79' lang='lat' dir='ltr'><strong>debitur</strong></span> <span class='ocrx_word' id='word_1_239' title='bbox 286 1714 356 1741; x_wconf 78' lang='lat' dir='ltr'><strong>Dens</strong></span> <span class='ocrx_word' id='word_1_240' title='bbox 370 1715 479 1741; x_wconf 81' lang='lat' dir='ltr'><strong>deorum</strong></span> <span class='ocrx_word' id='word_1_241' title='bbox 493 1714 521 1740; x_wconf 89' lang='lat' dir='ltr'><strong>in</strong></span> <span class='ocrx_word' id='word_1_242' title='bbox 536 1713 599 1741; x_wconf 86' lang='lat' dir='ltr'><strong>Sion</strong></span> <span class='ocrx_word' id='word_1_243' title='bbox 614 1715 636 1730; x_wconf 85' lang='lat'>“</span> <span class='ocrx_word' id='word_1_244' title='bbox 649 1723 657 1747; x_wconf 88' lang='lat'><strong>;</strong></span> <span class='ocrx_word' id='word_1_245' title='bbox 672 1719 700 1741; x_wconf 87' lang='lat' dir='ltr'><strong>et</strong></span> <span class='ocrx_word' id='word_1_246' title='bbox 714 1714 860 1750; x_wconf 81' lang='lat' dir='ltr'><strong>Malacltia_:</strong></span> <span class='ocrx_word' id='word_1_247' title='bbox 871 1715 963 1744; x_wconf 81' lang='lat' dir='ltr'><strong>Subito</strong></span> 
     </span>
    </p>
   </div>
   <div class='ocr_carea' id='block_1_37' title="bbox 172 1759 964 1797">
    <p class='ocr_par' dir='ltr' id='par_1_37' title="bbox 172 1759 964 1797">
     <span class='ocr_line' id='line_1_37' title="bbox 172 1759 964 1797; baseline 0.003 -10"><span class='ocrx_word' id='word_1_248' title='bbox 172 1761 255 1787; x_wconf 77' lang='lat' dir='ltr'><strong>ueniet</strong></span> <span class='ocrx_word' id='word_1_249' title='bbox 271 1760 298 1786; x_wconf 87' lang='lat' dir='ltr'><strong>in</strong></span> <span class='ocrx_word' id='word_1_250' title='bbox 313 1759 438 1794; x_wconf 82' lang='lat' dir='ltr'><strong>templum</strong></span> <span class='ocrx_word' id='word_1_251' title='bbox 452 1768 529 1786; x_wconf 70' lang='lat' dir='ltr'><strong>suum</strong></span> <span class='ocrx_word' id='word_1_252' title='bbox 550 1760 688 1791; x_wconf 75' lang='lat' dir='ltr'><strong>Dominus,</strong></span> <span class='ocrx_word' id='word_1_253' title='bbox 705 1769 781 1795; x_wconf 78' lang='lat' dir='ltr'><strong>quem</strong></span> <span class='ocrx_word' id='word_1_254' title='bbox 809 1770 852 1788; x_wconf 70' lang='lat' dir='ltr'><strong>vos</strong></span> <span class='ocrx_word' id='word_1_255' title='bbox 867 1763 964 1797; x_wconf 75' lang='lat' dir='ltr'><strong>quan-i-</strong></span> 
     </span>
    </p>
   </div>
   <div class='ocr_carea' id='block_1_38' title="bbox 174 1804 962 1842">
    <p class='ocr_par' dir='ltr' id='par_1_38' title="bbox 174 1804 962 1842">
     <span class='ocr_line' id='line_1_38' title="bbox 174 1804 962 1842; baseline 0.003 -9"><span class='ocrx_word' id='word_1_256' title='bbox 174 1806 254 1839; x_wconf 79' lang='lat' dir='ltr'><strong>tis&quot;;</strong></span> <span class='ocrx_word' id='word_1_257' title='bbox 273 1810 300 1832; x_wconf 89' lang='lat' dir='ltr'><strong>et</strong></span> <span class='ocrx_word' id='word_1_258' title='bbox 316 1813 411 1832; x_wconf 89' lang='lat' dir='ltr'><strong>rursus</strong></span> <span class='ocrx_word' id='word_1_259' title='bbox 421 1804 573 1832; x_wconf 66' lang='lat' dir='ltr'><strong>DaVldIEI</strong></span> <span class='ocrx_word' id='word_1_260' title='bbox 591 1805 654 1832; x_wconf 89' lang='lat' dir='ltr'><strong>Sion</strong></span> <span class='ocrx_word' id='word_1_261' title='bbox 672 1807 767 1840; x_wconf 76' lang='lat' dir='ltr'><strong>species</strong></span> <span class='ocrx_word' id='word_1_262' title='bbox 786 1808 885 1834; x_wconf 70' lang='lat' dir='ltr'><strong>decoris</strong></span> <span class='ocrx_word' id='word_1_263' title='bbox 895 1808 962 1842; x_wconf 80' lang='lat' dir='ltr'><strong>ejus,</strong></span> 
     </span>
    </p>
   </div>
   <div class='ocr_carea' id='block_1_39' title="bbox 173 1852 961 1887">
    <p class='ocr_par' dir='ltr' id='par_1_39' title="bbox 173 1852 961 1887">
     <span class='ocr_line' id='line_1_39' title="bbox 173 1852 961 1887; baseline 0.003 -8"><span class='ocrx_word' id='word_1_264' title='bbox 173 1853 241 1880; x_wconf 74' lang='lat' dir='ltr'><strong>Deus</strong></span> <span class='ocrx_word' id='word_1_265' title='bbox 259 1853 415 1887; x_wconf 73' lang='lat' dir='ltr'><strong>manifestus</strong></span> <span class='ocrx_word' id='word_1_266' title='bbox 425 1852 519 1883; x_wconf 76' lang='lat' dir='ltr'><strong>veniet,</strong></span> <span class='ocrx_word' id='word_1_267' title='bbox 531 1852 703 1884; x_wconf 74' lang='lat' dir='ltr'><strong>Deusuoster,</strong></span> <span class='ocrx_word' id='word_1_268' title='bbox 717 1859 741 1878; x_wconf 83' lang='lat' dir='ltr'><strong>et</strong></span> <span class='ocrx_word' id='word_1_269' title='bbox 756 1861 806 1879; x_wconf 85' lang='lat' dir='ltr'><strong>non</strong></span> <span class='ocrx_word' id='word_1_270' title='bbox 821 1854 904 1880; x_wconf 75' lang='lat' dir='ltr'><strong>silebit</strong></span> <span class='ocrx_word' id='word_1_271' title='bbox 917 1854 938 1870; x_wconf 63' lang='grc' dir='ltr'>ιδ</span> <span class='ocrx_word' id='word_1_272' title='bbox 955 1863 961 1880; x_wconf 94' lang='lat'>:</span> 
     </span>
    </p>
   </div>
   <div class='ocr_carea' id='block_1_40' title="bbox 172 1898 963 1933">
    <p class='ocr_par' dir='ltr' id='par_1_40' title="bbox 172 1898 963 1933">
     <span class='ocr_line' id='line_1_40' title="bbox 172 1898 963 1933; baseline 0.001 -8"><span class='ocrx_word' id='word_1_273' title='bbox 172 1898 244 1925; x_wconf 78' lang='lat' dir='ltr'><strong>illam</strong></span> <span class='ocrx_word' id='word_1_274' title='bbox 274 1899 334 1932; x_wconf 69' lang='lat' dir='ltr'><strong>ejus</strong></span> <span class='ocrx_word' id='word_1_275' title='bbox 352 1898 405 1925; x_wconf 88' lang='lat' dir='ltr'><strong>dici</strong></span> <span class='ocrx_word' id='word_1_276' title='bbox 429 1898 660 1932; x_wconf 79' lang='lat' dir='ltr'><strong>dispensationem</strong></span> <span class='ocrx_word' id='word_1_277' title='bbox 685 1902 814 1932; x_wconf 86' lang='lat' dir='ltr'><strong>putemus</strong></span> <span class='ocrx_word' id='word_1_278' title='bbox 841 1903 963 1933; x_wconf 81' lang='lat' dir='ltr'><strong>tempoxe</strong></span> 
     </span>
    </p>
   </div>
   <div class='ocr_carea' id='block_1_41' title="bbox 174 1943 965 1979">
    <p class='ocr_par' dir='ltr' id='par_1_41' title="bbox 174 1943 965 1979">
     <span class='ocr_line' id='line_1_41' title="bbox 174 1943 965 1979; baseline 0 -9"><span class='ocrx_word' id='word_1_279' title='bbox 174 1943 240 1979; x_wconf 76' lang='lat' dir='ltr'><strong>legis</strong></span> <span class='ocrx_word' id='word_1_280' title='bbox 255 1948 353 1975; x_wconf 84' lang='lat' dir='ltr'><strong>actam,</strong></span> <span class='ocrx_word' id='word_1_281' title='bbox 372 1943 444 1969; x_wconf 87' lang='lat' dir='ltr'><strong>unde</strong></span> <span class='ocrx_word' id='word_1_282' title='bbox 464 1943 509 1970; x_wconf 86' lang='lat' dir='ltr'><strong>hic</strong></span> <span class='ocrx_word' id='word_1_283' title='bbox 541 1948 593 1970; x_wconf 84' lang='lat' dir='ltr'><strong>tam</strong></span> <span class='ocrx_word' id='word_1_284' title='bbox 616 1943 667 1969; x_wconf 87' lang='lat' dir='ltr'><strong>loci</strong></span> <span class='ocrx_word' id='word_1_285' title='bbox 701 1943 868 1970; x_wconf 82' lang='lat' dir='ltr'><strong>mentionem</strong></span> <span class='ocrx_word' id='word_1_286' title='bbox 899 1943 965 1970; x_wconf 76' lang='lat' dir='ltr'><strong>fecit</strong></span> 
     </span>
    </p>
   </div>
   <div class='ocr_carea' id='block_1_42' title="bbox 173 1987 963 2024">
    <p class='ocr_par' dir='ltr' id='par_1_42' title="bbox 173 1987 963 2024">
     <span class='ocr_line' id='line_1_42' title="bbox 173 1987 963 2024; baseline 0 -8"><span class='ocrx_word' id='word_1_287' title='bbox 173 1997 254 2023; x_wconf 88' lang='lat' dir='ltr'><strong>quam</strong></span> <span class='ocrx_word' id='word_1_288' title='bbox 267 1988 446 2016; x_wconf 86' lang='lat' dir='ltr'><strong>ministrantis</strong></span> <span class='ocrx_word' id='word_1_289' title='bbox 460 1989 554 2024; x_wconf 79' lang='lat' dir='ltr'><strong>Moysi,</strong></span> <span class='ocrx_word' id='word_1_290' title='bbox 565 1993 594 2015; x_wconf 88' lang='lat' dir='ltr'><strong>ut</strong></span> <span class='ocrx_word' id='word_1_291' title='bbox 608 1997 639 2015; x_wconf 87' lang='lat' dir='ltr'><strong>ex</strong></span> <span class='ocrx_word' id='word_1_292' title='bbox 652 1989 703 2015; x_wconf 83' lang='lat' dir='ltr'><strong>hoc</strong></span> <span class='ocrx_word' id='word_1_293' title='bbox 715 1987 963 2023; x_wconf 83' lang='lat' dir='ltr'><strong>disceremus,quia</strong></span> 
     </span>
    </p>
   </div>
   <div class='ocr_carea' id='block_1_43' title="bbox 172 2031 962 2069">
    <p class='ocr_par' dir='ltr' id='par_1_43' title="bbox 172 2031 962 2069">
     <span class='ocr_line' id='line_1_43' title="bbox 172 2031 962 2069; baseline -0.001 -8"><span class='ocrx_word' id='word_1_294' title='bbox 172 2035 256 2061; x_wconf 82' lang='lat' dir='ltr'><strong>alium</strong></span> <span class='ocrx_word' id='word_1_295' title='bbox 271 2034 349 2061; x_wconf 83' lang='lat' dir='ltr'><strong>nobis</strong></span> <span class='ocrx_word' id='word_1_296' title='bbox 365 2035 512 2061; x_wconf 86' lang='lat' dir='ltr'><strong>adventum</strong></span> <span class='ocrx_word' id='word_1_297' title='bbox 530 2034 589 2068; x_wconf 82' lang='lat' dir='ltr'><strong>ejus</strong></span> <span class='ocrx_word' id='word_1_298' title='bbox 604 2031 749 2069; x_wconf 56' lang='lat' dir='ltr'><strong>prophetia</strong></span> <span class='ocrx_word' id='word_1_299' title='bbox 768 2034 962 2068; x_wconf 86' lang='lat' dir='ltr'><strong>promiserunt,</strong></span> 
     </span>
    </p>
   </div>
   <div class='ocr_carea' id='block_1_44' title="bbox 173 2080 963 2115">
    <p class='ocr_par' dir='ltr' id='par_1_44' title="bbox 173 2080 963 2115">
     <span class='ocr_line' id='line_1_44' title="bbox 173 2080 963 2115; baseline 0.001 -9"><span class='ocrx_word' id='word_1_300' title='bbox 173 2080 219 2115; x_wconf 85' lang='lat' dir='ltr'><strong>qui</strong></span> <span class='ocrx_word' id='word_1_301' title='bbox 235 2081 327 2107; x_wconf 60' lang='lat' dir='ltr'><strong>nesin</strong></span> <span class='ocrx_word' id='word_1_302' title='bbox 347 2080 422 2114; x_wconf 83' lang='lat' dir='ltr'><strong>Sina,</strong></span> <span class='ocrx_word' id='word_1_303' title='bbox 441 2088 492 2107; x_wconf 89' lang='lat' dir='ltr'><strong>nec</strong></span> <span class='ocrx_word' id='word_1_304' title='bbox 511 2087 561 2114; x_wconf 85' lang='lat' dir='ltr'><strong>per</strong></span> <span class='ocrx_word' id='word_1_305' title='bbox 588 2080 779 2111; x_wconf 81' lang='lat' dir='ltr'><strong>mediatorem.</strong></span> <span class='ocrx_word' id='word_1_306' title='bbox 799 2080 846 2107; x_wconf 81' lang='lat' dir='ltr'><strong>sed</strong></span> <span class='ocrx_word' id='word_1_307' title='bbox 871 2085 963 2115; x_wconf 84' lang='lat' dir='ltr'><strong>aperte</strong></span> 
     </span>
    </p>
   </div>
   <div class='ocr_carea' id='block_1_45' title="bbox 174 2127 330 2155">
    <p class='ocr_par' dir='ltr' id='par_1_45' title="bbox 174 2127 330 2155">
     <span class='ocr_line' id='line_1_45' title="bbox 174 2127 330 2155; baseline 0 -1"><span class='ocrx_word' id='word_1_308' title='bbox 174 2127 262 2154; x_wconf 76' lang='lat' dir='ltr'><strong>iactus</strong></span> <span class='ocrx_word' id='word_1_309' title='bbox 279 2132 330 2155; x_wconf 85' lang='lat' dir='ltr'><strong>est.</strong></span> 
     </span>
    </p>
   </div>
   <div class='ocr_carea' id='block_1_46' title="bbox 453 2171 696 2199">
    <p class='ocr_par' dir='ltr' id='par_1_46' title="bbox 453 2171 696 2199">
     <span class='ocr_line' id='line_1_46' title="bbox 453 2171 696 2199; baseline -0.004 0"><span class='ocrx_word' id='word_1_310' title='bbox 453 2171 568 2199; x_wconf 74' lang='lat' dir='ltr'><strong>CAPUT</strong></span> <span class='ocrx_word' id='word_1_311' title='bbox 591 2171 696 2198; x_wconf 71' lang='lat' dir='ltr'><strong>XXVII.</strong></span> 
     </span>
    </p>
   </div>
   <div class='ocr_carea' id='block_1_47' title="bbox 210 2217 964 2253">
    <p class='ocr_par' dir='ltr' id='par_1_47' title="bbox 210 2217 964 2253">
     <span class='ocr_line' id='line_1_47' title="bbox 210 2217 964 2253; baseline -0.001 -7"><span class='ocrx_word' id='word_1_312' title='bbox 210 2219 292 2246; x_wconf 73' lang='lat' dir='ltr'><strong>Vens.</strong></span> <span class='ocrx_word' id='word_1_313' title='bbox 307 2218 359 2245; x_wconf 78' lang='lat'><strong>1-8.</strong></span> <span class='ocrx_word' id='word_1_314' title='bbox 381 2228 390 2244; x_wconf 69' lang='grc' dir='ltr'><strong>ς</strong></span> <span class='ocrx_word' id='word_1_315' title='bbox 403 2218 578 2252; x_wconf 86' lang='lat' dir='ltr'><strong>Locutusque</strong></span> <span class='ocrx_word' id='word_1_316' title='bbox 590 2222 632 2244; x_wconf 84' lang='lat' dir='ltr'><strong>est</strong></span> <span class='ocrx_word' id='word_1_317' title='bbox 659 2217 789 2244; x_wconf 84' lang='lat' dir='ltr'><strong>Dominus</strong></span> <span class='ocrx_word' id='word_1_318' title='bbox 805 2218 838 2245; x_wconf 91' lang='lat' dir='ltr'><strong>ad</strong></span> <span class='ocrx_word' id='word_1_319' title='bbox 852 2217 964 2253; x_wconf 76' lang='lat' dir='ltr'><strong>Moysen</strong></span> 
     </span>
    </p>
   </div>
   <div class='ocr_carea' id='block_1_48' title="bbox 1015 305 1485 339">
    <p class='ocr_par' dir='ltr' id='par_1_48' title="bbox 1015 305 1485 339">
     <span class='ocr_line' id='line_1_48' title="bbox 1015 305 1485 339; baseline 0.009 -9"><span class='ocrx_word' id='word_1_320' title='bbox 1015 313 1096 339; x_wconf 88' lang='lat' dir='ltr'><strong>posse</strong></span> <span class='ocrx_word' id='word_1_321' title='bbox 1111 305 1234 337; x_wconf 85' lang='lat' dir='ltr'><strong>reddere,</strong></span> <span class='ocrx_word' id='word_1_322' title='bbox 1246 310 1349 332; x_wconf 87' lang='lat' dir='ltr'><strong>tantum</strong></span> <span class='ocrx_word' id='word_1_323' title='bbox 1366 307 1450 334; x_wconf 81' lang='lat' dir='ltr'><strong>dabit.</strong></span> <span class='ocrx_word' id='word_1_324' title='bbox 1477 318 1485 333; x_wconf 68' lang='grc' dir='ltr'><em>υ</em></span> 
     </span>
    </p>
   </div>
   <div class='ocr_carea' id='block_1_49' title="bbox 1049 350 1806 392">
    <p class='ocr_par' dir='ltr' id='par_1_49' title="bbox 1049 350 1806 392">
     <span class='ocr_line' id='line_1_49' title="bbox 1049 350 1806 392; baseline 0.012 -15"><span class='ocrx_word' id='word_1_325' title='bbox 1049 350 1129 378; x_wconf 77' lang='lat' dir='ltr'><strong>Plena</strong></span> <span class='ocrx_word' id='word_1_326' title='bbox 1142 355 1204 378; x_wconf 88' lang='lat' dir='ltr'><strong>sunt</strong></span> <span class='ocrx_word' id='word_1_327' title='bbox 1214 351 1273 378; x_wconf 67' lang='lat' dir='ltr'><strong>haec</strong></span> <span class='ocrx_word' id='word_1_328' title='bbox 1286 351 1367 378; x_wconf 86' lang='lat' dir='ltr'><strong>etiam</strong></span> <span class='ocrx_word' id='word_1_329' title='bbox 1380 352 1544 388; x_wconf 83' lang='lat' dir='ltr'><strong>legislaloris</strong></span> <span class='ocrx_word' id='word_1_330' title='bbox 1555 357 1636 383; x_wconf 84' lang='lat' dir='ltr'><strong>verba</strong></span> <span class='ocrx_word' id='word_1_331' title='bbox 1649 357 1806 392; x_wconf 80' lang='lat' dir='ltr'><strong>prudentia,</strong></span> 
     </span>
    </p>
   </div>
   <div class='ocr_carea' id='block_1_50' title="bbox 1015 396 1806 438">
    <p class='ocr_par' dir='ltr' id='par_1_50' title="bbox 1015 396 1806 438">
     <span class='ocr_line' id='line_1_50' title="bbox 1015 396 1806 438; baseline 0.014 -17"><span class='ocrx_word' id='word_1_332' title='bbox 1015 396 1131 423; x_wconf 83' lang='lat' dir='ltr'><strong>maxime</strong></span> <span class='ocrx_word' id='word_1_333' title='bbox 1151 401 1304 431; x_wconf 88' lang='lat' dir='ltr'><strong>opportuno</strong></span> <span class='ocrx_word' id='word_1_334' title='bbox 1319 403 1481 427; x_wconf 79' lang='lat' dir='ltr'><strong>conservata</strong></span> <span class='ocrx_word' id='word_1_335' title='bbox 1497 403 1614 435; x_wconf 88' lang='lat' dir='ltr'><strong>tempori</strong></span> <span class='ocrx_word' id='word_1_336' title='bbox 1628 413 1634 434; x_wconf 85' lang='lat'>;</span> <span class='ocrx_word' id='word_1_337' title='bbox 1653 411 1713 438; x_wconf 75' lang='lat' dir='ltr'><strong>qua:</strong></span> <span class='ocrx_word' id='word_1_338' title='bbox 1732 406 1806 432; x_wconf 83' lang='lat' dir='ltr'><strong>enini</strong></span> 
     </span>
    </p>
   </div>
   <div class='ocr_carea' id='block_1_51' title="bbox 1014 441 1807 484">
    <p class='ocr_par' dir='ltr' id='par_1_51' title="bbox 1014 441 1807 484">
     <span class='ocr_line' id='line_1_51' title="bbox 1014 441 1807 484; baseline 0.014 -18"><span class='ocrx_word' id='word_1_339' title='bbox 1014 445 1138 474; x_wconf 86' lang='lat' dir='ltr'><strong>oporteat</strong></span> <span class='ocrx_word' id='word_1_340' title='bbox 1151 441 1202 476; x_wconf 79' lang='lat' dir='ltr'><strong>agi,</strong></span> <span class='ocrx_word' id='word_1_341' title='bbox 1217 449 1277 476; x_wconf 67' lang='lat' dir='ltr'><strong>quae</strong></span> <span class='ocrx_word' id='word_1_342' title='bbox 1304 443 1428 475; x_wconf 87' lang='lat' dir='ltr'><strong>minimc,</strong></span> <span class='ocrx_word' id='word_1_343' title='bbox 1459 445 1486 471; x_wconf 88' lang='lat' dir='ltr'><strong>in</strong></span> <span class='ocrx_word' id='word_1_344' title='bbox 1502 447 1691 480; x_wconf 82' lang='lat' dir='ltr'><strong>superioribus</strong></span> <span class='ocrx_word' id='word_1_345' title='bbox 1711 450 1807 484; x_wconf 70' lang='lat' dir='ltr'><strong>pra‘ci—</strong></span> 
     </span>
    </p>
   </div>
   <div class='ocr_carea' id='block_1_52' title="bbox 1015 485 1807 528">
    <p class='ocr_par' dir='ltr' id='par_1_52' title="bbox 1015 485 1807 528">
     <span class='ocr_line' id='line_1_52' title="bbox 1015 485 1807 528; baseline 0.015 -17"><span class='ocrx_word' id='word_1_346' title='bbox 1015 485 1104 520; x_wconf 82' lang='lat' dir='ltr'><strong>piens,</strong></span> <span class='ocrx_word' id='word_1_347' title='bbox 1119 494 1192 513; x_wconf 90' lang='lat' dir='ltr'><strong>nunc</strong></span> <span class='ocrx_word' id='word_1_348' title='bbox 1204 487 1286 514; x_wconf 82' lang='lat' dir='ltr'><strong>etiam</strong></span> <span class='ocrx_word' id='word_1_349' title='bbox 1311 488 1477 527; x_wconf 46' lang='lat' dir='ltr'><strong>dignitatem.</strong></span> <span class='ocrx_word' id='word_1_350' title='bbox 1504 499 1534 517; x_wconf 90' lang='lat' dir='ltr'><strong>ea</strong></span> <span class='ocrx_word' id='word_1_351' title='bbox 1560 494 1747 528; x_wconf 84' lang='lat' dir='ltr'><strong>peragentium</strong></span> <span class='ocrx_word' id='word_1_352' title='bbox 1774 505 1807 523; x_wconf 75' lang='lat' dir='ltr'><strong>ex</strong></span> 
     </span>
    </p>
   </div>
   <div class='ocr_carea' id='block_1_53' title="bbox 1015 532 1806 576">
    <p class='ocr_par' dir='ltr' id='par_1_53' title="bbox 1015 532 1806 576">
     <span class='ocr_line' id='line_1_53' title="bbox 1015 532 1806 576; baseline 0.015 -19"><span class='ocrx_word' id='word_1_353' title='bbox 1015 535 1081 563; x_wconf 85' lang='lat' dir='ltr'><strong>toto,</strong></span> <span class='ocrx_word' id='word_1_354' title='bbox 1097 532 1138 558; x_wconf 84' lang='lat' dir='ltr'><strong>vel</strong></span> <span class='ocrx_word' id='word_1_355' title='bbox 1153 540 1185 559; x_wconf 86' lang='lat' dir='ltr'><strong>ex</strong></span> <span class='ocrx_word' id='word_1_356' title='bbox 1200 538 1288 567; x_wconf 83' lang='lat' dir='ltr'><strong>parte,</strong></span> <span class='ocrx_word' id='word_1_357' title='bbox 1300 542 1350 568; x_wconf 85' lang='lat' dir='ltr'><strong>per</strong></span> <span class='ocrx_word' id='word_1_358' title='bbox 1367 535 1433 567; x_wconf 66' lang='lat' dir='ltr'><strong>bare.</strong></span> <span class='ocrx_word' id='word_1_359' title='bbox 1447 544 1507 570; x_wconf 70' lang='lat' dir='ltr'><strong>qua:</strong></span> <span class='ocrx_word' id='word_1_360' title='bbox 1527 538 1657 567; x_wconf 77' lang='lat' dir='ltr'><strong>dicuntur</strong></span> <span class='ocrx_word' id='word_1_361' title='bbox 1683 542 1806 576; x_wconf 75' lang='lat' dir='ltr'><strong>exponit.</strong></span> 
     </span>
    </p>
   </div>
   <div class='ocr_carea' id='block_1_54' title="bbox 1014 576 1804 622">
    <p class='ocr_par' dir='ltr' id='par_1_54' title="bbox 1014 576 1804 622">
     <span class='ocr_line' id='line_1_54' title="bbox 1014 576 1804 622; baseline 0.015 -20"><span class='ocrx_word' id='word_1_362' title='bbox 1014 576 1048 603; x_wconf 87' lang='lat' dir='ltr'><strong>Et</strong></span> <span class='ocrx_word' id='word_1_363' title='bbox 1061 577 1123 611; x_wconf 91' lang='lat' dir='ltr'><strong>quid</strong></span> <span class='ocrx_word' id='word_1_364' title='bbox 1137 578 1172 604; x_wconf 85' lang='lat' dir='ltr'><strong>sit</strong></span> <span class='ocrx_word' id='word_1_365' title='bbox 1192 578 1312 612; x_wconf 79' lang='lat' dir='ltr'><strong>perfecta</strong></span> <span class='ocrx_word' id='word_1_366' title='bbox 1331 580 1399 613; x_wconf 87' lang='lat' dir='ltr'><strong>vita,</strong></span> <span class='ocrx_word' id='word_1_367' title='bbox 1411 589 1470 615; x_wconf 67' lang='lat' dir='ltr'><strong>quae</strong></span> <span class='ocrx_word' id='word_1_368' title='bbox 1480 588 1569 610; x_wconf 87' lang='lat' dir='ltr'><strong>autem</strong></span> <span class='ocrx_word' id='word_1_369' title='bbox 1590 585 1681 613; x_wconf 85' lang='lat' dir='ltr'><strong>adhuc</strong></span> <span class='ocrx_word' id='word_1_370' title='bbox 1693 587 1717 613; x_wconf 93' lang='lat' dir='ltr'><strong>in</strong></span> <span class='ocrx_word' id='word_1_371' title='bbox 1744 596 1804 622; x_wconf 83' lang='lat' dir='ltr'><strong>pro-</strong></span> 
     </span>
    </p>
   </div>
   <div class='ocr_carea' id='block_1_55' title="bbox 1015 622 1806 665">
    <p class='ocr_par' dir='ltr' id='par_1_55' title="bbox 1015 622 1806 665">
     <span class='ocr_line' id='line_1_55' title="bbox 1015 622 1806 665; baseline 0.016 -17"><span class='ocrx_word' id='word_1_372' title='bbox 1015 622 1087 649; x_wconf 78' lang='lat' dir='ltr'><strong>fectu</strong></span> <span class='ocrx_word' id='word_1_373' title='bbox 1099 624 1258 656; x_wconf 82' lang='lat' dir='ltr'><strong>constituta,</strong></span> <span class='ocrx_word' id='word_1_374' title='bbox 1267 626 1331 659; x_wconf 87' lang='lat' dir='ltr'><strong>quid</strong></span> <span class='ocrx_word' id='word_1_375' title='bbox 1340 626 1446 653; x_wconf 87' lang='lat' dir='ltr'><strong>initittm</strong></span> <span class='ocrx_word' id='word_1_376' title='bbox 1463 629 1625 663; x_wconf 60' lang='lat' dir='ltr'><strong>cognitionis</strong></span> <span class='ocrx_word' id='word_1_377' title='bbox 1639 632 1683 658; x_wconf 88' lang='lat' dir='ltr'><strong>Dei</strong></span> <span class='ocrx_word' id='word_1_378' title='bbox 1691 633 1806 665; x_wconf 83' lang='lat' dir='ltr'><strong>bal-ens,</strong></span> 
     </span>
    </p>
   </div>
   <div class='ocr_carea' id='block_1_56' title="bbox 1014 668 1808 713">
    <p class='ocr_par' dir='ltr' id='par_1_56' title="bbox 1014 668 1808 713">
     <span class='ocr_line' id='line_1_56' title="bbox 1014 668 1808 713; baseline 0.015 -20"><span class='ocrx_word' id='word_1_379' title='bbox 1014 668 1078 702; x_wconf 89' lang='lat' dir='ltr'><strong>quid</strong></span> <span class='ocrx_word' id='word_1_380' title='bbox 1092 669 1159 702; x_wconf 90' lang='lat' dir='ltr'><strong>veri,</strong></span> <span class='ocrx_word' id='word_1_381' title='bbox 1176 677 1237 703; x_wconf 65' lang='lat' dir='ltr'><strong>qlae</strong></span> <span class='ocrx_word' id='word_1_382' title='bbox 1255 672 1386 698; x_wconf 78' lang='lat' dir='ltr'><strong>virtutum</strong></span> <span class='ocrx_word' id='word_1_383' title='bbox 1420 681 1513 707; x_wconf 85' lang='lat' dir='ltr'><strong>opera,</strong></span> <span class='ocrx_word' id='word_1_384' title='bbox 1539 675 1611 702; x_wconf 85' lang='lat' dir='ltr'><strong>clare</strong></span> <span class='ocrx_word' id='word_1_385' title='bbox 1634 677 1808 713; x_wconf 69' lang='lat' dir='ltr'><strong>perfeceptc</strong></span> 
     </span>
    </p>
   </div>
   <div class='ocr_carea' id='block_1_57' title="bbox 1014 714 1808 750">
    <p class='ocr_par' dir='ltr' id='par_1_57' title="bbox 1014 714 1808 750">
     <span class='ocr_line' id='line_1_57' title="bbox 1014 714 1808 750; baseline 0.014 -11"><span class='ocrx_word' id='word_1_386' title='bbox 1014 714 1161 747; x_wconf 83' lang='lat' dir='ltr'><strong>percurrit.</strong></span> <span class='ocrx_word' id='word_1_387' title='bbox 1175 715 1227 741; x_wconf 89' lang='lat' dir='ltr'><strong>Sed</strong></span> <span class='ocrx_word' id='word_1_388' title='bbox 1242 720 1268 742; x_wconf 87' lang='lat' dir='ltr'><strong>et</strong></span> <span class='ocrx_word' id='word_1_389' title='bbox 1284 716 1448 750; x_wconf 75' lang='lat' dir='ltr'><strong>infirmatus,</strong></span> <span class='ocrx_word' id='word_1_390' title='bbox 1471 727 1527 745; x_wconf 87' lang='lat' dir='ltr'><strong>non</strong></span> <span class='ocrx_word' id='word_1_391' title='bbox 1557 725 1647 747; x_wconf 83' lang='lat' dir='ltr'><strong>tamen</strong></span> <span class='ocrx_word' id='word_1_392' title='bbox 1674 724 1808 750; x_wconf 70' lang='lat' dir='ltr'><strong>ret-edens</strong></span> 
     </span>
    </p>
   </div>
   <div class='ocr_carea' id='block_1_58' title="bbox 1015 759 1806 802">
    <p class='ocr_par' dir='ltr' id='par_1_58' title="bbox 1015 759 1806 802">
     <span class='ocr_line' id='line_1_58' title="bbox 1015 759 1806 802; baseline 0.015 -17"><span class='ocrx_word' id='word_1_393' title='bbox 1015 759 1049 786; x_wconf 89' lang='lat' dir='ltr'><strong>ab</strong></span> <span class='ocrx_word' id='word_1_394' title='bbox 1063 767 1111 792; x_wconf 85' lang='lat' dir='ltr'><strong>ea,</strong></span> <span class='ocrx_word' id='word_1_395' title='bbox 1129 760 1287 788; x_wconf 74' lang='lat' dir='ltr'><strong>didercrtes</strong></span> <span class='ocrx_word' id='word_1_396' title='bbox 1316 767 1411 790; x_wconf 71' lang='lat' dir='ltr'><strong>anates</strong></span> <span class='ocrx_word' id='word_1_397' title='bbox 1432 765 1583 798; x_wconf 83' lang='lat' dir='ltr'><strong>ascribens,</strong></span> <span class='ocrx_word' id='word_1_398' title='bbox 1602 769 1738 802; x_wconf 65' lang='lat' dir='ltr'><strong>expasuit.</strong></span> <span class='ocrx_word' id='word_1_399' title='bbox 1761 768 1806 796; x_wconf 85' lang='lat' dir='ltr'><strong>Di-</strong></span> 
     </span>
    </p>
   </div>
   <div class='ocr_carea' id='block_1_59' title="bbox 1015 805 1222 834">
    <p class='ocr_par' dir='ltr' id='par_1_59' title="bbox 1015 805 1222 834">
     <span class='ocr_line' id='line_1_59' title="bbox 1015 805 1222 834; baseline 0 -2"><span class='ocrx_word' id='word_1_400' title='bbox 1015 805 1052 832; x_wconf 85' lang='lat' dir='ltr'><strong>cit</strong></span> <span class='ocrx_word' id='word_1_401' title='bbox 1061 810 1152 833; x_wconf 85' lang='lat' dir='ltr'><strong>autem</strong></span> <span class='ocrx_word' id='word_1_402' title='bbox 1165 807 1205 834; x_wconf 89' lang='lat' dir='ltr'><strong>sic</strong></span> <span class='ocrx_word' id='word_1_403' title='bbox 1217 815 1222 832; x_wconf 92' lang='lat'>:</span> 
     </span>
    </p>
   </div>
   <div class='ocr_carea' id='block_1_60' title="bbox 1051 850 1808 891">
    <p class='ocr_par' dir='ltr' id='par_1_60' title="bbox 1051 850 1808 891">
     <span class='ocr_line' id='line_1_60' title="bbox 1051 850 1808 891; baseline 0.015 -15"><span class='ocrx_word' id='word_1_404' title='bbox 1051 850 1147 884; x_wconf 80' lang='lat' dir='ltr'><strong>Homo,</strong></span> <span class='ocrx_word' id='word_1_405' title='bbox 1161 853 1206 884; x_wconf 84' lang='lat' dir='ltr'><strong>qui</strong></span> <span class='ocrx_word' id='word_1_406' title='bbox 1219 858 1306 879; x_wconf 80' lang='lat' dir='ltr'><strong>votum</strong></span> <span class='ocrx_word' id='word_1_407' title='bbox 1325 855 1425 889; x_wconf 68' lang='lat' dir='ltr'><strong>fecerit,</strong></span> <span class='ocrx_word' id='word_1_408' title='bbox 1439 861 1463 882; x_wconf 80' lang='lat' dir='ltr'><strong>ct</strong></span> <span class='ocrx_word' id='word_1_409' title='bbox 1478 859 1645 891; x_wconf 77' lang='lat' dir='ltr'><strong>spoponderit</strong></span> <span class='ocrx_word' id='word_1_410' title='bbox 1678 860 1732 887; x_wconf 67' lang='lat' dir='ltr'><strong>Deo</strong></span> <span class='ocrx_word' id='word_1_411' title='bbox 1748 862 1808 887; x_wconf 79' lang='lat' dir='ltr'><strong>aui-</strong></span> 
     </span>
    </p>
   </div>
   <div class='ocr_carea' id='block_1_61' title="bbox 1016 897 1805 936">
    <p class='ocr_par' dir='ltr' id='par_1_61' title="bbox 1016 897 1805 936">
     <span class='ocr_line' id='line_1_61' title="bbox 1016 897 1805 936; baseline 0.015 -16"><span class='ocrx_word' id='word_1_412' title='bbox 1016 903 1086 921; x_wconf 83' lang='lat' dir='ltr'><strong>mam</strong></span> <span class='ocrx_word' id='word_1_413' title='bbox 1097 904 1183 922; x_wconf 81' lang='lat' dir='ltr'><strong>suam.</strong></span> <span class='ocrx_word' id='word_1_414' title='bbox 1198 897 1225 923; x_wconf 85' lang='lat' dir='ltr'><strong>ld</strong></span> <span class='ocrx_word' id='word_1_415' title='bbox 1243 903 1300 930; x_wconf 71' lang='lat' dir='ltr'><strong>est,</strong></span> <span class='ocrx_word' id='word_1_416' title='bbox 1332 899 1488 934; x_wconf 80' lang='lat' dir='ltr'><strong>quicunque</strong></span> <span class='ocrx_word' id='word_1_417' title='bbox 1511 903 1665 936; x_wconf 85' lang='lat' dir='ltr'><strong>promiserit</strong></span> <span class='ocrx_word' id='word_1_418' title='bbox 1690 905 1805 932; x_wconf 76' lang='lat' dir='ltr'><strong>animant</strong></span> 
     </span>
    </p>
   </div>
   <div class='ocr_carea' id='block_1_62' title="bbox 1013 939 1807 976">
    <p class='ocr_par' dir='ltr' id='par_1_62' title="bbox 1013 939 1807 976">
     <span class='ocr_line' id='line_1_62' title="bbox 1013 939 1807 976; baseline 0.013 -12"><span class='ocrx_word' id='word_1_419' title='bbox 1013 945 1089 965; x_wconf 87' lang='lat' dir='ltr'><strong>suam</strong></span> <span class='ocrx_word' id='word_1_420' title='bbox 1108 939 1174 971; x_wconf 83' lang='lat' dir='ltr'><strong>Deo,</strong></span> <span class='ocrx_word' id='word_1_421' title='bbox 1194 947 1356 976; x_wconf 86' lang='lat' dir='ltr'><strong>omnemque</strong></span> <span class='ocrx_word' id='word_1_422' title='bbox 1373 942 1397 968; x_wconf 89' lang='lat' dir='ltr'><strong>ei</strong></span> <span class='ocrx_word' id='word_1_423' title='bbox 1414 950 1489 970; x_wconf 82' lang='lat' dir='ltr'><strong>suam</strong></span> <span class='ocrx_word' id='word_1_424' title='bbox 1503 945 1584 971; x_wconf 87' lang='lat' dir='ltr'><strong>vitam</strong></span> <span class='ocrx_word' id='word_1_425' title='bbox 1596 946 1694 972; x_wconf 75' lang='lat' dir='ltr'><strong>oti‘erre</strong></span> <span class='ocrx_word' id='word_1_426' title='bbox 1714 948 1807 974; x_wconf 44' lang='grc' dir='ltr'><strong>μήκει</strong></span> 
     </span>
    </p>
   </div>
   <div class='ocr_carea' id='block_1_63' title="bbox 1013 983 1806 1026">
    <p class='ocr_par' dir='ltr' id='par_1_63' title="bbox 1013 983 1806 1026">
     <span class='ocr_line' id='line_1_63' title="bbox 1013 983 1806 1026; baseline 0.013 -17"><span class='ocrx_word' id='word_1_427' title='bbox 1013 983 1057 1010; x_wconf 91' lang='lat' dir='ltr'><strong>rit.</strong></span> <span class='ocrx_word' id='word_1_428' title='bbox 1083 983 1197 1018; x_wconf 80' lang='lat' dir='ltr'><strong>Propter</strong></span> <span class='ocrx_word' id='word_1_429' title='bbox 1222 987 1294 1020; x_wconf 90' lang='lat' dir='ltr'><strong>quod</strong></span> <span class='ocrx_word' id='word_1_430' title='bbox 1319 987 1414 1021; x_wconf 74' lang='lat' dir='ltr'><strong>Aquila</strong></span> <span class='ocrx_word' id='word_1_431' title='bbox 1441 994 1469 1016; x_wconf 87' lang='lat' dir='ltr'><strong>et</strong></span> <span class='ocrx_word' id='word_1_432' title='bbox 1495 988 1680 1023; x_wconf 80' lang='lat' dir='ltr'><strong>Theodotinn,</strong></span> <span class='ocrx_word' id='word_1_433' title='bbox 1709 1000 1757 1026; x_wconf 83' lang='lat' dir='ltr'><strong>pro</strong></span> <span class='ocrx_word' id='word_1_434' title='bbox 1774 1001 1806 1019; x_wconf 87' lang='lat' dir='ltr'><strong>eo</strong></span> 
     </span>
    </p>
   </div>
   <div class='ocr_carea' id='block_1_64' title="bbox 1013 1029 1804 1070">
    <p class='ocr_par' dir='ltr' id='par_1_64' title="bbox 1013 1029 1804 1070">
     <span class='ocr_line' id='line_1_64' title="bbox 1013 1029 1804 1070; baseline 0.011 -14"><span class='ocrx_word' id='word_1_435' title='bbox 1013 1029 1085 1063; x_wconf 88' lang='lat' dir='ltr'><strong>quod</strong></span> <span class='ocrx_word' id='word_1_436' title='bbox 1100 1030 1202 1057; x_wconf 89' lang='lat' dir='ltr'><strong>dictum</strong></span> <span class='ocrx_word' id='word_1_437' title='bbox 1217 1036 1268 1064; x_wconf 85' lang='lat' dir='ltr'><strong>est,</strong></span> <span class='ocrx_word' id='word_1_438' title='bbox 1283 1038 1370 1059; x_wconf 81' lang='lat' dir='ltr'><strong>votum</strong></span> <span class='ocrx_word' id='word_1_439' title='bbox 1396 1035 1496 1068; x_wconf 72' lang='lat' dir='ltr'><strong>[et-erit,</strong></span> <span class='ocrx_word' id='word_1_440' title='bbox 1515 1035 1804 1070; x_wconf 65' lang='lat' dir='ltr'><strong>Symmachusautent,</strong></span> 
     </span>
    </p>
   </div>
   <div class='ocr_carea' id='block_1_65' title="bbox 1013 1074 1807 1109">
    <p class='ocr_par' dir='ltr' id='par_1_65' title="bbox 1013 1074 1807 1109">
     <span class='ocr_line' id='line_1_65' title="bbox 1013 1074 1807 1109; baseline 0.013 -10"><span class='ocrx_word' id='word_1_441' title='bbox 1013 1074 1217 1108; x_wconf 78' lang='lat' dir='ltr'><strong>sisnperavcrit,</strong></span> <span class='ocrx_word' id='word_1_442' title='bbox 1234 1077 1390 1104; x_wconf 86' lang='lat' dir='ltr'><strong>ediderunt.</strong></span> <span class='ocrx_word' id='word_1_443' title='bbox 1408 1079 1574 1106; x_wconf 80' lang='lat' dir='ltr'><strong>Adinirabile</strong></span> <span class='ocrx_word' id='word_1_444' title='bbox 1601 1082 1674 1108; x_wconf 59' lang='lat' dir='ltr'><strong>enim</strong></span> <span class='ocrx_word' id='word_1_445' title='bbox 1689 1091 1751 1109; x_wconf 76' lang='lat' dir='ltr'><strong>vero</strong></span> <span class='ocrx_word' id='word_1_446' title='bbox 1765 1087 1807 1109; x_wconf 70' lang='lat' dir='ltr'><strong>est.</strong></span> 
     </span>
    </p>
   </div>
   <div class='ocr_carea' id='block_1_66' title="bbox 1013 1121 1804 1163">
    <p class='ocr_par' dir='ltr' id='par_1_66' title="bbox 1013 1121 1804 1163">
     <span class='ocr_line' id='line_1_66' title="bbox 1013 1121 1804 1163; baseline 0.013 -18"><span class='ocrx_word' id='word_1_447' title='bbox 1013 1124 1040 1146; x_wconf 89' lang='lat' dir='ltr'><strong>et</strong></span> <span class='ocrx_word' id='word_1_448' title='bbox 1054 1121 1130 1147; x_wconf 88' lang='lat' dir='ltr'><strong>valde</strong></span> <span class='ocrx_word' id='word_1_449' title='bbox 1142 1121 1304 1148; x_wconf 84' lang='lat' dir='ltr'><strong>beatitudini</strong></span> <span class='ocrx_word' id='word_1_450' title='bbox 1322 1124 1488 1157; x_wconf 84' lang='lat' dir='ltr'><strong>proximum,</strong></span> <span class='ocrx_word' id='word_1_451' title='bbox 1513 1131 1599 1153; x_wconf 86' lang='lat' dir='ltr'><strong>totum</strong></span> <span class='ocrx_word' id='word_1_452' title='bbox 1626 1129 1804 1163; x_wconf 79' lang='lat' dir='ltr'><strong>semetipsum</strong></span> 
     </span>
    </p>
   </div>
   <div class='ocr_carea' id='block_1_67' title="bbox 1014 1166 1805 1207">
    <p class='ocr_par' dir='ltr' id='par_1_67' title="bbox 1014 1166 1805 1207">
     <span class='ocr_line' id='line_1_67' title="bbox 1014 1166 1805 1207; baseline 0.01 -16"><span class='ocrx_word' id='word_1_453' title='bbox 1014 1166 1168 1200; x_wconf 85' lang='lat' dir='ltr'><strong>quempiam</strong></span> <span class='ocrx_word' id='word_1_454' title='bbox 1184 1167 1238 1194; x_wconf 89' lang='lat' dir='ltr'><strong>Deo</strong></span> <span class='ocrx_word' id='word_1_455' title='bbox 1251 1168 1360 1201; x_wconf 74' lang='lat' dir='ltr'><strong>oﬂ‘erre,</strong></span> <span class='ocrx_word' id='word_1_456' title='bbox 1387 1174 1416 1196; x_wconf 90' lang='lat' dir='ltr'><strong>ut</strong></span> <span class='ocrx_word' id='word_1_457' title='bbox 1430 1171 1549 1197; x_wconf 85' lang='lat' dir='ltr'><strong>animam</strong></span> <span class='ocrx_word' id='word_1_458' title='bbox 1575 1180 1652 1199; x_wconf 82' lang='lat' dir='ltr'><strong>suam</strong></span> <span class='ocrx_word' id='word_1_459' title='bbox 1680 1173 1805 1207; x_wconf 54' lang='lat' dir='ltr'><strong>lloniiuo,</strong></span> 
     </span>
    </p>
   </div>
   <div class='ocr_carea' id='block_1_68' title="bbox 1014 1211 1804 1251">
    <p class='ocr_par' dir='ltr' id='par_1_68' title="bbox 1014 1211 1804 1251">
     <span class='ocr_line' id='line_1_68' title="bbox 1014 1211 1804 1251; baseline 0.009 -14"><span class='ocrx_word' id='word_1_460' title='bbox 1014 1211 1055 1238; x_wconf 86' lang='lat' dir='ltr'><strong>vel</strong></span> <span class='ocrx_word' id='word_1_461' title='bbox 1073 1212 1142 1238; x_wconf 86' lang='lat' dir='ltr'><strong>sicut</strong></span> <span class='ocrx_word' id='word_1_462' title='bbox 1154 1212 1233 1244; x_wconf 74' lang='lat' dir='ltr'><strong>LXX,</strong></span> <span class='ocrx_word' id='word_1_463' title='bbox 1248 1214 1368 1240; x_wconf 82' lang='lat' dir='ltr'><strong>honore.n</strong></span> <span class='ocrx_word' id='word_1_464' title='bbox 1384 1215 1481 1241; x_wconf 73' lang='lat' dir='ltr'><strong>animo:</strong></span> <span class='ocrx_word' id='word_1_465' title='bbox 1493 1224 1548 1242; x_wconf 73' lang='lat' dir='ltr'><strong>sum</strong></span> <span class='ocrx_word' id='word_1_466' title='bbox 1557 1217 1679 1249; x_wconf 85' lang='lat' dir='ltr'><strong>Domino,</strong></span> <span class='ocrx_word' id='word_1_467' title='bbox 1698 1218 1723 1245; x_wconf 88' lang='lat' dir='ltr'><strong>id</strong></span> <span class='ocrx_word' id='word_1_468' title='bbox 1752 1225 1804 1251; x_wconf 79' lang='lat' dir='ltr'><strong>est,</strong></span> 
     </span>
    </p>
   </div>
   <div class='ocr_carea' id='block_1_69' title="bbox 1015 1258 1801 1294">
    <p class='ocr_par' dir='ltr' id='par_1_69' title="bbox 1015 1258 1801 1294">
     <span class='ocr_line' id='line_1_69' title="bbox 1015 1258 1801 1294; baseline 0.01 -11"><span class='ocrx_word' id='word_1_469' title='bbox 1015 1262 1045 1283; x_wconf 93' lang='lat' dir='ltr'><strong>ut</strong></span> <span class='ocrx_word' id='word_1_470' title='bbox 1059 1258 1156 1284; x_wconf 80' lang='lat' dir='ltr'><strong>olfcrat</strong></span> <span class='ocrx_word' id='word_1_471' title='bbox 1174 1258 1228 1285; x_wconf 83' lang='lat' dir='ltr'><strong>Deo</strong></span> <span class='ocrx_word' id='word_1_472' title='bbox 1238 1266 1319 1293; x_wconf 90' lang='lat' dir='ltr'><strong>quem</strong></span> <span class='ocrx_word' id='word_1_473' title='bbox 1342 1261 1447 1294; x_wconf 81' lang='lat' dir='ltr'><strong>accepit</strong></span> <span class='ocrx_word' id='word_1_474' title='bbox 1458 1262 1491 1287; x_wconf 90' lang='lat' dir='ltr'><strong>ab</strong></span> <span class='ocrx_word' id='word_1_475' title='bbox 1506 1269 1539 1288; x_wconf 91' lang='lat' dir='ltr'><strong>eo</strong></span> <span class='ocrx_word' id='word_1_476' title='bbox 1553 1263 1652 1290; x_wconf 69' lang='lat' dir='ltr'><strong>anima:</strong></span> <span class='ocrx_word' id='word_1_477' title='bbox 1667 1264 1801 1291; x_wconf 82' lang='lat' dir='ltr'><strong>honorem</strong></span> 
     </span>
    </p>
   </div>
   <div class='ocr_carea' id='block_1_70' title="bbox 1015 1303 1804 1341">
    <p class='ocr_par' dir='ltr' id='par_1_70' title="bbox 1015 1303 1804 1341">
     <span class='ocr_line' id='line_1_70' title="bbox 1015 1303 1804 1341; baseline 0.008 -11"><span class='ocrx_word' id='word_1_478' title='bbox 1015 1303 1101 1335; x_wconf 86' lang='lat' dir='ltr'><strong>illum,</strong></span> <span class='ocrx_word' id='word_1_479' title='bbox 1130 1304 1165 1333; x_wconf 76' lang='lat' dir='ltr'><strong>de</strong></span> <span class='ocrx_word' id='word_1_480' title='bbox 1192 1313 1246 1339; x_wconf 90' lang='lat' dir='ltr'><strong>quo</strong></span> <span class='ocrx_word' id='word_1_481' title='bbox 1268 1306 1350 1332; x_wconf 81' lang='lat' dir='ltr'><strong>David</strong></span> <span class='ocrx_word' id='word_1_482' title='bbox 1365 1307 1520 1334; x_wconf 66' lang='lat' dir='ltr'><strong>daemonum</strong></span> <span class='ocrx_word' id='word_1_483' title='bbox 1549 1308 1662 1336; x_wconf 86' lang='lat' dir='ltr'><strong>insidias</strong></span> <span class='ocrx_word' id='word_1_484' title='bbox 1675 1309 1804 1341; x_wconf 69' lang='lat' dir='ltr'><strong>innitens,</strong></span> 
     </span>
    </p>
   </div>
   <div class='ocr_carea' id='block_1_71' title="bbox 1013 1350 1807 1390">
    <p class='ocr_par' dir='ltr' id='par_1_71' title="bbox 1013 1350 1807 1390">
     <span class='ocr_line' id='line_1_71' title="bbox 1013 1350 1807 1390; baseline 0.009 -14"><span class='ocrx_word' id='word_1_485' title='bbox 1013 1350 1122 1377; x_wconf 84' lang='lat' dir='ltr'><strong>dicebat</strong></span> <span class='ocrx_word' id='word_1_486' title='bbox 1141 1359 1147 1377; x_wconf 95' lang='lat'><strong>:</strong></span> <span class='ocrx_word' id='word_1_487' title='bbox 1169 1351 1353 1379; x_wconf 80' lang='lat' dir='ltr'><strong>Vcrumtmnen</strong></span> <span class='ocrx_word' id='word_1_488' title='bbox 1369 1356 1494 1380; x_wconf 73' lang='lat' dir='ltr'><strong>honorent</strong></span> <span class='ocrx_word' id='word_1_489' title='bbox 1518 1363 1604 1381; x_wconf 82' lang='lat' dir='ltr'><strong>meum</strong></span> <span class='ocrx_word' id='word_1_490' title='bbox 1627 1356 1807 1390; x_wconf 68' lang='lat' dir='ltr'><strong>cogitauerim!</strong></span> 
     </span>
    </p>
   </div>
   <div class='ocr_carea' id='block_1_72' title="bbox 1014 1397 1185 1431">
    <p class='ocr_par' dir='ltr' id='par_1_72' title="bbox 1014 1397 1185 1431">
     <span class='ocr_line' id='line_1_72' title="bbox 1014 1397 1185 1431; baseline 0.012 -9"><span class='ocrx_word' id='word_1_491' title='bbox 1014 1397 1138 1431; x_wconf 74' lang='lat' dir='ltr'><strong>repellere</strong></span> <span class='ocrx_word' id='word_1_492' title='bbox 1153 1398 1185 1424; x_wconf 78' lang='lat'><strong>‘°.</strong></span> 
     </span>
    </p>
   </div>
   <div class='ocr_carea' id='block_1_73' title="bbox 1045 1450 1805 1496">
    <p class='ocr_par' dir='ltr' id='par_1_73' title="bbox 1045 1450 1805 1496">
     <span class='ocr_line' id='line_1_73' title="bbox 1045 1450 1805 1496; baseline 0.009 -15"><span class='ocrx_word' id='word_1_493' title='bbox 1045 1455 1103 1482; x_wconf 85' lang='lat' dir='ltr'><strong>Erit</strong></span> <span class='ocrx_word' id='word_1_494' title='bbox 1119 1457 1231 1490; x_wconf 81' lang='lat' dir='ltr'><strong>pretium</strong></span> <span class='ocrx_word' id='word_1_495' title='bbox 1260 1458 1373 1484; x_wconf 79' lang='lat' dir='ltr'><strong>masculi</strong></span> <span class='ocrx_word' id='word_1_496' title='bbox 1402 1467 1417 1484; x_wconf 90' lang='lat' dir='ltr'><strong>a</strong></span> <span class='ocrx_word' id='word_1_497' title='bbox 1434 1460 1556 1486; x_wconf 73' lang='lat' dir='ltr'><strong>uicesimo</strong></span> <span class='ocrx_word' id='word_1_498' title='bbox 1572 1450 1651 1491; x_wconf 70' lang='lat' dir='ltr'><strong>anno,</strong></span> <span class='ocrx_word' id='word_1_499' title='bbox 1668 1469 1748 1496; x_wconf 66' lang='lat' dir='ltr'><strong>usque</strong></span> <span class='ocrx_word' id='word_1_500' title='bbox 1772 1469 1805 1488; x_wconf 80' lang='lat' dir='ltr'><strong>aa</strong></span> 
     </span>
    </p>
   </div>
   <div class='ocr_carea' id='block_1_74' title="bbox 1014 1501 1806 1540">
    <p class='ocr_par' dir='ltr' id='par_1_74' title="bbox 1014 1501 1806 1540">
     <span class='ocr_line' id='line_1_74' title="bbox 1014 1501 1806 1540; baseline 0.01 -15"><span class='ocrx_word' id='word_1_501' title='bbox 1014 1501 1204 1536; x_wconf 68' lang='lat' dir='ltr'><strong>sexagesimum</strong></span> <span class='ocrx_word' id='word_1_502' title='bbox 1220 1509 1330 1534; x_wconf 84' lang='lat' dir='ltr'><strong>annum,</strong></span> <span class='ocrx_word' id='word_1_503' title='bbox 1348 1503 1541 1538; x_wconf 76' lang='lat' dir='ltr'><strong>quinquaginta</strong></span> <span class='ocrx_word' id='word_1_504' title='bbox 1563 1505 1620 1531; x_wconf 75' lang='lat' dir='ltr'><strong>sie/1&#39;</strong></span> <span class='ocrx_word' id='word_1_505' title='bbox 1633 1501 1755 1540; x_wconf 60' lang='lat' dir='ltr'><strong>argenti,~</strong></span> <span class='ocrx_word' id='word_1_506' title='bbox 1772 1510 1806 1533; x_wconf 77' lang='lat' dir='ltr'><strong>ad</strong></span> 
     </span>
    </p>
   </div>
   <div class='ocr_carea' id='block_1_75' title="bbox 1015 1547 1804 1583">
    <p class='ocr_par' dir='ltr' id='par_1_75' title="bbox 1015 1547 1804 1583">
     <span class='ocr_line' id='line_1_75' title="bbox 1015 1547 1804 1583; baseline 0.009 -12"><span class='ocrx_word' id='word_1_507' title='bbox 1015 1554 1163 1572; x_wconf 73' lang='lat' dir='ltr'><strong>mensuram</strong></span> <span class='ocrx_word' id='word_1_508' title='bbox 1179 1547 1336 1573; x_wconf 68' lang='lat' dir='ltr'><strong>sanctuarii.</strong></span> <span class='ocrx_word' id='word_1_509' title='bbox 1357 1547 1421 1574; x_wconf 80' lang='lat' dir='ltr'><strong>Sive</strong></span> <span class='ocrx_word' id='word_1_510' title='bbox 1436 1554 1462 1575; x_wconf 92' lang='lat' dir='ltr'><strong>ul</strong></span> <span class='ocrx_word' id='word_1_511' title='bbox 1477 1549 1548 1576; x_wconf 73' lang='lat' dir='ltr'><strong>LXX</strong></span> <span class='ocrx_word' id='word_1_512' title='bbox 1563 1571 1569 1583; x_wconf 85' lang='lat'><strong>,</strong></span> <span class='ocrx_word' id='word_1_513' title='bbox 1586 1551 1746 1578; x_wconf 75' lang='lat' dir='ltr'><strong>didrachth</strong></span> <span class='ocrx_word' id='word_1_514' title='bbox 1759 1561 1804 1578; x_wconf 87' lang='lat' dir='ltr'><strong>ar-</strong></span> 
     </span>
    </p>
   </div>
   <div class='ocr_carea' id='block_1_76' title="bbox 978 1586 1831 1629">
    <p class='ocr_par' dir='ltr' id='par_1_76' title="bbox 978 1586 1831 1629">
     <span class='ocr_line' id='line_1_76' title="bbox 978 1586 1831 1629; baseline 0.009 -13"><span class='ocrx_word' id='word_1_515' title='bbox 978 1601 998 1629; x_wconf 75' lang='lat' dir='ltr'><strong><em>C</em></strong></span> <span class='ocrx_word' id='word_1_516' title='bbox 1015 1592 1095 1627; x_wconf 77' lang='lat' dir='ltr'><strong>genti.</strong></span> <span class='ocrx_word' id='word_1_517' title='bbox 1107 1591 1309 1627; x_wconf 75' lang='lat' dir='ltr'><strong>Quinquaginta</strong></span> <span class='ocrx_word' id='word_1_518' title='bbox 1321 1593 1485 1621; x_wconf 78' lang='lat' dir='ltr'><strong>didrarlimae</strong></span> <span class='ocrx_word' id='word_1_519' title='bbox 1498 1595 1555 1622; x_wconf 80' lang='lat' dir='ltr'><strong>sive.</strong></span> <span class='ocrx_word' id='word_1_520' title='bbox 1570 1596 1640 1628; x_wconf 84' lang='lat' dir='ltr'><strong>sicli,</strong></span> <span class='ocrx_word' id='word_1_521' title='bbox 1655 1597 1725 1623; x_wconf 81' lang='lat' dir='ltr'><strong>obuli</strong></span> <span class='ocrx_word' id='word_1_522' title='bbox 1741 1601 1806 1624; x_wconf 72' lang='lat' dir='ltr'><strong>sunt</strong></span> <span class='ocrx_word' id='word_1_523' title='bbox 1827 1586 1831 1590; x_wconf 19' lang='grc' dir='ltr'><strong><em>ἢ</em></strong></span> 
     </span>
    </p>
   </div>
   <div class='ocr_carea' id='block_1_77' title="bbox 1016 1638 1805 1674">
    <p class='ocr_par' dir='ltr' id='par_1_77' title="bbox 1016 1638 1805 1674">
     <span class='ocr_line' id='line_1_77' title="bbox 1016 1638 1805 1674; baseline 0.008 -10"><span class='ocrx_word' id='word_1_524' title='bbox 1016 1638 1090 1664; x_wconf 90' lang='lat' dir='ltr'><strong>mille</strong></span> <span class='ocrx_word' id='word_1_525' title='bbox 1106 1647 1111 1664; x_wconf 88' lang='lat'>:</span> <span class='ocrx_word' id='word_1_526' title='bbox 1132 1638 1228 1673; x_wconf 58' lang='lat' dir='ltr'><strong>\&#39;i5illli</strong></span> <span class='ocrx_word' id='word_1_527' title='bbox 1243 1639 1315 1665; x_wconf 89' lang='lat' dir='ltr'><strong>enim</strong></span> <span class='ocrx_word' id='word_1_528' title='bbox 1333 1639 1429 1666; x_wconf 78' lang='lat' dir='ltr'><strong>obolos</strong></span> <span class='ocrx_word' id='word_1_529' title='bbox 1454 1649 1513 1668; x_wconf 84' lang='lat' dir='ltr'><strong>esse</strong></span> <span class='ocrx_word' id='word_1_530' title='bbox 1532 1641 1638 1674; x_wconf 72' lang='lat' dir='ltr'><strong>siclum,</strong></span> <span class='ocrx_word' id='word_1_531' title='bbox 1668 1643 1726 1670; x_wconf 70' lang='lat' dir='ltr'><strong>sive</strong></span> <span class='ocrx_word' id='word_1_532' title='bbox 1763 1643 1805 1670; x_wconf 93' lang='lat' dir='ltr'><strong>di-</strong></span> 
     </span>
    </p>
   </div>
   <div class='ocr_carea' id='block_1_78' title="bbox 1015 1683 1805 1718">
    <p class='ocr_par' dir='ltr' id='par_1_78' title="bbox 1015 1683 1805 1718">
     <span class='ocr_line' id='line_1_78' title="bbox 1015 1683 1805 1718; baseline 0.006 -8"><span class='ocrx_word' id='word_1_533' title='bbox 1015 1683 1183 1714; x_wconf 86' lang='lat' dir='ltr'><strong>drachmam,</strong></span> <span class='ocrx_word' id='word_1_534' title='bbox 1199 1684 1241 1710; x_wconf 88' lang='lat' dir='ltr'><strong>hic</strong></span> <span class='ocrx_word' id='word_1_535' title='bbox 1255 1684 1312 1718; x_wconf 82' lang='lat' dir='ltr'><strong>ipse</strong></span> <span class='ocrx_word' id='word_1_536' title='bbox 1328 1685 1354 1710; x_wconf 91' lang='lat' dir='ltr'><strong>in</strong></span> <span class='ocrx_word' id='word_1_537' title='bbox 1372 1684 1464 1712; x_wconf 65' lang='lat' dir='ltr'><strong>Exirdo</strong></span> <span class='ocrx_word' id='word_1_538' title='bbox 1481 1686 1558 1712; x_wconf 83' lang='lat' dir='ltr'><strong>dixit.</strong></span> <span class='ocrx_word' id='word_1_539' title='bbox 1569 1687 1612 1714; x_wconf 70' lang='lat' dir='ltr'><strong>Ait</strong></span> <span class='ocrx_word' id='word_1_540' title='bbox 1626 1687 1698 1714; x_wconf 88' lang='lat' dir='ltr'><strong>enim</strong></span> <span class='ocrx_word' id='word_1_541' title='bbox 1716 1688 1754 1715; x_wconf 79' lang='lat' dir='ltr'><strong>sie</strong></span> <span class='ocrx_word' id='word_1_542' title='bbox 1770 1688 1805 1716; x_wconf 83' lang='lat' dir='ltr'><strong>de</strong></span> 
     </span>
    </p>
   </div>
   <div class='ocr_carea' id='block_1_79' title="bbox 1017 1729 1804 1767">
    <p class='ocr_par' dir='ltr' id='par_1_79' title="bbox 1017 1729 1804 1767">
     <span class='ocr_line' id='line_1_79' title="bbox 1017 1729 1804 1767; baseline 0.005 -11"><span class='ocrx_word' id='word_1_543' title='bbox 1017 1729 1077 1756; x_wconf 77' lang='lat' dir='ltr'><strong>[iliis</strong></span> <span class='ocrx_word' id='word_1_544' title='bbox 1095 1729 1174 1756; x_wconf 87' lang='lat' dir='ltr'><strong>lsracl</strong></span> <span class='ocrx_word' id='word_1_545' title='bbox 1190 1739 1196 1757; x_wconf 92' lang='lat'>:</span> <span class='ocrx_word' id='word_1_546' title='bbox 1210 1729 1440 1756; x_wconf 63' lang='lat' dir='ltr'><strong>Juatonunteruut</strong></span> <span class='ocrx_word' id='word_1_547' title='bbox 1457 1731 1556 1757; x_wconf 84' lang='lat' dir='ltr'><strong>dabunt</strong></span> <span class='ocrx_word' id='word_1_548' title='bbox 1574 1732 1672 1767; x_wconf 81' lang='lat' dir='ltr'><strong>singuli</strong></span> <span class='ocrx_word' id='word_1_549' title='bbox 1691 1733 1804 1767; x_wconf 82' lang='lat' dir='ltr'><strong>pretium</strong></span> 
     </span>
    </p>
   </div>
   <div class='ocr_carea' id='block_1_80' title="bbox 1015 1774 1807 1810">
    <p class='ocr_par' dir='ltr' id='par_1_80' title="bbox 1015 1774 1807 1810">
     <span class='ocr_line' id='line_1_80' title="bbox 1015 1774 1807 1810; baseline 0.005 -10"><span class='ocrx_word' id='word_1_550' title='bbox 1015 1782 1062 1808; x_wconf 80' lang='lat' dir='ltr'><strong>pro</strong></span> <span class='ocrx_word' id='word_1_551' title='bbox 1073 1774 1211 1800; x_wconf 81' lang='lat' dir='ltr'><strong>aninmsz</strong></span> <span class='ocrx_word' id='word_1_552' title='bbox 1223 1774 1277 1801; x_wconf 81' lang='lat' dir='ltr'><strong>suis</strong></span> <span class='ocrx_word' id='word_1_553' title='bbox 1294 1774 1405 1800; x_wconf 87' lang='lat' dir='ltr'><strong>Domino</strong></span> <span class='ocrx_word' id='word_1_554' title='bbox 1422 1775 1453 1807; x_wconf 69' lang='grc' dir='ltr'><strong>ιθ,</strong></span> <span class='ocrx_word' id='word_1_555' title='bbox 1472 1775 1517 1810; x_wconf 86' lang='lat' dir='ltr'><strong>qui</strong></span> <span class='ocrx_word' id='word_1_556' title='bbox 1533 1780 1623 1803; x_wconf 86' lang='lat' dir='ltr'><strong>autem</strong></span> <span class='ocrx_word' id='word_1_557' title='bbox 1641 1776 1744 1803; x_wconf 86' lang='lat' dir='ltr'><strong>dabunt</strong></span> <span class='ocrx_word' id='word_1_558' title='bbox 1768 1777 1807 1804; x_wconf 89' lang='lat' dir='ltr'><strong>di-</strong></span> 
     </span>
    </p>
   </div>
   <div class='ocr_carea' id='block_1_81' title="bbox 1016 1818 1805 1857">
    <p class='ocr_par' dir='ltr' id='par_1_81' title="bbox 1016 1818 1805 1857">
     <span class='ocr_line' id='line_1_81' title="bbox 1016 1818 1805 1857; baseline 0.004 -13"><span class='ocrx_word' id='word_1_559' title='bbox 1016 1818 1131 1857; x_wconf 91' lang='lat' dir='ltr'><strong>midium</strong></span> <span class='ocrx_word' id='word_1_560' title='bbox 1148 1818 1218 1851; x_wconf 81' lang='lat' dir='ltr'><strong>sicli,</strong></span> <span class='ocrx_word' id='word_1_561' title='bbox 1235 1819 1312 1853; x_wconf 87' lang='lat' dir='ltr'><strong>juxta</strong></span> <span class='ocrx_word' id='word_1_562' title='bbox 1329 1827 1485 1845; x_wconf 89' lang='lat' dir='ltr'><strong>mensuram</strong></span> <span class='ocrx_word' id='word_1_563' title='bbox 1502 1820 1607 1854; x_wconf 83' lang='lat' dir='ltr'><strong>templi.</strong></span> <span class='ocrx_word' id='word_1_564' title='bbox 1623 1821 1665 1847; x_wconf 89' lang='lat' dir='ltr'><strong>vel</strong></span> <span class='ocrx_word' id='word_1_565' title='bbox 1682 1825 1710 1847; x_wconf 92' lang='lat' dir='ltr'><strong>ut</strong></span> <span class='ocrx_word' id='word_1_566' title='bbox 1724 1820 1805 1853; x_wconf 80' lang='lat' dir='ltr'><strong>LXX,</strong></span> 
     </span>
    </p>
   </div>
   <div class='ocr_carea' id='block_1_82' title="bbox 1015 1864 1804 1898">
    <p class='ocr_par' dir='ltr' id='par_1_82' title="bbox 1015 1864 1804 1898">
     <span class='ocr_line' id='line_1_82' title="bbox 1015 1864 1804 1898; baseline 0.003 -6"><span class='ocrx_word' id='word_1_567' title='bbox 1015 1864 1277 1898; x_wconf 75' lang='lat' dir='ltr'><strong>didracbmrc,quod</strong></span> <span class='ocrx_word' id='word_1_568' title='bbox 1292 1865 1443 1892; x_wconf 85' lang='lat' dir='ltr'><strong>secundum</strong></span> <span class='ocrx_word' id='word_1_569' title='bbox 1468 1866 1657 1892; x_wconf 84' lang='lat' dir='ltr'><strong>didraelimam</strong></span> <span class='ocrx_word' id='word_1_570' title='bbox 1683 1872 1804 1894; x_wconf 79' lang='lat' dir='ltr'><strong>sanetam</strong></span> 
     </span>
    </p>
   </div>
   <div class='ocr_carea' id='block_1_83' title="bbox 1014 1910 1806 1947">
    <p class='ocr_par' dir='ltr' id='par_1_83' title="bbox 1014 1910 1806 1947">
     <span class='ocr_line' id='line_1_83' title="bbox 1014 1910 1806 1947; baseline 0.006 -11"><span class='ocrx_word' id='word_1_571' title='bbox 1014 1910 1110 1945; x_wconf 78' lang='lat' dir='ltr'><strong>viginti</strong></span> <span class='ocrx_word' id='word_1_572' title='bbox 1127 1910 1207 1937; x_wconf 76' lang='lat' dir='ltr'><strong>eboli.</strong></span> <span class='ocrx_word' id='word_1_573' title='bbox 1228 1911 1368 1947; x_wconf 70' lang='lat' dir='ltr'><strong>Siclicrgo</strong></span> <span class='ocrx_word' id='word_1_574' title='bbox 1399 1911 1455 1938; x_wconf 83' lang='lat' dir='ltr'><strong>sive</strong></span> <span class='ocrx_word' id='word_1_575' title='bbox 1484 1911 1731 1944; x_wconf 58' lang='lat' dir='ltr'><strong>didiacbma},idco</strong></span> <span class='ocrx_word' id='word_1_576' title='bbox 1756 1921 1806 1941; x_wconf 74' lang='lat' dir='ltr'><strong>nos</strong></span> 
     </span>
    </p>
   </div>
   <div class='ocr_carea' id='block_1_84' title="bbox 1012 1956 1805 1995">
    <p class='ocr_par' dir='ltr' id='par_1_84' title="bbox 1012 1956 1805 1995">
     <span class='ocr_line' id='line_1_84' title="bbox 1012 1956 1805 1995; baseline 0.004 -13"><span class='ocrx_word' id='word_1_577' title='bbox 1012 1956 1090 1990; x_wconf 81' lang='lat' dir='ltr'><strong>juxta</strong></span> <span class='ocrx_word' id='word_1_578' title='bbox 1105 1963 1261 1995; x_wconf 84' lang='lat' dir='ltr'><strong>mensuram</strong></span> <span class='ocrx_word' id='word_1_579' title='bbox 1278 1957 1382 1990; x_wconf 88' lang='lat' dir='ltr'><strong>templi,</strong></span> <span class='ocrx_word' id='word_1_580' title='bbox 1397 1957 1439 1983; x_wconf 86' lang='lat' dir='ltr'><strong>vel</strong></span> <span class='ocrx_word' id='word_1_581' title='bbox 1465 1957 1616 1984; x_wconf 77' lang='lat' dir='ltr'><strong>secundum</strong></span> <span class='ocrx_word' id='word_1_582' title='bbox 1650 1965 1805 1985; x_wconf 82' lang='lat' dir='ltr'><strong>mensuram</strong></span> 
     </span>
    </p>
   </div>
   <div class='ocr_carea' id='block_1_85' title="bbox 1015 2001 1806 2037">
    <p class='ocr_par' dir='ltr' id='par_1_85' title="bbox 1015 2001 1806 2037">
     <span class='ocr_line' id='line_1_85' title="bbox 1015 2001 1806 2037; baseline 0.004 -9"><span class='ocrx_word' id='word_1_583' title='bbox 1015 2001 1164 2028; x_wconf 82' lang='lat' dir='ltr'><strong>sanctuarii</strong></span> <span class='ocrx_word' id='word_1_584' title='bbox 1182 2001 1318 2028; x_wconf 81' lang='lat' dir='ltr'><strong>reminisci</strong></span> <span class='ocrx_word' id='word_1_585' title='bbox 1342 2001 1438 2034; x_wconf 85' lang='lat' dir='ltr'><strong>voluit,</strong></span> <span class='ocrx_word' id='word_1_586' title='bbox 1455 2002 1487 2028; x_wconf 91' lang='lat' dir='ltr'><strong>ad</strong></span> <span class='ocrx_word' id='word_1_587' title='bbox 1507 2002 1582 2029; x_wconf 89' lang='lat' dir='ltr'><strong>illum</strong></span> <span class='ocrx_word' id='word_1_588' title='bbox 1611 2003 1677 2037; x_wconf 81' lang='lat' dir='ltr'><strong>legis</strong></span> <span class='ocrx_word' id='word_1_589' title='bbox 1703 2008 1806 2031; x_wconf 87' lang='lat' dir='ltr'><strong>textum</strong></span> 
     </span>
    </p>
   </div>
   <div class='ocr_carea' id='block_1_86' title="bbox 1015 2047 1806 2082">
    <p class='ocr_par' dir='ltr' id='par_1_86' title="bbox 1015 2047 1806 2082">
     <span class='ocr_line' id='line_1_86' title="bbox 1015 2047 1806 2082; baseline 0.005 -10"><span class='ocrx_word' id='word_1_590' title='bbox 1015 2047 1201 2073; x_wconf 82' lang='lat' dir='ltr'><strong>transmittere</strong></span> <span class='ocrx_word' id='word_1_591' title='bbox 1218 2054 1268 2073; x_wconf 85' lang='lat' dir='ltr'><strong>nos</strong></span> <span class='ocrx_word' id='word_1_592' title='bbox 1281 2047 1406 2081; x_wconf 82' lang='lat' dir='ltr'><strong>cupiens,</strong></span> <span class='ocrx_word' id='word_1_593' title='bbox 1425 2048 1452 2073; x_wconf 94' lang='lat' dir='ltr'><strong>in</strong></span> <span class='ocrx_word' id='word_1_594' title='bbox 1469 2055 1522 2081; x_wconf 88' lang='lat' dir='ltr'><strong>quo</strong></span> <span class='ocrx_word' id='word_1_595' title='bbox 1535 2048 1630 2082; x_wconf 85' lang='lat' dir='ltr'><strong>viginti</strong></span> <span class='ocrx_word' id='word_1_596' title='bbox 1657 2048 1751 2076; x_wconf 82' lang='lat' dir='ltr'><strong>obolos</strong></span> <span class='ocrx_word' id='word_1_597' title='bbox 1763 2050 1806 2076; x_wconf 61' lang='lat' dir='ltr'><strong>di-</strong></span> 
     </span>
    </p>
   </div>
   <div class='ocr_carea' id='block_1_87' title="bbox 1014 2090 1805 2128">
    <p class='ocr_par' dir='ltr' id='par_1_87' title="bbox 1014 2090 1805 2128">
     <span class='ocr_line' id='line_1_87' title="bbox 1014 2090 1805 2128; baseline 0.003 -10"><span class='ocrx_word' id='word_1_598' title='bbox 1014 2090 1170 2118; x_wconf 82' lang='lat' dir='ltr'><strong>drachmam</strong></span> <span class='ocrx_word' id='word_1_599' title='bbox 1188 2095 1309 2117; x_wconf 85' lang='lat' dir='ltr'><strong>sanctam</strong></span> <span class='ocrx_word' id='word_1_600' title='bbox 1325 2098 1395 2123; x_wconf 84' lang='lat' dir='ltr'><strong>esse,</strong></span> <span class='ocrx_word' id='word_1_601' title='bbox 1412 2091 1468 2117; x_wconf 85' lang='lat' dir='ltr'><strong>sive</strong></span> <span class='ocrx_word' id='word_1_602' title='bbox 1481 2091 1578 2118; x_wconf 85' lang='lat' dir='ltr'><strong>siclum</strong></span> <span class='ocrx_word' id='word_1_603' title='bbox 1590 2091 1638 2119; x_wconf 85' lang='lat' dir='ltr'><strong>ait.</strong></span> <span class='ocrx_word' id='word_1_604' title='bbox 1653 2091 1720 2119; x_wconf 85' lang='lat' dir='ltr'><strong>Cum</strong></span> <span class='ocrx_word' id='word_1_605' title='bbox 1730 2093 1805 2128; x_wconf 81' lang='lat' dir='ltr'><strong>adja-</strong></span> 
     </span>
    </p>
   </div>
   <div class='ocr_carea' id='block_1_88' title="bbox 1015 2135 1805 2169">
    <p class='ocr_par' dir='ltr' id='par_1_88' title="bbox 1015 2135 1805 2169">
     <span class='ocr_line' id='line_1_88' title="bbox 1015 2135 1805 2169; baseline 0.004 -8"><span class='ocrx_word' id='word_1_606' title='bbox 1015 2139 1087 2162; x_wconf 89' lang='lat' dir='ltr'><strong>ccret</strong></span> <span class='ocrx_word' id='word_1_607' title='bbox 1100 2138 1190 2161; x_wconf 87' lang='lat' dir='ltr'><strong>autem</strong></span> <span class='ocrx_word' id='word_1_608' title='bbox 1203 2135 1347 2169; x_wconf 70' lang='lat' dir='ltr'><strong>prmcipere</strong></span> <span class='ocrx_word' id='word_1_609' title='bbox 1360 2143 1443 2161; x_wconf 92' lang='lat' dir='ltr'><strong>unum</strong></span> <span class='ocrx_word' id='word_1_610' title='bbox 1463 2135 1571 2165; x_wconf 77' lang='lat' dir='ltr'><strong>siclum,</strong></span> <span class='ocrx_word' id='word_1_611' title='bbox 1587 2136 1630 2162; x_wconf 84' lang='lat' dir='ltr'><strong>vel</strong></span> <span class='ocrx_word' id='word_1_612' title='bbox 1649 2137 1805 2164; x_wconf 76' lang='lat' dir='ltr'><strong>drachmam</strong></span> 
     </span>
    </p>
   </div>
   <div class='ocr_carea' id='block_1_89' title="bbox 1015 2178 1806 2213">
    <p class='ocr_par' dir='ltr' id='par_1_89' title="bbox 1015 2178 1806 2213">
     <span class='ocr_line' id='line_1_89' title="bbox 1015 2178 1806 2213; baseline 0.003 -8"><span class='ocrx_word' id='word_1_613' title='bbox 1015 2178 1118 2210; x_wconf 78' lang='lat' dir='ltr'><strong>olTerri,</strong></span> <span class='ocrx_word' id='word_1_614' title='bbox 1133 2186 1188 2204; x_wconf 92' lang='lat' dir='ltr'><strong>non</strong></span> <span class='ocrx_word' id='word_1_615' title='bbox 1205 2178 1244 2205; x_wconf 84' lang='lat' dir='ltr'><strong>sic</strong></span> <span class='ocrx_word' id='word_1_616' title='bbox 1261 2179 1404 2213; x_wconf 66' lang='lat' dir='ltr'><strong>prmcepit,</strong></span> <span class='ocrx_word' id='word_1_617' title='bbox 1430 2179 1477 2205; x_wconf 80' lang='lat' dir='ltr'><strong>Sed</strong></span> <span class='ocrx_word' id='word_1_618' title='bbox 1495 2179 1553 2206; x_wconf 82' lang='lat' dir='ltr'><strong>sicli</strong></span> <span class='ocrx_word' id='word_1_619' title='bbox 1569 2179 1626 2207; x_wconf 85' lang='lat' dir='ltr'><strong>sive</strong></span> <span class='ocrx_word' id='word_1_620' title='bbox 1641 2180 1806 2208; x_wconf 71' lang='lat' dir='ltr'><strong>didrncbmzo</strong></span> 
     </span>
    </p>
   </div>
   <div class='ocr_carea' id='block_1_90' title="bbox 1016 2221 1807 2259">
    <p class='ocr_par' dir='ltr' id='par_1_90' title="bbox 1016 2221 1807 2259">
     <span class='ocr_line' id='line_1_90' title="bbox 1016 2221 1807 2259; baseline 0.006 -12"><span class='ocrx_word' id='word_1_621' title='bbox 1016 2222 1171 2248; x_wconf 89' lang='lat' dir='ltr'><strong>dimidium.</strong></span> <span class='ocrx_word' id='word_1_622' title='bbox 1182 2221 1232 2248; x_wconf 82' lang='lat' dir='ltr'><strong>Per</strong></span> <span class='ocrx_word' id='word_1_623' title='bbox 1245 2222 1296 2248; x_wconf 88' lang='lat' dir='ltr'><strong>hoc</strong></span> <span class='ocrx_word' id='word_1_624' title='bbox 1308 2222 1508 2253; x_wconf 85' lang='lat' dir='ltr'><strong>demonstrans,</strong></span> <span class='ocrx_word' id='word_1_625' title='bbox 1535 2223 1599 2257; x_wconf 90' lang='lat' dir='ltr'><strong>quia</strong></span> <span class='ocrx_word' id='word_1_626' title='bbox 1617 2225 1726 2259; x_wconf 67' lang='lat' dir='ltr'><strong>proiirie</strong></span> <span class='ocrx_word' id='word_1_627' title='bbox 1743 2233 1807 2252; x_wconf 87' lang='lat' dir='ltr'><strong>san-</strong></span> 
     </span>
    </p>
   </div>
   <div class='ocr_carea' id='block_1_91' title="bbox 175 2264 1807 2302">
    <p class='ocr_par' dir='ltr' id='par_1_91' title="bbox 175 2264 1807 2302">
     <span class='ocr_line' id='line_1_91' title="bbox 175 2264 1807 2302; baseline 0 -10"><span class='ocrx_word' id='word_1_628' title='bbox 175 2265 284 2292; x_wconf 82' lang='lat' dir='ltr'><strong>dicens:</strong></span> <span class='ocrx_word' id='word_1_629' title='bbox 300 2265 422 2299; x_wconf 80' lang='lat' dir='ltr'><strong>Loquere</strong></span> <span class='ocrx_word' id='word_1_630' title='bbox 435 2264 495 2291; x_wconf 75' lang='lat' dir='ltr'><strong>[iliis</strong></span> <span class='ocrx_word' id='word_1_631' title='bbox 512 2264 592 2291; x_wconf 88' lang='lat' dir='ltr'><strong>Israel</strong></span> <span class='ocrx_word' id='word_1_632' title='bbox 611 2268 638 2290; x_wconf 87' lang='lat' dir='ltr'><strong>et</strong></span> <span class='ocrx_word' id='word_1_633' title='bbox 649 2264 722 2291; x_wconf 85' lang='lat' dir='ltr'><strong>dices</strong></span> <span class='ocrx_word' id='word_1_634' title='bbox 736 2264 769 2290; x_wconf 85' lang='lat' dir='ltr'><strong>ad</strong></span> <span class='ocrx_word' id='word_1_635' title='bbox 792 2272 839 2291; x_wconf 85' lang='lat' dir='ltr'><strong>eos</strong></span> <span class='ocrx_word' id='word_1_636' title='bbox 856 2273 862 2290; x_wconf 90' lang='lat'><strong>:</strong></span> <span class='ocrx_word' id='word_1_637' title='bbox 877 2264 963 2291; x_wconf 86' lang='lat' dir='ltr'><strong>llonto</strong></span> <span class='ocrx_word' id='word_1_638' title='bbox 980 2273 1001 2300; x_wconf 81' lang='grc' dir='ltr'><strong>ι)</strong></span> <span class='ocrx_word' id='word_1_639' title='bbox 1017 2272 1090 2294; x_wconf 88' lang='lat' dir='ltr'><strong>etum</strong></span> <span class='ocrx_word' id='word_1_640' title='bbox 1104 2267 1132 2293; x_wconf 86' lang='lat' dir='ltr'><strong>in</strong></span> <span class='ocrx_word' id='word_1_641' title='bbox 1150 2267 1207 2302; x_wconf 77' lang='lat' dir='ltr'><strong>l‘ege</strong></span> <span class='ocrx_word' id='word_1_642' title='bbox 1218 2271 1270 2300; x_wconf 87' lang='lat' dir='ltr'><strong>cst,</strong></span> <span class='ocrx_word' id='word_1_643' title='bbox 1288 2275 1342 2294; x_wconf 88' lang='lat' dir='ltr'><strong>non</strong></span> <span class='ocrx_word' id='word_1_644' title='bbox 1359 2268 1430 2302; x_wconf 84' lang='lat' dir='ltr'><strong>quod</strong></span> <span class='ocrx_word' id='word_1_645' title='bbox 1455 2269 1604 2296; x_wconf 81' lang='lat' dir='ltr'><strong>secundum</strong></span> <span class='ocrx_word' id='word_1_646' title='bbox 1621 2270 1704 2297; x_wconf 69' lang='lat' dir='ltr'><strong>solum</strong></span> <span class='ocrx_word' id='word_1_647' title='bbox 1733 2271 1807 2298; x_wconf 71' lang='lat' dir='ltr'><strong>nuc-</strong></span> 
     </span>
    </p>
   </div>
   <div class='ocr_carea' id='block_1_92' title="bbox 174 2310 962 2346">
    <p class='ocr_par' dir='ltr' id='par_1_92' title="bbox 174 2310 962 2346">
     <span class='ocr_line' id='line_1_92' title="bbox 174 2310 962 2346; baseline -0.001 -9"><span class='ocrx_word' id='word_1_648' title='bbox 174 2310 219 2346; x_wconf 88' lang='lat' dir='ltr'><strong>qui</strong></span> <span class='ocrx_word' id='word_1_649' title='bbox 231 2316 322 2338; x_wconf 89' lang='lat' dir='ltr'><strong>votum</strong></span> <span class='ocrx_word' id='word_1_650' title='bbox 333 2311 439 2343; x_wconf 80' lang='lat' dir='ltr'><strong>fecerit,</strong></span> <span class='ocrx_word' id='word_1_651' title='bbox 455 2314 482 2337; x_wconf 88' lang='lat' dir='ltr'><strong>et</strong></span> <span class='ocrx_word' id='word_1_652' title='bbox 497 2310 672 2344; x_wconf 87' lang='lat' dir='ltr'><strong>spoponderit</strong></span> <span class='ocrx_word' id='word_1_653' title='bbox 684 2310 738 2337; x_wconf 84' lang='lat' dir='ltr'><strong>Deo</strong></span> <span class='ocrx_word' id='word_1_654' title='bbox 747 2310 864 2336; x_wconf 87' lang='lat' dir='ltr'><strong>animam</strong></span> <span class='ocrx_word' id='word_1_655' title='bbox 875 2318 962 2340; x_wconf 85' lang='lat' dir='ltr'><strong>suam.</strong></span> 
     </span>
    </p>
   </div>
   <div class='ocr_carea' id='block_1_93' title="bbox 175 2356 962 2390">
    <p class='ocr_par' dir='ltr' id='par_1_93' title="bbox 175 2356 962 2390">
     <span class='ocr_line' id='line_1_93' title="bbox 175 2356 962 2390; baseline -0.003 -6"><span class='ocrx_word' id='word_1_656' title='bbox 175 2356 226 2384; x_wconf 83' lang='lat' dir='ltr'><strong>sub</strong></span> <span class='ocrx_word' id='word_1_657' title='bbox 239 2356 418 2383; x_wconf 71' lang='lat' dir='ltr'><strong>arstimatione</strong></span> <span class='ocrx_word' id='word_1_658' title='bbox 431 2356 506 2383; x_wconf 84' lang='lat' dir='ltr'><strong>dabit</strong></span> <span class='ocrx_word' id='word_1_659' title='bbox 519 2356 646 2390; x_wconf 91' lang='lat' dir='ltr'><strong>pretium.</strong></span> <span class='ocrx_word' id='word_1_660' title='bbox 671 2356 700 2383; x_wconf 89' lang='lat' dir='ltr'><strong>Si</strong></span> <span class='ocrx_word' id='word_1_661' title='bbox 717 2356 801 2383; x_wconf 78' lang='lat' dir='ltr'><strong>fuerit</strong></span> <span class='ocrx_word' id='word_1_662' title='bbox 815 2356 962 2389; x_wconf 80' lang='lat' dir='ltr'><strong>masculus,</strong></span> 
     </span>
    </p>
   </div>
   <div class='ocr_carea' id='block_1_94' title="bbox 173 2401 963 2436">
    <p class='ocr_par' dir='ltr' id='par_1_94' title="bbox 173 2401 963 2436">
     <span class='ocr_line' id='line_1_94' title="bbox 173 2401 963 2436; baseline -0.003 -6"><span class='ocrx_word' id='word_1_663' title='bbox 173 2403 332 2430; x_wconf 87' lang='lat' dir='ltr'><strong>avicesimo</strong></span> <span class='ocrx_word' id='word_1_664' title='bbox 353 2401 438 2436; x_wconf 77' lang='lat' dir='ltr'><strong>usque</strong></span> <span class='ocrx_word' id='word_1_665' title='bbox 470 2401 503 2428; x_wconf 88' lang='lat' dir='ltr'><strong>ad</strong></span> <span class='ocrx_word' id='word_1_666' title='bbox 531 2402 727 2436; x_wconf 78' lang='lat' dir='ltr'><strong>sexagesimum</strong></span> <span class='ocrx_word' id='word_1_667' title='bbox 751 2410 864 2434; x_wconf 84' lang='lat' dir='ltr'><strong>annum,</strong></span> <span class='ocrx_word' id='word_1_668' title='bbox 889 2402 963 2429; x_wconf 83' lang='lat' dir='ltr'><strong>dabit</strong></span> 
     </span>
    </p>
   </div>
   <div class='ocr_carea' id='block_1_95' title="bbox 174 2448 963 2493">
    <p class='ocr_par' dir='ltr' id='par_1_95' title="bbox 174 2448 963 2493">
     <span class='ocr_line' id='line_1_95' title="bbox 174 2448 963 2493; baseline -0.003 -17"><span class='ocrx_word' id='word_1_669' title='bbox 174 2449 372 2484; x_wconf 80' lang='lat' dir='ltr'><strong>quinquaginta</strong></span> <span class='ocrx_word' id='word_1_670' title='bbox 384 2449 465 2476; x_wconf 87' lang='lat' dir='ltr'><strong>sielos</strong></span> <span class='ocrx_word' id='word_1_671' title='bbox 479 2448 584 2483; x_wconf 80' lang='lat' dir='ltr'><strong>argenti</strong></span> <span class='ocrx_word' id='word_1_672' title='bbox 599 2449 631 2474; x_wconf 88' lang='lat' dir='ltr'><strong>ad</strong></span> <span class='ocrx_word' id='word_1_673' title='bbox 651 2456 807 2475; x_wconf 89' lang='lat' dir='ltr'><strong>mensuram</strong></span> <span class='ocrx_word' id='word_1_674' title='bbox 837 2452 963 2493; x_wconf 55' lang='lat' dir='ltr'><strong>sanptua-</strong></span> 
     </span>
    </p>
   </div>
   <div class='ocr_carea' id='block_1_96' title="bbox 174 2493 961 2529">
    <p class='ocr_par' dir='ltr' id='par_1_96' title="bbox 174 2493 961 2529">
     <span class='ocr_line' id='line_1_96' title="bbox 174 2493 961 2529; baseline -0.003 -7"><span class='ocrx_word' id='word_1_675' title='bbox 174 2494 207 2522; x_wconf 93' lang='lat' dir='ltr'><strong>rii</strong></span> <span class='ocrx_word' id='word_1_676' title='bbox 221 2503 228 2521; x_wconf 92' lang='lat'><strong>:</strong></span> <span class='ocrx_word' id='word_1_677' title='bbox 242 2495 264 2522; x_wconf 79' lang='lat' dir='ltr'><strong>si</strong></span> <span class='ocrx_word' id='word_1_678' title='bbox 279 2494 387 2526; x_wconf 90' lang='lat' dir='ltr'><strong>mulier,</strong></span> <span class='ocrx_word' id='word_1_679' title='bbox 409 2494 529 2529; x_wconf 83' lang='lat' dir='ltr'><strong>triginta.</strong></span> <span class='ocrx_word' id='word_1_680' title='bbox 542 2494 565 2520; x_wconf 78' lang='grc' dir='ltr'><strong>Δ</strong></span> <span class='ocrx_word' id='word_1_681' title='bbox 579 2493 674 2528; x_wconf 86' lang='lat' dir='ltr'><strong>quinto</strong></span> <span class='ocrx_word' id='word_1_682' title='bbox 682 2498 774 2520; x_wconf 86' lang='lat' dir='ltr'><strong>autem</strong></span> <span class='ocrx_word' id='word_1_683' title='bbox 789 2501 862 2521; x_wconf 88' lang='lat' dir='ltr'><strong>anno</strong></span> <span class='ocrx_word' id='word_1_684' title='bbox 876 2501 961 2528; x_wconf 89' lang='lat' dir='ltr'><strong>usque</strong></span> 
     </span>
    </p>
   </div>
   <div class='ocr_carea' id='block_1_97' title="bbox 174 2539 961 2574">
    <p class='ocr_par' dir='ltr' id='par_1_97' title="bbox 174 2539 961 2574">
     <span class='ocr_line' id='line_1_97' title="bbox 174 2539 961 2574; baseline -0.001 -7"><span class='ocrx_word' id='word_1_685' title='bbox 174 2541 208 2567; x_wconf 91' lang='lat' dir='ltr'><strong>ad</strong></span> <span class='ocrx_word' id='word_1_686' title='bbox 227 2540 396 2572; x_wconf 86' lang='lat' dir='ltr'><strong>vicesimum,</strong></span> <span class='ocrx_word' id='word_1_687' title='bbox 407 2540 544 2567; x_wconf 88' lang='lat' dir='ltr'><strong>masculus</strong></span> <span class='ocrx_word' id='word_1_688' title='bbox 560 2539 636 2566; x_wconf 88' lang='lat' dir='ltr'><strong>dabit</strong></span> <span class='ocrx_word' id='word_1_689' title='bbox 652 2539 745 2574; x_wconf 82' lang='lat' dir='ltr'><strong>viginti</strong></span> <span class='ocrx_word' id='word_1_690' title='bbox 755 2539 848 2572; x_wconf 83' lang='lat' dir='ltr'><strong>siclos,</strong></span> <span class='ocrx_word' id='word_1_691' title='bbox 861 2539 961 2566; x_wconf 84' lang='lat' dir='ltr'><strong>femina</strong></span> 
     </span>
    </p>
   </div>
   <div class='ocr_carea' id='block_1_98' title="bbox 175 2585 961 2620">
    <p class='ocr_par' dir='ltr' id='par_1_98' title="bbox 175 2585 961 2620">
     <span class='ocr_line' id='line_1_98' title="bbox 175 2585 961 2620; baseline -0.003 -6"><span class='ocrx_word' id='word_1_692' title='bbox 175 2587 279 2614; x_wconf 85' lang='lat' dir='ltr'><strong>decem.</strong></span> <span class='ocrx_word' id='word_1_693' title='bbox 291 2586 333 2614; x_wconf 79' lang='lat' dir='ltr'><strong>Ab</strong></span> <span class='ocrx_word' id='word_1_694' title='bbox 354 2594 408 2613; x_wconf 93' lang='lat' dir='ltr'><strong>uno</strong></span> <span class='ocrx_word' id='word_1_695' title='bbox 428 2594 523 2613; x_wconf 85' lang='lat' dir='ltr'><strong>mense</strong></span> <span class='ocrx_word' id='word_1_696' title='bbox 543 2593 631 2620; x_wconf 89' lang='lat' dir='ltr'><strong>usque</strong></span> <span class='ocrx_word' id='word_1_697' title='bbox 650 2585 684 2612; x_wconf 89' lang='lat' dir='ltr'><strong>ad</strong></span> <span class='ocrx_word' id='word_1_698' title='bbox 709 2593 811 2612; x_wconf 89' lang='lat' dir='ltr'><strong>annum</strong></span> <span class='ocrx_word' id='word_1_699' title='bbox 836 2585 961 2620; x_wconf 89' lang='lat' dir='ltr'><strong>quintum</strong></span> 
     </span>
    </p>
   </div>
   <div class='ocr_carea' id='block_1_99' title="bbox 174 2630 962 2668">
    <p class='ocr_par' dir='ltr' id='par_1_99' title="bbox 174 2630 962 2668">
     <span class='ocr_line' id='line_1_99' title="bbox 174 2630 962 2668; baseline -0.004 -8"><span class='ocrx_word' id='word_1_700' title='bbox 174 2640 224 2668; x_wconf 87' lang='lat' dir='ltr'><strong>pro</strong></span> <span class='ocrx_word' id='word_1_701' title='bbox 244 2633 367 2660; x_wconf 86' lang='lat' dir='ltr'><strong>masculo</strong></span> <span class='ocrx_word' id='word_1_702' title='bbox 392 2632 531 2659; x_wconf 86' lang='lat' dir='ltr'><strong>dabuntur</strong></span> <span class='ocrx_word' id='word_1_703' title='bbox 551 2631 671 2666; x_wconf 86' lang='lat' dir='ltr'><strong>quinque</strong></span> <span class='ocrx_word' id='word_1_704' title='bbox 695 2631 764 2663; x_wconf 83' lang='lat' dir='ltr'><strong>sicli.</strong></span> <span class='ocrx_word' id='word_1_705' title='bbox 797 2639 847 2665; x_wconf 87' lang='lat' dir='ltr'><strong>pro</strong></span> <span class='ocrx_word' id='word_1_706' title='bbox 861 2630 962 2658; x_wconf 81' lang='lat' dir='ltr'><strong>femina</strong></span> 
     </span>
    </p>
   </div>
   <div class='ocr_carea' id='block_1_100' title="bbox 174 2677 963 2713">
    <p class='ocr_par' dir='ltr' id='par_1_100' title="bbox 174 2677 963 2713">
     <span class='ocr_line' id='line_1_100' title="bbox 174 2677 963 2713; baseline -0.001 -8"><span class='ocrx_word' id='word_1_707' title='bbox 174 2683 240 2705; x_wconf 90' lang='lat' dir='ltr'><strong>tres.</strong></span> <span class='ocrx_word' id='word_1_708' title='bbox 257 2677 466 2713; x_wconf 79' lang='lat' dir='ltr'><strong>Sexagenarius,</strong></span> <span class='ocrx_word' id='word_1_709' title='bbox 478 2681 506 2704; x_wconf 91' lang='lat' dir='ltr'><strong>ct</strong></span> <span class='ocrx_word' id='word_1_710' title='bbox 522 2677 591 2704; x_wconf 88' lang='lat' dir='ltr'><strong>ultra</strong></span> <span class='ocrx_word' id='word_1_711' title='bbox 605 2677 741 2704; x_wconf 86' lang='lat' dir='ltr'><strong>masculus</strong></span> <span class='ocrx_word' id='word_1_712' title='bbox 760 2677 835 2704; x_wconf 87' lang='lat' dir='ltr'><strong>dabit</strong></span> <span class='ocrx_word' id='word_1_713' title='bbox 847 2677 963 2712; x_wconf 88' lang='lat' dir='ltr'><strong>quinde—</strong></span> 
     </span>
    </p>
   </div>
   <div class='ocr_carea' id='block_1_101' title="bbox 174 2723 963 2758">
    <p class='ocr_par' dir='ltr' id='par_1_101' title="bbox 174 2723 963 2758">
     <span class='ocr_line' id='line_1_101' title="bbox 174 2723 963 2758; baseline -0.001 -7"><span class='ocrx_word' id='word_1_714' title='bbox 174 2724 226 2751; x_wconf 90' lang='lat' dir='ltr'><strong>cim</strong></span> <span class='ocrx_word' id='word_1_715' title='bbox 235 2724 328 2757; x_wconf 90' lang='lat' dir='ltr'><strong>siclos,</strong></span> <span class='ocrx_word' id='word_1_716' title='bbox 338 2723 439 2751; x_wconf 82' lang='lat' dir='ltr'><strong>femina</strong></span> <span class='ocrx_word' id='word_1_717' title='bbox 448 2723 552 2750; x_wconf 89' lang='lat' dir='ltr'><strong>decem.</strong></span> <span class='ocrx_word' id='word_1_718' title='bbox 572 2723 599 2750; x_wconf 88' lang='lat' dir='ltr'><strong>Si</strong></span> <span class='ocrx_word' id='word_1_719' title='bbox 624 2731 728 2758; x_wconf 83' lang='lat' dir='ltr'><strong>pauper</strong></span> <span class='ocrx_word' id='word_1_720' title='bbox 743 2723 836 2756; x_wconf 78' lang='lat' dir='ltr'><strong>fuerit,</strong></span> <span class='ocrx_word' id='word_1_721' title='bbox 849 2729 877 2750; x_wconf 84' lang='lat' dir='ltr'><strong>et.</strong></span> <span class='ocrx_word' id='word_1_722' title='bbox 890 2724 963 2751; x_wconf 68' lang='lat' dir='ltr'><strong>testi-</strong></span> 
     </span>
    </p>
   </div>
   <div class='ocr_carea' id='block_1_102' title="bbox 174 2769 963 2802">
    <p class='ocr_par' dir='ltr' id='par_1_102' title="bbox 174 2769 963 2802">
     <span class='ocr_line' id='line_1_102' title="bbox 174 2769 963 2802; baseline -0.001 -5"><span class='ocrx_word' id='word_1_723' title='bbox 174 2770 322 2798; x_wconf 87' lang='lat' dir='ltr'><strong>mationcm</strong></span> <span class='ocrx_word' id='word_1_724' title='bbox 339 2770 453 2798; x_wconf 86' lang='lat' dir='ltr'><strong>reddere</strong></span> <span class='ocrx_word' id='word_1_725' title='bbox 466 2776 521 2796; x_wconf 90' lang='lat' dir='ltr'><strong>non</strong></span> <span class='ocrx_word' id='word_1_726' title='bbox 542 2769 669 2802; x_wconf 83' lang='lat' dir='ltr'><strong>valuerit,</strong></span> <span class='ocrx_word' id='word_1_727' title='bbox 693 2770 776 2797; x_wconf 85' lang='lat' dir='ltr'><strong>stabit</strong></span> <span class='ocrx_word' id='word_1_728' title='bbox 800 2777 892 2797; x_wconf 87' lang='lat' dir='ltr'><strong>corant</strong></span> <span class='ocrx_word' id='word_1_729' title='bbox 921 2777 963 2796; x_wconf 85' lang='lat' dir='ltr'><strong>sa-</strong></span> 
     </span>
    </p>
   </div>
   <div class='ocr_carea' id='block_1_103' title="bbox 1018 2313 1807 2350">
    <p class='ocr_par' dir='ltr' id='par_1_103' title="bbox 1018 2313 1807 2350">
     <span class='ocr_line' id='line_1_103' title="bbox 1018 2313 1807 2350; baseline 0.006 -11"><span class='ocrx_word' id='word_1_730' title='bbox 1018 2321 1086 2346; x_wconf 85' lang='lat' dir='ltr'><strong>ram,</strong></span> <span class='ocrx_word' id='word_1_731' title='bbox 1104 2313 1150 2339; x_wconf 74' lang='lat' dir='ltr'><strong>sed</strong></span> <span class='ocrx_word' id='word_1_732' title='bbox 1167 2313 1247 2340; x_wconf 85' lang='lat' dir='ltr'><strong>etiam</strong></span> <span class='ocrx_word' id='word_1_733' title='bbox 1264 2314 1414 2340; x_wconf 88' lang='lat' dir='ltr'><strong>secundutn</strong></span> <span class='ocrx_word' id='word_1_734' title='bbox 1433 2315 1560 2348; x_wconf 72' lang='lat' dir='ltr'><strong>spiritum</strong></span> <span class='ocrx_word' id='word_1_735' title='bbox 1578 2315 1749 2350; x_wconf 80' lang='lat' dir='ltr'><strong>intelligitur,</strong></span> <span class='ocrx_word' id='word_1_736' title='bbox 1778 2322 1807 2344; x_wconf 90' lang='lat' dir='ltr'><strong>ct</strong></span> 
     </span>
    </p>
   </div>
   <div class='ocr_carea' id='block_1_104' title="bbox 1017 2359 1804 2394">
    <p class='ocr_par' dir='ltr' id='par_1_104' title="bbox 1017 2359 1804 2394">
     <span class='ocr_line' id='line_1_104' title="bbox 1017 2359 1804 2394; baseline 0.003 -9"><span class='ocrx_word' id='word_1_737' title='bbox 1017 2359 1099 2394; x_wconf 80' lang='lat' dir='ltr'><strong>hujus</strong></span> <span class='ocrx_word' id='word_1_738' title='bbox 1119 2359 1232 2386; x_wconf 85' lang='lat' dir='ltr'><strong>debetur</strong></span> <span class='ocrx_word' id='word_1_739' title='bbox 1262 2359 1374 2386; x_wconf 78' lang='lat' dir='ltr'><strong>oblatio.</strong></span> <span class='ocrx_word' id='word_1_740' title='bbox 1404 2359 1482 2387; x_wconf 82' lang='lat' dir='ltr'><strong>Unde</strong></span> <span class='ocrx_word' id='word_1_741' title='bbox 1506 2366 1533 2387; x_wconf 88' lang='lat' dir='ltr'><strong>et</strong></span> <span class='ocrx_word' id='word_1_742' title='bbox 1546 2361 1697 2387; x_wconf 75' lang='lat' dir='ltr'><strong>secundum</strong></span> <span class='ocrx_word' id='word_1_743' title='bbox 1720 2362 1804 2392; x_wconf 70' lang='lat' dir='ltr'><strong>LXX,</strong></span> 
     </span>
    </p>
   </div>
   <div class='ocr_carea' id='block_1_105' title="bbox 1017 2404 1806 2441">
    <p class='ocr_par' dir='ltr' id='par_1_105' title="bbox 1017 2404 1806 2441">
     <span class='ocr_line' id='line_1_105' title="bbox 1017 2404 1806 2441; baseline 0.003 -10"><span class='ocrx_word' id='word_1_744' title='bbox 1017 2404 1092 2439; x_wconf 88' lang='lat' dir='ltr'><strong>ipsas</strong></span> <span class='ocrx_word' id='word_1_745' title='bbox 1106 2405 1279 2432; x_wconf 88' lang='lat' dir='ltr'><strong>didrachmas</strong></span> <span class='ocrx_word' id='word_1_746' title='bbox 1290 2405 1340 2432; x_wconf 84' lang='lat' dir='ltr'><strong>sibi</strong></span> <span class='ocrx_word' id='word_1_747' title='bbox 1352 2406 1503 2441; x_wconf 80' lang='lat' dir='ltr'><strong>conjunxit,</strong></span> <span class='ocrx_word' id='word_1_748' title='bbox 1517 2407 1755 2434; x_wconf 90' lang='lat' dir='ltr'><strong>dimidiumautem</strong></span> <span class='ocrx_word' id='word_1_749' title='bbox 1765 2408 1806 2434; x_wconf 76' lang='lat' dir='ltr'><strong>of-</strong></span> 
     </span>
    </p>
   </div>
   <div class='ocr_carea' id='block_1_106' title="bbox 1016 2449 1806 2485">
    <p class='ocr_par' dir='ltr' id='par_1_106' title="bbox 1016 2449 1806 2485">
     <span class='ocr_line' id='line_1_106' title="bbox 1016 2449 1806 2485; baseline 0.001 -8"><span class='ocrx_word' id='word_1_750' title='bbox 1016 2449 1080 2477; x_wconf 79' lang='lat' dir='ltr'><strong>ferri</strong></span> <span class='ocrx_word' id='word_1_751' title='bbox 1097 2450 1242 2484; x_wconf 60' lang='lat' dir='ltr'><strong>prtccepit:</strong></span> <span class='ocrx_word' id='word_1_752' title='bbox 1256 2454 1284 2476; x_wconf 93' lang='lat' dir='ltr'><strong>ut</strong></span> <span class='ocrx_word' id='word_1_753' title='bbox 1296 2450 1380 2482; x_wconf 88' lang='lat' dir='ltr'><strong>dicas,</strong></span> <span class='ocrx_word' id='word_1_754' title='bbox 1397 2451 1460 2485; x_wconf 76' lang='lat' dir='ltr'><strong>quia</strong></span> <span class='ocrx_word' id='word_1_755' title='bbox 1478 2450 1704 2478; x_wconf 84' lang='lat' dir='ltr'><strong>condescendens</strong></span> <span class='ocrx_word' id='word_1_756' title='bbox 1734 2451 1806 2478; x_wconf 88' lang='lat' dir='ltr'><strong>sicut</strong></span> 
     </span>
    </p>
   </div>
   <div class='ocr_carea' id='block_1_107' title="bbox 1016 2494 1806 2536">
    <p class='ocr_par' dir='ltr' id='par_1_107' title="bbox 1016 2494 1806 2536">
     <span class='ocr_line' id='line_1_107' title="bbox 1016 2494 1806 2536; baseline 0.003 -15"><span class='ocrx_word' id='word_1_757' title='bbox 1016 2494 1141 2527; x_wconf 86' lang='lat' dir='ltr'><strong>inlirmis,</strong></span> <span class='ocrx_word' id='word_1_758' title='bbox 1158 2496 1200 2523; x_wconf 88' lang='lat' dir='ltr'><strong>his</strong></span> <span class='ocrx_word' id='word_1_759' title='bbox 1211 2496 1258 2530; x_wconf 91' lang='lat' dir='ltr'><strong>qui</strong></span> <span class='ocrx_word' id='word_1_760' title='bbox 1269 2495 1355 2530; x_wconf 75' lang='lat' dir='ltr'><strong>legem</strong></span> <span class='ocrx_word' id='word_1_761' title='bbox 1368 2496 1548 2530; x_wconf 86' lang='lat' dir='ltr'><strong>accipiebant,</strong></span> <span class='ocrx_word' id='word_1_762' title='bbox 1573 2504 1627 2522; x_wconf 92' lang='lat' dir='ltr'><strong>non</strong></span> <span class='ocrx_word' id='word_1_763' title='bbox 1658 2495 1806 2536; x_wconf 60' lang='lat' dir='ltr'><strong>perfectam</strong></span> 
     </span>
    </p>
   </div>
   <div class='ocr_carea' id='block_1_108' title="bbox 1015 2541 1807 2576">
    <p class='ocr_par' dir='ltr' id='par_1_108' title="bbox 1015 2541 1807 2576">
     <span class='ocr_line' id='line_1_108' title="bbox 1015 2541 1807 2576; baseline 0 -8"><span class='ocrx_word' id='word_1_764' title='bbox 1015 2541 1189 2575; x_wconf 84' lang='lat' dir='ltr'><strong>oblationem,</strong></span> <span class='ocrx_word' id='word_1_765' title='bbox 1209 2542 1398 2576; x_wconf 73' lang='lat' dir='ltr'><strong>imperfectum</strong></span> <span class='ocrx_word' id='word_1_766' title='bbox 1414 2546 1456 2568; x_wconf 83' lang='lat' dir='ltr'><strong>est</strong></span> <span class='ocrx_word' id='word_1_767' title='bbox 1483 2542 1583 2576; x_wconf 87' lang='lat' dir='ltr'><strong>quippe</strong></span> <span class='ocrx_word' id='word_1_768' title='bbox 1600 2542 1752 2572; x_wconf 72' lang='lat' dir='ltr'><strong>dimidium.</strong></span> <span class='ocrx_word' id='word_1_769' title='bbox 1766 2542 1807 2568; x_wconf 73' lang='lat' dir='ltr'><strong>ol-</strong></span> 
     </span>
    </p>
   </div>
   <div class='ocr_carea' id='block_1_109' title="bbox 1016 2587 1807 2623">
    <p class='ocr_par' dir='ltr' id='par_1_109' title="bbox 1016 2587 1807 2623">
     <span class='ocr_line' id='line_1_109' title="bbox 1016 2587 1807 2623; baseline -0.001 -8"><span class='ocrx_word' id='word_1_770' title='bbox 1016 2589 1081 2616; x_wconf 87' lang='lat' dir='ltr'><strong>l&#39;erri</strong></span> <span class='ocrx_word' id='word_1_771' title='bbox 1091 2588 1231 2623; x_wconf 71' lang='lat' dir='ltr'><strong>prmcrpit,</strong></span> <span class='ocrx_word' id='word_1_772' title='bbox 1250 2588 1322 2622; x_wconf 89' lang='lat' dir='ltr'><strong>quod</strong></span> <span class='ocrx_word' id='word_1_773' title='bbox 1333 2592 1454 2615; x_wconf 86' lang='lat' dir='ltr'><strong>sanctam</strong></span> <span class='ocrx_word' id='word_1_774' title='bbox 1467 2587 1652 2615; x_wconf 82' lang='lat' dir='ltr'><strong>didracbmain</strong></span> <span class='ocrx_word' id='word_1_775' title='bbox 1664 2587 1690 2614; x_wconf 95' lang='lat' dir='ltr'><strong>in</strong></span> <span class='ocrx_word' id='word_1_776' title='bbox 1706 2587 1748 2614; x_wconf 85' lang='lat' dir='ltr'><strong>bis</strong></span> <span class='ocrx_word' id='word_1_777' title='bbox 1758 2588 1807 2614; x_wconf 89' lang='lat' dir='ltr'><strong>de-</strong></span> 
     </span>
    </p>
   </div>
   <div class='ocr_carea' id='block_1_110' title="bbox 1017 2634 1806 2671">
    <p class='ocr_par' dir='ltr' id='par_1_110' title="bbox 1017 2634 1806 2671">
     <span class='ocr_line' id='line_1_110' title="bbox 1017 2634 1806 2671; baseline -0.001 -9"><span class='ocrx_word' id='word_1_778' title='bbox 1017 2644 1073 2663; x_wconf 83' lang='lat' dir='ltr'><strong>cent</strong></span> <span class='ocrx_word' id='word_1_779' title='bbox 1086 2635 1244 2667; x_wconf 86' lang='lat' dir='ltr'><strong>cstobolus,</strong></span> <span class='ocrx_word' id='word_1_780' title='bbox 1263 2636 1288 2662; x_wconf 91' lang='lat' dir='ltr'><strong>id</strong></span> <span class='ocrx_word' id='word_1_781' title='bbox 1305 2640 1356 2667; x_wconf 84' lang='lat' dir='ltr'><strong>est,</strong></span> <span class='ocrx_word' id='word_1_782' title='bbox 1369 2635 1396 2662; x_wconf 91' lang='lat' dir='ltr'><strong>in</strong></span> <span class='ocrx_word' id='word_1_783' title='bbox 1409 2635 1513 2671; x_wconf 82' lang='lat' dir='ltr'><strong>viginti.</strong></span> <span class='ocrx_word' id='word_1_784' title='bbox 1529 2636 1584 2663; x_wconf 83' lang='lat' dir='ltr'><strong>Lex</strong></span> <span class='ocrx_word' id='word_1_785' title='bbox 1608 2635 1680 2662; x_wconf 87' lang='lat' dir='ltr'><strong>enim</strong></span> <span class='ocrx_word' id='word_1_786' title='bbox 1705 2634 1746 2661; x_wconf 67' lang='lat' dir='ltr'><strong>bis</strong></span> <span class='ocrx_word' id='word_1_787' title='bbox 1758 2635 1806 2661; x_wconf 81' lang='lat' dir='ltr'><strong>de-</strong></span> 
     </span>
    </p>
   </div>
   <div class='ocr_carea' id='block_1_111' title="bbox 1017 2679 1804 2716">
    <p class='ocr_par' dir='ltr' id='par_1_111' title="bbox 1017 2679 1804 2716">
     <span class='ocr_line' id='line_1_111' title="bbox 1017 2679 1804 2716; baseline -0.004 -8"><span class='ocrx_word' id='word_1_788' title='bbox 1017 2689 1074 2708; x_wconf 81' lang='lat' dir='ltr'><strong>cem</strong></span> <span class='ocrx_word' id='word_1_789' title='bbox 1100 2681 1225 2708; x_wconf 84' lang='lat' dir='ltr'><strong>mandata</strong></span> <span class='ocrx_word' id='word_1_790' title='bbox 1250 2681 1341 2713; x_wconf 77' lang='lat' dir='ltr'><strong>liabet,</strong></span> <span class='ocrx_word' id='word_1_791' title='bbox 1372 2681 1484 2716; x_wconf 80' lang='lat' dir='ltr'><strong>exigens</strong></span> <span class='ocrx_word' id='word_1_792' title='bbox 1498 2688 1529 2708; x_wconf 86' lang='lat' dir='ltr'><strong>ea</strong></span> <span class='ocrx_word' id='word_1_793' title='bbox 1551 2680 1696 2715; x_wconf 86' lang='lat' dir='ltr'><strong>duplicari,</strong></span> <span class='ocrx_word' id='word_1_794' title='bbox 1713 2679 1738 2705; x_wconf 91' lang='lat' dir='ltr'><strong>id</strong></span> <span class='ocrx_word' id='word_1_795' title='bbox 1753 2684 1804 2711; x_wconf 78' lang='lat' dir='ltr'><strong>est,</strong></span> 
     </span>
    </p>
   </div>
   <div class='ocr_carea' id='block_1_112' title="bbox 1017 2725 1804 2761">
    <p class='ocr_par' dir='ltr' id='par_1_112' title="bbox 1017 2725 1804 2761">
     <span class='ocr_line' id='line_1_112' title="bbox 1017 2725 1804 2761; baseline -0.003 -8"><span class='ocrx_word' id='word_1_796' title='bbox 1017 2727 1167 2754; x_wconf 87' lang='lat' dir='ltr'><strong>sccundttm</strong></span> <span class='ocrx_word' id='word_1_797' title='bbox 1183 2727 1312 2758; x_wconf 89' lang='lat' dir='ltr'><strong>litteram,</strong></span> <span class='ocrx_word' id='word_1_798' title='bbox 1322 2730 1349 2753; x_wconf 90' lang='lat' dir='ltr'><strong>ct</strong></span> <span class='ocrx_word' id='word_1_799' title='bbox 1359 2726 1509 2753; x_wconf 81' lang='lat' dir='ltr'><strong>secundum</strong></span> <span class='ocrx_word' id='word_1_800' title='bbox 1524 2726 1649 2761; x_wconf 86' lang='lat' dir='ltr'><strong>spiritum</strong></span> <span class='ocrx_word' id='word_1_801' title='bbox 1661 2725 1804 2753; x_wconf 83' lang='lat' dir='ltr'><strong>custodiri.</strong></span> 
     </span>
    </p>
   </div>
   <div class='ocr_carea' id='block_1_113' title="bbox 1016 2771 1806 2806">
    <p class='ocr_par' dir='ltr' id='par_1_113' title="bbox 1016 2771 1806 2806">
     <span class='ocr_line' id='line_1_113' title="bbox 1016 2771 1806 2806; baseline -0.005 -7"><span class='ocrx_word' id='word_1_802' title='bbox 1016 2772 1071 2799; x_wconf 88' lang='lat' dir='ltr'><strong>Illis</strong></span> <span class='ocrx_word' id='word_1_803' title='bbox 1082 2776 1184 2805; x_wconf 87' lang='lat' dir='ltr'><strong>autem,</strong></span> <span class='ocrx_word' id='word_1_804' title='bbox 1201 2776 1230 2798; x_wconf 90' lang='lat' dir='ltr'><strong>ttt</strong></span> <span class='ocrx_word' id='word_1_805' title='bbox 1243 2775 1334 2798; x_wconf 84' lang='lat' dir='ltr'><strong>mente</strong></span> <span class='ocrx_word' id='word_1_806' title='bbox 1350 2771 1529 2806; x_wconf 80' lang='lat' dir='ltr'><strong>pauperibus,</strong></span> <span class='ocrx_word' id='word_1_807' title='bbox 1546 2771 1710 2801; x_wconf 76' lang='lat' dir='ltr'><strong>suﬁieicbat,</strong></span> <span class='ocrx_word' id='word_1_808' title='bbox 1721 2774 1746 2796; x_wconf 84' lang='lat' dir='ltr'><strong>et</strong></span> <span class='ocrx_word' id='word_1_809' title='bbox 1761 2777 1806 2796; x_wconf 84' lang='lat' dir='ltr'><strong>so-</strong></span> 
     </span>
    </p>
   </div>
   <div class='ocr_carea' id='block_1_114' title="bbox 210 2858 962 2895">
    <p class='ocr_par' dir='ltr' id='par_1_114' title="bbox 210 2860 962 2895">
     <span class='ocr_line' id='line_1_114' title="bbox 210 2860 962 2895; baseline -0.001 -6"><span class='ocrx_word' id='word_1_810' title='bbox 210 2862 232 2879; x_wconf 83' lang='grc'>¹¹</span> <span class='ocrx_word' id='word_1_811' title='bbox 245 2862 286 2889; x_wconf 83' lang='lat' dir='ltr'><strong>isa</strong></span> <span class='ocrx_word' id='word_1_812' title='bbox 314 2869 395 2895; x_wconf 68' lang='lat' dir='ltr'><strong>tum,</strong></span> <span class='ocrx_word' id='word_1_813' title='bbox 414 2862 440 2894; x_wconf 78' lang='grc'><strong>4,</strong></span> <span class='ocrx_word' id='word_1_814' title='bbox 460 2861 485 2888; x_wconf 79' lang='lat'><strong>5.</strong></span> <span class='ocrx_word' id='word_1_815' title='bbox 527 2861 548 2876; x_wconf 89' lang='lat'>”</span> <span class='ocrx_word' id='word_1_816' title='bbox 563 2860 634 2888; x_wconf 81' lang='lat' dir='ltr'><strong>Psal.</strong></span> <span class='ocrx_word' id='word_1_817' title='bbox 652 2869 764 2893; x_wconf 85' lang='lat' dir='ltr'><strong>t.xxxni,</strong></span> <span class='ocrx_word' id='word_1_818' title='bbox 787 2862 811 2889; x_wconf 87' lang='lat'><strong>8.</strong></span> <span class='ocrx_word' id='word_1_819' title='bbox 853 2861 874 2877; x_wconf 77' lang='grc'><strong>’³</strong></span> <span class='ocrx_word' id='word_1_820' title='bbox 890 2861 962 2888; x_wconf 73' lang='lat' dir='ltr'><strong>Mala</strong></span> 
     </span>
    </p>
   </div>
   <div class='ocr_carea' id='block_1_115' title="bbox 1014 2858 1805 2895">
    <p class='ocr_par' dir='ltr' id='par_1_115' title="bbox 1024 2858 1805 2895">
     <span class='ocr_line' id='line_1_115' title="bbox 1024 2858 1805 2895; baseline -0.003 -7"><span class='ocrx_word' id='word_1_821' title='bbox 1024 2869 1064 2895; x_wconf 87' lang='lat' dir='ltr'><strong>ut,</strong></span> <span class='ocrx_word' id='word_1_822' title='bbox 1082 2861 1106 2888; x_wconf 89' lang='grc' dir='ltr'><strong>Ι.</strong></span> <span class='ocrx_word' id='word_1_823' title='bbox 1147 2861 1168 2876; x_wconf 68' lang='grc'><strong>’⁵</strong></span> <span class='ocrx_word' id='word_1_824' title='bbox 1181 2860 1249 2888; x_wconf 82' lang='lat' dir='ltr'><strong>Psai.</strong></span> <span class='ocrx_word' id='word_1_825' title='bbox 1264 2869 1334 2894; x_wconf 80' lang='lat' dir='ltr'><strong>thv,</strong></span> <span class='ocrx_word' id='word_1_826' title='bbox 1351 2862 1376 2887; x_wconf 78' lang='grc'><strong>5.</strong></span> <span class='ocrx_word' id='word_1_827' title='bbox 1421 2862 1441 2877; x_wconf 77' lang='grc'><strong>’⁵</strong></span> <span class='ocrx_word' id='word_1_828' title='bbox 1459 2861 1526 2888; x_wconf 75' lang='lat' dir='ltr'><strong>Psal.</strong></span> <span class='ocrx_word' id='word_1_829' title='bbox 1544 2868 1584 2888; x_wconf 74' lang='lat' dir='ltr'><strong>LXI</strong></span> <span class='ocrx_word' id='word_1_830' title='bbox 1597 2881 1604 2893; x_wconf 91' lang='lat'><strong>,</strong></span> <span class='ocrx_word' id='word_1_831' title='bbox 1619 2861 1644 2888; x_wconf 75' lang='grc'><strong>1),</strong></span> <span class='ocrx_word' id='word_1_832' title='bbox 1688 2860 1706 2876; x_wconf 74' lang='grc'><strong>·⁶</strong></span> <span class='ocrx_word' id='word_1_833' title='bbox 1718 2858 1805 2888; x_wconf 78' lang='lat' dir='ltr'><strong>Exod.</strong></span> 
     </span>
    </p>
   </div>
   <div class='ocr_carea' id='block_1_116' title="bbox 174 2899 299 2929">
    <p class='ocr_par' dir='ltr' id='par_1_116' title="bbox 174 2899 299 2929">
     <span class='ocr_line' id='line_1_116' title="bbox 174 2899 299 2929; baseline -0.008 -4"><span class='ocrx_word' id='word_1_834' title='bbox 174 2903 239 2929; x_wconf 73' lang='lat' dir='ltr'><strong>‘nx,</strong></span> <span class='ocrx_word' id='word_1_835' title='bbox 255 2899 299 2925; x_wconf 74' lang='lat' dir='ltr'><strong>i2.</strong></span> 
     </span>
    </p>
   </div>
  </div>
