2056 3148
237 177 304 210 1159

832 171 1011 203 ΗΕδΥΕΗΙῙ
1041 169 1277 201 PRESBYTERl

1804 156 1874 190 1160

237 239 291 265 lam
306 238 425 265 litteram
441 234 591 265 custodire,
606 237 718 268 propter
730 231 915 259 inﬁrmitatem
928 237 1023 257 suam:
1042 231 1061 258 Α
1079 228 1217 254 tellectum
1245 226 1407 261 perfectum,
1433 228 1457 250 et
1483 223 1682 254 fortitudinem,
1702 226 1731 249 et
1754 220 1874 268 ﬁliorum

237 289 265 311 et
280 285 375 311 decem
407 281 596 308 mandatorum
619 280 719 307 offerre
743 280 839 305 saltem
862 277 1028 305 scnsibilitcr

238 329 425 364 impletionem
453 331 534 361 atque
550 325 696 356 actionem,
707 332 754 359 per
770 331 850 358 quam
862 331 938 350 suam
948 323 1028 349 etiam

238 375 353 402 liberare
363 373 483 400 animam
500 372 533 398 de
548 375 721 406 peccatorum
741 369 872 396 servitttte
891 368 1029 395 sensibilis

239 419 358 446 Israelita
369 419 485 452 poterat;
496 417 524 444 Si
539 418 600 452 quis
612 424 676 451 ergo
687 424 701 442 a
723 415 855 442 vicesimo
878 421 951 440 anno
976 417 1028 444 est,

239 466 266 493 id
285 469 335 496 est,
349 465 445 499 pubes,
463 464 550 494 fortis,
579 462 694 494 validus,
715 461 853 488 sufficiens
867 467 962 486 omnes
972 459 1030 485 vir-

241 515 312 538 tutes
325 511 444 545 operari.
457 514 483 537 et
495 509 630 544 subjicere
643 507 825 542 intelligibiles
839 506 963 533 inimicos
973 512 1031 532 om-

240 558 322 584 nibus
336 556 500 587 actionibus,
512 559 539 582 et
554 554 683 589 operibus
696 563 701 580 :
715 561 730 580 a
745 553 836 588 viginti
850 552 923 578 enim
939 550 1029 582 annis,

240 609 267 631 et
279 611 372 638 supra.
389 602 469 628 lsrael
485 601 546 627 vide
559 600 623 635 quid
639 600 672 627 de
684 599 735 626 hac
745 603 824 626 artatc
840 597 958 624 diccbat.

277 648 369 675 Omnis
383 647 514 673 masculus
527 655 543 672 a
559 646 652 680 viginti
666 645 743 671 annis
775 649 798 671 ct
822 652 914 677 supra.
929 642 1031 669 Omnes

240 695 285 730 qui
300 693 438 721 ambulant
451 693 478 719 in
494 692 593 719 virtute
607 700 613 718 :
631 699 680 718 sua
694 690 845 718 fortitudini
860 689 977 715 maxime
991 688 1033 715 Itis

241 741 287 775 qui
302 739 366 766 illud
383 744 465 773 agunt
479 743 597 771 tetttpus,
616 738 643 763 in
671 735 810 772 praedictis
843 733 1032 762 testimonium

241 786 358 821 praebuit
375 784 476 815 verbis,
494 783 531 810 ita
547 787 641 817 utpote
657 782 708 809 hac
720 786 810 813 astate,
827 787 973 808 excurrere
984 787 1032 806 va-

241 833 352 863 lentetn,
366 835 394 858 et
411 837 486 857 artua
509 833 628 864 portare,
645 828 815 862 tnuttumque
831 827 976 854 habentem
1004 826 1031 853 in

241 877 346 913 agendo
375 876 510 903 fervorem
529 874 716 908 caloremque,
740 873 822 908 hujus
857 872 987 907 pretium,
1006 871 1032 898 id

240 928 293 955 est,
308 921 480 950 conversatio
514 925 541 948 et
563 920 627 953 vita,
641 919 795 952 retributio,
814 927 894 952 quam
923 926 973 953 pro
990 926 1032 945 se-

241 968 358 1003 metipso
375 967 430 994 Deo
445 965 536 998 otlcrt,
550 971 578 993 et
593 965 740 1000 promittit,
753 964 950 998 quinquaginta
960 962 1031 994 sieli,

241 1014 299 1042 sive
317 1012 456 1040 drachma:
470 1016 544 1038 sunt.
558 1010 818 1045 Quinquagcnarius
833 1009 906 1035 cnim
934 1015 1032 1035 nume-

242 1068 290 1087 rus
300 1059 453 1094 spiritalem
470 1057 568 1092 ﬁgurat
584 1057 678 1088 vitam,
714 1056 778 1090 quia
805 1055 833 1082 in
865 1054 1033 1089 quinquage-

242 1106 314 1133 simo
343 1105 386 1132 die
427 1104 513 1131 sancti
546 1103 666 1138 Spiritus
697 1102 830 1128 adventus
865 1100 954 1127 factus
981 1103 1032 1125 cst.

244 1151 299 1178 Sed
315 1151 342 1177 in
362 1157 435 1177 anno
453 1148 680 1184 quinquagesimo
696 1146 823 1173 liberatio
837 1145 866 1173 ﬁt
880 1145 970 1172 onmis
984 1144 1034 1171 de-

243 1199 305 1231 biti,
320 1202 349 1224 et
366 1201 447 1224 terra:
459 1194 608 1226 restitutio,
626 1192 798 1226 multaquein
808 1199 841 1218 eo
850 1191 901 1218 alia
908 1191 977 1217 bona
986 1190 1036 1217 Ju-

243 1244 309 1271 daais
323 1251 372 1277 per
387 1242 473 1277 legem
491 1239 621 1274 disposita
635 1242 709 1265 sunt.
727 1236 927 1271 Quinquaginta
944 1240 1035 1262 autent

244 1290 282 1316 ait
305 1288 398 1320 siclos,
418 1287 460 1313 vel
483 1285 675 1316 didrachmas,
706 1288 736 1310 ut
761 1283 858 1309 iterum
885 1282 1037 1316 duplicaret

245 1331 452 1368 quinquaginta,
465 1334 493 1356 et
507 1333 618 1356 centum
633 1327 899 1360 diceretdrachmas,
918 1326 1036 1353 fructum

246 1380 321 1406 illum
338 1377 490 1412 perfectum
509 1375 630 1410 signans,
648 1374 727 1401 istaut
750 1374 844 1400 dicens
862 1373 960 1400 bonam
981 1376 1038 1398 ter-

247 1433 304 1452 ram
321 1422 496 1454 fructiﬁcare,
511 1429 652 1456 exponens
668 1421 803 1448 seminum
826 1419 993 1455 parabolam,
1011 1418 1038 1444 in

247 1470 367 1506 triginta,
382 1474 410 1496 et
425 1469 575 1504 sexaginta,
587 1472 614 1494 ct
627 1472 738 1494 centum
749 1465 846 1494 dividit
860 1475 866 1492 :
879 1465 952 1492 hunc
965 1464 1038 1492 enim

247 1523 394 1543 numerum
422 1515 513 1542 nullus
542 1513 683 1541 hominum
713 1516 804 1548 potest
833 1511 1037 1538 transcendere.

248 1563 365 1590 Centum
385 1566 477 1589 autem
492 1561 631 1588 drachma:
652 1567 747 1586 rursus
764 1558 924 1593 dccuplatre,
943 1557 1040 1584 obolus

250 1609 322 1635 enim
350 1608 445 1635 decem
473 1607 634 1638 drachmas,
658 1605 886 1641 quemadmodum
911 1603 1039 1633 diximus,

250 1654 342 1683 habet.
363 1653 545 1679 millenarium
561 1659 705 1678 numerum
717 1650 875 1686 perﬁciunt,
893 1649 920 1676 in
932 1657 985 1684 quo
999 1653 1041 1675 est

251 1706 306 1725 non
327 1697 455 1732 quietibct
477 1696 617 1731 perfectio,
640 1696 687 1722 sed
709 1695 872 1726 cretestium,
891 1695 916 1722 id
937 1699 979 1721 est
998 1694 1041 1720 in-

251 1748 528 1776 corporeorutu,,qu:e
540 1744 582 1766 est
594 1739 712 1772 illorum,
725 1740 770 1774 qui
783 1739 977 1766 habitationem
995 1746 1042 1765 su-

251 1794 300 1821 per
312 1794 361 1813 nos
373 1785 462 1813 sortiti
475 1789 549 1817 sunt,
561 1793 621 1819 qua:
632 1789 674 1812 est
687 1785 876 1812 excedentium
890 1784 1042 1819 corruptio-

252 1838 326 1864 netn,
351 1835 378 1857 et
406 1830 632 1864 consequentium
661 1830 905 1864 incorruptionem,
931 1835 1042 1864 propter

251 1876 324 1911 qttod
353 1875 399 1903 Dei
425 1875 536 1910 spiritus
562 1875 588 1902 in
608 1875 728 1902 Canticis
749 1875 968 1902 tliccbat:l’ittea
992 1876 1041 1911 fuit

251 1921 379 1955 paciﬁca,
404 1921 431 1947 ia
457 1928 487 1946 ea
514 1929 572 1955 qua:
596 1920 673 1946 lmbct
697 1922 814 1955 papillas.
841 1920 958 1946 Tradidit
983 1929 1042 1947 eam

252 1967 413 1999 custodibus,
431 1967 471 1993 vir
483 1967 558 2001 a/fcrt
574 1967 688 2002 fructum
704 1967 760 2000 ejus
774 1966 844 1992 ntille
859 1971 995 2001 argenteos
1009 1966 1041 1993 ‘7.

253 2013 319 2046 Quis
340 2013 380 2039 vir
409 2012 509 2047 (neque
525 2011 598 2038 cnitn
613 2019 708 2038 omnes
728 2011 800 2038 hunc
814 2011 913 2038 oll’errc
928 2015 1043 2045 possunt

254 2059 441 2092 frttctum),ex
466 2057 643 2092 sequentibus
665 2057 748 2084 disce.
769 2056 840 2084 Mille
865 2056 902 2083 tui
927 2056 1041 2091 paciﬁci,

253 2110 281 2132 et
295 2105 405 2131 ducenti
423 2104 466 2131 his
480 2104 526 2138 qui
543 2104 702 2130 custodiunt
716 2103 820 2130 fructus
835 2103 904 2138 ejus.
919 2102 990 2129 Mille
1005 2102 1041 2129 tui

254 2148 369 2184 paciﬁci,
380 2149 405 2175 id
416 2154 457 2175 est
467 2148 595 2176 Salomon
607 2158 613 2175 ε
625 2149 753 2176 Salomon
765 2154 856 2176 autem
866 2148 1042 2183 intelligibilis

253 2193 380 2219 Christus
396 2198 447 2224 est,
465 2193 526 2227 quia
549 2193 677 2220 Salomon
692 2193 818 2228 paci/ictis
836 2193 1040 2228 interpretatur.

1050 909 1068 935 ll

1054 1575 1075 1604 C

1081 271 1299 306 procreationem
1316 270 1407 301 habet,
1425 273 1454 296 ut
1475 277 1508 296 ex
1530 267 1706 295 sensibilibus
1725 274 1777 293 nos
1792 265 1876 292 intel-

1081 317 1192 352 ligibilia
1209 317 1369 352 cogitemus.
1392 315 1460 351 Ergo
1479 316 1524 350 qui
1545 314 1713 341 intellectum
1736 316 1875 339 maturum

1081 363 1280 398 ekpcrfectum
1306 361 1398 392 habet.
1416 366 1443 388 et
1468 359 1666 392 fortitudinem,
1684 362 1715 385 ut
1736 357 1809 392 quod
1831 356 1875 383 in-

1082 407 1185 434 tellexit
1210 412 1280 442 agat,
1304 407 1349 433 hic
1373 406 1443 433 ﬁlios
1469 412 1628 439 comparare,
1651 404 1719 430 alios
1742 402 1807 434 Deo,
1826 410 1877 438 per

1081 462 1158 480 suam
1186 452 1441 484 conversationem,
1466 451 1508 478 vel
1535 450 1686 477 doctrinam
1713 449 1876 483 itnpcndens

1082 504 1182 533 potest.
1214 498 1301 533 llnjus
1329 498 1446 532 pretium
1481 496 1579 523 animo:
1608 495 1806 529 quinquaginta
1833 494 1877 521 di-

1082 546 1219 572 drachmae
1235 544 1372 579 perfectus
1392 543 1496 570 fructus
1514 545 1566 572 est,
1588 546 1615 568 et
1634 541 1810 576 perfectionis
1827 548 1876 567 co-

1083 598 1161 623 rona,
1177 598 1238 624 quae
1260 594 1287 617 et
1309 588 1467 623 martyrium
1484 586 1594 615 habebit
1614 590 1642 613 et
1663 593 1753 612 rerum
1775 586 1875 620 despe-

1083 640 1167 664 ctum.
1184 639 1212 662 ct
1234 642 1342 661 omnem
1365 633 1437 660 illam
1459 631 1665 667 perfectionem,
1680 638 1761 666 quam
1783 630 1876 657 Domi-

1082 691 1135 709 nus
1148 681 1257 709 dicebat
1267 690 1273 708 :
1285 681 1367 707 Erilis
1381 679 1499 714 perfecti,
1514 678 1580 704 sicut
1597 682 1621 704 et
1636 677 1718 704 Pater
1730 681 1813 704 tester
1827 685 1878 703 ctr-

1083 727 1153 753 festis
1173 727 1302 761 perfectus
1318 730 1354 752 est
1370 725 1403 752 '°.
1422 724 1479 751 lloc
1502 728 1592 750 autem
1610 723 1719 758 quando
1739 723 1878 749 masculus

1083 772 1183 803 fuerit,
1207 772 1232 799 id
1258 776 1310 803 est,
1327 770 1437 806 quando
1464 776 1573 803 semper
1600 767 1679 795 fortis
1702 768 1779 794 :boc
1803 767 1876 794 enim

1083 821 1128 846 hic
1146 819 1295 846 masculum
1320 818 1396 845 dicit.
1420 816 1539 844 Femina:
1562 820 1653 842 atttem
1679 815 1733 842 erit
1755 815 1878 841 aestima-

1085 866 1133 898 tio,
1152 865 1261 900 triginta
1283 864 1352 896 sieli,
1367 863 1424 890 sive
1448 862 1626 894 didrachmcc,
1649 864 1679 887 ut
1703 861 1758 887 sint
1780 859 1878 886 drach-

1085 918 1135 938 ma:
1163 911 1321 945 sexaginta,
1353 908 1472 936 fructutn
1503 906 1630 933 videlicet
1657 905 1877 940 sexagenarium.

1084 963 1211 992 magnum
1245 955 1355 990 quidem
1381 958 1408 980 ct
1432 954 1539 988 ipsum,
1569 952 1616 979 scd
1639 951 1797 978 centenario
1825 950 1878 977 mi-

1084 1011 1135 1030 nor
1157 1007 1208 1034 est,
1230 1006 1342 1036 propter
1368 1000 1440 1035 quod
1463 1003 1490 1026 et
1513 999 1621 1025 femina:
1645 997 1795 1024 introduxit
1816 1004 1879 1031 per-

1085 1057 1189 1078 sonant.
1209 1056 1270 1082 quze
1292 1047 1381 1074 minor
1401 1050 1442 1073 est
1462 1053 1477 1072 a
1493 1045 1575 1072 virili.
1596 1044 1667 1079 Ergo
1688 1047 1715 1070 et
1737 1043 1877 1074 mulieres,

1085 1094 1194 1129 quando
1214 1093 1247 1120 ad
1270 1096 1425 1119 mensuram
1449 1098 1583 1118 summam
1611 1089 1795 1124 pervenerint,
1814 1097 1879 1124 pro-

1086 1141 1218 1174 fectmquc
1240 1139 1341 1166 fuerint
1367 1140 1400 1165 ad
1425 1137 1631 1172 perfectionem,
1656 1136 1740 1163 fortes
1763 1139 1881 1170 possunt

1086 1185 1228 1221 appellari,
1247 1189 1340 1220 utpote
1356 1192 1415 1219 quae
1432 1192 1509 1211 suam
1530 1189 1693 1218 trangressat
1714 1186 1778 1210 sunt
1801 1181 1880 1208 inﬁr-

1087 1232 1222 1263 mitatetn,
1245 1231 1481 1264 intentionemque
1503 1229 1673 1256 fortitudinis
1695 1233 1880 1260 resumentcs,

1087 1281 1199 1311 propter
1214 1276 1286 1311 quod
1299 1280 1326 1302 et
1342 1276 1455 1310 spiritus
1470 1274 1516 1301 Dei
1536 1274 1563 1301 in
1582 1274 1737 1301 Proverbiis
1750 1274 1858 1301 dicebat
1871 1283 1878 1300 :

1087 1323 1223 1350 Mulierem
1250 1324 1342 1358 fortem
1366 1322 1424 1356 quis
1445 1322 1557 1348 inveniet
1571 1321 1614 1348 "'2
1631 1320 1680 1350 Cui
1702 1328 1767 1356 ergo
1788 1327 1881 1347 rerum

1088 1369 1234 1404 despectus
1257 1367 1352 1395 deest?
1370 1368 1427 1394 Alia
1454 1371 1546 1394 autem
1565 1367 1602 1394 ait
1619 1366 1750 1402 perfecte,
1769 1374 1830 1401 qua:
1847 1365 1882 1393 de

1089 1415 1210 1443 onmium
1236 1422 1327 1441 rerutn
1353 1413 1524 1441 continentia
1543 1413 1586 1440 lex
1601 1412 1739 1448 corrigere
1753 1412 1842 1447 jubet,
1855 1412 1881 1439 ei

1090 1461 1134 1497 qui
1151 1461 1302 1489 secundum
1319 1468 1379 1487 eam
1401 1459 1478 1486 vivit.
1498 1459 1584 1494 llujus
1603 1459 1748 1486 aestimatio
1771 1463 1817 1486 est‘
1837 1458 1884 1485 tri-

1091 1508 1163 1543 ginta
1189 1507 1258 1539 sieli,
1282 1507 1339 1534 sive
1366 1506 1543 1538 didrachnue,
1565 1505 1591 1533 id
1621 1510 1662 1532 est
1688 1505 1882 1541 sexagenarius

1092 1553 1206 1583 fructus.
1226 1560 1306 1587 quem
1332 1557 1360 1579 et
1384 1551 1484 1578 Paulus
1506 1551 1625 1587 ﬁgurans
1649 1551 1778 1578 dicebat:
1798 1551 1882 1578 Vidua

1093 1598 1208 1633 eligatur
1224 1605 1276 1624 non
1291 1597 1378 1624 minor
1393 1597 1530 1632 sexaginta
1547 1605 1679 1623 annorum
1690 1597 1713 1611 "
1731 1607 1737 1623 :
1753 1604 1801 1631 per
1815 1600 1883 1624 teta-

1092 1647 1146 1670 tem
1175 1650 1374 1676 numerumque
1406 1649 1539 1669 annorum
1566 1641 1742 1669 manifestare
1772 1641 1882 1674 volens,

1092 1697 1160 1724 quas
1181 1689 1297 1716 virtutes
1324 1693 1351 1716 ct
1377 1688 1500 1715 actiones
1519 1687 1650 1715 exhibere
1677 1687 1775 1715 debeat
1791 1688 1883 1720 vidua,

1093 1745 1152 1771 qua:
1177 1744 1191 1762 a
1215 1734 1268 1762 Deo
1282 1735 1389 1770 legitur,
1412 1742 1472 1769 qua:
1488 1735 1515 1761 in
1531 1734 1630 1762 divinis
1646 1734 1773 1761 scribitur
1783 1734 1883 1768 Libris,

1093 1785 1120 1808 et
1133 1789 1193 1816 qme
1209 1785 1298 1814 potest
1314 1780 1340 1806 in
1356 1788 1471 1807 numero
1483 1779 1633 1807 Jerusalem
1646 1781 1763 1807 ccelestis
1773 1781 1883 1816 degere.

1092 1827 1207 1861 Propter
1219 1826 1290 1860 quod
1310 1830 1338 1852 ct
1354 1826 1484 1858 subdidit,
1504 1826 1648 1853 insinuans
1663 1827 1735 1861 quod
1749 1835 1804 1853 non
1823 1832 1884 1854 tan-

1093 1878 1150 1900 tutn
1164 1873 1235 1899 cide
1248 1877 1338 1904 aatatc,
1353 1877 1400 1899 aut
1422 1872 1512 1905 annis,
1534 1876 1666 1907 quantttm
1686 1872 1720 1899 de
1739 1873 1886 1900 virtutibus

1092 1925 1153 1952 qmc
1174 1925 1224 1952 per
1248 1917 1305 1944 hmc
1329 1917 1529 1952 signiﬁcantur,
1547 1925 1612 1944 cura
1632 1921 1691 1944 erat
1708 1926 1713 1943 :
1733 1917 1817 1944 Unius
1834 1918 1885 1944 viri

1093 1972 1159 1990 uxor
1173 1972 1182 1990 :
1199 1965 1222 1990 si
1237 1963 1305 1998 ﬁlios
1318 1963 1449 1996 educavit,
1468 1964 1491 1990 si
1507 1963 1620 1997 hospitio
1635 1971 1762 1998 pauperes
1779 1964 1885 1998 recepit,

1092 2011 1115 2037 si
1129 2014 1279 2038 sanctorum
1294 2011 1370 2044 pedes
1384 2009 1460 2041 lavit,
1477 2010 1499 2036 si
1516 2010 1712 2036 tribulationem
1725 2010 1886 2044 patientibus

1092 2056 1311 2088 subministravit,
1324 2056 1347 2082 si
1362 2064 1436 2082 omne
1453 2064 1518 2090 opus
1533 2055 1628 2082 bonum
1645 2056 1783 2082 subsecuta
1799 2061 1837 2082 est
1852 2056 1886 2083 ’³.

1095 2101 1157 2128 lltec
1179 2101 1287 2136 quidem
1305 2101 1442 2136 perfectus
1461 2106 1488 2128 et
1510 2109 1559 2136 per
1574 2102 1666 2128 omnia
1680 2107 1887 2129 consummatus

1094 2146 1185 2172 botno.
1204 2145 1269 2173 Vide
1294 2151 1385 2173 autem
1405 2151 1432 2173 et
1457 2154 1518 2174 eum
1539 2147 1582 2174 cui
1606 2147 1657 2174 hoc
1675 2147 1762 2180 deest,
1779 2147 1826 2174 sed
1845 2152 1887 2174 ta-

1094 2199 1155 2218 men
1172 2192 1206 2218 ad
1220 2191 1294 2219 illunt
1310 2191 1423 2226 provehi
1439 2192 1584 2220 desiderat.

253 2238 379 2265 Christus
400 2247 464 2274 ergo
485 2247 579 2274 pacem
599 2240 690 2275 generi
712 2240 832 2267 ltutuano
847 2240 930 2267 dedit.
952 2239 1041 2274 Ipsum
1059 2240 1079 2267 D
1130 2239 1151 2265 A
1166 2239 1258 2274 quinto
1274 2243 1363 2265 autem
1379 2247 1449 2266 anno
1464 2247 1545 2275 usqr'e
1561 2241 1596 2266 ad
1611 2240 1761 2267 vicesimum
1782 2248 1887 2268 mascu-

253 2283 333 2310 decet
345 2285 481 2319 prmcipue
494 2290 520 2311 ct
535 2286 675 2320 perfectio,
692 2289 718 2312 et
736 2293 782 2312 eos
796 2285 841 2319 qui
859 2285 1044 2312 conversatio-

254 2337 316 2357 nem
335 2330 395 2364 ejus
410 2334 559 2360 sectantur.
577 2335 603 2358 et
614 2331 764 2366 angelicum
776 2335 908 2366 peragunt
921 2339 1041 2362 cursum,

252 2376 352 2410 quibus
376 2376 545 2403 millenarius
569 2384 700 2403 ttutncrus
721 2381 814 2411 utpote
834 2376 970 2411 perfectus
994 2377 1043 2403 de—

253 2425 364 2456 putatur
382 2431 388 2448 :
408 2421 491 2448 Mil/ia
519 2422 592 2448 enim
625 2422 737 2448 millium
764 2422 949 2448 ministrabant
970 2422 994 2447 ci
1012 2421 1043 2454 ‘9,

253 2467 291 2494 ait
320 2466 428 2499 Daniel,
461 2468 525 2495 dum
557 2469 682 2496 cutlcstes
706 2468 820 2494 virtutes
845 2466 900 2494 Deo
923 2472 1043 2494 astantes

254 2517 411 2546 exponeret.
429 2513 482 2539 Sed
494 2518 520 2540 ct
538 2513 619 2540 David
633 2513 671 2540 ait
683 2523 688 2539 :
701 2513 802 2540 Mentor
813 2514 862 2548 fuit
878 2513 904 2539 in
918 2513 1042 2539 sa’culum

254 2559 402 2584 testamenti
425 2559 465 2585 sui
484 2559 530 2586 "’z
556 2559 628 2586 verbi
652 2560 724 2594 qttod
752 2559 891 2586 mandavit
917 2559 943 2585 itt
970 2559 1043 2585 mille

254 2603 455 2638 generationes,
473 2603 669 2638 perfectionem
691 2605 789 2632 divitue
811 2604 886 2640 legis,
903 2610 930 2631 et
946 2613 1041 2632 eorum

253 2648 300 2685 qui
329 2649 415 2683 legem
443 2650 647 2684 pct'cipicbattt,
677 2658 724 2684 per
752 2650 826 2678 ntillc
852 2651 1043 2686 generationes

252 2693 412 2722 ostendens.
429 2694 450 2721 A
471 2695 565 2730 viginti
589 2700 679 2722 autem
702 2696 780 2723 annis
801 2704 887 2731 usque
907 2697 940 2723 ad
963 2704 1042 2723 sexa-

253 2738 327 2774 ginta
344 2746 441 2771 annos,
459 2739 527 2766 intra
549 2739 606 2766 haec
626 2740 698 2767 enim
723 2745 854 2776 tempora,
870 2747 936 2769 retas
951 2747 977 2769 ct
999 2742 1042 2769 in-

293 2829 314 2845 "
326 2830 404 2857 (.ant.
415 2838 474 2863 vttt,
490 2830 532 2859 ll.

571 2831 591 2846 "
606 2830 672 2858 Dan.
685 2837 734 2863 v'it,
752 2830 793 2857 lt).
828 2831 848 2846 ’τ’
862 2831 932 2858 Psal.
954 2839 1006 2863 (τιγ,
1024 2831 1049 2858 8.

254 2864 279 2882 "
294 2865 357 2892 ibid.
378 2867 418 2893 lt).

1095 2285 1135 2311 lus
1158 2285 1230 2311 dabit
1252 2285 1344 2319 viginti
1363 2285 1450 2311 siclos.
1475 2284 1548 2318 Sive,
1567 2290 1595 2312 ιιι
1611 2285 1692 2318 LXX,
1707 2287 1886 2313 didrachmas.

1096 2329 1144 2357 llic
1162 2338 1225 2356 eum
1240 2330 1286 2365 qui
1303 2330 1419 2357 necdum
1437 2331 1547 2364 quidem
1568 2336 1610 2358 est
1627 2331 1775 2366 perfectus,
1791 2339 1888 2358 sensa-

1096 2380 1153 2402 tutn
1193 2380 1284 2402 tamen
1323 2376 1461 2403 hominem
1494 2376 1578 2408 dicit,
1612 2381 1640 2404 et
1672 2377 1719 2412 qui
1754 2377 1887 2412 prolicere

1095 2422 1178 2456 ctepit
1195 2431 1202 2447 :
1221 2429 1318 2448 sensus
1336 2422 1408 2448 enim
1430 2430 1477 2457 per
1497 2430 1640 2449 numerum
1659 2423 1780 2457 quinque
1797 2430 1886 2450 anno-

1096 2475 1156 2493 rum
1173 2467 1272 2498 innuit,
1286 2467 1332 2501 qui
1349 2472 1387 2493 tot.
1401 2472 1465 2494 suttt
1480 2475 1606 2494 nttntero.
1621 2468 1762 2495 Perfectus
1773 2473 1864 2495 autent
1877 2478 1884 2495 :

1095 2513 1142 2548 qui
1168 2514 1200 2540 ad
1225 2513 1397 2548 iuventutem
1425 2514 1522 2546 tendit,
1541 2519 1567 2541 et
1591 2514 1625 2541 ad
1650 2515 1853 2548 perfectiorem,
1871 2523 1887 2541 a

1095 2559 1216 2594 quinque
1233 2560 1323 2592 annis,
1339 2564 1366 2586 ct
1381 2568 1465 2595 ttsqnc
1481 2561 1514 2587 ad
1531 2561 1690 2588 vicesimum
1710 2569 1812 2588 annum
1833 2566 1886 2588 est.

1096 2605 1196 2640 Viginti
1220 2606 1293 2632 enim
1313 2614 1459 2636 annorum,
1478 2607 1550 2633 inter
1566 2606 1650 2633 f0rles
1665 2607 1747 2634 etiam
1764 2613 1886 2641 pugnare

1096 2651 1189 2678 valens
1202 2656 1361 2678 numeratus
1374 2656 1415 2678 est
1428 2660 1441 2678 a
1458 2651 1528 2686 lege,
1540 2652 1611 2679 sicut
1621 2651 1803 2678 Numerorum
1818 2651 1887 2678 liber

1096 2697 1227 2725 ostendit.
1251 2696 1338 2732 llujus
1363 2705 1428 2733 ergo
1449 2698 1566 2732 pretium
1589 2697 1682 2733 viginti
1707 2697 1886 2729 didrachmte,

1097 2742 1123 2769 id
1153 2747 1194 2770 est
1221 2743 1357 2771 dracbnue
1381 2743 1560 2779 quadraginta
1586 2744 1657 2771 oboli
1678 2743 1884 2779 quadringenti.

1090 2831 1112 2846 ‘°
1123 2830 1218 2859 Matth.
1241 2839 1267 2864 v,
1283 2831 1326 2860 48.
1359 2834 1378 2848 “
1401 2833 1480 2861 Prov.
1499 2841 1573 2866 xxxi,
1595 2833 1634 2859 l0.
1672 2831 1797 2860 "lTim.
1812 2839 1841 2866 ν,
1856 2831 1886 2860 9.
