2056 3148
176 184 243 219 1161

740 185 781 214 ΙΝ
803 183 1022 214 LEVITICUM.
1035 195 1071 200 —
1086 183 1158 212 LIB.
1174 183 1238 211 VII.

1740 183 1809 216 1162

173 244 344 280 Jejuniorum
362 249 452 271 autent
463 248 545 278 atque
564 243 695 271 orationis
715 243 879 278 profectum,
897 249 965 276 qua-
981 248 1002 276 Α
1018 241 1155 268 drachmte
1174 246 1248 273 sunt.
1263 245 1292 268 ut
1308 242 1335 268 in
1354 241 1493 277 mysteriis
1506 241 1630 276 duplices
1645 249 1744 270 sensus
1759 244 1809 271 ha-

174 291 298 326 draginta
323 290 516 318 drachmarum
542 298 673 317 numerus
693 290 836 324 signiﬁcat,
857 289 920 324 quia
939 293 967 316 et

175 341 215 364 tot
229 337 327 363 diebus
338 335 479 370 jejunasse
492 340 519 363 et
531 336 661 371 Illoysem,
677 340 704 363 et
720 335 818 368 Eliam,
834 340 862 362 et
877 335 966 369 ipsum

176 381 322 409 Dominum
345 381 509 412 didicimus,
534 381 644 416 quando
670 389 685 408 a
710 381 818 408 diabolo
845 381 967 408 tentaba-

176 433 221 455 tur
233 428 266 454 ³⁸.
283 427 551 462 Quadringentorum
563 432 654 455 autem
664 435 796 455 numerus
807 427 871 463 quid
882 428 966 462 signi-

177 474 249 505 ﬁcet,
267 477 315 500 aut
330 481 411 508 quam
429 473 599 501 demonstret
614 474 860 508 conversationem,
875 480 967 502 osten—

175 519 216 546 dit
228 519 301 553 quod
315 519 418 546 dictum
431 523 473 546 est
485 519 512 546 in
525 520 595 547 libro
608 519 723 555 Regum,
736 521 845 555 quando
859 529 968 549 reversa

176 565 255 593 navis
275 572 337 599 quze
366 555 527 593 mittebatur
545 573 560 592 a
583 565 738 599 Salomone,
757 566 790 594 ad
812 566 967 601 Sophiram,

177 611 286 638 dicebat
300 619 307 642 ;
321 611 359 637 ait
373 611 446 638 enim
462 611 612 639 secundum
630 611 699 638 LXX
712 620 719 638 :
731 611 765 638 Et
782 613 851 638 venit
866 612 902 638 ad
919 611 968 639 So-

177 656 283 688 pln'ram
299 655 343 682 "2
363 655 464 690 Sophir
482 659 574 682 autem
598 656 692 682 bonum
719 655 925 690 interpretatur,
942 661 970 684 et

177 699 285 734 accepit
307 699 370 726 inde
387 699 447 726 auri
465 699 643 734 quadraginta
660 706 688 727 et
701 700 796 735 viginti
820 700 928 731 talenta,
942 705 970 728 et

179 744 291 772 adduxit
308 745 363 780 regi
384 744 533 772 Salomoni.
553 746 631 778 Quod
653 754 718 781 ergo
739 746 778 774 sie
794 746 896 774 bonum
916 751 968 778 est,

179 791 250 818 sicut
271 799 319 826 per
334 791 482 826 jejunium,
496 797 524 819 et
544 792 695 819 orationem
710 793 843 825 exerceri,
857 797 885 820 et
907 801 970 827 pro-

179 837 243 864 vebi
263 837 297 864 ad
315 838 387 864 illam
402 838 497 870 vitam,
511 838 545 865 ad
565 846 646 874 quam
666 838 771 874 Moyses
787 844 815 866 et
833 839 904 867 Elias
922 847 970 867 su-

181 882 395 917 peraediﬁcantes
407 883 513 918 jejunio
529 888 611 917 atque
628 883 745 911 orationi
764 885 890 916 virtutes,
906 892 970 919 pro-

180 928 251 956 vecti
265 933 329 956 sunt
344 938 351 954 2
368 929 408 956 sic
422 929 553 957 Dominus
567 929 710 957 insinuare
723 930 901 964 semetipsum
922 937 971 964 per
986 924 1006 950 Β

179 974 413 1009 praedicationem,
428 979 456 1001 et
479 974 554 1010 signa
571 975 664 1009 generi
685 975 805 1002 humano
824 975 968 1010 incipiens,

177 1019 312 1054 jejunium
335 1024 362 1046 et
381 1020 533 1047 orationem
554 1028 610 1047 sum
630 1021 847 1048 conversationis
869 1022 970 1056 princi-

179 1065 254 1100 pium
279 1065 353 1092 fecit.
378 1065 540 1101 Quicunque
560 1074 624 1101 ergo
642 1071 770 1095 sensatus
789 1067 897 1102 quidem
917 1071 969 1099 est,

179 1116 207 1138 et
229 1112 363 1146 prolicere
387 1110 493 1147 incipit,
510 1120 565 1138 non
585 1117 676 1140 tamen
693 1112 786 1145 nimis,
803 1113 850 1140 sed
870 1113 969 1146 medie,

179 1161 209 1183 ut
226 1157 440 1192 pnesnmptioue
456 1159 673 1186 conversationis
693 1159 788 1194 jejunii
811 1167 865 1186 non
886 1159 971 1194 possit

179 1203 297 1234 on‘erari,
317 1203 360 1230 hic
377 1204 494 1238 pretium
515 1205 608 1231 decem
631 1203 862 1237 didraelimarum,
883 1204 908 1231 id
929 1209 971 1231 est

181 1251 272 1286 viginti
288 1251 492 1283 drachmarum,
513 1256 541 1278 et
555 1251 697 1278 obolorum
717 1251 898 1280 ducentorum
919 1257 969 1278 est.

180 1295 209 1322 In
227 1296 350 1323 custodia
368 1297 441 1323 enim
461 1297 555 1324 decem
574 1297 776 1330 mandatorum,
798 1305 859 1332 qua:
879 1297 970 1332 dupli-

179 1345 257 1369 catur
276 1343 427 1369 secundum
446 1342 574 1375 litteram,
594 1347 622 1369 et
640 1343 778 1377 spiritum,
799 1343 970 1371 conversatio

179 1388 261 1422 hujus
277 1392 329 1420 est,
345 1388 417 1415 inter
436 1396 497 1423 qua
513 1389 649 1423 jejunium
665 1397 719 1416 non
735 1394 777 1417 est
792 1394 969 1425 praeceptum.

180 1432 328 1461 Sublimior
343 1435 416 1462 enim
432 1439 475 1462 est
493 1435 526 1462 ad
549 1443 609 1462 eam
626 1436 768 1470 pertinens
786 1438 969 1471 conversatio,

178 1487 239 1514 quae
251 1479 430 1514 legislatures,
445 1485 473 1508 et
489 1481 647 1516 prophetas,
661 1486 690 1508 et
708 1489 805 1509 omnes
819 1483 865 1517 qui
882 1483 970 1518 prole-

177 1529 286 1556 ceruut.
293 1525 382 1559 decet,
390 1531 418 1553 et
429 1526 546 1554 necdum
553 1527 662 1561 quidem
673 1528 845 1556 conversatio
853 1530 913 1563 ejus
924 1529 957 1556 ha
963 1543 971 1550 -

179 1569 225 1597 bet
235 1570 432 1605 perfectionem
443 1580 449 1598 :
459 1578 528 1606 opus
538 1573 611 1599 enim
624 1573 707 1600 habet
718 1574 968 1605 mansuetudinem,

178 1615 385 1651 perfectamque
403 1617 577 1650 charitatem,
594 1626 655 1653 quas
672 1623 714 1646 est
730 1619 757 1645 in
777 1619 835 1647 zelo
856 1620 968 1652 Christi,

179 1662 305 1696 producit
320 1667 411 1690 tamen
427 1664 459 1690 ad
475 1664 683 1699 perfectionem.
697 1665 766 1698 Quia
782 1670 874 1694 autem
891 1673 969 1692 man-

177 1707 303 1735 datorum
320 1709 470 1736 secundum
488 1710 618 1741 litteram,
632 1715 660 1737 et
683 1711 811 1745 spiritum
832 1711 967 1744 custodia,

176 1751 273 1779 decem
289 1753 466 1784 didrachmas.
484 1754 558 1788 quod
579 1759 643 1782 sunt
662 1755 733 1782 oboli
755 1755 878 1788 ducenti,
896 1761 970 1784 recte

177 1803 300 1832 putatur,
316 1799 349 1826 ad
373 1800 533 1827 memoriam
553 1805 628 1828 tuam
645 1805 755 1828 revocat
771 1809 872 1833 sermo,
887 1810 968 1837 quem

176 1851 208 1870 ex
227 1843 349 1871 Canticis
365 1845 535 1873 canticorum
550 1853 639 1881 nuper
653 1847 826 1881 protulimus.
842 1847 914 1875 Mille
929 1848 968 1876 tui

177 1890 294 1924 paciﬁci,
309 1895 337 1917 et
351 1891 463 1919 ducenti
478 1891 521 1919 his
533 1892 579 1926 qui
595 1893 754 1920 custodiunt
766 1893 884 1921 fructum
897 1894 967 1929 ejus.

175 1935 262 1968 Quam
280 1937 408 1964 vineam?
429 1938 463 1965 de
477 1946 529 1973 qua
549 1939 576 1965 in
596 1939 814 1974 prati-edentibus
836 1940 943 1968 dicebat
959 1950 966 1968 :

181 1981 263 2008 Vinea
277 1983 325 2017 fuit
340 1983 451 2018 paciﬁca
464 1984 490 2011 in
505 1992 534 2011 ea
552 1993 609 2020 quae
623 1984 700 2013 habet
714 1985 823 2019 populos
836 1986 869 2018 ³³,
885 1993 967 2020 quam

176 2033 231 2053 non
257 2028 447 2056 custodierunt
470 2029 573 2062 Judaei,
599 2034 712 2065 propter
735 2031 807 2065 quod
834 2039 884 2066 pro
907 2032 968 2058 u\is

175 2072 270 2106 spinas
293 2075 478 2108 protulerunt,
503 2076 550 2103 sed
575 2081 603 2103 et
630 2076 796 2104 vindemiant
818 2085 849 2104 ea
871 2085 968 2105 omnes

175 2119 222 2153 qui
249 2123 394 2148 transeunt
420 2121 502 2148 viam.
527 2122 579 2155 Qui
609 2123 769 2150 custodiunt
791 2129 883 2151 autem
908 2124 966 2150 fru-

175 2169 262 2198 ctum,
278 2166 306 2192 in
328 2167 465 2200 ducentis,
488 2168 515 2195 id
539 2173 582 2195 est
602 2169 699 2205 viginti
720 2169 858 2197 drachmis
877 2169 966 2205 dupli-

174 2216 236 2238 cata
255 2212 380 2240 custodia
402 2214 601 2247 mandatorum,
625 2215 696 2242 sicut
719 2215 850 2247 diximus,
868 2223 967 2242 secun-

173 2256 239 2284 dum
256 2256 385 2291 litteram,
400 2263 428 2286 et
442 2260 578 2294 spiritum,
597 2261 787 2288 inveniuntur.

210 2304 247 2330 Ab
262 2312 315 2331 uno
328 2310 417 2332 autem
431 2314 518 2333 mense
527 2315 608 2342 usque
622 2308 658 2334 ad
668 2315 769 2334 annum
783 2308 903 2343 quintam
917 2316 966 2343 pro

173 2352 291 2379 masculo
314 2352 451 2380 dabuntur
471 2354 586 2389 quinque
614 2354 690 2386 cicli,
713 2355 768 2381 sive
785 2355 901 2390 quinque
924 2355 967 2381 di-

172 2397 316 2430 drachmtr,
338 2406 385 2432 pro
405 2399 503 2433 femina
521 2403 582 2425 tres.
606 2398 692 2426 Unius
712 2399 815 2426 mensis
832 2399 966 2434 intelligas

171 2449 234 2468 eum
254 2443 300 2477 qui
317 2450 391 2470 nunc
404 2449 446 2471 est
460 2444 569 2478 genitus
591 2445 618 2471 in
639 2444 702 2476 ﬁde,
718 2445 752 2472 ad
770 2453 852 2480 quem
868 2445 965 2472 Petrus

171 2487 302 2516 dicebat:
324 2488 397 2516 Sicut
422 2490 499 2516 modo
525 2491 606 2524 geniti
629 2490 758 2525 infantes,
782 2491 963 2523 rationabiles,

169 2534 225 2560 sine
238 2534 309 2567 dolo,
329 2535 371 2562 lac
388 2536 572 2570 concupiscite,
585 2541 612 2562 ut
628 2537 750 2563 crescetis
764 2537 791 2563 in
806 2545 835 2563 eo
849 2537 879 2563 iu
892 2537 967 2564 salu-

171 2585 232 2612 tem,
248 2581 271 2608 si
291 2586 380 2609 tamen
399 2583 520 2617 gustatis,
542 2583 604 2616 quia
628 2583 712 2610 dulcis
734 2589 770 2610 est
788 2583 916 2610 Dominus
931 2584 964 2610 '“.

170 2627 258 2662 Hujus
285 2627 404 2663 pretium
434 2635 519 2663 usque
545 2629 578 2656 ad
605 2629 811 2663 quinquennem
837 2633 964 2661 tetatem,

170 2673 196 2701 id
209 2678 252 2700 est
267 2674 452 2706 conversatio,
476 2679 503 2701 et
519 2674 585 2706 vita,
600 2675 722 2710 quinque
742 2675 963 2702 didrachmarum

169 2720 285 2754 argenti,
302 2721 329 2747 id
350 2725 393 2747 est
412 2720 507 2747 decem
531 2721 679 2753 drachune,
700 2721 772 2748 oboli
790 2725 881 2747 autem
897 2728 963 2747 cen-

171 2770 238 2793 tum.
263 2765 443 2794 Couversatio
471 2774 537 2802 ergo
560 2767 641 2793 modo
665 2766 760 2802 geniti,
781 2766 901 2800 quinque
924 2765 965 2792 di-

1018 288 1092 318 beat.
1111 288 1139 315 id
1157 294 1208 320 est,
1230 293 1260 315 ut
1275 296 1336 323 quae
1359 289 1526 316 sensibilitcr
1541 289 1627 318 audit.
1649 289 1706 317 inec
1729 291 1810 318 intel-

1019 332 1158 368 ligibiliter
1173 332 1313 367 suscipiat.
1335 333 1363 359 Si
1380 333 1463 360 ctiam
1479 334 1585 365 videns,
1601 340 1629 362 et
1645 340 1767 370 gustatis,
1784 340 1813 364 et

1018 378 1146 410 odorans,
1162 383 1190 405 ct
1214 383 1340 414 tangens,
1357 379 1482 413 perducit
1502 381 1555 407 hoc
1581 388 1643 407 eum
1666 381 1699 408 ad
1721 382 1812 416 perle-

1019 424 1149 455 ctionem,
1170 428 1282 458 propter
1303 425 1375 458 quod
1400 430 1426 451 et
1449 431 1558 453 centum
1582 427 1724 455 obolorum
1748 437 1812 463 pre-

1020 470 1088 496 tium
1104 469 1195 497 habet.
1215 469 1350 498 Numerus
1364 476 1467 504 autem,
1483 472 1555 499 sicut
1565 473 1667 500 dictum
1682 480 1732 507 est,
1751 482 1812 509 per-

1020 515 1108 543 fectus
1119 520 1171 544 est.
1188 515 1258 551 Ergo
1270 516 1363 551 procul
1378 517 1462 545 dubio
1477 525 1552 552 eum,
1563 519 1609 553 qui
1624 527 1698 546 nunc
1713 525 1812 555 myste-

1020 561 1123 588 riorum
1140 562 1277 597 particeps
1292 563 1407 591 eﬁ‘ectus
1422 569 1473 595 est,
1490 566 1661 601 necdumque
1677 567 1709 593 ad
1728 575 1812 602 agen-

1020 607 1085 635 dum
1104 609 1250 643 processit,
1265 609 1312 636 sed
1332 609 1359 636 in
1383 610 1435 637 ﬁde
1451 611 1560 638 interim
1579 613 1721 647 probatur.
1743 614 1813 641 sicut

1020 653 1110 681 adhuc
1122 654 1268 687 infantem,
1282 660 1309 682 et
1323 655 1442 682 necdum
1457 662 1564 691 tempus
1579 658 1613 685 ad
1627 659 1812 686 ostensionem

1020 699 1149 727 virtutem
1173 700 1331 733 habentem,
1357 702 1541 730 demonstrat.
1561 703 1587 730 Si
1608 709 1699 731 autetn
1724 706 1814 732 minor

1022 746 1075 779 his,
1092 746 1138 780 qui
1153 746 1206 774 tale
1220 752 1272 779 est,
1288 747 1380 779 fuerit,
1397 749 1433 775 ita
1455 753 1484 775 ut
1503 750 1650 777 conveniat
1669 751 1695 777 in
1717 759 1751 778 co
1772 751 1814 778 fe-

1022 790 1102 818 mina:
1125 799 1259 826 persontc,
1281 793 1371 820 minor
1391 800 1482 821 autem
1504 799 1545 821 est
1565 799 1594 822 ut
1612 796 1770 830 simplicior,
1787 803 1815 824 et

1022 844 1076 863 non
1100 837 1178 865 valde
1196 838 1330 866 discretus
1349 849 1355 866 :
1375 839 1456 873 huius
1484 841 1599 874 pretium
1625 848 1668 870 est
1693 849 1747 870 tres
1771 844 1814 870 di-

1022 883 1171 916 dracbmte,
1188 885 1256 912 ﬁdes
1276 885 1374 917 Patris,
1391 891 1419 912 et
1434 886 1506 917 Filii,
1526 892 1553 914 et
1575 888 1693 922 Spiritus
1715 890 1813 921 sancti,

1023 934 1054 957 ut
1067 938 1122 958 non
1138 931 1210 958 hanc
1224 932 1451 967 transgrediatur.
1467 934 1514 961 sed
1530 935 1612 961 cerdc
1624 931 1727 967 credat,
1743 936 1815 964 sicut

1021 976 1060 1002 ait
1082 976 1191 1008 Paulus,
1208 976 1259 1004 Ore
1283 983 1372 1004 autent
1394 979 1551 1013 conﬁteatur
1566 981 1596 1007 "’.
1621 980 1667 1008 Sic
1692 981 1763 1008 enim
1788 983 1814 1009 ei

1024 1022 1090 1053 hinc,
1110 1022 1161 1049 tria
1183 1030 1238 1050 non
1263 1024 1350 1050 soluat
1369 1024 1510 1052 conﬁtenti
1534 1026 1633 1061 lingua,
1651 1027 1697 1054 sed
1716 1031 1744 1054 et
1762 1027 1815 1056 ﬁdo

1022 1068 1155 1099 credenti,
1181 1069 1249 1097 ﬁunt
1272 1070 1333 1097 dure
1358 1070 1504 1098 tlmclnnac.
1525 1071 1567 1098 Fit
1591 1079 1681 1099 autem
1702 1078 1729 1100 et
1752 1074 1815 1101 huic

1024 1113 1085 1140 talis
1101 1113 1167 1141 ﬁdes
1188 1115 1221 1142 ad
1243 1115 1439 1149 perfectionem
1464 1117 1630 1145 mediocrem
1649 1127 1654 1145 :
1673 1125 1726 1146 tres
1739 1119 1813 1146 enint

1023 1158 1199 1192 didracbmae,
1216 1167 1263 1187 sex
1281 1166 1346 1188 sunt
1359 1161 1497 1188 drachma.-
1512 1171 1518 1188 :
1540 1170 1586 1189 sex
1603 1168 1694 1190 autem
1714 1164 1815 1191 drach-

1023 1213 1084 1236 Inaz.
1100 1207 1241 1241 sexaginta
1257 1211 1320 1234 sunt
1339 1207 1422 1240 oboll,
1437 1208 1482 1235 ltic
1495 1213 1587 1236 autem
1604 1210 1665 1236 talis
1683 1218 1815 1238 numerus

1023 1251 1187 1279 mediocrem
1203 1252 1401 1287 perfectionem
1422 1254 1501 1287 gerit.
1522 1253 1668 1289 Propterea
1683 1260 1711 1282 et
1727 1264 1814 1291 popu-

1023 1297 1066 1325 lus
1080 1298 1172 1330 Israel,
1194 1303 1386 1326 sexcentarum
1410 1299 1536 1332 millium,
1558 1301 1630 1335 quod
1651 1307 1716 1328 sunt
1735 1310 1815 1330 sexa-

1022 1344 1097 1378 ginta
1120 1344 1264 1380 myriadcs,
1290 1353 1436 1373 numerum
1453 1346 1558 1374 habuit.
1580 1345 1725 1375 Sensibilis
1740 1349 1814 1375 enim

1023 1390 1105 1418 Israel
1120 1390 1239 1418 habebat
1251 1391 1360 1425 quidem
1376 1397 1404 1419 et
1416 1393 1591 1420 mediocriter
1605 1393 1752 1428 perfectos,
1767 1394 1815 1428 qui

1022 1432 1049 1460 in
1079 1433 1137 1468 lege
1166 1434 1324 1466 constituti,
1357 1435 1546 1470 Evangelicam
1577 1438 1815 1466 conversationem

1022 1478 1195 1514 aliquatenus
1209 1481 1336 1515 agebant.
1359 1481 1429 1509 Sunt
1442 1486 1545 1515 autem,
1560 1484 1659 1518 quibus
1675 1485 1814 1514 mediocre

1023 1525 1089 1560 legis
1103 1529 1131 1552 et
1146 1526 1342 1561 prophetarum
1357 1532 1417 1554 erat
1432 1528 1553 1555 studium
1570 1535 1681 1564 propter
1700 1532 1772 1566 quod
1787 1537 1815 1559 et

1022 1570 1132 1604 similia,
1151 1572 1285 1606 myriades
1301 1578 1390 1605 erant,
1408 1574 1455 1601 sed
1479 1582 1530 1601 nec
1553 1575 1627 1602 mille
1651 1576 1745 1608 millia,
1762 1585 1814 1605 nec

1023 1616 1115 1651 myrite
1131 1617 1276 1652 myriades,
1293 1623 1323 1645 ut
1345 1627 1455 1654 semper
1474 1625 1548 1648 esset
1566 1621 1594 1647 in
1611 1621 1651 1648 eis
1664 1622 1813 1657 perfectio;

1023 1664 1074 1690 hoc
1099 1664 1172 1690 enim
1197 1665 1374 1699 angelorum,
1402 1671 1430 1692 et
1454 1667 1604 1694 secundum
1628 1668 1814 1703 evangelicam

1022 1708 1105 1735 vitam
1136 1709 1359 1736 conversantium
1388 1714 1439 1737 est.
1468 1710 1564 1746 Angcli
1592 1711 1666 1738 enim
1694 1715 1722 1738 et
1748 1711 1812 1747 ipsi,

1021 1754 1130 1789 quando
1148 1754 1325 1789 profecerim,
1341 1755 1508 1784 elliciuntur.

1055 1798 1251 1834 Sexagenarius
1264 1804 1353 1826 autent
1369 1805 1393 1826 et
1409 1801 1479 1827 ultra
1493 1801 1636 1833 masculus,
1649 1801 1720 1830 dabit
1736 1803 1814 1837 quin-

1020 1844 1101 1870 decim
1120 1844 1206 1877 siclos,
1223 1845 1277 1871 sive
1294 1845 1473 1877 didrachmas,
1490 1847 1588 1881 femina
1605 1852 1693 1874 autem
1713 1847 1811 1874 (locem.

1021 1890 1054 1918 Et
1070 1891 1132 1926 quis
1148 1896 1188 1918 est
1202 1891 1257 1923 hic,
1273 1891 1319 1926 qui
1334 1891 1481 1918 maximam
1496 1893 1745 1923 conversationem,
1765 1901 1813 1927 per

1020 1937 1205 1972 virginitatem
1217 1945 1242 1964 v.
1255 1944 1308 1972 gr.,
1328 1937 1371 1964 vel
1390 1945 1444 1964 non
1461 1937 1638 1972 possidendo,
1651 1938 1814 1966 virtutibus-

1020 1991 1073 2017 que
1097 1984 1157 2011 aliis
1183 1984 1328 2018 promittit,
1349 1987 1377 2010 et
1405 1988 1466 2018 post
1489 1984 1548 2011 hac
1573 1984 1726 2011 inﬁrmatus
1750 1984 1813 2012 est?

1018 2028 1176 2063 Cognovisti
1205 2029 1289 2062 enim,
1310 2029 1372 2064 quia
1401 2037 1475 2062 eum,
1496 2030 1542 2064 qui
1568 2038 1583 2056 a
1608 2030 1705 2065 viginti
1731 2031 1812 2059 annis

1020 2083 1106 2110 usque
1121 2075 1154 2102 ad
1170 2075 1310 2111 sexaginta
1330 2083 1467 2102 annorum
1483 2081 1535 2107 est,
1554 2075 1682 2103 omnibus
1701 2075 1810 2111 legisla-

1019 2126 1061 2149 tor
1081 2122 1240 2157 prteposuit.
1265 2121 1367 2150 Deinde
1392 2129 1466 2149 nunc
1484 2127 1546 2158 post
1568 2130 1663 2149 omnes
1682 2130 1742 2149 eum
1763 2122 1810 2157 qui

1018 2176 1033 2195 a
1054 2168 1194 2204 sexaginta
1211 2169 1292 2195 annis
1309 2173 1337 2196 et
1358 2177 1438 2202 supra
1453 2173 1505 2201 est,
1524 2169 1572 2195 ait.
1595 2168 1647 2196 Per
1667 2169 1718 2196 hoc
1738 2169 1811 2203 quod

1018 2215 1098 2249 dixit,
1125 2223 1217 2249 supra,
1242 2215 1342 2242 animae
1371 2220 1541 2242 Senectutem
1568 2219 1596 2242 et
1624 2215 1810 2242 inllrmitatent

983 2268 1004 2296 ι)
1018 2263 1090 2297 ejus,
1113 2262 1159 2297 qui
1180 2261 1324 2289 maximam
1352 2262 1589 2289 conversationem
1618 2267 1811 2296 proposuerat,

1019 2308 1115 2344 procul
1140 2308 1224 2336 dubio
1246 2307 1381 2342 designat.
1407 2306 1458 2340 Qui
1483 2315 1548 2343 ergo
1568 2315 1617 2341 pro
1642 2308 1810 2343 virginitate,

1019 2354 1061 2381 vel
1079 2354 1210 2389 despectu
1228 2352 1386 2388 possidendi
1408 2352 1645 2379 conversationem
1664 2352 1810 2387 promittit,

1018 2404 1046 2426 et
1071 2398 1209 2434 proponit,
1225 2397 1325 2425 deinde
1351 2397 1505 2424 inﬁrmatur
1528 2396 1665 2430 complere
1687 2397 1812 2431 proposi-

1019 2451 1087 2479 tum,
1103 2446 1196 2474 audiat
1208 2453 1222 2473 a
1234 2444 1319 2472 Paulo
1337 2454 1343 2471 ι
1358 2443 1387 2472 Si
1400 2445 1458 2480 quis
1472 2449 1574 2479 turpem
1587 2453 1613 2471 se
1625 2445 1708 2472 videri
1721 2446 1812 2471 cristi-

1018 2498 1073 2519 mat
1097 2501 1175 2526 super
1201 2492 1328 2527 virginem
1358 2499 1447 2522 suam,
1469 2494 1498 2517 ἕο
1523 2490 1591 2526 quod
1615 2491 1693 2526 fuerit
1716 2499 1811 2525 ευμεν·
1840 2517 1844 2519 .

1018 2538 1110 2566 adulta
1129 2539 1162 2570 ’⁸,
1179 2538 1300 2565 ostendit
1319 2536 1520 2571 quodammodo
1538 2536 1714 2569 inﬁrmatam,
1734 2541 1762 2564 et
1775 2537 1810 2565 ad

1017 2586 1188 2609 senectutem
1216 2581 1363 2608 deductum
1387 2580 1574 2616 propositum,
1601 2586 1624 2607 ct
1649 2582 1686 2608 sic
1710 2587 1809 2616 oportet

1016 2628 1085 2662 ﬁeri,
1109 2628 1178 2662 quod
1202 2629 1255 2654 vult
1283 2627 1373 2661 faciat.
1397 2635 1448 2654 non
1472 2632 1560 2661 peccat
1581 2628 1603 2654 si
1626 2628 1705 2654 nubat
1722 2629 1753 2653 ’9.
1778 2627 1811 2655 Et

1017 2682 1136 2701 rursus:
1155 2673 1183 2701 Si
1212 2673 1341 2708 nupseris,
1364 2681 1413 2699 non
1440 2673 1565 2707 peccasti.
1588 2673 1621 2699 Et
1646 2674 1668 2700 si
1693 2674 1809 2706 nupserit

1016 2719 1106 2754 virgo,
1134 2727 1185 2744 non
1212 2718 1338 2752 peccavit.
1366 2717 1572 2744 Tribulationent
1604 2723 1692 2744 autem
1721 2719 1809 2744 carnis

1017 2764 1147 2790 habebunt
1173 2762 1335 2797 Imjttsmodi.
1361 2762 1416 2797 Ego
1440 2767 1528 2789 autem
1553 2763 1623 2789 vobis
1643 2770 1738 2796 parco,
1762 2762 1809 2788 hoc

204 2859 227 2874 “
241 2857 336 2884 Matth.
353 2864 388 2883 tv.
428 2857 460 2872 W
480 2858 510 2883 Ill
525 2856 592 2892 Reg.
604 2866 641 2890 Ix,
657 2857 702 2883 28.
752 2857 774 2872 ¹⁸
790 2857 869 2884 Cant.
885 2863 933 2889 vlt,
951 2857 961 2883 l

1039 2855 1085 2882 ³⁸1
1104 2855 1176 2882 Pctr.
1192 2862 1212 2887 ι,
1225 2854 1254 2881 2.
1295 2854 1316 2872 ¹⁷
1330 2853 1412 2881 Rom.
1434 2862 1461 2886 x,
1475 2854 1500 2879 Ω.
1550 2854 1572 2868 ’³
1587 2852 1594 2878 1
1608 2851 1670 2879 Con
1683 2858 1732 2885 vlt,
1755 2851 1802 2881 36.

169 2891 190 2908 n
204 2893 270 2921 Ibid.

329 2940 464 2971 Ριτιιοι..
481 2939 541 2970 Gn.
559 2937 670 2968 XCIII.

1601 2935 1640 2964 37
