2056 3148
237 164 305 196 1163

830 168 1010 198 IIESYCIIII
1028 168 1265 200 PRESBYTER!

1802 171 1870 203 lilii

235 228 324 251 autem
336 224 405 255 dico,
422 225 527 258 fratrm,
545 230 646 258 trntptttt
665 225 739 252 breve
761 230 808 257 est,
831 226 960 261 reliquum
988 231 1025 252 est
1040 228 1062 255 Α
1078 235 1128 253 non
1145 228 1270 259 valuerit,
1281 229 1360 255 stabit
1372 237 1462 256 coram
1477 229 1622 258 sacerdote.
1640 234 1664 256 et
1684 234 1813 264 quantum
1828 230 1872 256 ille

235 275 264 297 ut
277 275 302 297 et
318 271 362 306 qui
379 271 475 296 [tabent
489 279 583 297 uxores
597 275 724 306 tanquam
744 280 794 298 non
813 272 936 299 habentes
949 274 1000 299 sint
1017 281 1025 299 :

235 320 259 342 et
274 317 318 350 qui
334 315 432 350 lugent,
450 320 578 351 tanquam
595 325 645 343 non
662 317 828 352 lugentum!
842 318 887 352 qui
900 319 1025 353 gaudent,

234 368 362 396 tauquam
389 370 439 388 non
457 363 600 397 gaudentes
620 371 630 390 :
652 369 675 390 et
695 365 740 399 qui
755 369 855 396 emunt,
876 366 953 400 quasi
976 374 1027 392 non

233 408 394 441 possidentes
407 417 413 435 :
427 413 451 434 et
465 409 510 443 qui
523 413 634 436 utuntur
647 409 695 436 ltoc
708 411 815 442 mundo,
834 415 961 445 tanquam
975 419 1026 437 non

234 457 352 479 utantur.
367 452 491 480 Prwtcrit
506 455 576 480 enim
590 454 676 490 ﬁgura
692 455 770 490 hujus
786 457 885 483 mundi.
902 456 961 483 Volo
975 465 1025 482 att-

233 504 284 525 tam
300 507 344 525 uos
361 499 416 526 sine
430 499 608 527 sollicitudine
621 509 674 527 esse
684 501 716 528 ιθ.
734 501 881 536 Propterea
897 506 924 528 et
943 502 1024 537 quin.

232 545 322 572 decim
352 545 520 574 didrachmas
546 546 600 574 erit
628 548 746 582 pretium
775 549 852 582 ejus,
876 556 938 583 quae
962 553 1026 577 sttnt

232 591 372 618 drachma:
398 592 520 626 triginta.
547 593 614 620 Tres
641 594 714 621 enittt
741 593 967 622 fructificationes
991 596 1024 622 de

234 639 305 666 bona
332 645 405 667 terra
425 639 553 667 Christus
577 641 721 675 proposuit
739 648 746 667 :
764 648 812 675 per
835 641 1022 669 centenarium

232 684 409 719 virginitatis,
425 689 452 712 et
475 693 531 712 non
555 685 725 720 possidendi,
744 693 793 721 per
812 687 1024 721 setagettariltm

233 731 422 762 rontincntize,
441 739 490 765 per
511 731 690 758 tricenarium
710 732 777 759 casti
797 733 917 767 eonjugii
941 735 1023 760 vitant

232 777 388 812 designans.
405 777 432 804 Si
455 782 546 804 autettt
569 777 704 805 infirmior
725 779 882 814 hujusmodi
898 784 950 811 est,
966 779 1023 806 for-

231 822 302 848 sitan
316 822 389 849 enim
405 823 432 849 in
447 822 639 856 fornicatione,
655 824 698 851 ltic
711 825 755 858 qui
771 825 833 852 talis
846 829 897 857 est,
911 825 1022 857 decidit,

234 867 306 894 unde
340 871 368 894 et
398 867 498 895 femina
527 868 636 896 dicitur.
654 868 710 897 Nec
727 870 765 897 sic
781 871 955 905 respuendus
969 875 1021 903 est,

232 914 279 941 sed
296 913 379 941 habet
400 914 519 949 pretium
543 915 638 942 decem
662 916 848 952 didrachmas.
863 917 1022 944 Custodiam

230 961 304 988 enim
331 961 522 988 mandatorum
548 962 605 994 Dei,
622 970 703 996 quant
728 962 824 998 viginti
845 970 905 989 esse
924 963 1022 990 drach-

232 1013 290 1032 mas
318 1010 347 1032 et
371 1006 466 1033 obolos
492 1006 626 1034 ducetttos
652 1007 836 1040 ostendimus,
853 1007 934 1035 offert
955 1008 1021 1039 Deo,

229 1055 259 1078 ct
281 1051 308 1078 in
331 1051 382 1079 ltoc
407 1052 646 1080 conversationem
680 1053 773 1086 habet,
794 1061 843 1088 per
870 1053 1022 1081 custodiam

230 1097 424 1124 mattdatorunt
450 1098 628 1133 justificatus.
655 1098 682 1126 Si
709 1104 799 1126 autem
822 1099 896 1126 dicas
920 1108 928 1126 :
948 1099 1023 1132 Quo-

231 1143 335 1171 modo?
349 1152 485 1171 annorum
503 1144 633 1171 Dominus
653 1150 712 1171 erat
731 1145 853 1180 triginta,
870 1145 934 1172 dum
949 1144 1023 1171 soltts

229 1191 305 1215 esset
318 1188 457 1223 perfectus
475 1196 537 1216 eunt
558 1196 609 1216 nos
631 1189 656 1215 in
679 1189 839 1216 centenario
853 1197 968 1216 nutnero
980 1189 1022 1216 di-

229 1241 323 1262 camus
349 1234 543 1269 perfectionem
572 1243 654 1266 esse,
681 1240 742 1270 post
773 1235 847 1262 hunc
872 1240 964 1262 autent
995 1236 1023 1262 in

228 1280 382 1315 sexaginta,
398 1281 479 1308 tertio
494 1285 586 1308 autem
607 1281 634 1308 in
656 1281 782 1316 triginta;
798 1281 883 1314 disce,
899 1282 963 1316 quia
977 1289 1023 1309 so-

230 1326 272 1354 lus
290 1326 403 1361 quideut
422 1326 474 1353 fuit
490 1334 555 1354 vere
574 1326 725 1362 perfectus,
741 1331 932 1354 verumtamen
953 1327 1024 1354 sicut

229 1372 354 1400 omnium
370 1373 476 1405 doctor,
497 1378 525 1400 et.
541 1373 668 1408 primitiae
684 1381 782 1400 massa:
798 1373 883 1401 totius
897 1373 1022 1406 effectus,

229 1428 263 1446 ex
278 1419 406 1447 ontnibus
422 1424 601 1454 temperatam
617 1420 855 1447 conversationem
873 1419 981 1455 ﬁgurat,
996 1424 1024 1446 et

229 1465 358 1500 proponit
378 1474 385 1493 :
409 1465 467 1493 sive
488 1466 562 1493 enim
588 1462 776 1501 Virginitatem
802 1465 880 1498 velis,
907 1466 966 1500 ipse
985 1461 1023 1492 'ex

229 1510 333 1546 virgine
349 1510 426 1545 virgo
442 1516 493 1543 est,
515 1514 544 1537 et
564 1510 746 1545 virginitatem
763 1510 877 1537 docuit:
895 1509 953 1535 sive
971 1517 1023 1535 mt-

229 1557 309 1596 ptias,
327 1561 356 1584 et
375 1557 479 1583 nubere
503 1557 643 1592 przecepit.
659 1561 687 1584 et
707 1556 845 1583 nubentes
863 1554 1002 1582 benedixit
1014 1562 1021 1580 :
1035 1567 1059 1596 ε

229 1603 287 1630 sive
312 1603 520 1635 abstinentiam,
545 1603 627 1630 ctiant
646 1603 717 1630 hanc
730 1602 842 1629 docuit:
856 1601 983 1628 similiter
996 1604 1023 1627 et

230 1648 293 1676 tidei
312 1656 422 1681 cursus,
439 1648 498 1675 sive
515 1648 703 1683 perfectorem
718 1647 886 1682 simplicium
903 1651 955 1673 est.

262 1716 335 1749 Quia
360 1724 424 1751 ergo
451 1717 480 1744 in
504 1716 633 1751 praesenti
661 1716 833 1745 differentias
856 1715 967 1747 innuit,
995 1721 1023 1742 et

228 1762 432 1796 quodammodo
448 1762 531 1789 vitam
553 1762 739 1798 distinguebat
758 1761 912 1794 hominum,
928 1766 956 1788 et
971 1761 1022 1788 ltu-

228 1809 274 1842 jus
290 1808 400 1843 quidem
423 1816 485 1836 esse
504 1809 623 1844 pretium
638 1808 835 1844 quinquaginta
852 1807 1023 1835 didrachmas

229 1854 276 1885 ait,
303 1854 383 1888 hujus
411 1854 537 1890 triginta,
564 1854 646 1889 hujus
671 1853 782 1888 viginti,
809 1853 891 1888 ltujns
916 1853 1021 1884 decem,

231 1899 313 1933 hujus
330 1899 461 1933 quittque,
476 1899 557 1934 hujus
577 1903 644 1931 tres,
659 1899 742 1934 hujus
757 1898 926 1934 quindecim,
945 1898 1022 1926 colli-

228 1948 329 1978 gentur
348 1944 407 1971 [nec
428 1953 535 1979 parum,
549 1945 623 1979 quod
644 1944 678 1971 de
697 1948 809 1972 centum
828 1944 1023 1979 quinquaginta

229 1990 320 2016 tttittus
343 1989 481 2022 habentia,
495 1990 552 2018 haec
576 1995 666 2017 autem
687 1990 713 2016 in
738 1989 859 2025 quinque
878 1989 963 2016 divisa
981 1989 1023 2016 fa-

229 2035 307 2063 ciunt
327 2043 413 2071 prope
433 2035 609 2063 lriccnarium
630 2044 787 2063 numerum.
807 2035 874 2063 Vide
893 2035 1023 2075 quemad-

229 2082 339 2108 modum
367 2089 419 2109 nec
445 2082 584 2117 legis‘lator
607 2081 742 2117 ignoravit
765 2085 1021 2117 temperamentum,

229 2127 301 2161 quod
316 2127 442 2154 Christus
460 2127 487 2154 in
502 2133 594 2156 nostra
611 2128 666 2155 vita
681 2131 709 2155 et
723 2128 932 2156 conversatione
947 2127 1021 2160 fecit,

231 2179 282 2198 nec
297 2172 468 2205 Evangelista
485 2181 631 2200 numerant
654 2177 900 2209 temperamentum
920 2173 1023 2200 haben-

231 2223 284 2244 tem
310 2217 454 2253 ignoravit.
481 2219 596 2255 Propter
617 2221 691 2255 quod
718 2228 779 2247 eum
803 2228 856 2247 non
879 2220 1020 2255 plenorunt

231 2262 342 2298 triginta
367 2271 501 2292 annorum
528 2265 636 2293 venisse
660 2266 698 2293 ait
723 2266 755 2292 ad
783 2266 962 2300 baptismum,
983 2265 1022 2292 ait

230 2310 303 2337 cnim
322 2319 329 2337 :
348 2310 381 2338 Et
398 2311 453 2347 ipse
470 2311 545 2339 Jt’sus
567 2317 624 2339 erat
650 2312 776 2346 incipiens
798 2311 873 2346 quasi
891 2319 1021 2338 annorum

232 2356 340 2392 triginta
354 2357 387 2383 ³¹.
400 2357 433 2385 Et
444 2365 493 2385 cur
507 2357 577 2385 hoc?
591 2357 654 2391 quia
667 2363 694 2384 et
707 2358 753 2393 qui
767 2358 849 2384 ttimis
860 2357 1020 2392 perfectam,

231 2407 256 2428 et
275 2402 320 2437 qui
336 2403 518 2432 mediocriter
534 2402 682 2438 perfectam
699 2413 704 2430 :
721 2408 746 2430 ct
765 2403 809 2438 qui
828 2404 961 2431 minorem
980 2403 1022 2430 vi-

233 2453 285 2474 tam
303 2449 404 2482 studet,
416 2457 471 2476 non
484 2449 604 2484 perfecte
617 2449 692 2476 venit
704 2449 736 2476 ad
751 2457 917 2480 mensuram,
932 2450 1022 2477 minus

231 2494 305 2521 enim
320 2495 402 2522 habet
413 2496 584 2529 omnimodo,
593 2496 656 2531 quia
665 2496 716 2522 Dei
728 2496 814 2523 solius
825 2501 866 2523 est
879 2496 1021 2531 perfectio,

234 2539 283 2566 sed
299 2540 390 2567 minus
402 2541 485 2567 habet
500 2545 605 2568 tantum
619 2541 647 2568 in
661 2546 792 2575 quantum
807 2542 913 2568 veniam
930 2541 956 2568 itt
972 2542 1023 2569 hoc

230 2585 305 2620 quod
316 2585 408 2613 minus
421 2591 462 2613 cst
476 2585 522 2613 dat
535 2594 542 2612 :
557 2586 629 2613 unde
644 2587 677 2613 ad
692 2592 800 2614 centunt
815 2587 1022 2623 quinquaginta.

231 2636 336 2666 septem
362 2631 453 2659 ntittus
472 2636 556 2659 sunt:
573 2632 600 2659 in
621 2637 730 2660 centum
749 2633 823 2660 enirn
844 2634 1022 2670 quadraginta

231 2682 287 2704 tres
300 2677 444 2712 praedictus
457 2685 590 2704 numerus
603 2677 740 2714 colligitur
754 2688 760 2704 τ
775 2686 822 2713 per
836 2679 1020 2714 scptcnarium

230 2729 324 2752 autem
339 2732 495 2758 numerum,
508 2724 653 2753 manifeste
668 2727 745 2755 venia
762 2726 941 2761 significatur.

266 2791 297 2820 Si
319 2797 408 2820 autem
428 2801 528 2828 pauper
548 2795 638 2829 fuerit,
654 2800 677 2821 et
693 2794 894 2820 aestimationem
917 2794 1022 2820 reddere

268 2881 290 2898 ⁸ο
305 2881 387 2911 lCor.
400 2891 449 2916 vtt,
461 2883 555 2911 28-32.

1078 274 1259 305 a'stimaverit,
1284 278 1308 300 et
1333 275 1427 301 t-iderit
1450 283 1508 301 eum
1533 283 1608 308 parte
1629 275 1745 307 reddere,
1767 280 1871 302 tantum

1077 321 1161 347 dabit.
1185 319 1263 347 Nunc
1283 321 1349 348 dicit
1367 321 1402 348 dc
1423 329 1456 348 eo
1485 321 1531 356 qui
1556 321 1671 348 multum
1693 322 1825 356 pet-cavit.
1844 327 1870 349 et

1077 371 1221 402 propterea
1244 367 1341 402 Aquila
1363 375 1412 402 pro
1431 375 1562 402 paupere,
1582 368 1602 394 si
1625 369 1752 399 excessit.
1772 368 1868 395 edidit.

1078 411 1126 439 llic
1139 420 1204 448 ergo
1215 412 1237 439 si
1250 412 1342 439 offerri
1359 412 1414 439 Deo
1428 413 1493 444 vult,
1511 420 1602 439 coram
1617 413 1760 440 sacerdote
1774 413 1868 444 stabit,

1078 462 1107 485 ut
1123 463 1255 492 quantum
1274 458 1373 485 viderit
1391 466 1455 485 eutn
1471 466 1562 493 posse,
1583 458 1701 486 aestimet
1719 466 1782 486 eum
1806 459 1864 486 red-

1076 504 1143 531 dere
1160 513 1167 531 :
1186 505 1306 539 regulam
1329 505 1355 531 ei
1376 504 1439 532 vitae
1461 504 1616 539 imponens.
1630 511 1691 538 qua:
1711 508 1754 531 est
1768 511 1868 532 secun-

1076 550 1141 577 dttnt
1156 550 1296 582 virtutem,
1312 557 1523 583 mensuramque
1538 549 1719 584 philosophia
1733 549 1868 579 indicens.

1075 603 1156 630 qualn
1173 603 1235 622 eum
1254 595 1413 630 probaverit
1433 602 1514 629 posse
1535 599 1654 628 portare.
1674 593 1754 622 Verbi
1771 595 1868 629 gratia,

1075 641 1098 668 si
1114 640 1236 675 locuples
1250 644 1303 672 est,
1316 645 1346 666 ut
1361 639 1508 667 distribuat
1520 639 1665 673 pecunias;
1680 640 1703 665 si
1719 647 1802 666 sattus
1814 645 1867 672 est,

1076 691 1105 713 ut
1117 686 1241 721 jejuttiis,
1257 689 1284 712 et
1301 684 1482 715 orationibus,
1499 684 1613 718 aliisque
1631 684 1773 711 laboribus
1788 684 1869 711 bonis

1075 737 1174 765 vacet;
1197 732 1220 758 si
1242 736 1334 758 autem
1347 736 1374 758 et
1386 730 1508 766 locuples
1525 735 1568 757 est
1584 735 1613 757 ct
1630 738 1723 760 sanus.
1737 738 1867 765 quaecun-

1075 786 1129 813 que
1146 777 1249 804 divitiaz
1272 781 1301 804 et
1319 776 1394 803 salus
1409 776 1435 803 ei
1455 779 1615 810 Suggerunt,
1631 783 1713 810 agere
1729 775 1841 809 jubetur
1858 784 1865 802 :

1075 825 1097 851 si
1117 829 1208 851 autent
1233 828 1374 855 neutrum,
1405 822 1432 849 in
1453 821 1577 849 oratione
1597 821 1683 848 ﬂere:
1702 826 1731 848 ut
1748 821 1868 849 breviter

1075 871 1208 900 dicamus.
1228 869 1411 904 quodcunque
1429 875 1492 895 eum
1511 867 1608 894 viderit
1626 875 1675 902 per
1694 875 1804 902 corpus,
1820 873 1868 894 aut

1076 925 1123 952 per
1146 916 1339 947 substantiam,
1361 919 1408 941 aut
1424 922 1472 949 per
1494 913 1574 940 aliam
1602 913 1798 945 valetudinem,
1820 918 1866 940 ant

1075 963 1231 990 facultatem
1248 969 1328 996 posse
1343 967 1484 996 peragere.

1110 1029 1192 1056 V'tzns.
1217 1029 1244 1061 9,
1268 1029 1310 1055 lt).
1338 1038 1347 1053 ε
1366 1026 1475 1054 Animal
1505 1030 1597 1053 autem
1627 1026 1699 1061 quod
1732 1024 1865 1052 immolari

1074 1079 1164 1110 potest
1188 1073 1314 1105 Domino,
1333 1073 1355 1099 si
1376 1073 1439 1108 quis
1466 1072 1581 1104 voverit,
1604 1076 1728 1098 sanetum
1753 1070 1815 1102 erit,
1838 1076 1867 1096 et

1075 1121 1172 1148 mutari
1197 1128 1250 1147 tton
1276 1125 1376 1154 potest,
1398 1119 1424 1146 id
1449 1123 1491 1145 est
1513 1126 1564 1145 nec
1589 1118 1687 1144 ntelius
1706 1117 1788 1147 malo,
1813 1122 1866 1142 nec

1073 1166 1152 1200 pejus
1165 1165 1247 1192 bono.
1261 1165 1338 1197 Quod
1354 1164 1376 1190 si
1396 1163 1552 1194 mutaverit,
1567 1167 1595 1189 et
1609 1163 1697 1197 ipsutn
1715 1160 1787 1196 quod
1803 1168 1864 1187 mu-

1074 1215 1160 1237 tatum
1177 1214 1228 1239 cst.
1241 1214 1269 1236 ct
1283 1209 1347 1236 illud
1364 1216 1413 1243 pro
1427 1216 1481 1243 quo
1499 1211 1634 1234 mutatum
1653 1210 1707 1238 est,
1719 1213 1864 1233 consecra-

1076 1261 1131 1284 tum
1148 1256 1201 1283 erit
1216 1255 1342 1283 Domino.
1360 1265 1369 1280 ›

1108 1324 1177 1357 Quia
1194 1324 1267 1359 ipsas
1282 1332 1342 1358 qua:
1358 1331 1389 1350 ex
1405 1322 1610 1357 nobismetipsis
1625 1321 1776 1349 oll'eruntur
1789 1321 1865 1348 obla-

1076 1369 1164 1398 tiones
1186 1369 1317 1404 quosdatn
1343 1369 1445 1396 habere
1465 1368 1565 1403 gradus
1592 1373 1620 1395 et
1640 1367 1810 1395 dill'ercntias
1828 1367 1865 1394 le-

1075 1417 1185 1452 gislator
1204 1416 1332 1450 exposuit
1348 1424 1354 1442 :
1375 1423 1439 1442 ecce
1456 1414 1529 1442 enim
1549 1422 1655 1445 eorum,
1673 1413 1718 1448 qui
1743 1413 1864 1448 quolibet

1075 1463 1155 1491 modo
1175 1463 1214 1489 sic
1236 1462 1316 1489 nobis
1334 1462 1529 1496 subjiciuntur,
1544 1465 1575 1487 ut
1596 1460 1678 1487 etiam
1696 1467 1794 1494 pecora
1811 1467 1862 1486 no-

1074 1513 1130 1536 stra
1147 1508 1335 1538 nominentur,
1356 1510 1466 1542 propter
1485 1506 1538 1533 hoc
1553 1505 1627 1540 quod
1647 1505 1730 1532 nimis
1746 1503 1862 1538 subjecti

1075 1559 1149 1586 suttt,
1170 1558 1217 1581 aut
1239 1554 1302 1589 quia
1328 1561 1382 1580 tton
1405 1553 1446 1579 eis
1466 1552 1500 1579 ad
1520 1556 1644 1579 nostrum
1667 1550 1862 1580 ministerium,

1074 1600 1303 1635 quemadmodum
1326 1599 1473 1636 pecoribus
1499 1597 1613 1630 utimur,
1635 1597 1746 1632 quando
1769 1601 1862 1623 sancta

1074 1647 1110 1674 sit
1123 1647 1234 1679 oblatio,
1246 1654 1294 1680 per
1306 1646 1374 1678 hate,
1383 1653 1443 1680 qua:
1456 1644 1529 1671 dicta
1542 1648 1617 1675 sunt,
1630 1643 1751 1678 exponit.
1764 1642 1862 1669 Praeci—

1074 1693 1113 1728 pit
1132 1697 1235 1723 autem,
1249 1696 1279 1719 ut
1298 1699 1352 1718 nott
1373 1698 1422 1718 nos
1441 1689 1570 1725 pmniteat
1582 1689 1616 1716 de
1635 1688 1680 1715 his
1697 1696 1758 1722 qua:
1775 1687 1863 1714 oll'eri-

1074 1748 1135 1768 mus
1149 1739 1215 1767 Deo.
1233 1739 1301 1774 Ergo
1319 1738 1341 1765 si
1356 1737 1465 1773 quidem
1483 1737 1516 1764 de
1535 1737 1579 1764 his
1594 1735 1774 1763 obtulerintus
1785 1741 1865 1769 peco-

1074 1786 1160 1818 ribus,
1177 1793 1237 1820 qua:
1260 1792 1319 1812 tttos
1340 1789 1382 1811 est
1400 1783 1454 1810 Deo
1465 1782 1571 1811 oll‘erri.
1592 1789 1651 1809 mos
1668 1785 1759 1808 autem
1776 1784 1819 1806 est
1834 1784 1863 1805 ut

1073 1833 1099 1859 ei
1123 1831 1295 1859 itmnaculata
1319 1834 1347 1857 et
1368 1829 1468 1856 munda
1488 1828 1639 1855 oderantur
1658 1835 1664 1853 :
1686 1831 1785 1852 munus
1811 1831 1865 1850 no-

1074 1884 1160 1906 strum
1179 1877 1251 1904 illico
1267 1876 1464 1907 sanctificatur,
1481 1874 1562 1901 etiam
1579 1881 1634 1900 non
1649 1876 1692 1898 est
1707 1871 1747 1898 fas
1771 1874 1799 1896 ut
1813 1877 1864 1895 nos

1073 1925 1108 1952 de
1120 1932 1154 1952 eo
1165 1924 1308 1959 pmnitcat,
1325 1921 1408 1949 veluti
1427 1921 1449 1948 si
1466 1920 1561 1952 lilium,
1578 1919 1620 1945 vel
1628 1916 1802 1951 discipulum,
1821 1915 1864 1942 vel

1074 1977 1193 2001 servuttt,
1210 1972 1258 1995 aut
1277 1967 1359 1994 alium
1379 1965 1425 2000 qui
1448 1964 1498 1992 sub
1517 1971 1600 1991 mattu
1625 1966 1717 1989 nostra
1740 1965 1790 1989 est.
1809 1959 1865 1986 Deo

1073 2014 1264 2041 obtulerimus.
1283 2013 1375 2047 Neque
1391 2015 1497 2038 mutare
1513 2009 1614 2037 malum
1634 2008 1667 2035 ad
1688 2007 1794 2038 melius,
1817 2011 1865 2032 aut

1073 2058 1175 2085 bonum
1200 2057 1234 2084 ad
1255 2057 1366 2084 malum.
1394 2055 1493 2082 Malum
1520 2057 1610 2080 autent
1639 2051 1683 2078 hic
1706 2050 1783 2081 dicit,
1809 2056 1864 2076 non

1073 2105 1145 2139 quod
1162 2111 1275 2139 pravum
1290 2102 1378 2129 modis
1392 2100 1521 2128 omnibus
1536 2103 1564 2128 et
1579 2097 1766 2128 immundum;
1780 2096 1800 2122 si
1814 2103 1866 2121 au-

1074 2156 1127 2177 tcttt
1145 2149 1315 2177 imtnundum
1333 2153 1384 2178 est.
1405 2154 1459 2173 non
1479 2145 1569 2172 estde
1587 2143 1641 2171 illis
1660 2150 1720 2177 qua:
1743 2148 1804 2168 tuas
1822 2145 1866 2167 est

1074 2196 1165 2224 olIcrri
1179 2196 1243 2228 Deo,
1255 2201 1315 2222 esse
1325 2198 1416 2221 autem
1427 2193 1460 2219 de
1474 2192 1517 2218 his
1535 2197 1596 2225 quas
1607 2187 1738 2216 immolari
1751 2183 1865 2222 poSsunt

1039 2242 1061 2269 D
1076 2241 1203 2274 Domino,
1221 2241 1291 2267 hanc
1305 2238 1471 2267 oblationem
1490 2235 1629 2271 legislator
1644 2233 1722 2260 dixit.
1736 2231 1789 2258 Sed
1805 2238 1862 2256 nta-

1075 2291 1130 2317 lttm
1148 2288 1192 2316 hic
1204 2287 1281 2319 dicit,
1292 2285 1364 2321 quod
1377 2289 1419 2312 est
1434 2283 1565 2313 deterius,
1581 2281 1620 2308 sic
1630 2280 1704 2308 enim
1721 2278 1865 2306 manifeste

1075 2341 1103 2363 et
1118 2334 1298 2371 Symmachus
1314 2331 1434 2359 tradidit.
1449 2329 1509 2356 Non
1530 2327 1618 2356 reddit
1633 2325 1732 2354 melius
1746 2332 1797 2359 pro
1815 2324 1865 2371 de-

1075 2369 1182 2413 teriori,
1202 2385 1250 2407 aut
1267 2379 1390 2407 deterius
1412 2384 1461 2411 pro
1483 2373 1601 2404 meliori,
1617 2376 1648 2400 ut
1665 2379 1719 2399 nott
1741 2371 1816 2398 hunc
1833 2369 1863 2396 lio

1075 2428 1154 2459 liuttt,
1177 2432 1225 2452 aut
1262 2431 1372 2452 servum
1397 2422 1546 2450 ollerentes
1569 2417 1676 2445 Domini
1700 2414 1814 2444 SCI'V‘ltit)
1837 2419 1866 2442 et

1077 2472 1240 2503 ministerio,
1260 2470 1381 2505 recipere
1401 2475 1465 2496 eum
1492 2467 1519 2493 in
1539 2469 1662 2494 nostrum
1682 2461 1866 2491 ministerium

1075 2525 1104 2547 et
1127 2519 1261 2546 utilitates
1282 2516 1407 2548 velimus,
1429 2513 1621 2549 promittentes
1646 2510 1749 2538 offerre
1773 2507 1866 2534 melii»

1076 2573 1132 2593 rem
1155 2564 1287 2594 forsitan,
1308 2562 1350 2590 vel
1374 2560 1549 2589 deteriorem.
1575 2557 1668 2592 Neque
1691 2554 1764 2583 enim
1790 2553 1865 2586 licet,

1076 2617 1188 2648 propter
1204 2610 1277 2646 quod
1296 2614 1324 2637 et
1338 2610 1415 2635 Anna
1433 2607 1467 2634 de
1483 2605 1609 2632 Samuele
1631 2602 1740 2630 dicebat
1756 2608 1763 2627 :
1781 2599 1809 2628 Si
1826 2608 1868 2626 re-

1075 2659 1186 2694 spiciens
1211 2656 1355 2692 respexeris
1377 2655 1411 2681 ad
1434 2653 1612 2680 humilitatem
1633 2648 1737 2676 ancillw
1759 2649 1869 2694 tutatast

1076 2691 1226 2732 memineris
1243 2691 1303 2735 olei,
1322 2707 1346 2729 et
1363 2700 1465 2728 dederis
1484 2697 1588 2726 ancilla
1603 2701 1655 2723 tum
1672 2701 1760 2722 semen
1779 2691 1867 2724 virile,

1078 2754 1101 2775 tu
1113 2748 1184 2774 dabo
1199 2755 1258 2774 eum
1274 2747 1301 2773 in
1316 2749 1452 2780 conspectu
1472 2749 1516 2770 tuo
1533 2742 1627 2769 datum
1646 2746 1726 2774 usque
1743 2737 1778 2764 ad
1797 2737 1866 2764 diem

1076 2793 1168 2820 mortis
1182 2792 1239 2819 e‘"'
1254 2792 1288 2807 “'

597 2883 617 2898 "
634 2884 699 2909 Luc.
717 2890 757 2914 tn,
776 2883 821 2910 23.
856 2882 876 2898 ³²
894 2881 902 2907 1
918 2881 986 2916 Reg.
1003 2889 1021 2915 ι,
1038 2881 1080 2909 ll.
