  <div class='ocr_page' id='page_1' title='image "/cluster/home/n/w/nwhite01/storage/ocr_20150623/93/njp.32101077772836/652.png"; bbox 0 0 2056 3148; ppageno 0'>
   <div class='ocr_carea' id='block_1_1' title="bbox 149 190 215 223">
    <p class='ocr_par' dir='ltr' id='par_1_1' title="bbox 149 190 215 223">
     <span class='ocr_line' id='line_1_1' title="bbox 149 190 215 223; baseline -0.015 0"><span class='ocrx_word' id='word_1_1' title='bbox 149 190 215 223; x_wconf 63' lang='grc'><strong>1165</strong></span> 
     </span>
    </p>
   </div>
   <div class='ocr_carea' id='block_1_2' title="bbox 717 179 1226 215">
    <p class='ocr_par' dir='ltr' id='par_1_2' title="bbox 717 179 1226 215">
     <span class='ocr_line' id='line_1_2' title="bbox 717 179 1226 215; baseline -0.014 0"><span class='ocrx_word' id='word_1_2' title='bbox 717 183 758 215; x_wconf 67' lang='lat' dir='ltr'><strong>IN</strong></span> <span class='ocrx_word' id='word_1_3' title='bbox 779 180 1000 214; x_wconf 74' lang='lat' dir='ltr'><strong>LEVITICUM.</strong></span> <span class='ocrx_word' id='word_1_4' title='bbox 1013 192 1046 198; x_wconf 90' lang='grc'><strong>-</strong></span> <span class='ocrx_word' id='word_1_5' title='bbox 1065 180 1140 210; x_wconf 80' lang='lat' dir='ltr'><strong>LIB.</strong></span> <span class='ocrx_word' id='word_1_6' title='bbox 1158 179 1226 209; x_wconf 77' lang='lat' dir='ltr'><strong>VII.</strong></span> 
     </span>
    </p>
   </div>
   <div class='ocr_carea' id='block_1_3' title="bbox 1713 175 1780 208">
    <p class='ocr_par' dir='ltr' id='par_1_3' title="bbox 1713 175 1780 208">
     <span class='ocr_line' id='line_1_3' title="bbox 1713 175 1780 208; baseline 0.03 -2"><span class='ocrx_word' id='word_1_7' title='bbox 1713 175 1780 208; x_wconf 79' lang='lat' dir='ltr'><strong>llCG</strong></span> 
     </span>
    </p>
   </div>
   <div class='ocr_carea' id='block_1_4' title="bbox 182 233 1780 279">
    <p class='ocr_par' dir='ltr' id='par_1_4' title="bbox 182 233 1780 279">
     <span class='ocr_line' id='line_1_4' title="bbox 182 233 1780 279; baseline -0.008 -7"><span class='ocrx_word' id='word_1_8' title='bbox 182 245 256 279; x_wconf 76' lang='lat' dir='ltr'><strong>Quod</strong></span> <span class='ocrx_word' id='word_1_9' title='bbox 278 245 301 272; x_wconf 74' lang='lat' dir='ltr'><strong>ti</strong></span> <span class='ocrx_word' id='word_1_10' title='bbox 324 245 476 277; x_wconf 80' lang='lat' dir='ltr'><strong>mutaverit,</strong></span> <span class='ocrx_word' id='word_1_11' title='bbox 503 248 527 271; x_wconf 82' lang='lat' dir='ltr'><strong>ct</strong></span> <span class='ocrx_word' id='word_1_12' title='bbox 552 244 637 278; x_wconf 74' lang='lat' dir='ltr'><strong>ipsum</strong></span> <span class='ocrx_word' id='word_1_13' title='bbox 660 242 729 274; x_wconf 78' lang='lat' dir='ltr'><strong>quod</strong></span> <span class='ocrx_word' id='word_1_14' title='bbox 754 245 895 270; x_wconf 82' lang='lat' dir='ltr'><strong>mutatum,</strong></span> <span class='ocrx_word' id='word_1_15' title='bbox 914 242 937 264; x_wconf 71' lang='lat' dir='ltr'><strong>et</strong></span> <span class='ocrx_word' id='word_1_16' title='bbox 954 241 976 267; x_wconf 80' lang='grc' dir='ltr'><strong>Α</strong></span> <span class='ocrx_word' id='word_1_17' title='bbox 990 244 1055 263; x_wconf 89' lang='lat' dir='ltr'><strong>vere</strong></span> <span class='ocrx_word' id='word_1_18' title='bbox 1071 236 1143 263; x_wconf 89' lang='lat' dir='ltr'><strong>hunc</strong></span> <span class='ocrx_word' id='word_1_19' title='bbox 1158 243 1227 270; x_wconf 91' lang='lat' dir='ltr'><strong>opus</strong></span> <span class='ocrx_word' id='word_1_20' title='bbox 1248 235 1340 266; x_wconf 88' lang='lat' dir='ltr'><strong>habet,</strong></span> <span class='ocrx_word' id='word_1_21' title='bbox 1356 239 1383 262; x_wconf 88' lang='lat' dir='ltr'><strong>et</strong></span> <span class='ocrx_word' id='word_1_22' title='bbox 1400 234 1489 262; x_wconf 80' lang='lat' dir='ltr'><strong>facere</strong></span> <span class='ocrx_word' id='word_1_23' title='bbox 1505 233 1713 269; x_wconf 87' lang='lat' dir='ltr'><strong>intelligentem.</strong></span> <span class='ocrx_word' id='word_1_24' title='bbox 1734 233 1780 260; x_wconf 89' lang='lat' dir='ltr'><strong>Sic</strong></span> 
     </span>
    </p>
   </div>
   <div class='ocr_carea' id='block_1_5' title="bbox 149 284 937 325">
    <p class='ocr_par' dir='ltr' id='par_1_5' title="bbox 149 284 937 325">
     <span class='ocr_line' id='line_1_5' title="bbox 149 284 937 325; baseline -0.011 -8"><span class='ocrx_word' id='word_1_25' title='bbox 149 291 211 317; x_wconf 82' lang='lat' dir='ltr'><strong>illud</strong></span> <span class='ocrx_word' id='word_1_26' title='bbox 227 298 275 324; x_wconf 84' lang='lat' dir='ltr'><strong>pro</strong></span> <span class='ocrx_word' id='word_1_27' title='bbox 289 298 340 325; x_wconf 83' lang='lat' dir='ltr'><strong>quo</strong></span> <span class='ocrx_word' id='word_1_28' title='bbox 354 293 485 316; x_wconf 81' lang='lat' dir='ltr'><strong>mutatum</strong></span> <span class='ocrx_word' id='word_1_29' title='bbox 499 293 548 321; x_wconf 74' lang='lat' dir='ltr'><strong>est,</strong></span> <span class='ocrx_word' id='word_1_30' title='bbox 560 292 740 314; x_wconf 70' lang='lat' dir='ltr'><strong>consecration:</strong></span> <span class='ocrx_word' id='word_1_31' title='bbox 752 286 801 313; x_wconf 87' lang='lat' dir='ltr'><strong>erit</strong></span> <span class='ocrx_word' id='word_1_32' title='bbox 816 284 937 311; x_wconf 83' lang='lat' dir='ltr'><strong>Domino.</strong></span> 
     </span>
    </p>
   </div>
   <div class='ocr_carea' id='block_1_6' title="bbox 150 333 938 370">
    <p class='ocr_par' dir='ltr' id='par_1_6' title="bbox 150 333 938 370">
     <span class='ocr_line' id='line_1_6' title="bbox 150 333 938 370; baseline -0.008 -8"><span class='ocrx_word' id='word_1_33' title='bbox 150 335 184 362; x_wconf 87' lang='lat' dir='ltr'><strong>llt</strong></span> <span class='ocrx_word' id='word_1_34' title='bbox 202 335 312 366; x_wconf 80' lang='lat' dir='ltr'><strong>ethunc</strong></span> <span class='ocrx_word' id='word_1_35' title='bbox 332 343 413 370; x_wconf 97' lang='lat' dir='ltr'><strong>quem</strong></span> <span class='ocrx_word' id='word_1_36' title='bbox 425 338 505 361; x_wconf 89' lang='lat' dir='ltr'><strong>antea</strong></span> <span class='ocrx_word' id='word_1_37' title='bbox 531 333 689 363; x_wconf 90' lang='lat' dir='ltr'><strong>obtulimus,</strong></span> <span class='ocrx_word' id='word_1_38' title='bbox 710 336 738 359; x_wconf 90' lang='lat' dir='ltr'><strong>et</strong></span> <span class='ocrx_word' id='word_1_39' title='bbox 766 339 828 358; x_wconf 89' lang='lat' dir='ltr'><strong>eum</strong></span> <span class='ocrx_word' id='word_1_40' title='bbox 856 337 938 364; x_wconf 83' lang='lat' dir='ltr'><strong>quem</strong></span> 
     </span>
    </p>
   </div>
   <div class='ocr_carea' id='block_1_7' title="bbox 149 379 938 416">
    <p class='ocr_par' dir='ltr' id='par_1_7' title="bbox 149 379 938 416">
     <span class='ocr_line' id='line_1_7' title="bbox 149 379 938 416; baseline -0.006 -8"><span class='ocrx_word' id='word_1_41' title='bbox 149 386 252 416; x_wconf 89' lang='lat' dir='ltr'><strong>postea,</strong></span> <span class='ocrx_word' id='word_1_42' title='bbox 261 388 322 408; x_wconf 89' lang='lat' dir='ltr'><strong>cum</strong></span> <span class='ocrx_word' id='word_1_43' title='bbox 333 381 419 415; x_wconf 88' lang='lat' dir='ltr'><strong>prima</strong></span> <span class='ocrx_word' id='word_1_44' title='bbox 431 380 570 408; x_wconf 85' lang='lat' dir='ltr'><strong>oblatione</strong></span> <span class='ocrx_word' id='word_1_45' title='bbox 580 379 794 410; x_wconf 87' lang='lat' dir='ltr'><strong>sanctificemus,</strong></span> <span class='ocrx_word' id='word_1_46' title='bbox 809 381 837 404; x_wconf 91' lang='lat' dir='ltr'><strong>et</strong></span> <span class='ocrx_word' id='word_1_47' title='bbox 849 381 938 404; x_wconf 91' lang='lat' dir='ltr'><strong>utros-</strong></span> 
     </span>
    </p>
   </div>
   <div class='ocr_carea' id='block_1_8' title="bbox 149 423 938 462">
    <p class='ocr_par' dir='ltr' id='par_1_8' title="bbox 149 423 938 462">
     <span class='ocr_line' id='line_1_8' title="bbox 149 423 938 462; baseline -0.005 -8"><span class='ocrx_word' id='word_1_48' title='bbox 149 435 200 462; x_wconf 89' lang='lat' dir='ltr'><strong>que</strong></span> <span class='ocrx_word' id='word_1_49' title='bbox 219 428 273 454; x_wconf 91' lang='lat' dir='ltr'><strong>Deo</strong></span> <span class='ocrx_word' id='word_1_50' title='bbox 288 427 480 454; x_wconf 79' lang='lat' dir='ltr'><strong>concedamus.</strong></span> <span class='ocrx_word' id='word_1_51' title='bbox 494 426 551 454; x_wconf 87' lang='lat' dir='ltr'><strong>Hoc</strong></span> <span class='ocrx_word' id='word_1_52' title='bbox 566 425 639 453; x_wconf 90' lang='lat' dir='ltr'><strong>cnim</strong></span> <span class='ocrx_word' id='word_1_53' title='bbox 656 433 711 452; x_wconf 93' lang='lat' dir='ltr'><strong>non</strong></span> <span class='ocrx_word' id='word_1_54' title='bbox 728 432 778 452; x_wconf 92' lang='lat' dir='ltr'><strong>nos</strong></span> <span class='ocrx_word' id='word_1_55' title='bbox 793 423 938 459; x_wconf 72' lang='lat' dir='ltr'><strong>permittit,</strong></span> 
     </span>
    </p>
   </div>
   <div class='ocr_carea' id='block_1_9' title="bbox 149 466 939 505">
    <p class='ocr_par' dir='ltr' id='par_1_9' title="bbox 149 466 939 505">
     <span class='ocr_line' id='line_1_9' title="bbox 149 466 939 505; baseline -0.005 -7"><span class='ocrx_word' id='word_1_56' title='bbox 149 471 176 498; x_wconf 91' lang='lat' dir='ltr'><strong>in</strong></span> <span class='ocrx_word' id='word_1_57' title='bbox 203 471 247 498; x_wconf 88' lang='lat' dir='ltr'><strong>his</strong></span> <span class='ocrx_word' id='word_1_58' title='bbox 270 478 331 505; x_wconf 73' lang='lat' dir='ltr'><strong>quae</strong></span> <span class='ocrx_word' id='word_1_59' title='bbox 359 471 523 502; x_wconf 79' lang='lat' dir='ltr'><strong>offerimus,</strong></span> <span class='ocrx_word' id='word_1_60' title='bbox 550 469 739 505; x_wconf 53' lang='lat' dir='ltr'><strong>paenitentiam</strong></span> <span class='ocrx_word' id='word_1_61' title='bbox 765 475 846 503; x_wconf 83' lang='lat' dir='ltr'><strong>agere</strong></span> <span class='ocrx_word' id='word_1_62' title='bbox 865 476 871 494; x_wconf 91' lang='lat'>:</span> <span class='ocrx_word' id='word_1_63' title='bbox 890 466 939 494; x_wconf 86' lang='lat' dir='ltr'><strong>sed</strong></span> 
     </span>
    </p>
   </div>
   <div class='ocr_carea' id='block_1_10' title="bbox 148 513 937 553">
    <p class='ocr_par' dir='ltr' id='par_1_10' title="bbox 148 513 937 553">
     <span class='ocr_line' id='line_1_10' title="bbox 148 513 937 553; baseline -0.008 -8"><span class='ocrx_word' id='word_1_64' title='bbox 148 517 270 553; x_wconf 83' lang='lat' dir='ltr'><strong>percutit</strong></span> <span class='ocrx_word' id='word_1_65' title='bbox 289 517 451 544; x_wconf 83' lang='lat' dir='ltr'><strong>inimicum:</strong></span> <span class='ocrx_word' id='word_1_66' title='bbox 467 517 512 551; x_wconf 89' lang='lat' dir='ltr'><strong>qui</strong></span> <span class='ocrx_word' id='word_1_67' title='bbox 538 516 618 543; x_wconf 92' lang='lat' dir='ltr'><strong>nobis</strong></span> <span class='ocrx_word' id='word_1_68' title='bbox 639 515 773 550; x_wconf 68' lang='lat' dir='ltr'><strong>ptetritere</strong></span> <span class='ocrx_word' id='word_1_69' title='bbox 795 513 937 549; x_wconf 79' lang='lat' dir='ltr'><strong>suggessit,</strong></span> 
     </span>
    </p>
   </div>
   <div class='ocr_carea' id='block_1_11' title="bbox 149 561 938 597">
    <p class='ocr_par' dir='ltr' id='par_1_11' title="bbox 149 561 938 597">
     <span class='ocr_line' id='line_1_11' title="bbox 149 561 938 597; baseline -0.004 -7"><span class='ocrx_word' id='word_1_70' title='bbox 149 563 213 590; x_wconf 94' lang='lat' dir='ltr'><strong>dum</strong></span> <span class='ocrx_word' id='word_1_71' title='bbox 242 563 370 590; x_wconf 75' lang='lat' dir='ltr'><strong>videlicet</strong></span> <span class='ocrx_word' id='word_1_72' title='bbox 399 563 569 597; x_wconf 90' lang='lat' dir='ltr'><strong>duplicamus</strong></span> <span class='ocrx_word' id='word_1_73' title='bbox 593 566 713 588; x_wconf 88' lang='lat' dir='ltr'><strong>nostram</strong></span> <span class='ocrx_word' id='word_1_74' title='bbox 744 561 938 588; x_wconf 81' lang='lat' dir='ltr'><strong>oblationem:</strong></span> 
     </span>
    </p>
   </div>
   <div class='ocr_carea' id='block_1_12' title="bbox 149 607 854 644">
    <p class='ocr_par' dir='ltr' id='par_1_12' title="bbox 149 607 854 644">
     <span class='ocr_line' id='line_1_12' title="bbox 149 607 854 644; baseline -0.003 -8"><span class='ocrx_word' id='word_1_75' title='bbox 149 617 229 644; x_wconf 89' lang='lat' dir='ltr'><strong>quam</strong></span> <span class='ocrx_word' id='word_1_76' title='bbox 247 609 292 636; x_wconf 88' lang='lat' dir='ltr'><strong>ille</strong></span> <span class='ocrx_word' id='word_1_77' title='bbox 307 617 356 644; x_wconf 86' lang='lat' dir='ltr'><strong>per</strong></span> <span class='ocrx_word' id='word_1_78' title='bbox 371 608 559 644; x_wconf 68' lang='lat' dir='ltr'><strong>paenitentiam</strong></span> <span class='ocrx_word' id='word_1_79' title='bbox 578 608 743 642; x_wconf 84' lang='lat' dir='ltr'><strong>intercipere</strong></span> <span class='ocrx_word' id='word_1_80' title='bbox 760 607 854 634; x_wconf 82' lang='lat' dir='ltr'><strong>voluit.</strong></span> 
     </span>
    </p>
   </div>
   <div class='ocr_carea' id='block_1_13' title="bbox 184 652 940 688">
    <p class='ocr_par' dir='ltr' id='par_1_13' title="bbox 184 652 940 688">
     <span class='ocr_line' id='line_1_13' title="bbox 184 652 940 688; baseline -0.001 -8"><span class='ocrx_word' id='word_1_81' title='bbox 184 654 267 682; x_wconf 72' lang='lat' dir='ltr'><strong>Vens.</strong></span> <span class='ocrx_word' id='word_1_82' title='bbox 283 655 373 682; x_wconf 76' lang='lat' dir='ltr'><strong>il-lS.</strong></span> <span class='ocrx_word' id='word_1_83' title='bbox 391 664 400 681; x_wconf 64' lang='grc' dir='ltr'><strong>ι</strong></span> <span class='ocrx_word' id='word_1_84' title='bbox 416 654 522 681; x_wconf 78' lang='lat' dir='ltr'><strong>Animal</strong></span> <span class='ocrx_word' id='word_1_85' title='bbox 539 654 710 681; x_wconf 89' lang='lat' dir='ltr'><strong>immundum</strong></span> <span class='ocrx_word' id='word_1_86' title='bbox 720 653 792 688; x_wconf 89' lang='lat' dir='ltr'><strong>quod</strong></span> <span class='ocrx_word' id='word_1_87' title='bbox 806 652 940 680; x_wconf 89' lang='lat' dir='ltr'><strong>immolari</strong></span> 
     </span>
    </p>
   </div>
   <div class='ocr_carea' id='block_1_14' title="bbox 150 699 942 735">
    <p class='ocr_par' dir='ltr' id='par_1_14' title="bbox 150 699 942 735">
     <span class='ocr_line' id='line_1_14' title="bbox 150 699 942 735; baseline -0.001 -8"><span class='ocrx_word' id='word_1_88' title='bbox 150 700 267 728; x_wconf 86' lang='lat' dir='ltr'><strong>Domino</strong></span> <span class='ocrx_word' id='word_1_89' title='bbox 282 708 336 727; x_wconf 93' lang='lat' dir='ltr'><strong>non</strong></span> <span class='ocrx_word' id='word_1_90' title='bbox 351 705 440 735; x_wconf 79' lang='lat' dir='ltr'><strong>potest</strong></span> <span class='ocrx_word' id='word_1_91' title='bbox 460 699 481 728; x_wconf 84' lang='lat' dir='ltr'><strong>si</strong></span> <span class='ocrx_word' id='word_1_92' title='bbox 503 700 564 735; x_wconf 85' lang='lat' dir='ltr'><strong>quis</strong></span> <span class='ocrx_word' id='word_1_93' title='bbox 584 700 701 730; x_wconf 81' lang='lat' dir='ltr'><strong>voverit.</strong></span> <span class='ocrx_word' id='word_1_94' title='bbox 714 700 864 726; x_wconf 78' lang='lat' dir='ltr'><strong>adducatur</strong></span> <span class='ocrx_word' id='word_1_95' title='bbox 879 703 942 726; x_wconf 89' lang='lat' dir='ltr'><strong>ante</strong></span> 
     </span>
    </p>
   </div>
   <div class='ocr_carea' id='block_1_15' title="bbox 149 745 941 780">
    <p class='ocr_par' dir='ltr' id='par_1_15' title="bbox 149 745 941 780">
     <span class='ocr_line' id='line_1_15' title="bbox 149 745 941 780; baseline -0.001 -8"><span class='ocrx_word' id='word_1_96' title='bbox 149 747 330 774; x_wconf 87' lang='lat' dir='ltr'><strong>sacerdotem.</strong></span> <span class='ocrx_word' id='word_1_97' title='bbox 354 746 406 779; x_wconf 87' lang='lat' dir='ltr'><strong>Qui</strong></span> <span class='ocrx_word' id='word_1_98' title='bbox 428 746 582 780; x_wconf 86' lang='lat' dir='ltr'><strong>dijudicans</strong></span> <span class='ocrx_word' id='word_1_99' title='bbox 606 754 640 773; x_wconf 95' lang='lat' dir='ltr'><strong>an</strong></span> <span class='ocrx_word' id='word_1_100' title='bbox 658 746 776 776; x_wconf 86' lang='lat' dir='ltr'><strong>bonum,</strong></span> <span class='ocrx_word' id='word_1_101' title='bbox 791 753 824 772; x_wconf 91' lang='lat' dir='ltr'><strong>an</strong></span> <span class='ocrx_word' id='word_1_102' title='bbox 840 745 941 772; x_wconf 88' lang='lat' dir='ltr'><strong>malum</strong></span> 
     </span>
    </p>
   </div>
   <div class='ocr_carea' id='block_1_16' title="bbox 150 790 941 827">
    <p class='ocr_par' dir='ltr' id='par_1_16' title="bbox 150 790 941 827">
     <span class='ocr_line' id='line_1_16' title="bbox 150 790 941 827; baseline -0.003 -8"><span class='ocrx_word' id='word_1_103' title='bbox 150 792 196 822; x_wconf 88' lang='lat' dir='ltr'><strong>sit.</strong></span> <span class='ocrx_word' id='word_1_104' title='bbox 208 796 312 819; x_wconf 89' lang='lat' dir='ltr'><strong>statuet</strong></span> <span class='ocrx_word' id='word_1_105' title='bbox 334 792 452 826; x_wconf 87' lang='lat' dir='ltr'><strong>pretium</strong></span> <span class='ocrx_word' id='word_1_106' title='bbox 470 801 476 818; x_wconf 95' lang='lat'><em>:</em></span> <span class='ocrx_word' id='word_1_107' title='bbox 493 792 567 827; x_wconf 88' lang='lat' dir='ltr'><strong>quod</strong></span> <span class='ocrx_word' id='word_1_108' title='bbox 591 792 613 818; x_wconf 94' lang='lat' dir='ltr'><strong>si</strong></span> <span class='ocrx_word' id='word_1_109' title='bbox 633 792 699 819; x_wconf 88' lang='lat' dir='ltr'><strong>dare</strong></span> <span class='ocrx_word' id='word_1_110' title='bbox 720 791 836 818; x_wconf 89' lang='lat' dir='ltr'><strong>voluerit</strong></span> <span class='ocrx_word' id='word_1_111' title='bbox 858 791 880 818; x_wconf 92' lang='lat' dir='ltr'><strong>is</strong></span> <span class='ocrx_word' id='word_1_112' title='bbox 895 790 941 825; x_wconf 87' lang='lat' dir='ltr'><strong>qui</strong></span> 
     </span>
    </p>
   </div>
   <div class='ocr_carea' id='block_1_17' title="bbox 149 837 941 872">
    <p class='ocr_par' dir='ltr' id='par_1_17' title="bbox 149 837 941 872">
     <span class='ocr_line' id='line_1_17' title="bbox 149 837 941 872; baseline -0.001 -8"><span class='ocrx_word' id='word_1_113' title='bbox 149 837 249 867; x_wconf 89' lang='lat' dir='ltr'><strong>offert.</strong></span> <span class='ocrx_word' id='word_1_114' title='bbox 277 837 358 864; x_wconf 82' lang='lat' dir='ltr'><strong>addet</strong></span> <span class='ocrx_word' id='word_1_115' title='bbox 381 845 464 872; x_wconf 83' lang='lat' dir='ltr'><strong>supra</strong></span> <span class='ocrx_word' id='word_1_116' title='bbox 489 837 700 865; x_wconf 65' lang='lat' dir='ltr'><strong>aestimationem</strong></span> <span class='ocrx_word' id='word_1_117' title='bbox 726 837 849 872; x_wconf 88' lang='lat' dir='ltr'><strong>quintam</strong></span> <span class='ocrx_word' id='word_1_118' title='bbox 878 845 941 872; x_wconf 92' lang='lat' dir='ltr'><strong>par-</strong></span> 
     </span>
    </p>
   </div>
   <div class='ocr_carea' id='block_1_18' title="bbox 150 887 250 910">
    <p class='ocr_par' dir='ltr' id='par_1_18' title="bbox 150 887 250 910">
     <span class='ocr_line' id='line_1_18' title="bbox 150 887 250 910; baseline 0 -1"><span class='ocrx_word' id='word_1_119' title='bbox 150 887 216 910; x_wconf 86' lang='lat' dir='ltr'><strong>tem.</strong></span> <span class='ocrx_word' id='word_1_120' title='bbox 240 892 250 909; x_wconf 76' lang='grc' dir='ltr'>ι</span> 
     </span>
    </p>
   </div>
   <div class='ocr_carea' id='block_1_19' title="bbox 990 280 1779 317">
    <p class='ocr_par' dir='ltr' id='par_1_19' title="bbox 990 280 1779 317">
     <span class='ocr_line' id='line_1_19' title="bbox 990 280 1779 317; baseline -0.005 -7"><span class='ocrx_word' id='word_1_121' title='bbox 990 282 1063 310; x_wconf 89' lang='lat' dir='ltr'><strong>enim</strong></span> <span class='ocrx_word' id='word_1_122' title='bbox 1078 282 1254 317; x_wconf 80' lang='lat' dir='ltr'><strong>semetipsum</strong></span> <span class='ocrx_word' id='word_1_123' title='bbox 1267 281 1428 317; x_wconf 72' lang='lat' dir='ltr'><strong>gubernare,</strong></span> <span class='ocrx_word' id='word_1_124' title='bbox 1444 285 1535 308; x_wconf 85' lang='lat' dir='ltr'><strong>etnon</strong></span> <span class='ocrx_word' id='word_1_125' title='bbox 1549 287 1660 307; x_wconf 86' lang='lat' dir='ltr'><strong>necesse</strong></span> <span class='ocrx_word' id='word_1_126' title='bbox 1678 280 1779 307; x_wconf 86' lang='lat' dir='ltr'><strong>habere</strong></span> 
     </span>
    </p>
   </div>
   <div class='ocr_carea' id='block_1_20' title="bbox 991 327 1661 363">
    <p class='ocr_par' dir='ltr' id='par_1_20' title="bbox 991 327 1661 363">
     <span class='ocr_line' id='line_1_20' title="bbox 991 327 1661 363; baseline -0.004 -8"><span class='ocrx_word' id='word_1_127' title='bbox 991 328 1102 356; x_wconf 83' lang='lat' dir='ltr'><strong>alterius</strong></span> <span class='ocrx_word' id='word_1_128' title='bbox 1119 328 1264 363; x_wconf 66' lang='lat' dir='ltr'><strong>paedagoga</strong></span> <span class='ocrx_word' id='word_1_129' title='bbox 1281 327 1390 362; x_wconf 82' lang='lat' dir='ltr'><strong>poterit.</strong></span> <span class='ocrx_word' id='word_1_130' title='bbox 1658 335 1661 337; x_wconf 49' lang='grc' dir='ltr'><strong>λ</strong></span> 
     </span>
    </p>
   </div>
   <div class='ocr_carea' id='block_1_21' title="bbox 1028 373 1782 405">
    <p class='ocr_par' dir='ltr' id='par_1_21' title="bbox 1028 373 1782 405">
     <span class='ocr_line' id='line_1_21' title="bbox 1028 373 1782 405; baseline -0.003 -4"><span class='ocrx_word' id='word_1_131' title='bbox 1028 374 1109 401; x_wconf 74' lang='lat' dir='ltr'><strong>Vsus.</strong></span> <span class='ocrx_word' id='word_1_132' title='bbox 1130 374 1221 400; x_wconf 67' lang='lat' dir='ltr'><strong>M49.</strong></span> <span class='ocrx_word' id='word_1_133' title='bbox 1242 383 1251 398; x_wconf 86' lang='grc'><strong><em>‹</em></strong></span> <span class='ocrx_word' id='word_1_134' title='bbox 1265 373 1352 400; x_wconf 77' lang='grc' dir='ltr'><strong>Ηοηιο</strong></span> <span class='ocrx_word' id='word_1_135' title='bbox 1366 373 1388 399; x_wconf 87' lang='lat' dir='ltr'><strong>si</strong></span> <span class='ocrx_word' id='word_1_136' title='bbox 1402 373 1506 401; x_wconf 88' lang='lat' dir='ltr'><strong>voverit</strong></span> <span class='ocrx_word' id='word_1_137' title='bbox 1518 373 1630 400; x_wconf 90' lang='lat' dir='ltr'><strong>domum</strong></span> <span class='ocrx_word' id='word_1_138' title='bbox 1652 380 1740 405; x_wconf 88' lang='lat' dir='ltr'><strong>suam,</strong></span> <span class='ocrx_word' id='word_1_139' title='bbox 1753 377 1782 400; x_wconf 82' lang='lat' dir='ltr'><strong>et</strong></span> 
     </span>
    </p>
   </div>
   <div class='ocr_carea' id='block_1_22' title="bbox 991 419 1782 452">
    <p class='ocr_par' dir='ltr' id='par_1_22' title="bbox 991 419 1782 452">
     <span class='ocr_line' id='line_1_22' title="bbox 991 419 1782 452; baseline -0.003 -5"><span class='ocrx_word' id='word_1_140' title='bbox 991 419 1203 448; x_wconf 84' lang='lat' dir='ltr'><strong>sanctificaverit</strong></span> <span class='ocrx_word' id='word_1_141' title='bbox 1220 419 1347 451; x_wconf 85' lang='lat' dir='ltr'><strong>Domino,</strong></span> <span class='ocrx_word' id='word_1_142' title='bbox 1366 419 1552 447; x_wconf 89' lang='lat' dir='ltr'><strong>considerabit</strong></span> <span class='ocrx_word' id='word_1_143' title='bbox 1569 427 1629 447; x_wconf 86' lang='lat' dir='ltr'><strong>eam</strong></span> <span class='ocrx_word' id='word_1_144' title='bbox 1643 420 1782 452; x_wconf 74' lang='lat' dir='ltr'><strong>sacerdos,</strong></span> 
     </span>
    </p>
   </div>
   <div class='ocr_carea' id='block_1_23' title="bbox 992 465 1783 501">
    <p class='ocr_par' dir='ltr' id='par_1_23' title="bbox 992 465 1783 501">
     <span class='ocr_line' id='line_1_23' title="bbox 992 465 1783 501; baseline 0 -8"><span class='ocrx_word' id='word_1_145' title='bbox 992 471 1083 494; x_wconf 90' lang='lat' dir='ltr'><strong>utrum</strong></span> <span class='ocrx_word' id='word_1_146' title='bbox 1104 466 1176 493; x_wconf 88' lang='lat' dir='ltr'><strong>bona</strong></span> <span class='ocrx_word' id='word_1_147' title='bbox 1194 473 1228 492; x_wconf 88' lang='lat' dir='ltr'><strong>an</strong></span> <span class='ocrx_word' id='word_1_148' title='bbox 1243 465 1314 492; x_wconf 85' lang='lat' dir='ltr'><strong>mala</strong></span> <span class='ocrx_word' id='word_1_149' title='bbox 1325 465 1371 497; x_wconf 85' lang='lat' dir='ltr'><strong>sit,</strong></span> <span class='ocrx_word' id='word_1_150' title='bbox 1388 465 1502 500; x_wconf 87' lang='lat' dir='ltr'><strong>etjuxta</strong></span> <span class='ocrx_word' id='word_1_151' title='bbox 1514 465 1643 500; x_wconf 88' lang='lat' dir='ltr'><strong>pretium,</strong></span> <span class='ocrx_word' id='word_1_152' title='bbox 1660 466 1733 501; x_wconf 91' lang='lat' dir='ltr'><strong>quod</strong></span> <span class='ocrx_word' id='word_1_153' title='bbox 1749 466 1783 493; x_wconf 85' lang='lat' dir='ltr'><strong>ab</strong></span> 
     </span>
    </p>
   </div>
   <div class='ocr_carea' id='block_1_24' title="bbox 991 511 1784 544">
    <p class='ocr_par' dir='ltr' id='par_1_24' title="bbox 991 511 1784 544">
     <span class='ocr_line' id='line_1_24' title="bbox 991 511 1784 544; baseline 0.001 -5"><span class='ocrx_word' id='word_1_154' title='bbox 991 519 1025 539; x_wconf 92' lang='lat' dir='ltr'><strong>eo</strong></span> <span class='ocrx_word' id='word_1_155' title='bbox 1046 511 1131 538; x_wconf 87' lang='lat' dir='ltr'><strong>fuerit</strong></span> <span class='ocrx_word' id='word_1_156' title='bbox 1150 511 1339 544; x_wconf 83' lang='lat' dir='ltr'><strong>constitutum,</strong></span> <span class='ocrx_word' id='word_1_157' title='bbox 1370 512 1555 540; x_wconf 89' lang='lat' dir='ltr'><strong>venundetur.</strong></span> <span class='ocrx_word' id='word_1_158' title='bbox 1569 513 1598 540; x_wconf 89' lang='lat' dir='ltr'><strong>Si</strong></span> <span class='ocrx_word' id='word_1_159' title='bbox 1623 519 1714 540; x_wconf 88' lang='lat' dir='ltr'><strong>autem</strong></span> <span class='ocrx_word' id='word_1_160' title='bbox 1739 513 1784 540; x_wconf 90' lang='lat' dir='ltr'><strong>illc</strong></span> 
     </span>
    </p>
   </div>
   <div class='ocr_carea' id='block_1_25' title="bbox 991 557 1785 594">
    <p class='ocr_par' dir='ltr' id='par_1_25' title="bbox 991 557 1785 594">
     <span class='ocr_line' id='line_1_25' title="bbox 991 557 1785 594; baseline 0.004 -11"><span class='ocrx_word' id='word_1_161' title='bbox 991 557 1036 592; x_wconf 90' lang='lat' dir='ltr'><strong>qui</strong></span> <span class='ocrx_word' id='word_1_162' title='bbox 1053 557 1168 588; x_wconf 88' lang='lat' dir='ltr'><strong>voverit,</strong></span> <span class='ocrx_word' id='word_1_163' title='bbox 1189 557 1306 584; x_wconf 86' lang='lat' dir='ltr'><strong>voluerit</strong></span> <span class='ocrx_word' id='word_1_164' title='bbox 1336 557 1469 585; x_wconf 87' lang='lat' dir='ltr'><strong>redimere</strong></span> <span class='ocrx_word' id='word_1_165' title='bbox 1484 566 1556 589; x_wconf 84' lang='lat' dir='ltr'><strong>eam,</strong></span> <span class='ocrx_word' id='word_1_166' title='bbox 1571 559 1647 586; x_wconf 84' lang='lat' dir='ltr'><strong>dabit</strong></span> <span class='ocrx_word' id='word_1_167' title='bbox 1660 559 1785 594; x_wconf 87' lang='lat' dir='ltr'><strong>quintam</strong></span> 
     </span>
    </p>
   </div>
   <div class='ocr_carea' id='block_1_26' title="bbox 992 603 1785 638">
    <p class='ocr_par' dir='ltr' id='par_1_26' title="bbox 992 603 1785 638">
     <span class='ocr_line' id='line_1_26' title="bbox 992 603 1785 638; baseline 0.003 -8"><span class='ocrx_word' id='word_1_168' title='bbox 992 606 1097 638; x_wconf 89' lang='lat' dir='ltr'><strong>partem</strong></span> <span class='ocrx_word' id='word_1_169' title='bbox 1108 603 1298 630; x_wconf 78' lang='lat' dir='ltr'><strong>:estimationis</strong></span> <span class='ocrx_word' id='word_1_170' title='bbox 1308 611 1401 638; x_wconf 89' lang='lat' dir='ltr'><strong>supra,</strong></span> <span class='ocrx_word' id='word_1_171' title='bbox 1413 608 1441 631; x_wconf 90' lang='lat' dir='ltr'><strong>et</strong></span> <span class='ocrx_word' id='word_1_172' title='bbox 1450 603 1561 631; x_wconf 87' lang='lat' dir='ltr'><strong>habebit</strong></span> <span class='ocrx_word' id='word_1_173' title='bbox 1572 605 1693 632; x_wconf 88' lang='lat' dir='ltr'><strong>domum.</strong></span> <span class='ocrx_word' id='word_1_174' title='bbox 1706 605 1785 638; x_wconf 84' lang='lat' dir='ltr'><strong>Quod</strong></span> 
     </span>
    </p>
   </div>
   <div class='ocr_carea' id='block_1_27' title="bbox 993 649 1786 684">
    <p class='ocr_par' dir='ltr' id='par_1_27' title="bbox 993 649 1786 684">
     <span class='ocr_line' id='line_1_27' title="bbox 993 649 1786 684; baseline 0.003 -8"><span class='ocrx_word' id='word_1_175' title='bbox 993 649 1015 676; x_wconf 88' lang='lat' dir='ltr'><strong>si</strong></span> <span class='ocrx_word' id='word_1_176' title='bbox 1031 657 1127 684; x_wconf 87' lang='lat' dir='ltr'><strong>agrum</strong></span> <span class='ocrx_word' id='word_1_177' title='bbox 1142 650 1326 684; x_wconf 79' lang='lat' dir='ltr'><strong>possessionis</strong></span> <span class='ocrx_word' id='word_1_178' title='bbox 1339 657 1394 677; x_wconf 81' lang='lat' dir='ltr'><strong>suae</strong></span> <span class='ocrx_word' id='word_1_179' title='bbox 1410 650 1525 680; x_wconf 86' lang='lat' dir='ltr'><strong>voverit.</strong></span> <span class='ocrx_word' id='word_1_180' title='bbox 1541 655 1569 678; x_wconf 87' lang='lat' dir='ltr'><strong>et</strong></span> <span class='ocrx_word' id='word_1_181' title='bbox 1585 651 1786 678; x_wconf 83' lang='lat' dir='ltr'><strong>consecraverit</strong></span> 
     </span>
    </p>
   </div>
   <div class='ocr_carea' id='block_1_28' title="bbox 995 695 1786 730">
    <p class='ocr_par' dir='ltr' id='par_1_28' title="bbox 995 695 1786 730">
     <span class='ocr_line' id='line_1_28' title="bbox 995 695 1786 730; baseline 0.003 -8"><span class='ocrx_word' id='word_1_182' title='bbox 995 695 1122 727; x_wconf 90' lang='lat' dir='ltr'><strong>Domino,</strong></span> <span class='ocrx_word' id='word_1_183' title='bbox 1156 696 1234 730; x_wconf 81' lang='lat' dir='ltr'><strong>juxta</strong></span> <span class='ocrx_word' id='word_1_184' title='bbox 1255 704 1412 723; x_wconf 87' lang='lat' dir='ltr'><strong>mensuram</strong></span> <span class='ocrx_word' id='word_1_185' title='bbox 1452 697 1584 724; x_wconf 83' lang='lat' dir='ltr'><strong>sementis</strong></span> <span class='ocrx_word' id='word_1_186' title='bbox 1607 697 1786 725; x_wconf 81' lang='lat' dir='ltr'><strong>:cstimabitur</strong></span> 
     </span>
    </p>
   </div>
   <div class='ocr_carea' id='block_1_29' title="bbox 994 741 1786 777">
    <p class='ocr_par' dir='ltr' id='par_1_29' title="bbox 994 741 1786 777">
     <span class='ocr_line' id='line_1_29' title="bbox 994 741 1786 777; baseline 0.004 -9"><span class='ocrx_word' id='word_1_187' title='bbox 994 741 1123 776; x_wconf 86' lang='lat' dir='ltr'><strong>pretium.</strong></span> <span class='ocrx_word' id='word_1_188' title='bbox 1140 742 1168 768; x_wconf 88' lang='lat' dir='ltr'><strong>Si</strong></span> <span class='ocrx_word' id='word_1_189' title='bbox 1193 742 1302 777; x_wconf 80' lang='lat' dir='ltr'><strong>triginta</strong></span> <span class='ocrx_word' id='word_1_190' title='bbox 1329 743 1428 770; x_wconf 87' lang='lat' dir='ltr'><strong>modiis</strong></span> <span class='ocrx_word' id='word_1_191' title='bbox 1454 743 1549 770; x_wconf 86' lang='lat' dir='ltr'><strong>hordei</strong></span> <span class='ocrx_word' id='word_1_192' title='bbox 1575 744 1677 771; x_wconf 86' lang='lat' dir='ltr'><strong>seritur</strong></span> <span class='ocrx_word' id='word_1_193' title='bbox 1703 750 1786 775; x_wconf 84' lang='lat' dir='ltr'><strong>terra,</strong></span> 
     </span>
    </p>
   </div>
   <div class='ocr_carea' id='block_1_30' title="bbox 993 788 1788 824">
    <p class='ocr_par' dir='ltr' id='par_1_30' title="bbox 993 788 1788 824">
     <span class='ocr_line' id='line_1_30' title="bbox 993 788 1788 824; baseline 0 -10"><span class='ocrx_word' id='word_1_194' title='bbox 993 788 1190 823; x_wconf 79' lang='lat' dir='ltr'><strong>quinquaginta</strong></span> <span class='ocrx_word' id='word_1_195' title='bbox 1209 788 1284 815; x_wconf 85' lang='lat' dir='ltr'><strong>siclis</strong></span> <span class='ocrx_word' id='word_1_196' title='bbox 1298 788 1426 815; x_wconf 84' lang='lat' dir='ltr'><strong>venietur</strong></span> <span class='ocrx_word' id='word_1_197' title='bbox 1447 789 1561 824; x_wconf 77' lang='lat' dir='ltr'><strong>argenti.</strong></span> <span class='ocrx_word' id='word_1_198' title='bbox 1587 789 1615 816; x_wconf 81' lang='lat' dir='ltr'><strong>Si</strong></span> <span class='ocrx_word' id='word_1_199' title='bbox 1640 789 1731 816; x_wconf 82' lang='lat' dir='ltr'><strong>statim</strong></span> <span class='ocrx_word' id='word_1_200' title='bbox 1752 789 1788 816; x_wconf 76' lang='lat' dir='ltr'><strong>ali</strong></span> 
     </span>
    </p>
   </div>
   <div class='ocr_carea' id='block_1_31' title="bbox 993 832 1786 869">
    <p class='ocr_par' dir='ltr' id='par_1_31' title="bbox 993 832 1786 869">
     <span class='ocr_line' id='line_1_31' title="bbox 993 832 1786 869; baseline 0.001 -9"><span class='ocrx_word' id='word_1_201' title='bbox 993 840 1067 860; x_wconf 83' lang='lat' dir='ltr'><strong>anno</strong></span> <span class='ocrx_word' id='word_1_202' title='bbox 1078 833 1234 867; x_wconf 81' lang='lat' dir='ltr'><strong>incipientis</strong></span> <span class='ocrx_word' id='word_1_203' title='bbox 1241 832 1347 861; x_wconf 61' lang='lat' dir='ltr'><strong>Jubilaai</strong></span> <span class='ocrx_word' id='word_1_204' title='bbox 1359 834 1684 869; x_wconf 80' lang='lat' dir='ltr'><strong>voveritagrum,quantu</strong></span> <span class='ocrx_word' id='word_1_205' title='bbox 1696 835 1786 862; x_wconf 66' lang='lat' dir='ltr'><strong>vaiere</strong></span> 
     </span>
    </p>
   </div>
   <div class='ocr_carea' id='block_1_32' title="bbox 994 878 1786 914">
    <p class='ocr_par' dir='ltr' id='par_1_32' title="bbox 994 878 1786 914">
     <span class='ocr_line' id='line_1_32' title="bbox 994 878 1786 914; baseline 0.004 -10"><span class='ocrx_word' id='word_1_206' title='bbox 994 882 1095 912; x_wconf 84' lang='lat' dir='ltr'><strong>potest,</strong></span> <span class='ocrx_word' id='word_1_207' title='bbox 1107 881 1184 905; x_wconf 85' lang='lat' dir='ltr'><strong>tanto</strong></span> <span class='ocrx_word' id='word_1_208' title='bbox 1195 878 1392 910; x_wconf 73' lang='lat' dir='ltr'><strong>:estimabitur;</strong></span> <span class='ocrx_word' id='word_1_209' title='bbox 1408 878 1431 904; x_wconf 89' lang='lat' dir='ltr'><strong>si</strong></span> <span class='ocrx_word' id='word_1_210' title='bbox 1444 883 1535 905; x_wconf 87' lang='lat' dir='ltr'><strong>autem</strong></span> <span class='ocrx_word' id='word_1_211' title='bbox 1548 879 1786 914; x_wconf 86' lang='lat' dir='ltr'><strong>postaliquantnm</strong></span> 
     </span>
    </p>
   </div>
   <div class='ocr_carea' id='block_1_33' title="bbox 187 923 944 964">
    <p class='ocr_par' dir='ltr' id='par_1_33' title="bbox 187 928 943 964">
     <span class='ocr_line' id='line_1_33' title="bbox 187 928 943 964; baseline 0 -9"><span class='ocrx_word' id='word_1_212' title='bbox 187 929 369 964; x_wconf 85' lang='lat' dir='ltr'><strong>lnquirendus</strong></span> <span class='ocrx_word' id='word_1_213' title='bbox 389 934 430 956; x_wconf 78' lang='lat' dir='ltr'><strong>cst</strong></span> <span class='ocrx_word' id='word_1_214' title='bbox 452 929 574 960; x_wconf 80' lang='lat' dir='ltr'><strong>Judams,</strong></span> <span class='ocrx_word' id='word_1_215' title='bbox 595 929 732 964; x_wconf 86' lang='lat' dir='ltr'><strong>quomodo</strong></span> <span class='ocrx_word' id='word_1_216' title='bbox 756 929 808 956; x_wconf 90' lang='lat' dir='ltr'><strong>hoc</strong></span> <span class='ocrx_word' id='word_1_217' title='bbox 830 928 943 956; x_wconf 89' lang='lat' dir='ltr'><strong>manda-</strong></span> 
     </span>
    </p>
   </div>
   <div class='ocr_carea' id='block_1_34' title="bbox 997 923 1786 964">
    <p class='ocr_par' dir='ltr' id='par_1_34' title="bbox 997 923 1786 960">
     <span class='ocr_line' id='line_1_34' title="bbox 997 923 1786 960; baseline 0.003 -10"><span class='ocrx_word' id='word_1_218' title='bbox 997 923 1137 957; x_wconf 78' lang='lat' dir='ltr'><strong>tcmporis,</strong></span> <span class='ocrx_word' id='word_1_219' title='bbox 1156 923 1316 958; x_wconf 77' lang='lat' dir='ltr'><strong>supputabit</strong></span> <span class='ocrx_word' id='word_1_220' title='bbox 1336 924 1465 951; x_wconf 87' lang='lat' dir='ltr'><strong>sacerdos</strong></span> <span class='ocrx_word' id='word_1_221' title='bbox 1480 925 1625 959; x_wconf 80' lang='lat' dir='ltr'><strong>pecuniam</strong></span> <span class='ocrx_word' id='word_1_222' title='bbox 1639 925 1719 960; x_wconf 82' lang='lat' dir='ltr'><strong>juxta</strong></span> <span class='ocrx_word' id='word_1_223' title='bbox 1736 934 1786 952; x_wconf 88' lang='lat' dir='ltr'><strong>an-</strong></span> 
     </span>
    </p>
   </div>
   <div class='ocr_carea' id='block_1_35' title="bbox 150 975 942 1010">
    <p class='ocr_par' dir='ltr' id='par_1_35' title="bbox 150 975 942 1010">
     <span class='ocr_line' id='line_1_35' title="bbox 150 975 942 1010; baseline -0.001 -8"><span class='ocrx_word' id='word_1_224' title='bbox 150 979 208 1002; x_wconf 88' lang='lat' dir='ltr'><strong>tum</strong></span> <span class='ocrx_word' id='word_1_225' title='bbox 232 980 305 1003; x_wconf 87' lang='lat' dir='ltr'><strong>stare</strong></span> <span class='ocrx_word' id='word_1_226' title='bbox 323 976 402 1010; x_wconf 82' lang='lat' dir='ltr'><strong>juxta</strong></span> <span class='ocrx_word' id='word_1_227' title='bbox 426 976 545 1003; x_wconf 84' lang='lat' dir='ltr'><strong>litteram</strong></span> <span class='ocrx_word' id='word_1_228' title='bbox 572 975 680 1010; x_wconf 84' lang='lat' dir='ltr'><strong>potest?</strong></span> <span class='ocrx_word' id='word_1_229' title='bbox 700 975 728 1002; x_wconf 90' lang='lat' dir='ltr'><strong>Si</strong></span> <span class='ocrx_word' id='word_1_230' title='bbox 752 975 824 1002; x_wconf 91' lang='lat' dir='ltr'><strong>enim</strong></span> <span class='ocrx_word' id='word_1_231' title='bbox 848 975 942 1003; x_wconf 73' lang='lat' dir='ltr'><strong>offerri</strong></span> 
     </span>
    </p>
   </div>
   <div class='ocr_carea' id='block_1_36' title="bbox 148 1021 944 1056">
    <p class='ocr_par' dir='ltr' id='par_1_36' title="bbox 148 1021 944 1056">
     <span class='ocr_line' id='line_1_36' title="bbox 148 1021 944 1056; baseline -0.001 -8"><span class='ocrx_word' id='word_1_232' title='bbox 148 1029 206 1048; x_wconf 89' lang='lat' dir='ltr'><strong>non</strong></span> <span class='ocrx_word' id='word_1_233' title='bbox 224 1021 299 1054; x_wconf 89' lang='lat' dir='ltr'><strong>licet,</strong></span> <span class='ocrx_word' id='word_1_234' title='bbox 319 1029 370 1049; x_wconf 80' lang='lat' dir='ltr'><strong>nec</strong></span> <span class='ocrx_word' id='word_1_235' title='bbox 388 1022 510 1049; x_wconf 91' lang='lat' dir='ltr'><strong>nondum</strong></span> <span class='ocrx_word' id='word_1_236' title='bbox 533 1021 586 1048; x_wconf 89' lang='lat' dir='ltr'><strong>erit</strong></span> <span class='ocrx_word' id='word_1_237' title='bbox 605 1021 784 1056; x_wconf 84' lang='lat' dir='ltr'><strong>acceptabile,</strong></span> <span class='ocrx_word' id='word_1_238' title='bbox 806 1021 944 1055; x_wconf 90' lang='lat' dir='ltr'><strong>quomodo</strong></span> 
     </span>
    </p>
   </div>
   <div class='ocr_carea' id='block_1_37' title="bbox 151 1067 945 1102">
    <p class='ocr_par' dir='ltr' id='par_1_37' title="bbox 151 1067 945 1102">
     <span class='ocr_line' id='line_1_37' title="bbox 151 1067 945 1102; baseline 0 -8"><span class='ocrx_word' id='word_1_239' title='bbox 151 1071 298 1101; x_wconf 80' lang='lat' dir='ltr'><strong>utrumque</strong></span> <span class='ocrx_word' id='word_1_240' title='bbox 319 1067 468 1102; x_wconf 81' lang='lat' dir='ltr'><strong>legislator,</strong></span> <span class='ocrx_word' id='word_1_241' title='bbox 489 1071 617 1102; x_wconf 86' lang='lat' dir='ltr'><strong>tanquam</strong></span> <span class='ocrx_word' id='word_1_242' title='bbox 640 1067 691 1094; x_wconf 86' lang='lat' dir='ltr'><strong>sibi</strong></span> <span class='ocrx_word' id='word_1_243' title='bbox 716 1075 882 1102; x_wconf 84' lang='lat' dir='ltr'><strong>repugnans,</strong></span> <span class='ocrx_word' id='word_1_244' title='bbox 902 1072 945 1094; x_wconf 86' lang='lat' dir='ltr'><strong>at-</strong></span> 
     </span>
    </p>
   </div>
   <div class='ocr_carea' id='block_1_38' title="bbox 149 1112 944 1148">
    <p class='ocr_par' dir='ltr' id='par_1_38' title="bbox 149 1112 944 1148">
     <span class='ocr_line' id='line_1_38' title="bbox 149 1112 944 1148; baseline 0 -8"><span class='ocrx_word' id='word_1_245' title='bbox 149 1120 205 1148; x_wconf 88' lang='lat' dir='ltr'><strong>que</strong></span> <span class='ocrx_word' id='word_1_246' title='bbox 238 1112 368 1140; x_wconf 89' lang='lat' dir='ltr'><strong>resisteus</strong></span> <span class='ocrx_word' id='word_1_247' title='bbox 401 1113 529 1148; x_wconf 81' lang='lat' dir='ltr'><strong>scripsit?</strong></span> <span class='ocrx_word' id='word_1_248' title='bbox 557 1113 610 1140; x_wconf 86' lang='lat' dir='ltr'><strong>Sed</strong></span> <span class='ocrx_word' id='word_1_249' title='bbox 645 1113 747 1148; x_wconf 87' lang='lat' dir='ltr'><strong>aliquid</strong></span> <span class='ocrx_word' id='word_1_250' title='bbox 780 1113 944 1148; x_wconf 78' lang='lat' dir='ltr'><strong>evangelicze</strong></span> 
     </span>
    </p>
   </div>
   <div class='ocr_carea' id='block_1_39' title="bbox 149 1159 945 1195">
    <p class='ocr_par' dir='ltr' id='par_1_39' title="bbox 149 1159 945 1195">
     <span class='ocr_line' id='line_1_39' title="bbox 149 1159 945 1195; baseline 0 -9"><span class='ocrx_word' id='word_1_251' title='bbox 149 1159 305 1195; x_wconf 82' lang='lat' dir='ltr'><strong>proximum</strong></span> <span class='ocrx_word' id='word_1_252' title='bbox 324 1159 440 1195; x_wconf 73' lang='lat' dir='ltr'><strong>largitati</strong></span> <span class='ocrx_word' id='word_1_253' title='bbox 460 1159 548 1186; x_wconf 89' lang='lat' dir='ltr'><strong>modis</strong></span> <span class='ocrx_word' id='word_1_254' title='bbox 566 1160 695 1186; x_wconf 84' lang='lat' dir='ltr'><strong>omnibus</strong></span> <span class='ocrx_word' id='word_1_255' title='bbox 714 1159 813 1191; x_wconf 87' lang='lat' dir='ltr'><strong>innuit,</strong></span> <span class='ocrx_word' id='word_1_256' title='bbox 833 1164 862 1186; x_wconf 85' lang='lat' dir='ltr'><strong>et</strong></span> <span class='ocrx_word' id='word_1_257' title='bbox 879 1167 945 1186; x_wconf 80' lang='lat' dir='ltr'><strong>eon-</strong></span> 
     </span>
    </p>
   </div>
   <div class='ocr_carea' id='block_1_40' title="bbox 149 1205 945 1241">
    <p class='ocr_par' dir='ltr' id='par_1_40' title="bbox 149 1205 945 1241">
     <span class='ocr_line' id='line_1_40' title="bbox 149 1205 945 1241; baseline 0 -9"><span class='ocrx_word' id='word_1_258' title='bbox 149 1205 335 1237; x_wconf 80' lang='lat' dir='ltr'><strong>descensioni.</strong></span> <span class='ocrx_word' id='word_1_259' title='bbox 357 1213 438 1240; x_wconf 89' lang='lat' dir='ltr'><strong>quam</strong></span> <span class='ocrx_word' id='word_1_260' title='bbox 461 1207 547 1240; x_wconf 79' lang='lat' dir='ltr'><strong>gratia</strong></span> <span class='ocrx_word' id='word_1_261' title='bbox 571 1206 658 1232; x_wconf 85' lang='lat' dir='ltr'><strong>novit.</strong></span> <span class='ocrx_word' id='word_1_262' title='bbox 678 1205 723 1232; x_wconf 89' lang='lat' dir='ltr'><strong>Sic</strong></span> <span class='ocrx_word' id='word_1_263' title='bbox 747 1212 811 1241; x_wconf 84' lang='lat' dir='ltr'><strong>ergo</strong></span> <span class='ocrx_word' id='word_1_264' title='bbox 832 1213 863 1232; x_wconf 86' lang='lat' dir='ltr'><strong>ea</strong></span> <span class='ocrx_word' id='word_1_265' title='bbox 884 1213 945 1240; x_wconf 80' lang='lat' dir='ltr'><strong>quae</strong></span> 
     </span>
    </p>
   </div>
   <div class='ocr_carea' id='block_1_41' title="bbox 149 1250 945 1285">
    <p class='ocr_par' dir='ltr' id='par_1_41' title="bbox 149 1250 945 1285">
     <span class='ocr_line' id='line_1_41' title="bbox 149 1250 945 1285; baseline 0 -8"><span class='ocrx_word' id='word_1_266' title='bbox 149 1251 223 1278; x_wconf 88' lang='lat' dir='ltr'><strong>dicta</strong></span> <span class='ocrx_word' id='word_1_267' title='bbox 239 1256 314 1284; x_wconf 85' lang='lat' dir='ltr'><strong>sunt,</strong></span> <span class='ocrx_word' id='word_1_268' title='bbox 331 1251 526 1285; x_wconf 73' lang='lat' dir='ltr'><strong>intelligamus,</strong></span> <span class='ocrx_word' id='word_1_269' title='bbox 543 1258 598 1277; x_wconf 92' lang='lat' dir='ltr'><strong>non</strong></span> <span class='ocrx_word' id='word_1_270' title='bbox 618 1250 717 1278; x_wconf 84' lang='lat' dir='ltr'><strong>licebat</strong></span> <span class='ocrx_word' id='word_1_271' title='bbox 732 1250 788 1277; x_wconf 87' lang='lat' dir='ltr'><strong>Deo</strong></span> <span class='ocrx_word' id='word_1_272' title='bbox 803 1250 896 1277; x_wconf 81' lang='lat' dir='ltr'><strong>olferri</strong></span> <span class='ocrx_word' id='word_1_273' title='bbox 911 1251 945 1277; x_wconf 91' lang='lat' dir='ltr'><strong>de</strong></span> 
     </span>
    </p>
   </div>
   <div class='ocr_carea' id='block_1_42' title="bbox 150 1295 945 1331">
    <p class='ocr_par' dir='ltr' id='par_1_42' title="bbox 150 1295 945 1331">
     <span class='ocr_line' id='line_1_42' title="bbox 150 1295 945 1331; baseline 0 -9"><span class='ocrx_word' id='word_1_274' title='bbox 150 1296 309 1331; x_wconf 87' lang='lat' dir='ltr'><strong>pecoribus,</strong></span> <span class='ocrx_word' id='word_1_275' title='bbox 324 1303 384 1330; x_wconf 73' lang='lat' dir='ltr'><strong>qua:</strong></span> <span class='ocrx_word' id='word_1_276' title='bbox 398 1303 453 1322; x_wconf 80' lang='lat' dir='ltr'><strong>non</strong></span> <span class='ocrx_word' id='word_1_277' title='bbox 468 1295 550 1322; x_wconf 91' lang='lat' dir='ltr'><strong>simul</strong></span> <span class='ocrx_word' id='word_1_278' title='bbox 565 1299 593 1322; x_wconf 90' lang='lat' dir='ltr'><strong>et</strong></span> <span class='ocrx_word' id='word_1_279' title='bbox 608 1295 738 1330; x_wconf 74' lang='lat' dir='ltr'><strong>ungulam</strong></span> <span class='ocrx_word' id='word_1_280' title='bbox 755 1295 903 1328; x_wconf 87' lang='lat' dir='ltr'><strong>lindcbant,</strong></span> <span class='ocrx_word' id='word_1_281' title='bbox 917 1299 945 1322; x_wconf 87' lang='lat' dir='ltr'><strong>et</strong></span> 
     </span>
    </p>
   </div>
   <div class='ocr_carea' id='block_1_43' title="bbox 150 1341 945 1377">
    <p class='ocr_par' dir='ltr' id='par_1_43' title="bbox 150 1341 945 1377">
     <span class='ocr_line' id='line_1_43' title="bbox 150 1341 945 1377; baseline 0 -8"><span class='ocrx_word' id='word_1_282' title='bbox 150 1342 339 1370; x_wconf 85' lang='lat' dir='ltr'><strong>rnminabant.</strong></span> <span class='ocrx_word' id='word_1_283' title='bbox 355 1341 418 1369; x_wconf 82' lang='lat' dir='ltr'><strong>Ihec</strong></span> <span class='ocrx_word' id='word_1_284' title='bbox 430 1341 504 1368; x_wconf 90' lang='lat' dir='ltr'><strong>enim</strong></span> <span class='ocrx_word' id='word_1_285' title='bbox 516 1341 557 1369; x_wconf 87' lang='lat' dir='ltr'><strong>lex</strong></span> <span class='ocrx_word' id='word_1_286' title='bbox 570 1341 689 1369; x_wconf 86' lang='lat' dir='ltr'><strong>habebat</strong></span> <span class='ocrx_word' id='word_1_287' title='bbox 703 1341 852 1374; x_wconf 83' lang='lat' dir='ltr'><strong>immunda,</strong></span> <span class='ocrx_word' id='word_1_288' title='bbox 867 1343 945 1377; x_wconf 82' lang='lat' dir='ltr'><strong>cujus</strong></span> 
     </span>
    </p>
   </div>
   <div class='ocr_carea' id='block_1_44' title="bbox 150 1387 943 1423">
    <p class='ocr_par' dir='ltr' id='par_1_44' title="bbox 150 1387 943 1423">
     <span class='ocr_line' id='line_1_44' title="bbox 150 1387 943 1423; baseline 0.001 -9"><span class='ocrx_word' id='word_1_289' title='bbox 150 1391 243 1415; x_wconf 81' lang='lat' dir='ltr'><strong>autem</strong></span> <span class='ocrx_word' id='word_1_290' title='bbox 264 1392 322 1415; x_wconf 86' lang='lat' dir='ltr'><strong>erat</strong></span> <span class='ocrx_word' id='word_1_291' title='bbox 342 1388 466 1422; x_wconf 66' lang='lat' dir='ltr'><strong>aenigma,</strong></span> <span class='ocrx_word' id='word_1_292' title='bbox 491 1387 517 1414; x_wconf 91' lang='lat' dir='ltr'><strong>id</strong></span> <span class='ocrx_word' id='word_1_293' title='bbox 541 1392 584 1414; x_wconf 88' lang='lat' dir='ltr'><strong>est</strong></span> <span class='ocrx_word' id='word_1_294' title='bbox 603 1387 732 1423; x_wconf 76' lang='lat' dir='ltr'><strong>ungulam</strong></span> <span class='ocrx_word' id='word_1_295' title='bbox 754 1395 809 1414; x_wconf 92' lang='lat' dir='ltr'><strong>non</strong></span> <span class='ocrx_word' id='word_1_296' title='bbox 830 1388 943 1422; x_wconf 86' lang='lat' dir='ltr'><strong>findere,</strong></span> 
     </span>
    </p>
   </div>
   <div class='ocr_carea' id='block_1_45' title="bbox 151 1434 943 1469">
    <p class='ocr_par' dir='ltr' id='par_1_45' title="bbox 151 1434 943 1469">
     <span class='ocr_line' id='line_1_45' title="bbox 151 1434 943 1469; baseline 0.001 -9"><span class='ocrx_word' id='word_1_297' title='bbox 151 1441 208 1461; x_wconf 90' lang='lat' dir='ltr'><strong>non</strong></span> <span class='ocrx_word' id='word_1_298' title='bbox 221 1434 391 1469; x_wconf 80' lang='lat' dir='ltr'><strong>distinguere</strong></span> <span class='ocrx_word' id='word_1_299' title='bbox 406 1434 471 1469; x_wconf 71' lang='lat' dir='ltr'><strong>legis</strong></span> <span class='ocrx_word' id='word_1_300' title='bbox 487 1434 616 1466; x_wconf 85' lang='lat' dir='ltr'><strong>litteram,</strong></span> <span class='ocrx_word' id='word_1_301' title='bbox 632 1438 659 1460; x_wconf 90' lang='lat' dir='ltr'><strong>et</strong></span> <span class='ocrx_word' id='word_1_302' title='bbox 673 1434 800 1468; x_wconf 86' lang='lat' dir='ltr'><strong>spiritum</strong></span> <span class='ocrx_word' id='word_1_303' title='bbox 814 1435 943 1462; x_wconf 81' lang='lat' dir='ltr'><strong>scientis:</strong></span> 
     </span>
    </p>
   </div>
   <div class='ocr_carea' id='block_1_46' title="bbox 149 1479 945 1514">
    <p class='ocr_par' dir='ltr' id='par_1_46' title="bbox 149 1479 945 1514">
     <span class='ocr_line' id='line_1_46' title="bbox 149 1479 945 1514; baseline 0.003 -8"><span class='ocrx_word' id='word_1_304' title='bbox 149 1487 207 1506; x_wconf 89' lang='lat' dir='ltr'><strong>non</strong></span> <span class='ocrx_word' id='word_1_305' title='bbox 228 1484 319 1506; x_wconf 86' lang='lat' dir='ltr'><strong>autem</strong></span> <span class='ocrx_word' id='word_1_306' title='bbox 335 1479 474 1506; x_wconf 84' lang='lat' dir='ltr'><strong>ruminare</strong></span> <span class='ocrx_word' id='word_1_307' title='bbox 491 1479 560 1514; x_wconf 88' lang='lat' dir='ltr'><strong>ejus,</strong></span> <span class='ocrx_word' id='word_1_308' title='bbox 575 1479 620 1514; x_wconf 90' lang='lat' dir='ltr'><strong>qui</strong></span> <span class='ocrx_word' id='word_1_309' title='bbox 636 1487 691 1507; x_wconf 92' lang='lat' dir='ltr'><strong>non</strong></span> <span class='ocrx_word' id='word_1_310' title='bbox 713 1480 842 1507; x_wconf 83' lang='lat' dir='ltr'><strong>continue</strong></span> <span class='ocrx_word' id='word_1_311' title='bbox 857 1481 945 1508; x_wconf 88' lang='lat' dir='ltr'><strong>medi-</strong></span> 
     </span>
    </p>
   </div>
   <div class='ocr_carea' id='block_1_47' title="bbox 150 1524 944 1561">
    <p class='ocr_par' dir='ltr' id='par_1_47' title="bbox 150 1524 944 1561">
     <span class='ocr_line' id='line_1_47' title="bbox 150 1524 944 1561; baseline 0.004 -11"><span class='ocrx_word' id='word_1_312' title='bbox 150 1524 266 1551; x_wconf 82' lang='lat' dir='ltr'><strong>tationis</strong></span> <span class='ocrx_word' id='word_1_313' title='bbox 279 1524 346 1559; x_wconf 77' lang='lat' dir='ltr'><strong>legis</strong></span> <span class='ocrx_word' id='word_1_314' title='bbox 356 1524 475 1551; x_wconf 81' lang='lat' dir='ltr'><strong>habebat</strong></span> <span class='ocrx_word' id='word_1_315' title='bbox 484 1525 616 1557; x_wconf 79' lang='lat' dir='ltr'><strong>studium,</strong></span> <span class='ocrx_word' id='word_1_316' title='bbox 629 1529 658 1552; x_wconf 90' lang='lat' dir='ltr'><strong>et</strong></span> <span class='ocrx_word' id='word_1_317' title='bbox 677 1525 723 1559; x_wconf 90' lang='lat' dir='ltr'><strong>qui</strong></span> <span class='ocrx_word' id='word_1_318' title='bbox 739 1525 829 1561; x_wconf 79' lang='lat' dir='ltr'><strong>lingua</strong></span> <span class='ocrx_word' id='word_1_319' title='bbox 845 1526 944 1559; x_wconf 91' lang='lat' dir='ltr'><strong>solum,</strong></span> 
     </span>
    </p>
   </div>
   <div class='ocr_carea' id='block_1_48' title="bbox 150 1570 942 1600">
    <p class='ocr_par' dir='ltr' id='par_1_48' title="bbox 150 1570 942 1600">
     <span class='ocr_line' id='line_1_48' title="bbox 150 1570 942 1600; baseline 0.003 -4"><span class='ocrx_word' id='word_1_320' title='bbox 150 1578 209 1597; x_wconf 87' lang='lat' dir='ltr'><strong>non</strong></span> <span class='ocrx_word' id='word_1_321' title='bbox 236 1570 318 1597; x_wconf 84' lang='lat' dir='ltr'><strong>etiam</strong></span> <span class='ocrx_word' id='word_1_322' title='bbox 343 1570 424 1597; x_wconf 86' lang='lat' dir='ltr'><strong>corde</strong></span> <span class='ocrx_word' id='word_1_323' title='bbox 451 1578 510 1598; x_wconf 87' lang='lat' dir='ltr'><strong>eam</strong></span> <span class='ocrx_word' id='word_1_324' title='bbox 534 1571 567 1598; x_wconf 90' lang='lat' dir='ltr'><strong>ad</strong></span> <span class='ocrx_word' id='word_1_325' title='bbox 593 1571 798 1599; x_wconf 85' lang='lat' dir='ltr'><strong>meditationem</strong></span> <span class='ocrx_word' id='word_1_326' title='bbox 824 1577 942 1600; x_wconf 77' lang='lat' dir='ltr'><strong>revocat.</strong></span> 
     </span>
    </p>
   </div>
   <div class='ocr_carea' id='block_1_49' title="bbox 150 1615 946 1651">
    <p class='ocr_par' dir='ltr' id='par_1_49' title="bbox 150 1615 946 1651">
     <span class='ocr_line' id='line_1_49' title="bbox 150 1615 946 1651; baseline 0.001 -8"><span class='ocrx_word' id='word_1_327' title='bbox 150 1616 179 1643; x_wconf 92' lang='lat' dir='ltr'><strong>Si</strong></span> <span class='ocrx_word' id='word_1_328' title='bbox 196 1623 262 1651; x_wconf 82' lang='lat' dir='ltr'><strong>ergo</strong></span> <span class='ocrx_word' id='word_1_329' title='bbox 276 1615 373 1650; x_wconf 86' lang='lat' dir='ltr'><strong>aliquis</strong></span> <span class='ocrx_word' id='word_1_330' title='bbox 391 1616 475 1642; x_wconf 88' lang='lat' dir='ltr'><strong>lilium</strong></span> <span class='ocrx_word' id='word_1_331' title='bbox 499 1616 590 1650; x_wconf 83' lang='lat' dir='ltr'><strong>talem,</strong></span> <span class='ocrx_word' id='word_1_332' title='bbox 609 1617 651 1643; x_wconf 90' lang='lat' dir='ltr'><strong>vel</strong></span> <span class='ocrx_word' id='word_1_333' title='bbox 671 1625 792 1650; x_wconf 89' lang='lat' dir='ltr'><strong>servum,</strong></span> <span class='ocrx_word' id='word_1_334' title='bbox 807 1618 850 1645; x_wconf 90' lang='lat' dir='ltr'><strong>vel</strong></span> <span class='ocrx_word' id='word_1_335' title='bbox 865 1617 946 1644; x_wconf 83' lang='lat' dir='ltr'><strong>disci-</strong></span> 
     </span>
    </p>
   </div>
   <div class='ocr_carea' id='block_1_50' title="bbox 151 1662 946 1697">
    <p class='ocr_par' dir='ltr' id='par_1_50' title="bbox 151 1662 946 1697">
     <span class='ocr_line' id='line_1_50' title="bbox 151 1662 946 1697; baseline 0.004 -9"><span class='ocrx_word' id='word_1_336' title='bbox 151 1662 249 1697; x_wconf 89' lang='lat' dir='ltr'><strong>pulum</strong></span> <span class='ocrx_word' id='word_1_337' title='bbox 264 1662 319 1689; x_wconf 86' lang='lat' dir='ltr'><strong>Deo</strong></span> <span class='ocrx_word' id='word_1_338' title='bbox 334 1662 443 1694; x_wconf 80' lang='lat' dir='ltr'><strong>offerat,</strong></span> <span class='ocrx_word' id='word_1_339' title='bbox 461 1662 506 1697; x_wconf 91' lang='lat' dir='ltr'><strong>qui</strong></span> <span class='ocrx_word' id='word_1_340' title='bbox 525 1663 559 1690; x_wconf 89' lang='lat' dir='ltr'><strong>ad</strong></span> <span class='ocrx_word' id='word_1_341' title='bbox 574 1663 744 1691; x_wconf 87' lang='lat' dir='ltr'><strong>meditandas</strong></span> <span class='ocrx_word' id='word_1_342' title='bbox 760 1671 853 1691; x_wconf 89' lang='lat' dir='ltr'><strong>sacras</strong></span> <span class='ocrx_word' id='word_1_343' title='bbox 872 1663 946 1692; x_wconf 84' lang='lat' dir='ltr'><strong>Seri-</strong></span> 
     </span>
    </p>
   </div>
   <div class='ocr_carea' id='block_1_51' title="bbox 151 1708 946 1744">
    <p class='ocr_par' dir='ltr' id='par_1_51' title="bbox 151 1708 946 1744">
     <span class='ocr_line' id='line_1_51' title="bbox 151 1708 946 1744; baseline 0.004 -9"><span class='ocrx_word' id='word_1_344' title='bbox 151 1714 260 1743; x_wconf 87' lang='lat' dir='ltr'><strong>pturas,</strong></span> <span class='ocrx_word' id='word_1_345' title='bbox 277 1713 325 1736; x_wconf 89' lang='lat' dir='ltr'><strong>ant</strong></span> <span class='ocrx_word' id='word_1_346' title='bbox 341 1709 375 1736; x_wconf 89' lang='lat' dir='ltr'><strong>ad</strong></span> <span class='ocrx_word' id='word_1_347' title='bbox 391 1708 554 1736; x_wconf 86' lang='lat' dir='ltr'><strong>divisionem</strong></span> <span class='ocrx_word' id='word_1_348' title='bbox 570 1710 819 1744; x_wconf 87' lang='lat' dir='ltr'><strong>contemplationis,</strong></span> <span class='ocrx_word' id='word_1_349' title='bbox 838 1718 893 1737; x_wconf 90' lang='lat' dir='ltr'><strong>non</strong></span> <span class='ocrx_word' id='word_1_350' title='bbox 914 1718 946 1738; x_wconf 75' lang='lat' dir='ltr'><strong>ex</strong></span> 
     </span>
    </p>
   </div>
   <div class='ocr_carea' id='block_1_52' title="bbox 151 1754 948 1791">
    <p class='ocr_par' dir='ltr' id='par_1_52' title="bbox 151 1754 948 1791">
     <span class='ocr_line' id='line_1_52' title="bbox 151 1754 948 1791; baseline 0.004 -11"><span class='ocrx_word' id='word_1_351' title='bbox 151 1754 269 1785; x_wconf 67' lang='lat' dir='ltr'><strong>nulitia,</strong></span> <span class='ocrx_word' id='word_1_352' title='bbox 290 1754 337 1781; x_wconf 88' lang='lat' dir='ltr'><strong>sed</strong></span> <span class='ocrx_word' id='word_1_353' title='bbox 356 1762 389 1781; x_wconf 85' lang='lat' dir='ltr'><strong>ex</strong></span> <span class='ocrx_word' id='word_1_354' title='bbox 409 1754 566 1781; x_wconf 78' lang='lat' dir='ltr'><strong>infirmitate</strong></span> <span class='ocrx_word' id='word_1_355' title='bbox 587 1755 678 1782; x_wconf 91' lang='lat' dir='ltr'><strong>minor</strong></span> <span class='ocrx_word' id='word_1_356' title='bbox 694 1755 739 1788; x_wconf 88' lang='lat' dir='ltr'><strong>sit,</strong></span> <span class='ocrx_word' id='word_1_357' title='bbox 756 1755 871 1783; x_wconf 88' lang='lat' dir='ltr'><strong>necdum</strong></span> <span class='ocrx_word' id='word_1_358' title='bbox 887 1757 948 1791; x_wconf 86' lang='lat' dir='ltr'><strong>qui-</strong></span> 
     </span>
    </p>
   </div>
   <div class='ocr_carea' id='block_1_53' title="bbox 150 1799 946 1836">
    <p class='ocr_par' dir='ltr' id='par_1_53' title="bbox 150 1799 946 1836">
     <span class='ocr_line' id='line_1_53' title="bbox 150 1799 946 1836; baseline 0.004 -11"><span class='ocrx_word' id='word_1_359' title='bbox 150 1799 216 1825; x_wconf 85' lang='lat' dir='ltr'><strong>dem</strong></span> <span class='ocrx_word' id='word_1_360' title='bbox 236 1802 279 1826; x_wconf 87' lang='lat' dir='ltr'><strong>est</strong></span> <span class='ocrx_word' id='word_1_361' title='bbox 299 1803 380 1826; x_wconf 87' lang='lat' dir='ltr'><strong>votus</strong></span> <span class='ocrx_word' id='word_1_362' title='bbox 401 1799 468 1831; x_wconf 84' lang='lat' dir='ltr'><strong>Deo.</strong></span> <span class='ocrx_word' id='word_1_363' title='bbox 482 1807 571 1834; x_wconf 89' lang='lat' dir='ltr'><strong>neque</strong></span> <span class='ocrx_word' id='word_1_364' title='bbox 592 1801 666 1827; x_wconf 90' lang='lat' dir='ltr'><strong>enim</strong></span> <span class='ocrx_word' id='word_1_365' title='bbox 686 1801 763 1836; x_wconf 86' lang='lat' dir='ltr'><strong>quasi</strong></span> <span class='ocrx_word' id='word_1_366' title='bbox 781 1801 888 1830; x_wconf 90' lang='lat' dir='ltr'><strong>oblatus</strong></span> <span class='ocrx_word' id='word_1_367' title='bbox 901 1802 946 1836; x_wconf 85' lang='lat' dir='ltr'><strong>sit,</strong></span> 
     </span>
    </p>
   </div>
   <div class='ocr_carea' id='block_1_54' title="bbox 150 1845 946 1880">
    <p class='ocr_par' dir='ltr' id='par_1_54' title="bbox 150 1845 946 1880">
     <span class='ocr_line' id='line_1_54' title="bbox 150 1845 946 1880; baseline 0.005 -9"><span class='ocrx_word' id='word_1_368' title='bbox 150 1845 213 1879; x_wconf 87' lang='lat' dir='ltr'><strong>ejus</strong></span> <span class='ocrx_word' id='word_1_369' title='bbox 226 1845 366 1880; x_wconf 86' lang='lat' dir='ltr'><strong>legislator</strong></span> <span class='ocrx_word' id='word_1_370' title='bbox 383 1845 541 1872; x_wconf 86' lang='lat' dir='ltr'><strong>memoriam</strong></span> <span class='ocrx_word' id='word_1_371' title='bbox 556 1846 631 1874; x_wconf 83' lang='lat' dir='ltr'><strong>facit.</strong></span> <span class='ocrx_word' id='word_1_372' title='bbox 647 1847 765 1874; x_wconf 83' lang='lat' dir='ltr'><strong>Adducit</strong></span> <span class='ocrx_word' id='word_1_373' title='bbox 778 1852 869 1875; x_wconf 86' lang='lat' dir='ltr'><strong>autem</strong></span> <span class='ocrx_word' id='word_1_374' title='bbox 882 1852 946 1875; x_wconf 82' lang='lat' dir='ltr'><strong>ante</strong></span> 
     </span>
    </p>
   </div>
   <div class='ocr_carea' id='block_1_55' title="bbox 151 1890 946 1926">
    <p class='ocr_par' dir='ltr' id='par_1_55' title="bbox 151 1890 946 1926">
     <span class='ocr_line' id='line_1_55' title="bbox 151 1890 946 1926; baseline 0.005 -10"><span class='ocrx_word' id='word_1_375' title='bbox 151 1890 337 1921; x_wconf 83' lang='lat' dir='ltr'><strong>sacerdotem,</strong></span> <span class='ocrx_word' id='word_1_376' title='bbox 359 1894 387 1917; x_wconf 92' lang='lat' dir='ltr'><strong>et</strong></span> <span class='ocrx_word' id='word_1_377' title='bbox 409 1891 505 1917; x_wconf 88' lang='lat' dir='ltr'><strong>statuit</strong></span> <span class='ocrx_word' id='word_1_378' title='bbox 526 1891 644 1925; x_wconf 88' lang='lat' dir='ltr'><strong>pretium</strong></span> <span class='ocrx_word' id='word_1_379' title='bbox 664 1892 724 1926; x_wconf 86' lang='lat' dir='ltr'><strong>ejus</strong></span> <span class='ocrx_word' id='word_1_380' title='bbox 746 1894 881 1925; x_wconf 82' lang='lat' dir='ltr'><strong>sacerdos,</strong></span> <span class='ocrx_word' id='word_1_381' title='bbox 904 1894 946 1920; x_wconf 90' lang='lat' dir='ltr'><strong>di-</strong></span> 
     </span>
    </p>
   </div>
   <div class='ocr_carea' id='block_1_56' title="bbox 149 1934 947 1971">
    <p class='ocr_par' dir='ltr' id='par_1_56' title="bbox 149 1934 947 1971">
     <span class='ocr_line' id='line_1_56' title="bbox 149 1934 947 1971; baseline 0.003 -10"><span class='ocrx_word' id='word_1_382' title='bbox 149 1934 281 1968; x_wconf 84' lang='lat' dir='ltr'><strong>judicans</strong></span> <span class='ocrx_word' id='word_1_383' title='bbox 294 1939 386 1961; x_wconf 89' lang='lat' dir='ltr'><strong>utrum</strong></span> <span class='ocrx_word' id='word_1_384' title='bbox 402 1935 506 1962; x_wconf 91' lang='lat' dir='ltr'><strong>bonum</strong></span> <span class='ocrx_word' id='word_1_385' title='bbox 521 1943 555 1962; x_wconf 88' lang='lat' dir='ltr'><strong>an</strong></span> <span class='ocrx_word' id='word_1_386' title='bbox 572 1935 672 1962; x_wconf 88' lang='lat' dir='ltr'><strong>malum</strong></span> <span class='ocrx_word' id='word_1_387' title='bbox 687 1936 731 1968; x_wconf 89' lang='lat' dir='ltr'><strong>sit,</strong></span> <span class='ocrx_word' id='word_1_388' title='bbox 744 1941 773 1963; x_wconf 90' lang='lat' dir='ltr'><strong>ut</strong></span> <span class='ocrx_word' id='word_1_389' title='bbox 787 1936 947 1971; x_wconf 81' lang='lat' dir='ltr'><strong>imperfecto</strong></span> 
     </span>
    </p>
   </div>
   <div class='ocr_carea' id='block_1_57' title="bbox 151 1979 945 2016">
    <p class='ocr_par' dir='ltr' id='par_1_57' title="bbox 151 1979 945 2016">
     <span class='ocr_line' id='line_1_57' title="bbox 151 1979 945 2016; baseline 0.003 -10"><span class='ocrx_word' id='word_1_390' title='bbox 151 1979 398 2012; x_wconf 88' lang='lat' dir='ltr'><strong>condescendens,</strong></span> <span class='ocrx_word' id='word_1_391' title='bbox 431 1980 601 2007; x_wconf 85' lang='lat' dir='ltr'><strong>moderatum</strong></span> <span class='ocrx_word' id='word_1_392' title='bbox 632 1981 654 2007; x_wconf 90' lang='lat' dir='ltr'><strong>ei</strong></span> <span class='ocrx_word' id='word_1_393' title='bbox 682 1981 777 2016; x_wconf 82' lang='lat' dir='ltr'><strong>jugum</strong></span> <span class='ocrx_word' id='word_1_394' title='bbox 813 1981 945 2016; x_wconf 89' lang='lat' dir='ltr'><strong>imponat,</strong></span> 
     </span>
    </p>
   </div>
   <div class='ocr_carea' id='block_1_58' title="bbox 152 2027 947 2063">
    <p class='ocr_par' dir='ltr' id='par_1_58' title="bbox 152 2027 947 2063">
     <span class='ocr_line' id='line_1_58' title="bbox 152 2027 947 2063; baseline 0.001 -10"><span class='ocrx_word' id='word_1_395' title='bbox 152 2027 180 2054; x_wconf 95' lang='lat' dir='ltr'><strong>id</strong></span> <span class='ocrx_word' id='word_1_396' title='bbox 198 2031 254 2057; x_wconf 89' lang='lat' dir='ltr'><strong>est,</strong></span> <span class='ocrx_word' id='word_1_397' title='bbox 270 2034 329 2053; x_wconf 85' lang='lat' dir='ltr'><strong>eam</strong></span> <span class='ocrx_word' id='word_1_398' title='bbox 345 2034 406 2061; x_wconf 66' lang='lat' dir='ltr'><strong>qua:</strong></span> <span class='ocrx_word' id='word_1_399' title='bbox 421 2032 462 2054; x_wconf 89' lang='lat' dir='ltr'><strong>cst</strong></span> <span class='ocrx_word' id='word_1_400' title='bbox 477 2027 564 2054; x_wconf 89' lang='lat' dir='ltr'><strong>media</strong></span> <span class='ocrx_word' id='word_1_401' title='bbox 590 2027 662 2054; x_wconf 92' lang='lat' dir='ltr'><strong>inter</strong></span> <span class='ocrx_word' id='word_1_402' title='bbox 678 2027 777 2054; x_wconf 83' lang='lat' dir='ltr'><strong>bonam</strong></span> <span class='ocrx_word' id='word_1_403' title='bbox 795 2028 947 2063; x_wconf 86' lang='lat' dir='ltr'><strong>malamque</strong></span> 
     </span>
    </p>
   </div>
   <div class='ocr_carea' id='block_1_59' title="bbox 152 2071 948 2105">
    <p class='ocr_par' dir='ltr' id='par_1_59' title="bbox 152 2071 948 2105">
     <span class='ocr_line' id='line_1_59' title="bbox 152 2071 948 2105; baseline 0.001 -7"><span class='ocrx_word' id='word_1_404' title='bbox 152 2072 404 2099; x_wconf 84' lang='lat' dir='ltr'><strong>conversationem.</strong></span> <span class='ocrx_word' id='word_1_405' title='bbox 423 2071 470 2099; x_wconf 87' lang='lat' dir='ltr'><strong>Est</strong></span> <span class='ocrx_word' id='word_1_406' title='bbox 494 2078 585 2100; x_wconf 87' lang='lat' dir='ltr'><strong>autem</strong></span> <span class='ocrx_word' id='word_1_407' title='bbox 610 2081 624 2100; x_wconf 86' lang='lat' dir='ltr'><strong>a</strong></span> <span class='ocrx_word' id='word_1_408' title='bbox 649 2073 720 2100; x_wconf 83' lang='lat' dir='ltr'><strong>malo</strong></span> <span class='ocrx_word' id='word_1_409' title='bbox 743 2073 899 2105; x_wconf 86' lang='lat' dir='ltr'><strong>declinatio,</strong></span> <span class='ocrx_word' id='word_1_410' title='bbox 920 2078 948 2100; x_wconf 79' lang='lat' dir='ltr'><strong>et</strong></span> 
     </span>
    </p>
   </div>
   <div class='ocr_carea' id='block_1_60' title="bbox 153 2119 946 2154">
    <p class='ocr_par' dir='ltr' id='par_1_60' title="bbox 153 2119 946 2154">
     <span class='ocr_line' id='line_1_60' title="bbox 153 2119 946 2154; baseline 0.001 -9"><span class='ocrx_word' id='word_1_411' title='bbox 153 2119 296 2153; x_wconf 87' lang='lat' dir='ltr'><strong>profectus</strong></span> <span class='ocrx_word' id='word_1_412' title='bbox 315 2119 348 2145; x_wconf 88' lang='lat' dir='ltr'><strong>ad</strong></span> <span class='ocrx_word' id='word_1_413' title='bbox 365 2119 488 2146; x_wconf 86' lang='lat' dir='ltr'><strong>meliora.</strong></span> <span class='ocrx_word' id='word_1_414' title='bbox 504 2119 561 2146; x_wconf 82' lang='lat' dir='ltr'><strong>Hoc</strong></span> <span class='ocrx_word' id='word_1_415' title='bbox 580 2120 653 2146; x_wconf 89' lang='lat' dir='ltr'><strong>enim</strong></span> <span class='ocrx_word' id='word_1_416' title='bbox 675 2119 788 2147; x_wconf 87' lang='lat' dir='ltr'><strong>forsitan</strong></span> <span class='ocrx_word' id='word_1_417' title='bbox 806 2120 946 2154; x_wconf 92' lang='lat' dir='ltr'><strong>proprium</strong></span> 
     </span>
    </p>
   </div>
   <div class='ocr_carea' id='block_1_61' title="bbox 153 2165 948 2201">
    <p class='ocr_par' dir='ltr' id='par_1_61' title="bbox 153 2165 948 2201">
     <span class='ocr_line' id='line_1_61' title="bbox 153 2165 948 2201; baseline 0.004 -10"><span class='ocrx_word' id='word_1_418' title='bbox 153 2165 273 2192; x_wconf 89' lang='lat' dir='ltr'><strong>dicimus</strong></span> <span class='ocrx_word' id='word_1_419' title='bbox 286 2172 348 2192; x_wconf 86' lang='lat' dir='ltr'><strong>esse</strong></span> <span class='ocrx_word' id='word_1_420' title='bbox 365 2165 437 2192; x_wconf 88' lang='lat' dir='ltr'><strong>inter</strong></span> <span class='ocrx_word' id='word_1_421' title='bbox 454 2166 575 2192; x_wconf 84' lang='lat' dir='ltr'><strong>deterius</strong></span> <span class='ocrx_word' id='word_1_422' title='bbox 590 2170 617 2192; x_wconf 79' lang='lat' dir='ltr'><strong>ct</strong></span> <span class='ocrx_word' id='word_1_423' title='bbox 634 2166 731 2194; x_wconf 89' lang='lat' dir='ltr'><strong>melius</strong></span> <span class='ocrx_word' id='word_1_424' title='bbox 743 2175 750 2193; x_wconf 73' lang='grc' dir='ltr'><strong><em>ι</em></strong></span> <span class='ocrx_word' id='word_1_425' title='bbox 764 2168 835 2201; x_wconf 92' lang='lat' dir='ltr'><strong>quod</strong></span> <span class='ocrx_word' id='word_1_426' title='bbox 852 2174 900 2201; x_wconf 91' lang='lat' dir='ltr'><strong>pro</strong></span> <span class='ocrx_word' id='word_1_427' title='bbox 914 2175 948 2194; x_wconf 85' lang='lat' dir='ltr'><strong>eo</strong></span> 
     </span>
    </p>
   </div>
   <div class='ocr_carea' id='block_1_62' title="bbox 152 2209 949 2244">
    <p class='ocr_par' dir='ltr' id='par_1_62' title="bbox 152 2209 949 2244">
     <span class='ocr_line' id='line_1_62' title="bbox 152 2209 949 2244; baseline 0.005 -9"><span class='ocrx_word' id='word_1_428' title='bbox 152 2209 227 2244; x_wconf 88' lang='lat' dir='ltr'><strong>quod</strong></span> <span class='ocrx_word' id='word_1_429' title='bbox 245 2209 349 2237; x_wconf 86' lang='lat' dir='ltr'><strong>dictum</strong></span> <span class='ocrx_word' id='word_1_430' title='bbox 369 2214 422 2241; x_wconf 88' lang='lat' dir='ltr'><strong>est,</strong></span> <span class='ocrx_word' id='word_1_431' title='bbox 439 2216 530 2237; x_wconf 88' lang='lat' dir='ltr'><strong>utrum</strong></span> <span class='ocrx_word' id='word_1_432' title='bbox 547 2210 649 2237; x_wconf 89' lang='lat' dir='ltr'><strong>bonum</strong></span> <span class='ocrx_word' id='word_1_433' title='bbox 673 2219 707 2237; x_wconf 85' lang='lat' dir='ltr'><strong>an</strong></span> <span class='ocrx_word' id='word_1_434' title='bbox 732 2211 844 2242; x_wconf 89' lang='lat' dir='ltr'><strong>malum,</strong></span> <span class='ocrx_word' id='word_1_435' title='bbox 863 2212 949 2239; x_wconf 81' lang='lat' dir='ltr'><strong>edidit</strong></span> 
     </span>
    </p>
   </div>
   <div class='ocr_carea' id='block_1_63' title="bbox 996 969 1787 1006">
    <p class='ocr_par' dir='ltr' id='par_1_63' title="bbox 996 969 1787 1006">
     <span class='ocr_line' id='line_1_63' title="bbox 996 969 1787 1006; baseline 0.005 -11"><span class='ocrx_word' id='word_1_436' title='bbox 996 977 1094 996; x_wconf 89' lang='lat' dir='ltr'><strong>norum</strong></span> <span class='ocrx_word' id='word_1_437' title='bbox 1119 969 1165 1004; x_wconf 90' lang='lat' dir='ltr'><strong>qui</strong></span> <span class='ocrx_word' id='word_1_438' title='bbox 1194 969 1290 1003; x_wconf 90' lang='lat' dir='ltr'><strong>reliqui</strong></span> <span class='ocrx_word' id='word_1_439' title='bbox 1312 974 1386 1000; x_wconf 88' lang='lat' dir='ltr'><strong>sunt,</strong></span> <span class='ocrx_word' id='word_1_440' title='bbox 1403 977 1547 997; x_wconf 90' lang='lat' dir='ltr'><strong>numerum</strong></span> <span class='ocrx_word' id='word_1_441' title='bbox 1565 979 1650 1006; x_wconf 87' lang='lat' dir='ltr'><strong>usque</strong></span> <span class='ocrx_word' id='word_1_442' title='bbox 1665 972 1698 999; x_wconf 90' lang='lat' dir='ltr'><strong>ad</strong></span> <span class='ocrx_word' id='word_1_443' title='bbox 1709 971 1787 999; x_wconf 85' lang='lat' dir='ltr'><strong>Jubi-</strong></span> 
     </span>
    </p>
   </div>
   <div class='ocr_carea' id='block_1_64' title="bbox 996 1015 1787 1051">
    <p class='ocr_par' dir='ltr' id='par_1_64' title="bbox 996 1015 1787 1051">
     <span class='ocr_line' id='line_1_64' title="bbox 996 1015 1787 1051; baseline 0.004 -9"><span class='ocrx_word' id='word_1_444' title='bbox 996 1015 1086 1047; x_wconf 66' lang='lat' dir='ltr'><strong>laeum,</strong></span> <span class='ocrx_word' id='word_1_445' title='bbox 1096 1021 1123 1042; x_wconf 91' lang='lat' dir='ltr'><strong>et</strong></span> <span class='ocrx_word' id='word_1_446' title='bbox 1132 1015 1292 1042; x_wconf 87' lang='lat' dir='ltr'><strong>detrahetur</strong></span> <span class='ocrx_word' id='word_1_447' title='bbox 1301 1023 1332 1043; x_wconf 79' lang='lat' dir='ltr'><strong>ex</strong></span> <span class='ocrx_word' id='word_1_448' title='bbox 1347 1017 1445 1051; x_wconf 88' lang='lat' dir='ltr'><strong>pretio.</strong></span> <span class='ocrx_word' id='word_1_449' title='bbox 1455 1016 1532 1049; x_wconf 87' lang='lat' dir='ltr'><strong>Quod</strong></span> <span class='ocrx_word' id='word_1_450' title='bbox 1545 1017 1567 1043; x_wconf 87' lang='lat' dir='ltr'><strong>si</strong></span> <span class='ocrx_word' id='word_1_451' title='bbox 1582 1017 1698 1045; x_wconf 88' lang='lat' dir='ltr'><strong>voluerit</strong></span> <span class='ocrx_word' id='word_1_452' title='bbox 1714 1018 1787 1045; x_wconf 79' lang='lat' dir='ltr'><strong>redi-</strong></span> 
     </span>
    </p>
   </div>
   <div class='ocr_carea' id='block_1_65' title="bbox 996 1061 1786 1099">
    <p class='ocr_par' dir='ltr' id='par_1_65' title="bbox 996 1061 1786 1099">
     <span class='ocr_line' id='line_1_65' title="bbox 996 1061 1786 1099; baseline 0.005 -11"><span class='ocrx_word' id='word_1_453' title='bbox 996 1069 1071 1089; x_wconf 87' lang='lat' dir='ltr'><strong>mere</strong></span> <span class='ocrx_word' id='word_1_454' title='bbox 1083 1069 1177 1097; x_wconf 82' lang='lat' dir='ltr'><strong>agrum</strong></span> <span class='ocrx_word' id='word_1_455' title='bbox 1194 1061 1239 1089; x_wconf 90' lang='lat' dir='ltr'><strong>ille</strong></span> <span class='ocrx_word' id='word_1_456' title='bbox 1253 1063 1299 1097; x_wconf 89' lang='lat' dir='ltr'><strong>qui</strong></span> <span class='ocrx_word' id='word_1_457' title='bbox 1312 1067 1434 1097; x_wconf 83' lang='lat' dir='ltr'><strong>voverat,</strong></span> <span class='ocrx_word' id='word_1_458' title='bbox 1448 1063 1530 1090; x_wconf 90' lang='lat' dir='ltr'><strong>addet</strong></span> <span class='ocrx_word' id='word_1_459' title='bbox 1543 1064 1665 1098; x_wconf 88' lang='lat' dir='ltr'><strong>quintam</strong></span> <span class='ocrx_word' id='word_1_460' title='bbox 1681 1069 1786 1099; x_wconf 81' lang='lat' dir='ltr'><strong>partem</strong></span> 
     </span>
    </p>
   </div>
   <div class='ocr_carea' id='block_1_66' title="bbox 995 1107 1609 1143">
    <p class='ocr_par' dir='ltr' id='par_1_66' title="bbox 995 1107 1609 1143">
     <span class='ocr_line' id='line_1_66' title="bbox 995 1107 1609 1143; baseline 0.003 -9"><span class='ocrx_word' id='word_1_461' title='bbox 995 1107 1138 1135; x_wconf 67' lang='lat' dir='ltr'><strong>aestimata:</strong></span> <span class='ocrx_word' id='word_1_462' title='bbox 1152 1108 1285 1142; x_wconf 76' lang='lat' dir='ltr'><strong>pecunize,</strong></span> <span class='ocrx_word' id='word_1_463' title='bbox 1302 1113 1329 1135; x_wconf 82' lang='lat' dir='ltr'><strong>et</strong></span> <span class='ocrx_word' id='word_1_464' title='bbox 1343 1109 1495 1143; x_wconf 85' lang='lat' dir='ltr'><strong>possidebit</strong></span> <span class='ocrx_word' id='word_1_465' title='bbox 1509 1117 1581 1136; x_wconf 66' lang='lat' dir='ltr'><strong>eunt.</strong></span> <span class='ocrx_word' id='word_1_466' title='bbox 1601 1120 1609 1135; x_wconf 74' lang='grc' dir='ltr'>ι</span> 
     </span>
    </p>
   </div>
   <div class='ocr_carea' id='block_1_67' title="bbox 1031 1154 1789 1191">
    <p class='ocr_par' dir='ltr' id='par_1_67' title="bbox 1031 1154 1789 1191">
     <span class='ocr_line' id='line_1_67' title="bbox 1031 1154 1789 1191; baseline 0.004 -10"><span class='ocrx_word' id='word_1_467' title='bbox 1031 1154 1090 1182; x_wconf 81' lang='lat' dir='ltr'><strong>Non</strong></span> <span class='ocrx_word' id='word_1_468' title='bbox 1106 1155 1304 1189; x_wconf 85' lang='lat' dir='ltr'><strong>qualiscunque</strong></span> <span class='ocrx_word' id='word_1_469' title='bbox 1318 1155 1363 1182; x_wconf 90' lang='lat' dir='ltr'><strong>hic</strong></span> <span class='ocrx_word' id='word_1_470' title='bbox 1377 1155 1482 1190; x_wconf 90' lang='lat' dir='ltr'><strong>paritur</strong></span> <span class='ocrx_word' id='word_1_471' title='bbox 1493 1156 1616 1190; x_wconf 76' lang='lat' dir='ltr'><strong>qumstio.</strong></span> <span class='ocrx_word' id='word_1_472' title='bbox 1630 1156 1715 1183; x_wconf 83' lang='lat' dir='ltr'><strong>Paulo</strong></span> <span class='ocrx_word' id='word_1_473' title='bbox 1726 1162 1789 1191; x_wconf 88' lang='lat' dir='ltr'><strong>post</strong></span> 
     </span>
    </p>
   </div>
   <div class='ocr_carea' id='block_1_68' title="bbox 996 1200 1788 1237">
    <p class='ocr_par' dir='ltr' id='par_1_68' title="bbox 996 1200 1788 1237">
     <span class='ocr_line' id='line_1_68' title="bbox 996 1200 1788 1237; baseline 0.004 -11"><span class='ocrx_word' id='word_1_474' title='bbox 996 1200 1068 1226; x_wconf 79' lang='lat' dir='ltr'><strong>enim</strong></span> <span class='ocrx_word' id='word_1_475' title='bbox 1084 1201 1118 1227; x_wconf 88' lang='lat' dir='ltr'><strong>ad</strong></span> <span class='ocrx_word' id='word_1_476' title='bbox 1136 1200 1219 1227; x_wconf 84' lang='lat' dir='ltr'><strong>linem</strong></span> <span class='ocrx_word' id='word_1_477' title='bbox 1233 1200 1296 1227; x_wconf 90' lang='lat' dir='ltr'><strong>libri</strong></span> <span class='ocrx_word' id='word_1_478' title='bbox 1316 1201 1455 1236; x_wconf 81' lang='lat' dir='ltr'><strong>legislator</strong></span> <span class='ocrx_word' id='word_1_479' title='bbox 1470 1201 1509 1228; x_wconf 90' lang='lat' dir='ltr'><strong>sic</strong></span> <span class='ocrx_word' id='word_1_480' title='bbox 1519 1201 1586 1228; x_wconf 91' lang='lat' dir='ltr'><strong>dicit</strong></span> <span class='ocrx_word' id='word_1_481' title='bbox 1605 1211 1610 1228; x_wconf 89' lang='lat'>:</span> <span class='ocrx_word' id='word_1_482' title='bbox 1626 1201 1706 1229; x_wconf 82' lang='lat' dir='ltr'><strong>Omne</strong></span> <span class='ocrx_word' id='word_1_483' title='bbox 1718 1203 1788 1237; x_wconf 79' lang='lat' dir='ltr'><strong>quod</strong></span> 
     </span>
    </p>
   </div>
   <div class='ocr_carea' id='block_1_69' title="bbox 997 1245 1789 1280">
    <p class='ocr_par' dir='ltr' id='par_1_69' title="bbox 997 1245 1789 1280">
     <span class='ocr_line' id='line_1_69' title="bbox 997 1245 1789 1280; baseline 0.004 -8"><span class='ocrx_word' id='word_1_484' title='bbox 997 1245 1109 1272; x_wconf 82' lang='lat' dir='ltr'><strong>Domino</strong></span> <span class='ocrx_word' id='word_1_485' title='bbox 1124 1250 1303 1277; x_wconf 65' lang='lat' dir='ltr'><strong>consecratur,</strong></span> <span class='ocrx_word' id='word_1_486' title='bbox 1313 1246 1367 1273; x_wconf 76' lang='lat' dir='ltr'><strong>sive</strong></span> <span class='ocrx_word' id='word_1_487' title='bbox 1376 1246 1451 1272; x_wconf 88' lang='lat' dir='ltr'><strong>homo</strong></span> <span class='ocrx_word' id='word_1_488' title='bbox 1465 1247 1525 1279; x_wconf 84' lang='lat' dir='ltr'><strong>erit,</strong></span> <span class='ocrx_word' id='word_1_489' title='bbox 1542 1247 1595 1274; x_wconf 78' lang='lat' dir='ltr'><strong>sive</strong></span> <span class='ocrx_word' id='word_1_490' title='bbox 1610 1247 1722 1280; x_wconf 80' lang='lat' dir='ltr'><strong>animal,</strong></span> <span class='ocrx_word' id='word_1_491' title='bbox 1734 1249 1789 1275; x_wconf 71' lang='lat' dir='ltr'><strong>sive</strong></span> 
     </span>
    </p>
   </div>
   <div class='ocr_carea' id='block_1_70' title="bbox 996 1292 1788 1327">
    <p class='ocr_par' dir='ltr' id='par_1_70' title="bbox 996 1292 1788 1327">
     <span class='ocr_line' id='line_1_70' title="bbox 996 1292 1788 1327; baseline 0.005 -10"><span class='ocrx_word' id='word_1_492' title='bbox 996 1299 1069 1325; x_wconf 79' lang='lat' dir='ltr'><strong>ager.</strong></span> <span class='ocrx_word' id='word_1_493' title='bbox 1085 1299 1136 1318; x_wconf 89' lang='lat' dir='ltr'><strong>non</strong></span> <span class='ocrx_word' id='word_1_494' title='bbox 1152 1293 1280 1325; x_wconf 70' lang='lat' dir='ltr'><strong>vertietur,</strong></span> <span class='ocrx_word' id='word_1_495' title='bbox 1298 1300 1344 1318; x_wconf 78' lang='lat' dir='ltr'><strong>nec</strong></span> <span class='ocrx_word' id='word_1_496' title='bbox 1357 1293 1452 1319; x_wconf 84' lang='lat' dir='ltr'><strong>redimi</strong></span> <span class='ocrx_word' id='word_1_497' title='bbox 1472 1294 1578 1327; x_wconf 78' lang='lat' dir='ltr'><strong>poterit.</strong></span> <span class='ocrx_word' id='word_1_498' title='bbox 1592 1292 1735 1326; x_wconf 84' lang='lat' dir='ltr'><strong>Quomodo</strong></span> <span class='ocrx_word' id='word_1_499' title='bbox 1751 1295 1788 1322; x_wconf 90' lang='lat' dir='ltr'><strong>ibi</strong></span> 
     </span>
    </p>
   </div>
   <div class='ocr_carea' id='block_1_71' title="bbox 998 1337 1788 1372">
    <p class='ocr_par' dir='ltr' id='par_1_71' title="bbox 998 1337 1788 1372">
     <span class='ocr_line' id='line_1_71' title="bbox 998 1337 1788 1372; baseline 0.005 -9"><span class='ocrx_word' id='word_1_500' title='bbox 998 1337 1109 1370; x_wconf 81' lang='lat' dir='ltr'><strong>quidem</strong></span> <span class='ocrx_word' id='word_1_501' title='bbox 1127 1338 1224 1364; x_wconf 79' lang='lat' dir='ltr'><strong>redimi</strong></span> <span class='ocrx_word' id='word_1_502' title='bbox 1239 1338 1331 1365; x_wconf 87' lang='lat' dir='ltr'><strong>oblata</strong></span> <span class='ocrx_word' id='word_1_503' title='bbox 1348 1338 1499 1372; x_wconf 85' lang='lat' dir='ltr'><strong>prohibuit,</strong></span> <span class='ocrx_word' id='word_1_504' title='bbox 1513 1339 1557 1366; x_wconf 83' lang='lat' dir='ltr'><strong>hic</strong></span> <span class='ocrx_word' id='word_1_505' title='bbox 1570 1344 1659 1366; x_wconf 59' lang='lat' dir='ltr'><strong>autem</strong></span> <span class='ocrx_word' id='word_1_506' title='bbox 1675 1339 1788 1367; x_wconf 88' lang='lat' dir='ltr'><strong>domum</strong></span> 
     </span>
    </p>
   </div>
   <div class='ocr_carea' id='block_1_72' title="bbox 997 1384 1786 1421">
    <p class='ocr_par' dir='ltr' id='par_1_72' title="bbox 997 1384 1786 1421">
     <span class='ocr_line' id='line_1_72' title="bbox 997 1384 1786 1421; baseline 0.006 -12"><span class='ocrx_word' id='word_1_507' title='bbox 997 1389 1022 1410; x_wconf 83' lang='lat' dir='ltr'><strong>et</strong></span> <span class='ocrx_word' id='word_1_508' title='bbox 1033 1391 1125 1418; x_wconf 83' lang='lat' dir='ltr'><strong>agrum</strong></span> <span class='ocrx_word' id='word_1_509' title='bbox 1135 1387 1277 1418; x_wconf 88' lang='lat' dir='ltr'><strong>postquam</strong></span> <span class='ocrx_word' id='word_1_510' title='bbox 1284 1384 1451 1411; x_wconf 85' lang='lat' dir='ltr'><strong>sanctificata</strong></span> <span class='ocrx_word' id='word_1_511' title='bbox 1462 1390 1525 1412; x_wconf 87' lang='lat' dir='ltr'><strong>sunt</strong></span> <span class='ocrx_word' id='word_1_512' title='bbox 1536 1386 1660 1421; x_wconf 58' lang='lat' dir='ltr'><strong>praecipit</strong></span> <span class='ocrx_word' id='word_1_513' title='bbox 1671 1386 1786 1414; x_wconf 87' lang='lat' dir='ltr'><strong>redimi?</strong></span> 
     </span>
    </p>
   </div>
   <div class='ocr_carea' id='block_1_73' title="bbox 997 1429 1786 1464">
    <p class='ocr_par' dir='ltr' id='par_1_73' title="bbox 997 1429 1786 1464">
     <span class='ocr_line' id='line_1_73' title="bbox 997 1429 1786 1464; baseline 0.005 -9"><span class='ocrx_word' id='word_1_514' title='bbox 997 1431 1051 1456; x_wconf 80' lang='lat' dir='ltr'><strong>Aut</strong></span> <span class='ocrx_word' id='word_1_515' title='bbox 1080 1429 1193 1456; x_wconf 88' lang='lat' dir='ltr'><strong>forsitan</strong></span> <span class='ocrx_word' id='word_1_516' title='bbox 1213 1430 1371 1456; x_wconf 88' lang='lat' dir='ltr'><strong>omnimodo</strong></span> <span class='ocrx_word' id='word_1_517' title='bbox 1398 1430 1477 1457; x_wconf 87' lang='lat' dir='ltr'><strong>aliam</strong></span> <span class='ocrx_word' id='word_1_518' title='bbox 1514 1431 1558 1458; x_wconf 88' lang='lat' dir='ltr'><strong>hic</strong></span> <span class='ocrx_word' id='word_1_519' title='bbox 1595 1432 1786 1464; x_wconf 84' lang='lat' dir='ltr'><strong>intentionem,</strong></span> 
     </span>
    </p>
   </div>
   <div class='ocr_carea' id='block_1_74' title="bbox 997 1475 1788 1513">
    <p class='ocr_par' dir='ltr' id='par_1_74' title="bbox 997 1475 1788 1513">
     <span class='ocr_line' id='line_1_74' title="bbox 997 1475 1788 1513; baseline 0.004 -11"><span class='ocrx_word' id='word_1_520' title='bbox 997 1475 1076 1502; x_wconf 88' lang='lat' dir='ltr'><strong>aliam</strong></span> <span class='ocrx_word' id='word_1_521' title='bbox 1095 1475 1140 1502; x_wconf 90' lang='lat' dir='ltr'><strong>hic</strong></span> <span class='ocrx_word' id='word_1_522' title='bbox 1159 1475 1300 1503; x_wconf 75' lang='lat' dir='ltr'><strong>offerentis</strong></span> <span class='ocrx_word' id='word_1_523' title='bbox 1326 1477 1412 1503; x_wconf 89' lang='lat' dir='ltr'><strong>novit.</strong></span> <span class='ocrx_word' id='word_1_524' title='bbox 1433 1477 1471 1504; x_wconf 87' lang='lat' dir='ltr'><strong>lbi</strong></span> <span class='ocrx_word' id='word_1_525' title='bbox 1492 1477 1613 1512; x_wconf 83' lang='lat' dir='ltr'><strong>quidem,</strong></span> <span class='ocrx_word' id='word_1_526' title='bbox 1638 1483 1667 1504; x_wconf 90' lang='lat' dir='ltr'><strong>ut</strong></span> <span class='ocrx_word' id='word_1_527' title='bbox 1686 1486 1788 1513; x_wconf 88' lang='lat' dir='ltr'><strong>nequa--</strong></span> 
     </span>
    </p>
   </div>
   <div class='ocr_carea' id='block_1_75' title="bbox 997 1521 1789 1559">
    <p class='ocr_par' dir='ltr' id='par_1_75' title="bbox 997 1521 1789 1559">
     <span class='ocr_line' id='line_1_75' title="bbox 997 1521 1789 1559; baseline 0.004 -11"><span class='ocrx_word' id='word_1_528' title='bbox 997 1529 1078 1556; x_wconf 88' lang='lat' dir='ltr'><strong>quam</strong></span> <span class='ocrx_word' id='word_1_529' title='bbox 1093 1521 1162 1549; x_wconf 89' lang='lat' dir='ltr'><strong>ultra</strong></span> <span class='ocrx_word' id='word_1_530' title='bbox 1174 1526 1301 1549; x_wconf 85' lang='lat' dir='ltr'><strong>attrectet</strong></span> <span class='ocrx_word' id='word_1_531' title='bbox 1311 1523 1383 1557; x_wconf 90' lang='lat' dir='ltr'><strong>quod</strong></span> <span class='ocrx_word' id='word_1_532' title='bbox 1407 1523 1506 1550; x_wconf 87' lang='lat' dir='ltr'><strong>obtulit</strong></span> <span class='ocrx_word' id='word_1_533' title='bbox 1530 1532 1536 1550; x_wconf 93' lang='lat'>:</span> <span class='ocrx_word' id='word_1_534' title='bbox 1558 1525 1605 1551; x_wconf 87' lang='lat' dir='ltr'><strong>sed</strong></span> <span class='ocrx_word' id='word_1_535' title='bbox 1628 1529 1656 1551; x_wconf 88' lang='lat' dir='ltr'><strong>ut</strong></span> <span class='ocrx_word' id='word_1_536' title='bbox 1681 1526 1789 1559; x_wconf 79' lang='lat' dir='ltr'><strong>penitus</strong></span> 
     </span>
    </p>
   </div>
   <div class='ocr_carea' id='block_1_76' title="bbox 998 1569 1788 1605">
    <p class='ocr_par' dir='ltr' id='par_1_76' title="bbox 998 1569 1788 1605">
     <span class='ocr_line' id='line_1_76' title="bbox 998 1569 1788 1605; baseline 0.001 -9"><span class='ocrx_word' id='word_1_537' title='bbox 998 1569 1062 1596; x_wconf 91' lang='lat' dir='ltr'><strong>illud</strong></span> <span class='ocrx_word' id='word_1_538' title='bbox 1079 1573 1253 1596; x_wconf 84' lang='lat' dir='ltr'><strong>consecraret</strong></span> <span class='ocrx_word' id='word_1_539' title='bbox 1268 1569 1334 1600; x_wconf 86' lang='lat' dir='ltr'><strong>Deo,</strong></span> <span class='ocrx_word' id='word_1_540' title='bbox 1350 1573 1462 1604; x_wconf 82' lang='lat' dir='ltr'><strong>propter</strong></span> <span class='ocrx_word' id='word_1_541' title='bbox 1472 1570 1545 1604; x_wconf 88' lang='lat' dir='ltr'><strong>quod</strong></span> <span class='ocrx_word' id='word_1_542' title='bbox 1559 1578 1613 1597; x_wconf 88' lang='lat' dir='ltr'><strong>non</strong></span> <span class='ocrx_word' id='word_1_543' title='bbox 1629 1571 1676 1603; x_wconf 85' lang='lat' dir='ltr'><strong>ait,</strong></span> <span class='ocrx_word' id='word_1_544' title='bbox 1692 1578 1788 1605; x_wconf 82' lang='lat' dir='ltr'><strong>quem-</strong></span> 
     </span>
    </p>
   </div>
   <div class='ocr_carea' id='block_1_77' title="bbox 997 1615 1789 1649">
    <p class='ocr_par' dir='ltr' id='par_1_77' title="bbox 997 1615 1789 1649">
     <span class='ocr_line' id='line_1_77' title="bbox 997 1615 1789 1649; baseline 0.004 -8"><span class='ocrx_word' id='word_1_545' title='bbox 997 1615 1143 1642; x_wconf 86' lang='lat' dir='ltr'><strong>admodum</strong></span> <span class='ocrx_word' id='word_1_546' title='bbox 1172 1615 1237 1642; x_wconf 85' lang='lat' dir='ltr'><strong>hic:</strong></span> <span class='ocrx_word' id='word_1_547' title='bbox 1256 1615 1285 1642; x_wconf 86' lang='lat' dir='ltr'><strong>Si</strong></span> <span class='ocrx_word' id='word_1_548' title='bbox 1309 1616 1478 1643; x_wconf 85' lang='lat' dir='ltr'><strong>consecrarit</strong></span> <span class='ocrx_word' id='word_1_549' title='bbox 1503 1616 1615 1644; x_wconf 89' lang='lat' dir='ltr'><strong>domum</strong></span> <span class='ocrx_word' id='word_1_550' title='bbox 1637 1622 1789 1649; x_wconf 82' lang='lat' dir='ltr'><strong>suam,aut</strong></span> 
     </span>
    </p>
   </div>
   <div class='ocr_carea' id='block_1_78' title="bbox 998 1661 1790 1698">
    <p class='ocr_par' dir='ltr' id='par_1_78' title="bbox 998 1661 1790 1698">
     <span class='ocr_line' id='line_1_78' title="bbox 998 1661 1790 1698; baseline 0.004 -11"><span class='ocrx_word' id='word_1_551' title='bbox 998 1669 1092 1697; x_wconf 83' lang='lat' dir='ltr'><strong>agrum</strong></span> <span class='ocrx_word' id='word_1_552' title='bbox 1114 1661 1296 1696; x_wconf 89' lang='lat' dir='ltr'><strong>possessionis</strong></span> <span class='ocrx_word' id='word_1_553' title='bbox 1315 1670 1371 1689; x_wconf 67' lang='lat' dir='ltr'><strong>sum</strong></span> <span class='ocrx_word' id='word_1_554' title='bbox 1389 1671 1395 1689; x_wconf 84' lang='lat'><strong>:</strong></span> <span class='ocrx_word' id='word_1_555' title='bbox 1413 1662 1471 1694; x_wconf 84' lang='lat' dir='ltr'><strong>sed,</strong></span> <span class='ocrx_word' id='word_1_556' title='bbox 1491 1671 1566 1689; x_wconf 83' lang='lat' dir='ltr'><strong>omne</strong></span> <span class='ocrx_word' id='word_1_557' title='bbox 1589 1664 1657 1698; x_wconf 80' lang='lat' dir='ltr'><strong>quod</strong></span> <span class='ocrx_word' id='word_1_558' title='bbox 1677 1663 1790 1690; x_wconf 81' lang='lat' dir='ltr'><strong>Domino</strong></span> 
     </span>
    </p>
   </div>
   <div class='ocr_carea' id='block_1_79' title="bbox 998 1707 1789 1743">
    <p class='ocr_par' dir='ltr' id='par_1_79' title="bbox 998 1707 1789 1743">
     <span class='ocr_line' id='line_1_79' title="bbox 998 1707 1789 1743; baseline 0 -10"><span class='ocrx_word' id='word_1_559' title='bbox 998 1712 1176 1734; x_wconf 81' lang='lat' dir='ltr'><strong>consecratur.</strong></span> <span class='ocrx_word' id='word_1_560' title='bbox 1202 1707 1303 1735; x_wconf 86' lang='lat' dir='ltr'><strong>Eorum</strong></span> <span class='ocrx_word' id='word_1_561' title='bbox 1326 1708 1399 1735; x_wconf 89' lang='lat' dir='ltr'><strong>enim</strong></span> <span class='ocrx_word' id='word_1_562' title='bbox 1421 1716 1482 1743; x_wconf 77' lang='lat' dir='ltr'><strong>qua:</strong></span> <span class='ocrx_word' id='word_1_563' title='bbox 1506 1709 1693 1736; x_wconf 76' lang='lat' dir='ltr'><strong>offerebantur</strong></span> <span class='ocrx_word' id='word_1_564' title='bbox 1724 1708 1789 1741; x_wconf 86' lang='lat' dir='ltr'><strong>Den,</strong></span> 
     </span>
    </p>
   </div>
   <div class='ocr_carea' id='block_1_80' title="bbox 999 1752 1789 1787">
    <p class='ocr_par' dir='ltr' id='par_1_80' title="bbox 999 1752 1789 1787">
     <span class='ocr_line' id='line_1_80' title="bbox 999 1752 1789 1787; baseline 0.004 -8"><span class='ocrx_word' id='word_1_565' title='bbox 999 1752 1066 1779; x_wconf 89' lang='lat' dir='ltr'><strong>nihil</strong></span> <span class='ocrx_word' id='word_1_566' title='bbox 1081 1753 1181 1780; x_wconf 86' lang='lat' dir='ltr'><strong>licebat</strong></span> <span class='ocrx_word' id='word_1_567' title='bbox 1194 1753 1220 1780; x_wconf 92' lang='lat' dir='ltr'><strong>in</strong></span> <span class='ocrx_word' id='word_1_568' title='bbox 1240 1761 1321 1780; x_wconf 90' lang='lat' dir='ltr'><strong>usum</strong></span> <span class='ocrx_word' id='word_1_569' title='bbox 1342 1753 1494 1781; x_wconf 88' lang='lat' dir='ltr'><strong>humanum</strong></span> <span class='ocrx_word' id='word_1_570' title='bbox 1510 1754 1580 1781; x_wconf 91' lang='lat' dir='ltr'><strong>ultra</strong></span> <span class='ocrx_word' id='word_1_571' title='bbox 1603 1755 1714 1787; x_wconf 84' lang='lat' dir='ltr'><strong>reverti,</strong></span> <span class='ocrx_word' id='word_1_572' title='bbox 1741 1755 1789 1782; x_wconf 90' lang='lat' dir='ltr'><strong>sed</strong></span> 
     </span>
    </p>
   </div>
   <div class='ocr_carea' id='block_1_81' title="bbox 999 1798 1789 1834">
    <p class='ocr_par' dir='ltr' id='par_1_81' title="bbox 999 1798 1789 1834">
     <span class='ocr_line' id='line_1_81' title="bbox 999 1798 1789 1834; baseline 0.004 -9"><span class='ocrx_word' id='word_1_573' title='bbox 999 1805 1050 1825; x_wconf 89' lang='lat' dir='ltr'><strong>nec</strong></span> <span class='ocrx_word' id='word_1_574' title='bbox 1077 1798 1204 1826; x_wconf 85' lang='lat' dir='ltr'><strong>sacerdos</strong></span> <span class='ocrx_word' id='word_1_575' title='bbox 1225 1798 1277 1826; x_wconf 91' lang='lat' dir='ltr'><strong>illis</strong></span> <span class='ocrx_word' id='word_1_576' title='bbox 1294 1799 1332 1826; x_wconf 90' lang='lat' dir='ltr'><strong>uti</strong></span> <span class='ocrx_word' id='word_1_577' title='bbox 1357 1803 1474 1834; x_wconf 87' lang='lat' dir='ltr'><strong>poterat.</strong></span> <span class='ocrx_word' id='word_1_578' title='bbox 1502 1800 1677 1827; x_wconf 87' lang='lat' dir='ltr'><strong>Demonstrat</strong></span> <span class='ocrx_word' id='word_1_579' title='bbox 1697 1806 1789 1828; x_wconf 86' lang='lat' dir='ltr'><strong>autem</strong></span> 
     </span>
    </p>
   </div>
   <div class='ocr_carea' id='block_1_82' title="bbox 998 1844 1789 1880">
    <p class='ocr_par' dir='ltr' id='par_1_82' title="bbox 998 1844 1789 1880">
     <span class='ocr_line' id='line_1_82' title="bbox 998 1844 1789 1880; baseline 0.003 -9"><span class='ocrx_word' id='word_1_580' title='bbox 998 1844 1051 1872; x_wconf 87' lang='lat' dir='ltr'><strong>hoc</strong></span> <span class='ocrx_word' id='word_1_581' title='bbox 1069 1853 1111 1877; x_wconf 80' lang='lat' dir='ltr'><strong>ea,</strong></span> <span class='ocrx_word' id='word_1_582' title='bbox 1131 1853 1192 1880; x_wconf 79' lang='lat' dir='ltr'><strong>qua:</strong></span> <span class='ocrx_word' id='word_1_583' title='bbox 1210 1850 1252 1872; x_wconf 90' lang='lat' dir='ltr'><strong>est</strong></span> <span class='ocrx_word' id='word_1_584' title='bbox 1275 1845 1508 1873; x_wconf 82' lang='lat' dir='ltr'><strong>Amalechitarum</strong></span> <span class='ocrx_word' id='word_1_585' title='bbox 1531 1846 1654 1873; x_wconf 87' lang='lat' dir='ltr'><strong>historia.</strong></span> <span class='ocrx_word' id='word_1_586' title='bbox 1682 1847 1789 1874; x_wconf 64' lang='lat' dir='ltr'><strong>Przecc&lt;</strong></span> 
     </span>
    </p>
   </div>
   <div class='ocr_carea' id='block_1_83' title="bbox 998 1890 1790 1924">
    <p class='ocr_par' dir='ltr' id='par_1_83' title="bbox 998 1890 1790 1924">
     <span class='ocr_line' id='line_1_83' title="bbox 998 1890 1790 1924; baseline 0.003 -8"><span class='ocrx_word' id='word_1_587' title='bbox 998 1894 1075 1924; x_wconf 87' lang='lat' dir='ltr'><strong>ptum</strong></span> <span class='ocrx_word' id='word_1_588' title='bbox 1096 1895 1139 1917; x_wconf 84' lang='lat' dir='ltr'><strong>est</strong></span> <span class='ocrx_word' id='word_1_589' title='bbox 1162 1890 1236 1916; x_wconf 90' lang='lat' dir='ltr'><strong>cnim</strong></span> <span class='ocrx_word' id='word_1_590' title='bbox 1264 1890 1328 1917; x_wconf 84' lang='lat' dir='ltr'><strong>Saul</strong></span> <span class='ocrx_word' id='word_1_591' title='bbox 1354 1895 1383 1917; x_wconf 86' lang='lat' dir='ltr'><strong>ut</strong></span> <span class='ocrx_word' id='word_1_592' title='bbox 1403 1891 1549 1917; x_wconf 82' lang='lat' dir='ltr'><strong>anathema</strong></span> <span class='ocrx_word' id='word_1_593' title='bbox 1573 1895 1666 1918; x_wconf 84' lang='lat' dir='ltr'><strong>essent</strong></span> <span class='ocrx_word' id='word_1_594' title='bbox 1698 1892 1790 1919; x_wconf 86' lang='lat' dir='ltr'><strong>omnia</strong></span> 
     </span>
    </p>
   </div>
   <div class='ocr_carea' id='block_1_84' title="bbox 999 1935 1790 1972">
    <p class='ocr_par' dir='ltr' id='par_1_84' title="bbox 999 1935 1790 1972">
     <span class='ocr_line' id='line_1_84' title="bbox 999 1935 1790 1972; baseline 0.003 -10"><span class='ocrx_word' id='word_1_595' title='bbox 999 1935 1128 1962; x_wconf 80' lang='lat' dir='ltr'><strong>Amalech</strong></span> <span class='ocrx_word' id='word_1_596' title='bbox 1153 1936 1239 1970; x_wconf 89' lang='lat' dir='ltr'><strong>spolia</strong></span> <span class='ocrx_word' id='word_1_597' title='bbox 1257 1945 1262 1962; x_wconf 96' lang='lat'>:</span> <span class='ocrx_word' id='word_1_598' title='bbox 1276 1941 1304 1963; x_wconf 88' lang='lat' dir='ltr'><strong>et</strong></span> <span class='ocrx_word' id='word_1_599' title='bbox 1324 1937 1388 1971; x_wconf 85' lang='lat' dir='ltr'><strong>quia</strong></span> <span class='ocrx_word' id='word_1_600' title='bbox 1401 1937 1538 1964; x_wconf 88' lang='lat' dir='ltr'><strong>concessit</strong></span> <span class='ocrx_word' id='word_1_601' title='bbox 1552 1937 1652 1972; x_wconf 90' lang='lat' dir='ltr'><strong>popqu</strong></span> <span class='ocrx_word' id='word_1_602' title='bbox 1665 1937 1790 1971; x_wconf 70' lang='lat' dir='ltr'><strong>quaedam</strong></span> 
     </span>
    </p>
   </div>
   <div class='ocr_carea' id='block_1_85' title="bbox 998 1981 1790 2017">
    <p class='ocr_par' dir='ltr' id='par_1_85' title="bbox 998 1981 1790 2017">
     <span class='ocr_line' id='line_1_85' title="bbox 998 1981 1790 2017; baseline 0.003 -10"><span class='ocrx_word' id='word_1_603' title='bbox 998 1981 1032 2007; x_wconf 87' lang='lat' dir='ltr'><strong>de</strong></span> <span class='ocrx_word' id='word_1_604' title='bbox 1064 1981 1193 2016; x_wconf 80' lang='lat' dir='ltr'><strong>gregibus</strong></span> <span class='ocrx_word' id='word_1_605' title='bbox 1231 1986 1258 2008; x_wconf 80' lang='lat' dir='ltr'><strong>et</strong></span> <span class='ocrx_word' id='word_1_606' title='bbox 1283 1981 1416 2008; x_wconf 82' lang='lat' dir='ltr'><strong>armentis</strong></span> <span class='ocrx_word' id='word_1_607' title='bbox 1447 1982 1584 2017; x_wconf 87' lang='lat' dir='ltr'><strong>accipere,</strong></span> <span class='ocrx_word' id='word_1_608' title='bbox 1614 1983 1790 2010; x_wconf 88' lang='lat' dir='ltr'><strong>maledictum</strong></span> 
     </span>
    </p>
   </div>
   <div class='ocr_carea' id='block_1_86' title="bbox 998 2028 1792 2062">
    <p class='ocr_par' dir='ltr' id='par_1_86' title="bbox 998 2028 1792 2062">
     <span class='ocr_line' id='line_1_86' title="bbox 998 2028 1792 2062; baseline 0.003 -8"><span class='ocrx_word' id='word_1_609' title='bbox 998 2028 1110 2062; x_wconf 80' lang='lat' dir='ltr'><strong>grande,</strong></span> <span class='ocrx_word' id='word_1_610' title='bbox 1143 2028 1265 2062; x_wconf 84' lang='lat' dir='ltr'><strong>iramque</strong></span> <span class='ocrx_word' id='word_1_611' title='bbox 1286 2028 1417 2055; x_wconf 89' lang='lat' dir='ltr'><strong>sustinuit</strong></span> <span class='ocrx_word' id='word_1_612' title='bbox 1437 2037 1443 2054; x_wconf 76' lang='grc' dir='ltr'>ε</span> <span class='ocrx_word' id='word_1_613' title='bbox 1463 2032 1492 2055; x_wconf 89' lang='lat' dir='ltr'><strong>et</strong></span> <span class='ocrx_word' id='word_1_614' title='bbox 1523 2028 1680 2055; x_wconf 87' lang='lat' dir='ltr'><strong>nullatenus</strong></span> <span class='ocrx_word' id='word_1_615' title='bbox 1705 2029 1728 2055; x_wconf 91' lang='lat' dir='ltr'><strong>ei</strong></span> <span class='ocrx_word' id='word_1_616' title='bbox 1757 2030 1792 2056; x_wconf 91' lang='lat' dir='ltr'><strong>ad</strong></span> 
     </span>
    </p>
   </div>
   <div class='ocr_carea' id='block_1_87' title="bbox 998 2073 1792 2107">
    <p class='ocr_par' dir='ltr' id='par_1_87' title="bbox 998 2073 1792 2107">
     <span class='ocr_line' id='line_1_87' title="bbox 998 2073 1792 2107; baseline 0.003 -7"><span class='ocrx_word' id='word_1_617' title='bbox 998 2073 1212 2102; x_wconf 84' lang='lat' dir='ltr'><strong>satisfactionem</strong></span> <span class='ocrx_word' id='word_1_618' title='bbox 1229 2073 1347 2105; x_wconf 75' lang='lat' dir='ltr'><strong>suffecit,</strong></span> <span class='ocrx_word' id='word_1_619' title='bbox 1361 2082 1422 2101; x_wconf 91' lang='lat' dir='ltr'><strong>cum</strong></span> <span class='ocrx_word' id='word_1_620' title='bbox 1439 2074 1605 2101; x_wconf 87' lang='lat' dir='ltr'><strong>irasceretur</strong></span> <span class='ocrx_word' id='word_1_621' title='bbox 1627 2074 1747 2107; x_wconf 81' lang='lat' dir='ltr'><strong>Samuel,</strong></span> <span class='ocrx_word' id='word_1_622' title='bbox 1764 2080 1792 2102; x_wconf 84' lang='lat' dir='ltr'><strong>et</strong></span> 
     </span>
    </p>
   </div>
   <div class='ocr_carea' id='block_1_88' title="bbox 999 2118 1790 2155">
    <p class='ocr_par' dir='ltr' id='par_1_88' title="bbox 999 2118 1790 2155">
     <span class='ocr_line' id='line_1_88' title="bbox 999 2118 1790 2155; baseline 0.005 -11"><span class='ocrx_word' id='word_1_623' title='bbox 999 2118 1149 2152; x_wconf 85' lang='lat' dir='ltr'><strong>inquireret</strong></span> <span class='ocrx_word' id='word_1_624' title='bbox 1174 2127 1181 2144; x_wconf 90' lang='lat'><strong>:</strong></span> <span class='ocrx_word' id='word_1_625' title='bbox 1205 2119 1270 2152; x_wconf 62' lang='lat' dir='ltr'><strong>Qut:</strong></span> <span class='ocrx_word' id='word_1_626' title='bbox 1288 2124 1325 2146; x_wconf 81' lang='lat' dir='ltr'><strong>est</strong></span> <span class='ocrx_word' id='word_1_627' title='bbox 1346 2128 1396 2146; x_wconf 72' lang='lat' dir='ltr'><strong>vox</strong></span> <span class='ocrx_word' id='word_1_628' title='bbox 1417 2120 1502 2155; x_wconf 75' lang='lat' dir='ltr'><strong>gregis</strong></span> <span class='ocrx_word' id='word_1_629' title='bbox 1523 2121 1601 2155; x_wconf 68' lang='lat' dir='ltr'><strong>hujus</strong></span> <span class='ocrx_word' id='word_1_630' title='bbox 1626 2121 1654 2147; x_wconf 85' lang='lat' dir='ltr'><strong>in</strong></span> <span class='ocrx_word' id='word_1_631' title='bbox 1681 2121 1790 2148; x_wconf 80' lang='lat' dir='ltr'><strong>auribus</strong></span> 
     </span>
    </p>
   </div>
   <div class='ocr_carea' id='block_1_89' title="bbox 998 2165 1793 2202">
    <p class='ocr_par' dir='ltr' id='par_1_89' title="bbox 998 2165 1793 2202">
     <span class='ocr_line' id='line_1_89' title="bbox 998 2165 1793 2202; baseline 0.005 -11"><span class='ocrx_word' id='word_1_632' title='bbox 998 2165 1071 2193; x_wconf 78' lang='lat' dir='ltr'><strong>meis.</strong></span> <span class='ocrx_word' id='word_1_633' title='bbox 1080 2171 1105 2191; x_wconf 84' lang='lat' dir='ltr'><strong>et</strong></span> <span class='ocrx_word' id='word_1_634' title='bbox 1118 2173 1167 2192; x_wconf 77' lang='lat' dir='ltr'><strong>vox</strong></span> <span class='ocrx_word' id='word_1_635' title='bbox 1177 2166 1253 2192; x_wconf 81' lang='lat' dir='ltr'><strong>boum</strong></span> <span class='ocrx_word' id='word_1_636' title='bbox 1263 2174 1343 2200; x_wconf 81' lang='lat' dir='ltr'><strong>quam</strong></span> <span class='ocrx_word' id='word_1_637' title='bbox 1356 2174 1402 2200; x_wconf 80' lang='lat' dir='ltr'><strong>ego</strong></span> <span class='ocrx_word' id='word_1_638' title='bbox 1410 2167 1490 2193; x_wconf 84' lang='lat' dir='ltr'><strong>audio</strong></span> <span class='ocrx_word' id='word_1_639' title='bbox 1499 2167 1533 2199; x_wconf 81' lang='grc'><strong>³³,</strong></span> <span class='ocrx_word' id='word_1_640' title='bbox 1544 2175 1605 2194; x_wconf 80' lang='lat' dir='ltr'><strong>cum</strong></span> <span class='ocrx_word' id='word_1_641' title='bbox 1615 2168 1793 2202; x_wconf 84' lang='lat' dir='ltr'><strong>responderet</strong></span> 
     </span>
    </p>
   </div>
   <div class='ocr_carea' id='block_1_90' title="bbox 998 2212 1792 2248">
    <p class='ocr_par' dir='ltr' id='par_1_90' title="bbox 998 2212 1792 2248">
     <span class='ocr_line' id='line_1_90' title="bbox 998 2212 1792 2248; baseline 0.005 -10"><span class='ocrx_word' id='word_1_642' title='bbox 998 2212 1049 2238; x_wconf 83' lang='lat' dir='ltr'><strong>alia</strong></span> <span class='ocrx_word' id='word_1_643' title='bbox 1077 2212 1111 2239; x_wconf 88' lang='lat' dir='ltr'><strong>ad</strong></span> <span class='ocrx_word' id='word_1_644' title='bbox 1128 2213 1288 2247; x_wconf 86' lang='lat' dir='ltr'><strong>prophetam</strong></span> <span class='ocrx_word' id='word_1_645' title='bbox 1307 2213 1400 2245; x_wconf 85' lang='lat' dir='ltr'><strong>verba,</strong></span> <span class='ocrx_word' id='word_1_646' title='bbox 1417 2221 1448 2240; x_wconf 85' lang='lat' dir='ltr'><strong>ea</strong></span> <span class='ocrx_word' id='word_1_647' title='bbox 1466 2222 1525 2248; x_wconf 71' lang='lat' dir='ltr'><strong>quae</strong></span> <span class='ocrx_word' id='word_1_648' title='bbox 1538 2220 1617 2242; x_wconf 89' lang='lat' dir='ltr'><strong>erant</strong></span> <span class='ocrx_word' id='word_1_649' title='bbox 1633 2224 1638 2241; x_wconf 94' lang='lat'>:</span> <span class='ocrx_word' id='word_1_650' title='bbox 1658 2215 1695 2242; x_wconf 80' lang='lat' dir='ltr'><strong>De</strong></span> <span class='ocrx_word' id='word_1_651' title='bbox 1711 2217 1792 2242; x_wconf 82' lang='lat' dir='ltr'><strong>Ama-</strong></span> 
     </span>
    </p>
   </div>
   <div class='ocr_carea' id='block_1_91' title="bbox 155 2256 1793 2297">
    <p class='ocr_par' dir='ltr' id='par_1_91' title="bbox 155 2256 1793 2297">
     <span class='ocr_line' id='line_1_91' title="bbox 155 2256 1793 2297; baseline 0.003 -14"><span class='ocrx_word' id='word_1_652' title='bbox 155 2256 338 2292; x_wconf 84' lang='lat' dir='ltr'><strong>Symmachus</strong></span> <span class='ocrx_word' id='word_1_653' title='bbox 355 2266 361 2283; x_wconf 91' lang='lat'>:</span> <span class='ocrx_word' id='word_1_654' title='bbox 380 2256 481 2284; x_wconf 80' lang='lat' dir='ltr'><strong>Statuit</strong></span> <span class='ocrx_word' id='word_1_655' title='bbox 496 2258 608 2291; x_wconf 81' lang='lat' dir='ltr'><strong>pretium</strong></span> <span class='ocrx_word' id='word_1_656' title='bbox 626 2258 757 2289; x_wconf 68' lang='lat' dir='ltr'><strong>sacerdos,</strong></span> <span class='ocrx_word' id='word_1_657' title='bbox 771 2258 792 2285; x_wconf 89' lang='lat' dir='ltr'><strong>si</strong></span> <span class='ocrx_word' id='word_1_658' title='bbox 809 2259 947 2293; x_wconf 88' lang='lat' dir='ltr'><strong>quomodo</strong></span> <span class='ocrx_word' id='word_1_659' title='bbox 963 2265 985 2292; x_wconf 76' lang='grc' dir='ltr'><strong>ο</strong></span> <span class='ocrx_word' id='word_1_660' title='bbox 1001 2258 1054 2284; x_wconf 74' lang='lat' dir='ltr'><strong>let/1</strong></span> <span class='ocrx_word' id='word_1_661' title='bbox 1067 2259 1178 2285; x_wconf 63' lang='lat' dir='ltr'><strong>adduxit</strong></span> <span class='ocrx_word' id='word_1_662' title='bbox 1194 2267 1223 2285; x_wconf 76' lang='lat' dir='ltr'><strong>eo</strong></span> <span class='ocrx_word' id='word_1_663' title='bbox 1238 2267 1296 2293; x_wconf 76' lang='lat' dir='ltr'><strong>qum</strong></span> <span class='ocrx_word' id='word_1_664' title='bbox 1311 2260 1450 2294; x_wconf 77' lang='lat' dir='ltr'><strong>acquisivit</strong></span> <span class='ocrx_word' id='word_1_665' title='bbox 1459 2260 1571 2294; x_wconf 74' lang='lat' dir='ltr'><strong>populus</strong></span> <span class='ocrx_word' id='word_1_666' title='bbox 1584 2261 1694 2288; x_wconf 85' lang='lat' dir='ltr'><strong>meliora</strong></span> <span class='ocrx_word' id='word_1_667' title='bbox 1707 2263 1793 2297; x_wconf 74' lang='lat' dir='ltr'><strong>gregis</strong></span> 
     </span>
    </p>
   </div>
   <div class='ocr_carea' id='block_1_92' title="bbox 154 2303 945 2338">
    <p class='ocr_par' dir='ltr' id='par_1_92' title="bbox 154 2303 945 2338">
     <span class='ocr_line' id='line_1_92' title="bbox 154 2303 945 2338; baseline 0.003 -8"><span class='ocrx_word' id='word_1_668' title='bbox 154 2303 305 2337; x_wconf 80' lang='lat' dir='ltr'><strong>proﬁciens</strong></span> <span class='ocrx_word' id='word_1_669' title='bbox 320 2303 422 2330; x_wconf 88' lang='lat' dir='ltr'><strong>donum</strong></span> <span class='ocrx_word' id='word_1_670' title='bbox 435 2311 496 2331; x_wconf 81' lang='lat' dir='ltr'><strong>esse</strong></span> <span class='ocrx_word' id='word_1_671' title='bbox 509 2311 615 2336; x_wconf 86' lang='lat' dir='ltr'><strong>eorum,</strong></span> <span class='ocrx_word' id='word_1_672' title='bbox 636 2312 697 2338; x_wconf 66' lang='lat' dir='ltr'><strong>qum</strong></span> <span class='ocrx_word' id='word_1_673' title='bbox 714 2303 769 2331; x_wconf 86' lang='lat' dir='ltr'><strong>Deo</strong></span> <span class='ocrx_word' id='word_1_674' title='bbox 783 2304 945 2337; x_wconf 86' lang='lat' dir='ltr'><strong>offeruntur,</strong></span> 
     </span>
    </p>
   </div>
   <div class='ocr_carea' id='block_1_93' title="bbox 155 2350 254 2383">
    <p class='ocr_par' dir='ltr' id='par_1_93' title="bbox 155 2350 254 2383">
     <span class='ocr_line' id='line_1_93' title="bbox 155 2350 254 2383; baseline 0 -7"><span class='ocrx_word' id='word_1_675' title='bbox 155 2350 254 2383; x_wconf 86' lang='lat' dir='ltr'><strong>possit.</strong></span> 
     </span>
    </p>
   </div>
   <div class='ocr_carea' id='block_1_94' title="bbox 190 2393 948 2428">
    <p class='ocr_par' dir='ltr' id='par_1_94' title="bbox 190 2393 948 2428">
     <span class='ocr_line' id='line_1_94' title="bbox 190 2393 948 2428; baseline 0.001 -8"><span class='ocrx_word' id='word_1_676' title='bbox 190 2393 267 2425; x_wconf 78' lang='lat' dir='ltr'><strong>Quod</strong></span> <span class='ocrx_word' id='word_1_677' title='bbox 281 2393 304 2419; x_wconf 72' lang='lat' dir='ltr'><strong>si</strong></span> <span class='ocrx_word' id='word_1_678' title='bbox 320 2394 384 2420; x_wconf 83' lang='lat' dir='ltr'><strong>dare</strong></span> <span class='ocrx_word' id='word_1_679' title='bbox 408 2394 552 2425; x_wconf 73' lang='lat' dir='ltr'><strong>volueritis,</strong></span> <span class='ocrx_word' id='word_1_680' title='bbox 576 2401 655 2428; x_wconf 82' lang='lat' dir='ltr'><strong>quant</strong></span> <span class='ocrx_word' id='word_1_681' title='bbox 674 2394 758 2428; x_wconf 60' lang='grc' dir='ltr'><strong>θίγοι-ι,</strong></span> <span class='ocrx_word' id='word_1_682' title='bbox 773 2394 850 2421; x_wconf 74' lang='lat' dir='ltr'><strong>addet</strong></span> <span class='ocrx_word' id='word_1_683' title='bbox 870 2403 948 2428; x_wconf 71' lang='lat' dir='ltr'><strong>super</strong></span> 
     </span>
    </p>
   </div>
   <div class='ocr_carea' id='block_1_95' title="bbox 154 2439 950 2474">
    <p class='ocr_par' dir='ltr' id='par_1_95' title="bbox 154 2439 950 2474">
     <span class='ocr_line' id='line_1_95' title="bbox 154 2439 950 2474; baseline 0.004 -9"><span class='ocrx_word' id='word_1_684' title='bbox 154 2440 358 2466; x_wconf 70' lang='lat' dir='ltr'><strong>astimatiouem</strong></span> <span class='ocrx_word' id='word_1_685' title='bbox 383 2439 503 2474; x_wconf 79' lang='lat' dir='ltr'><strong>quintam</strong></span> <span class='ocrx_word' id='word_1_686' title='bbox 531 2444 644 2473; x_wconf 77' lang='lat' dir='ltr'><strong>partem.</strong></span> <span class='ocrx_word' id='word_1_687' title='bbox 662 2439 694 2466; x_wconf 90' lang='lat' dir='ltr'><strong>Et</strong></span> <span class='ocrx_word' id='word_1_688' title='bbox 707 2440 773 2474; x_wconf 88' lang='lat' dir='ltr'><strong>quid</strong></span> <span class='ocrx_word' id='word_1_689' title='bbox 806 2441 856 2468; x_wconf 87' lang='lat' dir='ltr'><strong>hoc</strong></span> <span class='ocrx_word' id='word_1_690' title='bbox 884 2443 950 2468; x_wconf 79' lang='lat' dir='ltr'><strong>est?</strong></span> 
     </span>
    </p>
   </div>
   <div class='ocr_carea' id='block_1_96' title="bbox 155 2484 948 2522">
    <p class='ocr_par' dir='ltr' id='par_1_96' title="bbox 155 2484 948 2522">
     <span class='ocr_line' id='line_1_96' title="bbox 155 2484 948 2522; baseline 0.004 -11"><span class='ocrx_word' id='word_1_691' title='bbox 155 2484 284 2520; x_wconf 81' lang='lat' dir='ltr'><strong>Quinque</strong></span> <span class='ocrx_word' id='word_1_692' title='bbox 300 2493 414 2512; x_wconf 89' lang='lat' dir='ltr'><strong>numero</strong></span> <span class='ocrx_word' id='word_1_693' title='bbox 432 2493 530 2512; x_wconf 86' lang='lat' dir='ltr'><strong>sensus</strong></span> <span class='ocrx_word' id='word_1_694' title='bbox 542 2490 616 2512; x_wconf 88' lang='lat' dir='ltr'><strong>sunt.</strong></span> <span class='ocrx_word' id='word_1_695' title='bbox 637 2485 740 2513; x_wconf 85' lang='lat' dir='ltr'><strong>Horum</strong></span> <span class='ocrx_word' id='word_1_696' title='bbox 762 2487 841 2513; x_wconf 90' lang='lat' dir='ltr'><strong>nobis</strong></span> <span class='ocrx_word' id='word_1_697' title='bbox 851 2487 948 2522; x_wconf 90' lang='lat' dir='ltr'><strong>quinta</strong></span> 
     </span>
    </p>
   </div>
   <div class='ocr_carea' id='block_1_97' title="bbox 155 2531 949 2567">
    <p class='ocr_par' dir='ltr' id='par_1_97' title="bbox 155 2531 949 2567">
     <span class='ocr_line' id='line_1_97' title="bbox 155 2531 949 2567; baseline 0.004 -10"><span class='ocrx_word' id='word_1_698' title='bbox 155 2539 220 2565; x_wconf 85' lang='lat' dir='ltr'><strong>pars</strong></span> <span class='ocrx_word' id='word_1_699' title='bbox 242 2539 322 2558; x_wconf 89' lang='lat' dir='ltr'><strong>mens</strong></span> <span class='ocrx_word' id='word_1_700' title='bbox 341 2536 393 2562; x_wconf 87' lang='lat' dir='ltr'><strong>est,</strong></span> <span class='ocrx_word' id='word_1_701' title='bbox 420 2531 455 2558; x_wconf 88' lang='lat' dir='ltr'><strong>ab</strong></span> <span class='ocrx_word' id='word_1_702' title='bbox 475 2531 531 2566; x_wconf 87' lang='lat' dir='ltr'><strong>ipsa</strong></span> <span class='ocrx_word' id='word_1_703' title='bbox 563 2532 637 2558; x_wconf 89' lang='lat' dir='ltr'><strong>enim</strong></span> <span class='ocrx_word' id='word_1_704' title='bbox 659 2532 857 2567; x_wconf 75' lang='lat' dir='ltr'><strong>gubernantur.</strong></span> <span class='ocrx_word' id='word_1_705' title='bbox 882 2533 949 2561; x_wconf 89' lang='lat' dir='ltr'><strong>Sine</strong></span> 
     </span>
    </p>
   </div>
   <div class='ocr_carea' id='block_1_98' title="bbox 157 2577 948 2613">
    <p class='ocr_par' dir='ltr' id='par_1_98' title="bbox 157 2577 948 2613">
     <span class='ocr_line' id='line_1_98' title="bbox 157 2577 948 2613; baseline 0.004 -10"><span class='ocrx_word' id='word_1_706' title='bbox 157 2578 207 2604; x_wconf 90' lang='lat' dir='ltr'><strong>hac</strong></span> <span class='ocrx_word' id='word_1_707' title='bbox 220 2585 286 2612; x_wconf 83' lang='lat' dir='ltr'><strong>ergo</strong></span> <span class='ocrx_word' id='word_1_708' title='bbox 298 2585 353 2604; x_wconf 90' lang='lat' dir='ltr'><strong>non</strong></span> <span class='ocrx_word' id='word_1_709' title='bbox 373 2577 451 2604; x_wconf 77' lang='lat' dir='ltr'><strong>valde</strong></span> <span class='ocrx_word' id='word_1_710' title='bbox 466 2577 648 2609; x_wconf 84' lang='lat' dir='ltr'><strong>habentesse,</strong></span> <span class='ocrx_word' id='word_1_711' title='bbox 661 2585 712 2605; x_wconf 82' lang='lat' dir='ltr'><strong>nec</strong></span> <span class='ocrx_word' id='word_1_712' title='bbox 723 2579 830 2613; x_wconf 86' lang='lat' dir='ltr'><strong>juvant.</strong></span> <span class='ocrx_word' id='word_1_713' title='bbox 846 2579 948 2607; x_wconf 87' lang='lat' dir='ltr'><strong>Horum</strong></span> 
     </span>
    </p>
   </div>
   <div class='ocr_carea' id='block_1_99' title="bbox 155 2623 949 2661">
    <p class='ocr_par' dir='ltr' id='par_1_99' title="bbox 155 2623 949 2661">
     <span class='ocr_line' id='line_1_99' title="bbox 155 2623 949 2661; baseline 0.005 -12"><span class='ocrx_word' id='word_1_714' title='bbox 155 2631 221 2658; x_wconf 84' lang='lat' dir='ltr'><strong>ergo</strong></span> <span class='ocrx_word' id='word_1_715' title='bbox 231 2623 353 2659; x_wconf 90' lang='lat' dir='ltr'><strong>quinque</strong></span> <span class='ocrx_word' id='word_1_716' title='bbox 364 2624 494 2658; x_wconf 77' lang='lat' dir='ltr'><strong>virgines,</strong></span> <span class='ocrx_word' id='word_1_717' title='bbox 506 2631 565 2658; x_wconf 62' lang='lat' dir='ltr'><strong>qua:</strong></span> <span class='ocrx_word' id='word_1_718' title='bbox 578 2624 610 2651; x_wconf 89' lang='lat' dir='ltr'><strong>ad</strong></span> <span class='ocrx_word' id='word_1_719' title='bbox 627 2624 736 2659; x_wconf 87' lang='lat' dir='ltr'><strong>nuptias</strong></span> <span class='ocrx_word' id='word_1_720' title='bbox 747 2633 799 2652; x_wconf 90' lang='lat' dir='ltr'><strong>non</strong></span> <span class='ocrx_word' id='word_1_721' title='bbox 812 2630 949 2661; x_wconf 64' lang='lat' dir='ltr'><strong>susceptae</strong></span> 
     </span>
    </p>
   </div>
   <div class='ocr_carea' id='block_1_100' title="bbox 156 2669 947 2705">
    <p class='ocr_par' dir='ltr' id='par_1_100' title="bbox 156 2669 947 2705">
     <span class='ocr_line' id='line_1_100' title="bbox 156 2669 947 2705; baseline 0.005 -10"><span class='ocrx_word' id='word_1_722' title='bbox 156 2675 230 2701; x_wconf 81' lang='lat' dir='ltr'><strong>sunt,</strong></span> <span class='ocrx_word' id='word_1_723' title='bbox 248 2672 361 2705; x_wconf 80' lang='lat' dir='ltr'><strong>figurant</strong></span> <span class='ocrx_word' id='word_1_724' title='bbox 377 2674 487 2704; x_wconf 83' lang='lat' dir='ltr'><strong>gerunt.</strong></span> <span class='ocrx_word' id='word_1_725' title='bbox 500 2669 626 2704; x_wconf 85' lang='lat' dir='ltr'><strong>Quinque</strong></span> <span class='ocrx_word' id='word_1_726' title='bbox 641 2678 704 2705; x_wconf 77' lang='lat' dir='ltr'><strong>ergo</strong></span> <span class='ocrx_word' id='word_1_727' title='bbox 720 2678 774 2697; x_wconf 89' lang='lat' dir='ltr'><strong>non</strong></span> <span class='ocrx_word' id='word_1_728' title='bbox 793 2671 947 2699; x_wconf 85' lang='lat' dir='ltr'><strong>habuerunt</strong></span> 
     </span>
    </p>
   </div>
   <div class='ocr_carea' id='block_1_101' title="bbox 156 2715 946 2750">
    <p class='ocr_par' dir='ltr' id='par_1_101' title="bbox 156 2715 946 2750">
     <span class='ocr_line' id='line_1_101' title="bbox 156 2715 946 2750; baseline 0.003 -8"><span class='ocrx_word' id='word_1_729' title='bbox 156 2715 331 2750; x_wconf 79' lang='lat' dir='ltr'><strong>sapientiam,</strong></span> <span class='ocrx_word' id='word_1_730' title='bbox 347 2715 420 2742; x_wconf 84' lang='lat' dir='ltr'><strong>unde</strong></span> <span class='ocrx_word' id='word_1_731' title='bbox 430 2715 554 2742; x_wconf 87' lang='lat' dir='ltr'><strong>absolute</strong></span> <span class='ocrx_word' id='word_1_732' title='bbox 568 2719 596 2742; x_wconf 87' lang='lat' dir='ltr'><strong>et</strong></span> <span class='ocrx_word' id='word_1_733' title='bbox 610 2715 692 2742; x_wconf 59' lang='lat' dir='ltr'><strong>fatua).</strong></span> <span class='ocrx_word' id='word_1_734' title='bbox 712 2716 857 2743; x_wconf 69' lang='lat' dir='ltr'><strong>nominara-</strong></span> <span class='ocrx_word' id='word_1_735' title='bbox 873 2721 946 2744; x_wconf 89' lang='lat' dir='ltr'><strong>sunt.</strong></span> 
     </span>
    </p>
   </div>
   <div class='ocr_carea' id='block_1_102' title="bbox 155 2761 948 2798">
    <p class='ocr_par' dir='ltr' id='par_1_102' title="bbox 155 2761 948 2798">
     <span class='ocr_line' id='line_1_102' title="bbox 155 2761 948 2798; baseline 0.001 -9"><span class='ocrx_word' id='word_1_736' title='bbox 155 2761 228 2797; x_wconf 80' lang='lat' dir='ltr'><strong>Ergo</strong></span> <span class='ocrx_word' id='word_1_737' title='bbox 242 2763 265 2789; x_wconf 89' lang='lat' dir='ltr'><strong>si</strong></span> <span class='ocrx_word' id='word_1_738' title='bbox 279 2763 342 2796; x_wconf 85' lang='lat' dir='ltr'><strong>quis</strong></span> <span class='ocrx_word' id='word_1_739' title='bbox 358 2762 416 2789; x_wconf 92' lang='lat' dir='ltr'><strong>vult</strong></span> <span class='ocrx_word' id='word_1_740' title='bbox 435 2761 569 2789; x_wconf 87' lang='lat' dir='ltr'><strong>redimere</strong></span> <span class='ocrx_word' id='word_1_741' title='bbox 592 2769 665 2792; x_wconf 85' lang='lat' dir='ltr'><strong>eum.</strong></span> <span class='ocrx_word' id='word_1_742' title='bbox 681 2762 726 2796; x_wconf 88' lang='lat' dir='ltr'><strong>qui</strong></span> <span class='ocrx_word' id='word_1_743' title='bbox 746 2767 858 2797; x_wconf 89' lang='lat' dir='ltr'><strong>propter</strong></span> <span class='ocrx_word' id='word_1_744' title='bbox 876 2771 948 2798; x_wconf 76' lang='lat' dir='ltr'><strong>prte-</strong></span> 
     </span>
    </p>
   </div>
   <div class='ocr_carea' id='block_1_103' title="bbox 156 2807 948 2842">
    <p class='ocr_par' dir='ltr' id='par_1_103' title="bbox 156 2807 948 2842">
     <span class='ocr_line' id='line_1_103' title="bbox 156 2807 948 2842; baseline 0.001 -7"><span class='ocrx_word' id='word_1_745' title='bbox 156 2807 244 2835; x_wconf 86' lang='lat' dir='ltr'><strong>dictas</strong></span> <span class='ocrx_word' id='word_1_746' title='bbox 256 2815 352 2836; x_wconf 84' lang='lat' dir='ltr'><strong>causas</strong></span> <span class='ocrx_word' id='word_1_747' title='bbox 369 2807 518 2834; x_wconf 89' lang='lat' dir='ltr'><strong>immundis</strong></span> <span class='ocrx_word' id='word_1_748' title='bbox 531 2812 704 2841; x_wconf 85' lang='lat' dir='ltr'><strong>comparatur</strong></span> <span class='ocrx_word' id='word_1_749' title='bbox 724 2808 878 2842; x_wconf 84' lang='lat' dir='ltr'><strong>pecoribus,</strong></span> <span class='ocrx_word' id='word_1_750' title='bbox 899 2809 948 2836; x_wconf 87' lang='lat' dir='ltr'><strong>hac</strong></span> 
     </span>
    </p>
   </div>
   <div class='ocr_carea' id='block_1_104' title="bbox 195 2897 672 2936">
    <p class='ocr_par' dir='ltr' id='par_1_104' title="bbox 195 2897 672 2936">
     <span class='ocr_line' id='line_1_104' title="bbox 195 2897 672 2936; baseline 0.002 -10"><span class='ocrx_word' id='word_1_751' title='bbox 195 2898 215 2914; x_wconf 62' lang='lat'><strong>&#39;3</strong></span> <span class='ocrx_word' id='word_1_752' title='bbox 231 2897 242 2926; x_wconf 79' lang='grc'>1</span> <span class='ocrx_word' id='word_1_753' title='bbox 260 2899 327 2936; x_wconf 78' lang='lat' dir='ltr'><strong>Reg.</strong></span> <span class='ocrx_word' id='word_1_754' title='bbox 342 2907 386 2932; x_wconf 81' lang='lat' dir='ltr'><strong>xv,</strong></span> <span class='ocrx_word' id='word_1_755' title='bbox 405 2900 447 2927; x_wconf 73' lang='grc'><strong>14.</strong></span> <span class='ocrx_word' id='word_1_756' title='bbox 503 2899 524 2915; x_wconf 77' lang='grc'><strong>³⁸</strong></span> <span class='ocrx_word' id='word_1_757' title='bbox 545 2899 612 2927; x_wconf 83' lang='lat' dir='ltr'><strong>ibid.</strong></span> <span class='ocrx_word' id='word_1_758' title='bbox 630 2900 672 2928; x_wconf 76' lang='grc'><strong>15.</strong></span> 
     </span>
    </p>
   </div>
   <div class='ocr_carea' id='block_1_105' title="bbox 999 2304 1791 2341">
    <p class='ocr_par' dir='ltr' id='par_1_105' title="bbox 999 2304 1791 2341">
     <span class='ocr_line' id='line_1_105' title="bbox 999 2304 1791 2341; baseline 0.003 -11"><span class='ocrx_word' id='word_1_759' title='bbox 999 2310 1022 2330; x_wconf 73' lang='lat' dir='ltr'><strong>et</strong></span> <span class='ocrx_word' id='word_1_760' title='bbox 1041 2304 1128 2335; x_wconf 86' lang='lat' dir='ltr'><strong>boum,</strong></span> <span class='ocrx_word' id='word_1_761' title='bbox 1146 2310 1173 2330; x_wconf 84' lang='lat' dir='ltr'><strong>ut</strong></span> <span class='ocrx_word' id='word_1_762' title='bbox 1189 2304 1391 2331; x_wconf 77' lang='lat' dir='ltr'><strong>immolarentur</strong></span> <span class='ocrx_word' id='word_1_763' title='bbox 1404 2304 1516 2332; x_wconf 82' lang='lat' dir='ltr'><strong>Domino</strong></span> <span class='ocrx_word' id='word_1_764' title='bbox 1539 2305 1592 2332; x_wconf 84' lang='lat' dir='ltr'><strong>Deo</strong></span> <span class='ocrx_word' id='word_1_765' title='bbox 1615 2311 1669 2337; x_wconf 86' lang='lat' dir='ltr'><strong>tuo,</strong></span> <span class='ocrx_word' id='word_1_766' title='bbox 1690 2306 1791 2341; x_wconf 70' lang='lat' dir='ltr'><strong>reliqua</strong></span> 
     </span>
    </p>
   </div>
   <div class='ocr_carea' id='block_1_106' title="bbox 1000 2350 1790 2386">
    <p class='ocr_par' dir='ltr' id='par_1_106' title="bbox 1000 2350 1790 2386">
     <span class='ocr_line' id='line_1_106' title="bbox 1000 2350 1790 2386; baseline 0.004 -10"><span class='ocrx_word' id='word_1_767' title='bbox 1000 2358 1089 2377; x_wconf 73' lang='lat' dir='ltr'><strong>autem</strong></span> <span class='ocrx_word' id='word_1_768' title='bbox 1107 2351 1250 2384; x_wconf 75' lang='lat' dir='ltr'><strong>disperdidi</strong></span> <span class='ocrx_word' id='word_1_769' title='bbox 1264 2351 1297 2378; x_wconf 78' lang='lat'><strong>“.</strong></span> <span class='ocrx_word' id='word_1_770' title='bbox 1319 2350 1386 2386; x_wconf 85' lang='lat' dir='ltr'><strong>Ergo</strong></span> <span class='ocrx_word' id='word_1_771' title='bbox 1401 2350 1473 2378; x_wconf 86' lang='lat' dir='ltr'><strong>ali&#39;ud</strong></span> <span class='ocrx_word' id='word_1_772' title='bbox 1490 2356 1529 2378; x_wconf 86' lang='lat' dir='ltr'><strong>est</strong></span> <span class='ocrx_word' id='word_1_773' title='bbox 1544 2353 1714 2379; x_wconf 73' lang='lat' dir='ltr'><strong>sanctifieare</strong></span> <span class='ocrx_word' id='word_1_774' title='bbox 1725 2352 1790 2385; x_wconf 87' lang='lat' dir='ltr'><strong>Deo,</strong></span> 
     </span>
    </p>
   </div>
   <div class='ocr_carea' id='block_1_107' title="bbox 1001 2396 1792 2433">
    <p class='ocr_par' dir='ltr' id='par_1_107' title="bbox 1001 2396 1792 2433">
     <span class='ocr_line' id='line_1_107' title="bbox 1001 2396 1792 2433; baseline 0.004 -11"><span class='ocrx_word' id='word_1_775' title='bbox 1001 2396 1064 2423; x_wconf 87' lang='lat' dir='ltr'><strong>licet</strong></span> <span class='ocrx_word' id='word_1_776' title='bbox 1081 2396 1152 2422; x_wconf 87' lang='lat' dir='ltr'><strong>enim</strong></span> <span class='ocrx_word' id='word_1_777' title='bbox 1175 2396 1200 2422; x_wconf 89' lang='lat' dir='ltr'><strong>ei</strong></span> <span class='ocrx_word' id='word_1_778' title='bbox 1216 2397 1261 2431; x_wconf 89' lang='lat' dir='ltr'><strong>qui</strong></span> <span class='ocrx_word' id='word_1_779' title='bbox 1283 2397 1473 2428; x_wconf 82' lang='lat' dir='ltr'><strong>sanctificavit,</strong></span> <span class='ocrx_word' id='word_1_780' title='bbox 1494 2398 1545 2425; x_wconf 83' lang='lat' dir='ltr'><strong>hoc</strong></span> <span class='ocrx_word' id='word_1_781' title='bbox 1561 2398 1642 2425; x_wconf 87' lang='lat' dir='ltr'><strong>modo</strong></span> <span class='ocrx_word' id='word_1_782' title='bbox 1660 2398 1698 2425; x_wconf 91' lang='lat' dir='ltr'><strong>uti</strong></span> <span class='ocrx_word' id='word_1_783' title='bbox 1711 2406 1792 2433; x_wconf 81' lang='lat' dir='ltr'><strong>quem</strong></span> 
     </span>
    </p>
   </div>
   <div class='ocr_carea' id='block_1_108' title="bbox 1001 2442 1792 2477">
    <p class='ocr_par' dir='ltr' id='par_1_108' title="bbox 1001 2442 1792 2477">
     <span class='ocr_line' id='line_1_108' title="bbox 1001 2442 1792 2477; baseline 0.004 -9"><span class='ocrx_word' id='word_1_784' title='bbox 1001 2449 1075 2469; x_wconf 87' lang='lat' dir='ltr'><strong>nunc</strong></span> <span class='ocrx_word' id='word_1_785' title='bbox 1089 2442 1167 2469; x_wconf 88' lang='lat' dir='ltr'><strong>nobis</strong></span> <span class='ocrx_word' id='word_1_786' title='bbox 1188 2442 1325 2477; x_wconf 80' lang='lat' dir='ltr'><strong>legislalor</strong></span> <span class='ocrx_word' id='word_1_787' title='bbox 1343 2443 1482 2470; x_wconf 86' lang='lat' dir='ltr'><strong>ostendit:</strong></span> <span class='ocrx_word' id='word_1_788' title='bbox 1498 2444 1570 2471; x_wconf 90' lang='lat' dir='ltr'><strong>aliud</strong></span> <span class='ocrx_word' id='word_1_789' title='bbox 1586 2449 1629 2471; x_wconf 86' lang='lat' dir='ltr'><strong>est</strong></span> <span class='ocrx_word' id='word_1_790' title='bbox 1647 2445 1792 2471; x_wconf 88' lang='lat' dir='ltr'><strong>anathema</strong></span> 
     </span>
    </p>
   </div>
   <div class='ocr_carea' id='block_1_109' title="bbox 1001 2488 1794 2526">
    <p class='ocr_par' dir='ltr' id='par_1_109' title="bbox 1001 2488 1794 2526">
     <span class='ocr_line' id='line_1_109' title="bbox 1001 2488 1794 2526; baseline 0.003 -11"><span class='ocrx_word' id='word_1_791' title='bbox 1001 2489 1065 2524; x_wconf 88' lang='lat' dir='ltr'><strong>quid</strong></span> <span class='ocrx_word' id='word_1_792' title='bbox 1083 2488 1183 2520; x_wconf 86' lang='lat' dir='ltr'><strong>facere,</strong></span> <span class='ocrx_word' id='word_1_793' title='bbox 1209 2489 1290 2524; x_wconf 83' lang='lat' dir='ltr'><strong>hujus</strong></span> <span class='ocrx_word' id='word_1_794' title='bbox 1315 2489 1388 2516; x_wconf 89' lang='lat' dir='ltr'><strong>enim</strong></span> <span class='ocrx_word' id='word_1_795' title='bbox 1413 2498 1480 2517; x_wconf 83' lang='lat' dir='ltr'><strong>usus</strong></span> <span class='ocrx_word' id='word_1_796' title='bbox 1503 2491 1669 2526; x_wconf 88' lang='lat' dir='ltr'><strong>prohibitus.</strong></span> <span class='ocrx_word' id='word_1_797' title='bbox 1690 2490 1794 2518; x_wconf 90' lang='lat' dir='ltr'><strong>Similis</strong></span> 
     </span>
    </p>
   </div>
   <div class='ocr_carea' id='block_1_110' title="bbox 1000 2533 1794 2570">
    <p class='ocr_par' dir='ltr' id='par_1_110' title="bbox 1000 2533 1794 2570">
     <span class='ocr_line' id='line_1_110' title="bbox 1000 2533 1794 2570; baseline 0.004 -10"><span class='ocrx_word' id='word_1_798' title='bbox 1000 2539 1090 2560; x_wconf 90' lang='lat' dir='ltr'><strong>autem</strong></span> <span class='ocrx_word' id='word_1_799' title='bbox 1103 2533 1166 2560; x_wconf 91' lang='lat' dir='ltr'><strong>huic</strong></span> <span class='ocrx_word' id='word_1_800' title='bbox 1181 2537 1208 2560; x_wconf 89' lang='lat' dir='ltr'><strong>et</strong></span> <span class='ocrx_word' id='word_1_801' title='bbox 1229 2533 1382 2561; x_wconf 81' lang='lat' dir='ltr'><strong>intellectus</strong></span> <span class='ocrx_word' id='word_1_802' title='bbox 1399 2535 1499 2570; x_wconf 89' lang='lat' dir='ltr'><strong>suscipi</strong></span> <span class='ocrx_word' id='word_1_803' title='bbox 1524 2535 1606 2562; x_wconf 89' lang='lat' dir='ltr'><strong>debet</strong></span> <span class='ocrx_word' id='word_1_804' title='bbox 1625 2538 1794 2570; x_wconf 82' lang='lat' dir='ltr'><strong>contempla—</strong></span> 
     </span>
    </p>
   </div>
   <div class='ocr_carea' id='block_1_111' title="bbox 1001 2579 1794 2617">
    <p class='ocr_par' dir='ltr' id='par_1_111' title="bbox 1001 2579 1794 2617">
     <span class='ocr_line' id='line_1_111' title="bbox 1001 2579 1794 2617; baseline 0.001 -10"><span class='ocrx_word' id='word_1_805' title='bbox 1001 2579 1094 2612; x_wconf 86' lang='lat' dir='ltr'><strong>tionis,</strong></span> <span class='ocrx_word' id='word_1_806' title='bbox 1110 2580 1157 2607; x_wconf 82' lang='lat' dir='ltr'><strong>sed</strong></span> <span class='ocrx_word' id='word_1_807' title='bbox 1173 2579 1207 2606; x_wconf 87' lang='lat' dir='ltr'><strong>de</strong></span> <span class='ocrx_word' id='word_1_808' title='bbox 1224 2579 1398 2607; x_wconf 84' lang='lat' dir='ltr'><strong>anathemate</strong></span> <span class='ocrx_word' id='word_1_809' title='bbox 1408 2581 1518 2616; x_wconf 82' lang='lat' dir='ltr'><strong>quidem</strong></span> <span class='ocrx_word' id='word_1_810' title='bbox 1534 2582 1668 2616; x_wconf 82' lang='lat' dir='ltr'><strong>dicemus,</strong></span> <span class='ocrx_word' id='word_1_811' title='bbox 1683 2581 1794 2617; x_wconf 89' lang='lat' dir='ltr'><strong>quando</strong></span> 
     </span>
    </p>
   </div>
   <div class='ocr_carea' id='block_1_112' title="bbox 1001 2626 1793 2661">
    <p class='ocr_par' dir='ltr' id='par_1_112' title="bbox 1001 2626 1793 2661">
     <span class='ocr_line' id='line_1_112' title="bbox 1001 2626 1793 2661; baseline 0 -7"><span class='ocrx_word' id='word_1_812' title='bbox 1001 2626 1035 2654; x_wconf 81' lang='lat' dir='ltr'><strong>ad</strong></span> <span class='ocrx_word' id='word_1_813' title='bbox 1052 2626 1126 2653; x_wconf 87' lang='lat' dir='ltr'><strong>illam</strong></span> <span class='ocrx_word' id='word_1_814' title='bbox 1155 2630 1262 2661; x_wconf 85' lang='lat' dir='ltr'><strong>partem</strong></span> <span class='ocrx_word' id='word_1_815' title='bbox 1288 2627 1375 2654; x_wconf 89' lang='lat' dir='ltr'><strong>sancti</strong></span> <span class='ocrx_word' id='word_1_816' title='bbox 1399 2627 1568 2656; x_wconf 89' lang='lat' dir='ltr'><strong>venerimus.</strong></span> <span class='ocrx_word' id='word_1_817' title='bbox 1596 2628 1675 2656; x_wconf 88' lang='lat' dir='ltr'><strong>Nunc</strong></span> <span class='ocrx_word' id='word_1_818' title='bbox 1701 2633 1793 2655; x_wconf 83' lang='lat' dir='ltr'><strong>autem</strong></span> 
     </span>
    </p>
   </div>
   <div class='ocr_carea' id='block_1_113' title="bbox 998 2667 1792 2709">
    <p class='ocr_par' dir='ltr' id='par_1_113' title="bbox 998 2667 1792 2709">
     <span class='ocr_line' id='line_1_113' title="bbox 998 2667 1792 2709; baseline 0.001 -11"><span class='ocrx_word' id='word_1_819' title='bbox 998 2667 1067 2707; x_wconf 82' lang='lat' dir='ltr'><strong>quid</strong></span> <span class='ocrx_word' id='word_1_820' title='bbox 1076 2672 1112 2698; x_wconf 90' lang='lat' dir='ltr'><strong>sit</strong></span> <span class='ocrx_word' id='word_1_821' title='bbox 1121 2671 1232 2698; x_wconf 90' lang='lat' dir='ltr'><strong>domum</strong></span> <span class='ocrx_word' id='word_1_822' title='bbox 1241 2672 1422 2705; x_wconf 83' lang='lat' dir='ltr'><strong>sanctificare,</strong></span> <span class='ocrx_word' id='word_1_823' title='bbox 1439 2673 1504 2708; x_wconf 91' lang='lat' dir='ltr'><strong>quid</strong></span> <span class='ocrx_word' id='word_1_824' title='bbox 1517 2681 1621 2709; x_wconf 87' lang='lat' dir='ltr'><strong>agrum,</strong></span> <span class='ocrx_word' id='word_1_825' title='bbox 1635 2673 1792 2702; x_wconf 83' lang='lat' dir='ltr'><strong>doceamus.</strong></span> 
     </span>
    </p>
   </div>
   <div class='ocr_carea' id='block_1_114' title="bbox 1003 2718 1792 2754">
    <p class='ocr_par' dir='ltr' id='par_1_114' title="bbox 1003 2718 1792 2754">
     <span class='ocr_line' id='line_1_114' title="bbox 1003 2718 1792 2754; baseline -0.003 -9"><span class='ocrx_word' id='word_1_826' title='bbox 1003 2718 1070 2745; x_wconf 90' lang='lat' dir='ltr'><strong>mihi</strong></span> <span class='ocrx_word' id='word_1_827' title='bbox 1094 2721 1256 2752; x_wconf 75' lang='lat' dir='ltr'><strong>suggerente</strong></span> <span class='ocrx_word' id='word_1_828' title='bbox 1274 2718 1382 2752; x_wconf 88' lang='lat' dir='ltr'><strong>spiritu,</strong></span> <span class='ocrx_word' id='word_1_829' title='bbox 1401 2718 1452 2745; x_wconf 86' lang='lat' dir='ltr'><strong>hoc</strong></span> <span class='ocrx_word' id='word_1_830' title='bbox 1469 2719 1557 2754; x_wconf 86' lang='lat' dir='ltr'><strong>primo</strong></span> <span class='ocrx_word' id='word_1_831' title='bbox 1573 2719 1633 2746; x_wconf 89' lang='lat' dir='ltr'><strong>loco</strong></span> <span class='ocrx_word' id='word_1_832' title='bbox 1644 2719 1766 2746; x_wconf 82' lang='lat' dir='ltr'><strong>dicentes</strong></span> <span class='ocrx_word' id='word_1_833' title='bbox 1784 2725 1792 2743; x_wconf 89' lang='lat'><strong>:</strong></span> 
     </span>
    </p>
   </div>
   <div class='ocr_carea' id='block_1_115' title="bbox 1003 2762 1792 2798">
    <p class='ocr_par' dir='ltr' id='par_1_115' title="bbox 1003 2762 1792 2798">
     <span class='ocr_line' id='line_1_115' title="bbox 1003 2762 1792 2798; baseline -0.005 -8"><span class='ocrx_word' id='word_1_834' title='bbox 1003 2763 1065 2798; x_wconf 92' lang='lat' dir='ltr'><strong>quia</strong></span> <span class='ocrx_word' id='word_1_835' title='bbox 1080 2762 1153 2790; x_wconf 82' lang='lat' dir='ltr'><strong>aliud</strong></span> <span class='ocrx_word' id='word_1_836' title='bbox 1171 2766 1212 2789; x_wconf 88' lang='lat' dir='ltr'><strong>est</strong></span> <span class='ocrx_word' id='word_1_837' title='bbox 1226 2762 1388 2790; x_wconf 85' lang='lat' dir='ltr'><strong>sanctificari</strong></span> <span class='ocrx_word' id='word_1_838' title='bbox 1405 2763 1471 2794; x_wconf 84' lang='lat' dir='ltr'><strong>Deo.</strong></span> <span class='ocrx_word' id='word_1_839' title='bbox 1489 2764 1560 2791; x_wconf 90' lang='lat' dir='ltr'><strong>aliud</strong></span> <span class='ocrx_word' id='word_1_840' title='bbox 1573 2769 1696 2791; x_wconf 87' lang='lat' dir='ltr'><strong>sanctum</strong></span> <span class='ocrx_word' id='word_1_841' title='bbox 1712 2768 1772 2789; x_wconf 82' lang='lat' dir='ltr'><strong>esse</strong></span> <span class='ocrx_word' id='word_1_842' title='bbox 1786 2769 1792 2786; x_wconf 92' lang='lat'>:</span> 
     </span>
    </p>
   </div>
   <div class='ocr_carea' id='block_1_116' title="bbox 1003 2807 1795 2845">
    <p class='ocr_par' dir='ltr' id='par_1_116' title="bbox 1003 2807 1795 2845">
     <span class='ocr_line' id='line_1_116' title="bbox 1003 2807 1795 2845; baseline -0.001 -9"><span class='ocrx_word' id='word_1_843' title='bbox 1003 2809 1076 2836; x_wconf 87' lang='lat' dir='ltr'><strong>aliud</strong></span> <span class='ocrx_word' id='word_1_844' title='bbox 1093 2808 1185 2836; x_wconf 76' lang='lat' dir='ltr'><strong>oﬂerri</strong></span> <span class='ocrx_word' id='word_1_845' title='bbox 1201 2808 1225 2835; x_wconf 87' lang='lat' dir='ltr'><strong>ei</strong></span> <span class='ocrx_word' id='word_1_846' title='bbox 1237 2808 1349 2843; x_wconf 89' lang='lat' dir='ltr'><strong>aliquid,</strong></span> <span class='ocrx_word' id='word_1_847' title='bbox 1362 2809 1435 2837; x_wconf 90' lang='lat' dir='ltr'><strong>aliud</strong></span> <span class='ocrx_word' id='word_1_848' title='bbox 1447 2817 1502 2836; x_wconf 92' lang='lat' dir='ltr'><strong>non</strong></span> <span class='ocrx_word' id='word_1_849' title='bbox 1518 2817 1586 2845; x_wconf 88' lang='lat' dir='ltr'><strong>opus</strong></span> <span class='ocrx_word' id='word_1_850' title='bbox 1601 2809 1702 2836; x_wconf 87' lang='lat' dir='ltr'><strong>habere</strong></span> <span class='ocrx_word' id='word_1_851' title='bbox 1716 2807 1795 2836; x_wconf 71' lang='grc' dir='ltr'><strong>υωα.</strong></span> 
     </span>
    </p>
   </div>
  </div>
