2056 3148
272 203 343 237 ιιι-ι

869 205 1051 236 HESYCHII
1071 206 1308 239 PRESBYTERI

1834 215 1902 248 1168

272 263 384 294 tionem,
411 260 457 288 sed
492 268 552 288 esse
578 261 636 293 Dei,
664 265 691 287 et
716 258 860 288 oﬁ‘erentis
888 268 944 288 non
971 269 1062 297 egere.
1078 265 1100 293 Α
1115 263 1294 292 sanctiﬁcatio
1303 265 1412 300 proprie
1424 266 1522 296 domus
1532 267 1687 302 ascribitur,
1702 277 1757 297 non
1769 270 1856 298 solum
1873 277 1904 300 ut

256 307 348 341 ,‘Quod
360 307 433 333 enim
443 305 637 336 sanctiﬁcatur.
645 306 803 337 etoll'ertur,
813 313 846 333 eo
859 306 930 340 quod
940 306 1062 339 oﬁ‘ertur,

272 352 435 381 s:mctiﬁcari
458 352 564 386 incipit,
584 360 649 387 ergo
672 352 748 386 prius
761 359 816 378 non
842 356 901 379 erat
926 357 1061 380 sanctum.

271 399 348 432 Quod
364 403 457 424 autem
473 398 568 432 incipit
585 397 759 429 sanctiﬁcari,
778 398 829 424 hoc
845 406 914 432 opus
929 398 1021 429 habet,
1036 403 1063 426 et

264 445 436 479 profectum,
452 449 479 471 ct
499 453 548 479 per
564 448 656 479 partes
672 449 858 479 augmentum.
872 444 953 477 Quod
969 450 1061 472 autem

263 491 333 518 volim
358 496 481 518 sanetum
500 495 551 523 est,
565 496 592 518 et
603 491 667 517 oliln
685 495 727 517 est
741 490 797 522 Dei,
815 491 868 518 hoc
886 491 954 518 nihil
972 492 1061 519 minus

270 538 360 569 habet,
369 538 415 564 scd
425 541 465 564 cst
475 537 637 572 perfectum,
647 545 696 564 nec
709 537 763 564 ullo
773 537 958 564 additamenta
966 545 1058 573 egens.

269 584 415 618 Propterea
439 584 540 610 bomuu
557 583 666 618 quidem
683 588 736 615 est,
752 588 780 610 et
796 583 929 610 doctrinis
945 584 1059 610 aliorum

267 631 301 657 ad
326 630 569 657 sanctilicatiout-m
597 630 647 661 uti,
673 630 770 656 melius
795 634 884 656 lamen
907 630 933 656 in
954 635 1058 657 tantum

268 676 409 710 proﬁcere,
427 680 456 702 ut
471 676 517 710 qui
541 676 720 710 semetipsum
736 682 763 704 et
782 684 831 703 eos
852 676 897 710 qui
910 677 970 711 ejus
984 681 1057 709 sunt,

267 722 300 749 ad
317 721 562 749 sanetilieationem
579 721 722 756 producat,
739 722 812 756 quod
834 729 887 749 non
904 722 993 748 omnis
1007 722 1057 749 viri

266 767 375 798 est,scd
388 766 473 793 solius
483 766 596 793 seusati.
610 767 643 793 Et
655 766 713 793 haec
727 771 801 799 sunt,
811 774 871 801 qum
886 767 912 793 in
925 767 976 794 hoc
998 767 1058 793 loco

267 812 420 847 signiﬁcare
436 813 575 847 legislator
590 812 772 839 intentionem
787 812 881 840 habet.
899 812 1058 840 Sauctilicat

264 866 332 893 ergo
355 859 465 885 domum
489 859 554 890 Deo,
578 858 623 892 qui
644 857 773 885 familiam
797 866 884 890 suam,
908 863 935 885 et
955 866 1057 894 cogna-

267 904 381 934 tionem,
405 908 433 930 et
458 903 656 937 intelligibilem
680 903 790 930 dentom
818 903 845 929 in
877 904 1056 931 sanctimonia

262 957 330 976 com
337 949 422 976 ersari
439 949 505 980 vult.
519 953 549 976 ut
563 948 681 976 Ecclesia
693 949 737 981 sit,
753 953 781 976 et
794 949 1057 984 appelletur,qu.-m-

265 995 411 1022 admodum
433 995 511 1022 multi
542 995 663 1022 ﬁdelium
703 995 801 1022 domos
832 1003 908 1029 suas,
945 1001 1058 1030 propter

258 1041 509 1068 .sanctiticatiouem
542 1041 673 1069 ecclesias
707 1041 854 1072 habebant.
879 1042 950 1070 sicut
974 1042 1057 1069 Paulo

263 1087 403 1114 scribente
416 1087 449 1114 ad
466 1086 603 1114 Romanos
618 1086 782 1114 audivimus.
801 1086 924 1114 Salutate
937 1087 1056 1114 Priscum

264 1131 437 1166 «Aquilam,
462 1132 598 1167 adjutores
614 1140 685 1159 meo:
702 1133 729 1159 in
743 1132 845 1160 Christo
859 1133 932 1166 Jesu,
950 1135 995 1168 qui
1009 1142 1057 1168 pro

261 1186 323 1204 mea
345 1178 436 1204 anima
459 1178 570 1204 ceruice:
585 1186 648 1205 suae
670 1179 796 1212 posuerit.
822 1179 922 1212 Quibus
944 1188 996 1206 non
1009 1188 1056 1214 ego

260 1223 335 1250 solus
352 1224 455 1258 gratias
472 1231 533 1258 ago,
548 1227 593 1250 sed
607 1229 632 1250 et
650 1232 738 1250 eamea
757 1224 881 1251 Ecclesia
896 1225 1012 1260 gentiam
1031 1231 1056 1252 et

261 1269 407 1295 domestica
429 1277 519 1295 eorum
539 1269 658 1296 Ecclesia
669 1269 703 1296 ³⁵.
719 1269 882 1304 Quicunque
900 1276 966 1305 ergo
986 1269 1056 1296 banc

261 1315 347 1342 habet
376 1314 568 1346 intentionem,
594 1315 652 1349 ipse
683 1319 773 1342 autem
802 1322 852 1350 per
873 1322 903 1342 se
931 1320 987 1342 nou
1013 1320 1056 1342 est

261 1359 379 1386 idoneus
393 1358 426 1386 ad
444 1366 513 1393 opus
532 1359 683 1393 perducere
702 1366 733 1386 ea
750 1367 811 1394 quae
829 1359 957 1392 intendit,
974 1359 1055 1393 hujus

262 1408 374 1431 domum
389 1404 516 1431 sacerdos
528 1409 619 1431 utrum
630 1405 701 1431 bona
715 1412 748 1431 au
758 1405 828 1431 mala
839 1405 884 1437 sit,
899 1405 1056 1432 considera-

263 1449 314 1482 bit,
332 1455 361 1477 et
380 1449 452 1477 sicut
467 1450 626 1481 aestimabit,
640 1450 681 1478 sic
696 1450 759 1478 erit.
775 1450 866 1483 Quare
878 1455 969 1478 utrum
985 1450 1055 1477 bona

261 1503 295 1521 an
310 1495 398 1521 mala?
418 1499 449 1522 ut
464 1495 527 1529 quia
545 1495 643 1522 domus
653 1503 687 1522 ex
699 1495 794 1522 multis
806 1495 941 1530 personis,
958 1500 986 1522 et
1000 1495 1054 1523 dif-

263 1541 414 1568 ferentibus
433 1546 550 1573 constat,
565 1542 593 1568 in
609 1541 708 1576 quibus
721 1542 799 1569 multi
811 1541 1054 1569 condescensioni-

1114 308 1250 341 oll‘creuti,
1267 311 1315 337 sed
1331 316 1358 338 et
1373 316 1402 338 ut
1414 313 1522 340 docenti
1540 314 1653 349 :sicque
1661 322 1717 342 sua:
1725 315 1818 343 domui
1832 317 1903 344 bene

1114 355 1287 389 praepositus,
1308 360 1335 383 et
1353 364 1520 392 recuperatis
1536 366 1597 386 eam
1613 360 1665 386 sibi
1684 361 1812 388 sacerdos
1833 370 1903 396 quo-

1113 399 1258 428 dammodo
1272 401 1428 430 invenitur:
1440 404 1503 438 quia
1519 404 1619 431 Paulus
1630 413 1692 432 eum
1709 407 1754 441 qui
1765 408 1817 434 scit
1830 416 1901 442 pne-

1112 453 1173 472 esse
1191 451 1247 474 suae
1269 447 1372 480 domui,
1395 448 1428 475 ad
1452 449 1626 484 episcopatus
1641 451 1802 478 electionem
1820 458 1902 487 atque

1111 491 1270 525 dignitatem
1280 493 1436 521 sublimavit
1447 494 1479 521 ".
1487 494 1603 530 Propter
1611 497 1683 530 quod
1691 497 1797 531 Aquila,
1808 505 1855 532 pro
1868 506 1902 524 eo

1111 536 1184 569 quod
1201 536 1302 563 dictum
1318 543 1369 570 est,
1392 539 1442 570 Qui
1469 548 1528 566 eam
1560 542 1734 575 sancti/ienuit
1763 543 1871 569 redimet
1890 551 1900 568 :

1111 581 1133 607 si
1157 580 1324 616 sanctiﬁrans
1339 583 1374 610 ad
1392 584 1471 618 finem
1492 586 1697 620 fetct'it.cdidil.
1713 587 1791 619 Quod
1809 593 1901 615 autem

1111 636 1142 654 ex
1161 628 1212 655 hoc
1228 628 1367 661 discimus,
1380 629 1445 664 quia
1459 631 1480 656 si
1494 631 1592 658 domus
1607 632 1657 658 sibi
1677 631 1858 666 principatum
1873 637 1902 660 et

1110 672 1336 708 gubernationem
1353 675 1399 709 qui
1421 676 1613 707 sanctiﬁcavit,
1639 677 1768 710 vindicat,
1781 682 1809 705 et
1831 679 1902 706 hanc

1110 718 1167 752 ipse
1182 719 1323 753 acquirere
1342 720 1399 746 vult
1415 729 1421 746 :
1438 721 1471 747 ad
1487 721 1568 748 linem
1591 726 1682 749 autem
1696 722 1787 750 facere
1800 731 1900 750 secun-

1109 765 1173 791 dum
1193 765 1289 800 legem,
1310 771 1351 792 cst
1370 766 1430 793 aliis
1443 766 1515 794 sicut
1536 773 1681 803 cognatum
1696 769 1827 803 pmpoui,
1841 769 1901 796 haec

1109 808 1191 836 faciat
1212 817 1272 843 qtue
1287 809 1314 836 in
1334 810 1461 844 praesenti
1480 811 1618 846 legislator
1633 812 1725 846 jussit.
1746 811 1794 839 [iis
1808 819 1900 840 autem

1110 855 1145 881 ita
1160 862 1188 882 se
1199 855 1374 887 habentibus,
1385 857 1457 891 quod
1469 858 1578 892 proprie
1588 863 1732 893 argentum
1744 859 1899 886 divinorum

1109 900 1278 934 eloquiorum
1304 900 1451 928 doctoralis
1477 902 1631 929 exhortatio
1658 903 1703 934 sit,
1729 903 1790 929 audi
1818 903 1900 930 David

1109 945 1246 973 dicentem
1254 953 1267 972 -:
1284 945 1398 981 Eloquia
1414 947 1530 979 Domini,
1544 947 1647 982 eloquia
1660 953 1745 980 casta,
1762 955 1900 984 argentum

1108 991 1166 1027 igne
1178 992 1370 1023 examinatum,
1386 997 1464 1020 teme
1478 999 1623 1028 purgatum
1636 995 1669 1021 ³⁷.
1688 996 1721 1022 Et
1732 996 1876 1022 Jeremiam
1892 1006 1898 1022 :

1109 1036 1221 1063 Frustra
1244 1038 1366 1072 conﬂauit
1386 1039 1524 1072 conﬂatur,
1541 1039 1627 1065 rcoria
1647 1040 1705 1074 ejm
1719 1049 1771 1067 non
1789 1046 1824 1068 est
1836 1049 1899 1067 eon-

1104 1087 1239 1110 summata
1252 1083 1284 1109 ³⁸.
1309 1083 1346 1110 De
1367 1082 1468 1111 Judteis
1491 1084 1566 1115 dicit,
1583 1085 1647 1119 quia
1667 1086 1736 1112 nihil
1757 1086 1798 1113 eis
1817 1087 1899 1114 verba

1107 1129 1309 1156 exhortautium
1321 1129 1477 1164 proderant.
1498 1130 1551 1157 Sed
1565 1134 1592 1157 et
1601 1131 1715 1158 Paulum
1725 1131 1787 1157 audi
1803 1131 1900 1159 dicen-

1108 1181 1162 1202 tem
1179 1183 1186 1202 :
1203 1174 1233 1202 Si
1247 1175 1304 1210 quis
1321 1175 1513 1210 saperaadifuat
1538 1184 1617 1210 super
1634 1177 1835 1211 fundamentum
1851 1178 1899 1205 hoe

1106 1230 1214 1252 aurum.
1228 1226 1378 1256 argentum,
1397 1222 1500 1256 lapides
1512 1223 1640 1255 pretiosos
1653 1223 1687 1248 ³⁸.

1141 1266 1216 1298 Quod
1229 1267 1252 1293 si
1265 1273 1359 1302 agrum
1380 1267 1547 1301 possessionis
1567 1275 1622 1294 ruta
1638 1268 1747 1300 caverit,
1767 1273 1791 1295 et
1807 1276 1899 1296 conse—

1105 1313 1218 1339 craverit
1232 1312 1354 1345 Domino,
1365 1313 1444 1347 juxta
1467 1321 1618 1340 mensuram
1629 1314 1761 1345 sementis,
1779 1316 1897 1342 antima-

1105 1359 1175 1386 bitur
1209 1359 1333 1393 pretium.
1361 1358 1462 1394 Agrum
1492 1359 1660 1394 Scripturam
1687 1367 1748 1387 esse
1773 1361 1893 1388 divinam

1105 1411 1188 1430 neruo
1213 1403 1359 1431 dubitabit.
1377 1403 1463 1438 Cuius
1486 1403 1551 1431 vitis
1576 1404 1686 1438 proprie
1710 1404 1846 1437 Christus,
1870 1408 1899 1432 et

1105 1451 1228 1486 agricola
1242 1451 1322 1478 Pater
1340 1455 1381 1477 est
1392 1450 1425 1482 ⁸⁸,
1442 1450 1467 1476 in
1483 1457 1538 1484 quo
1553 1450 1730 1477 absconditur
1743 1450 1896 1482 thesaurus,

1106 1496 1132 1524 id
1159 1500 1201 1523 est
1225 1495 1352 1522 salutaris
1381 1495 1549 1530 praedicatio,
1574 1503 1654 1529 quem
1685 1496 1733 1530 qui
1763 1496 1899 1523 invenerit

1105 1546 1231 1576 operator
1253 1541 1320 1576 agri,
1341 1540 1445 1568 vendet
1464 1541 1555 1567 omnia
1571 1549 1631 1575 quae
1653 1540 1743 1574 habet,
1765 1542 1898 1576 quemad-

261 1587 313 1614 bus
344 1593 435 1622 egent,
462 1595 517 1614 non
543 1588 665 1615 valentes
702 1595 783 1623 agere
807 1592 854 1615 aut
876 1596 973 1623 sapere
995 1596 1055 1623 quae
1069 1598 1090 1626 ο
1107 1588 1218 1615 modum
1240 1587 1374 1614 Dominus
1394 1587 1420 1613 in
1443 1587 1598 1621 Evangeliis
1614 1587 1659 1619 ait,
1673 1592 1703 1614 ut
1716 1593 1790 1615 emat
1803 1596 1898 1623 agrum
1916 1610 1918 1612 .

261 1633 382 1668 perfecta
394 1638 467 1665 sunt,
482 1633 549 1660 nihil
563 1633 602 1660 eis
613 1634 738 1668 iujungat
756 1641 848 1668 grave,
863 1634 910 1660 sed
925 1634 1054 1661 uniuseu~

260 1678 360 1713 jusque
382 1687 500 1713 pensans
521 1679 662 1711 virtutem,
679 1687 694 1706 a
707 1679 778 1706 malo
792 1687 839 1706 eos
859 1679 1006 1712 declinare,
1028 1684 1057 1707 et

259 1725 296 1751 ad
314 1725 430 1750 virtutes
444 1731 491 1750 eos
507 1724 640 1758 proﬁcere
652 1724 757 1758 jubeat.

299 1769 348 1795 Sin
361 1774 449 1795 autem
464 1768 510 1796 ille
524 1769 568 1804 qui
586 1774 702 1801 voverat,
717 1768 828 1796 voluerit
843 1769 971 1796 redimere
986 1777 1054 1802 eam,

258 1813 338 1839 duim
352 1813 471 1848 quintam
491 1819 594 1846 partem
606 1814 789 1840 wstimationis
800 1821 893 1848 supra,
912 1819 937 1841 et
951 1814 1056 1841 habebit

259 1861 380 1887 domum.
401 1860 430 1887 id
445 1865 498 1892 est,
521 1861 544 1887 si
567 1861 664 1888 dooms
693 1861 830 1893 dominus,
849 1862 895 1896 qui
909 1869 970 1889 eam
991 1869 1056 1889 san-

264 1906 386 1933 ctiticare
408 1907 475 1937 vult,
499 1914 562 1934 cum
585 1914 640 1935 non
663 1907 761 1934 fuisset
780 1912 874 1935 saneta
894 1908 980 1943 prius,
1004 1915 1055 1937 nec

264 1952 407 1987 potuisset
435 1952 551 1979 ecclesia
577 1953 720 1987 appellari,
746 1961 809 1981 nam
835 1958 863 1981 et
886 1954 1055 1982 sanctificata

258 1998 358 2032 utique
373 2001 457 2029 esset,
473 1997 545 2032 quod
555 2005 631 2024 nunc
641 2005 671 2025 se
686 1998 721 2025 ita
735 2006 789 2026 non
804 1999 897 2030 habet.
916 1999 962 2026 sed
974 2007 1056 2027 exor-

263 2045 339 2073 dium
362 2046 436 2080 capit
461 2046 686 2073 sanctiﬁcationis
708 2055 716 2074 :
740 2046 764 2073 si
775 2055 840 2082 ergo
873 2047 917 2074 hic
946 2047 1055 2074 redimit

261 2091 374 2119 donnum
393 2099 480 2124 suam,
503 2092 570 2119 illud
583 2092 708 2120 absolute
734 2093 879 2125 mandans,
909 2094 970 2127 ejus
983 2093 1055 2128 quod

262 2137 478 2163 satictiﬁcatione
494 2144 575 2172 egere.
591 2138 748 2167 sacerdotes
762 2137 980 2165 exhortationem
1004 2146 1055 2165 ne-

260 2181 411 2208 cessariam
426 2182 526 2209 habere
539 2183 668 2210 faciebat.
689 2183 810 2210 ltedimit
823 2188 915 2210 autem
932 2191 992 2210 eam
1006 2191 1056 2218 per

263 2226 415 2253 doctrinam
439 2227 548 2260 bonam,
566 2232 594 2255 et
609 2228 673 2255 vita:
687 2228 844 2261 formulam,
859 2229 978 2256 liberans
996 2237 1054 2262 eos,

1106 1633 1181 1660 illum
1194 1633 1229 1658 “.
1247 1632 1274 1659 in
1294 1633 1346 1659 hoc
1356 1640 1421 1667 agro
1434 1632 1540 1659 diversa
1553 1637 1595 1659 est
1606 1633 1820 1668 uniuscujusque
1835 1642 1900 1669 pos-

1106 1678 1203 1710 sessio,
1215 1678 1240 1705 id
1254 1682 1295 1705 est
1310 1677 1417 1709 modus,
1429 1685 1510 1712 quem
1525 1677 1576 1704 sibi
1593 1686 1625 1704 ex
1643 1685 1674 1704 ea
1689 1679 1721 1705 ad
1735 1680 1899 1713 sapiendum

1105 1724 1231 1752 obtinere
1244 1724 1373 1758 potuerit.
1387 1723 1414 1750 Si
1431 1731 1495 1758 ergo
1512 1725 1714 1751 consecraverit
1730 1724 1801 1751 hanc
1817 1725 1899 1752 homo

1107 1769 1231 1801 Domino,
1247 1777 1309 1797 cum
1322 1776 1376 1796 non
1389 1769 1466 1804 prius
1478 1773 1571 1796 sancta
1584 1769 1677 1802 fuerit,
1694 1777 1769 1797 nunc
1785 1769 1899 1806 incipiat

1106 1823 1268 1843 consecrare
1282 1815 1493 1850 gubernatorem
1507 1816 1726 1843 conversationis
1739 1823 1796 1843 sum
1811 1826 1818 1843 :
1834 1823 1898 1845 cum

1107 1861 1165 1895 ipse
1179 1869 1235 1889 non
1262 1862 1298 1888 sit
1313 1861 1428 1890 idoneus
1443 1865 1620 1899 semetipsum
1634 1865 1788 1900 gubernare
1804 1873 1898 1892 sacer-

1106 1907 1197 1934 dotem
1210 1907 1299 1942 eligat,
1319 1907 1480 1936 Consectari
1501 1910 1574 1937 enim
1592 1910 1637 1937 hic
1649 1918 1680 1938 ea
1692 1918 1754 1945 qua:
1767 1911 1896 1946 deputata

1106 1958 1169 1980 sunt
1182 1953 1328 1986 Sacerdoti,
1344 1954 1480 1990 legislator
1492 1955 1646 1990 appellavit.

1147 1997 1228 2025 Juxta
1255 2006 1408 2026 mansuram
1429 2001 1552 2027 sententis
1575 2001 1749 2028 wstimabitur
1771 2001 1895 2036 pretium.

1108 2044 1144 2072 Ut
1161 2049 1293 2079 quantum
1311 2045 1463 2073 seminatus
1477 2050 1528 2079 est,
1548 2047 1676 2074 videlicet
1693 2047 1819 2074 edoctus.
1844 2046 1896 2074 Do-

1106 2089 1200 2117 etriuae
1220 2089 1293 2116 enim
1309 2090 1434 2122 verbum,
1450 2090 1477 2117 in
1492 2091 1596 2118 semine
1615 2091 1739 2126 accipere
1755 2089 1896 2125 Scriptum

1105 2135 1197 2162 divina
1223 2135 1301 2163 solet.
1326 2135 1445 2163 Tantum
1467 2136 1492 2163 ei
1517 2137 1647 2164 sacerdos
1672 2136 1783 2167 indicet,
1807 2144 1897 2170 quau-

1107 2185 1164 2207 tum
1185 2180 1269 2208 luerit
1286 2182 1411 2209 eruditus
1430 2183 1463 2210 de
1474 2183 1597 2210 doctrina
1621 2183 1692 2209 bona
1713 2181 1844 2217 legitima,
1868 2186 1896 2209 ct

1106 2226 1230 2260 spiritali,
1247 2232 1274 2254 et
1288 2235 1344 2254 non
1361 2236 1442 2262 quam
1456 2229 1583 2256 homines
1603 2229 1770 2259 scductores,
1787 2228 1895 2262 pagani,

263 2276 292 2298 et
307 2272 416 2299 dilueus
433 2272 564 2308 quidquid
580 2274 620 2301 eis
641 2274 769 2301 obviabat
785 2275 818 2302 ad
832 2275 1052 2302 sanctimoniam.
1071 2266 1093 2295 Ι)
1107 2273 1182 2299 verbi
1198 2273 1294 2308 gratia,
1306 2274 1348 2301 vel
1364 2273 1460 2307 Judaei,
1472 2275 1515 2302 vel
1527 2274 1648 2302 lneretici
1660 2274 1768 2301 docent.
1783 2273 1898 2308 Propter

264 2318 334 2352 Quid
357 2319 458 2346 faciet?
476 2319 567 2350 Dabit,
593 2320 651 2347 sive
670 2320 821 2347 secundum
843 2319 925 2351 LXX,
945 2321 1055 2355 adjiciat

263 2366 383 2396 quintam
399 2370 502 2399 partem
517 2365 701 2392 (estimationi:
714 2374 805 2399 supna.
815 2365 969 2393 Sacerdotis
980 2367 1053 2394 attint

263 2411 404 2443 doctrinm,
429 2411 472 2438 cui
500 2411 611 2438 domum
635 2411 761 2438 abinitio
787 2419 865 2438 suam
888 2412 996 2444 obtulit,
1024 2417 1054 2439 ut

258 2465 323 2483 eam
341 2457 499 2489 aestimaret,
522 2456 548 2483 id
562 2461 603 2484 est
620 2456 808 2484 deﬁnitionem
832 2457 996 2491 imponeret,
1019 2458 1054 2485 ad

263 2509 345 2535 quant
365 2501 477 2529 deberet
496 2505 580 2531 stare.
598 2502 655 2528 sive
670 2501 837 2534 conversari,
862 2501 920 2536 ipse
944 2502 1055 2537 udjiciet

263 2547 317 2574 hoc
340 2547 412 2581 quod
435 2551 478 2574 est
494 2546 659 2574 intellectus.
677 2546 735 2573 lloc
752 2550 794 2573 est
815 2553 880 2582 ergo
901 2546 1007 2581 quinta,
1027 2546 1053 2573 id

263 2596 316 2624 est,
334 2596 365 2618 ut
396 2599 457 2626 quae
480 2591 610 2618 dicuntur
635 2591 774 2626 suscipiat,
798 2594 825 2618 et
855 2591 1055 2625 superaediﬁcet

264 2637 412 2666 sacerdotis
429 2637 616 2668 sermonibus;
628 2636 795 2671 frequentior
805 2637 877 2664 enim
888 2645 1054 2664 commemo-

264 2684 345 2714 ratio,
360 2687 485 2710 sensatos
502 2688 529 2710 et
539 2682 722 2717 intelligentes
737 2682 862 2710 homines
876 2682 950 2710 facit.
969 2683 1003 2710 Et
1015 2683 1055 2710 sic

265 2729 378 2756 habebit
390 2729 511 2761 domum,
529 2736 583 2755 non
601 2728 718 2764 perdens
729 2729 892 2757 sanetilicari
908 2729 974 2760 Deo,
991 2737 1052 2756 nam

265 2775 293 2802 in
316 2775 415 2803 damno
428 2775 452 2804 ei
468 2775 653 2809 convertitur;
669 2775 717 2803 sed
738 2775 850 2802 habebit
863 2782 935 2808 eam,
950 2775 1013 2810 quia
1028 2776 1053 2803 ci

319 2880 341 2896 "
361 2879 440 2907 Rom.
458 2887 514 2910 xw.
531 2879 558 2909 5,
579 2879 606 2907 4.
647 2878 669 2894 ³⁸
686 2878 694 2905 l
714 2877 786 2905 Tim.
802 2885 843 2909 ιιι,
857 2877 883 2905 5.

264 2922 309 2947 xv,
328 2916 353 2942 ί.
391 2915 412 2930 ⁸¹
428 2914 522 2941 Matth.
540 2922 599 2946 sui,
613 2913 659 2940 Ut.

1105 2320 1177 2353 quod
1199 2324 1341 2354 postquam
1363 2320 1428 2347 dixit
1452 2329 1458 2347 :
1478 2320 1561 2347 Juxta
1583 2327 1736 2347 mensuram
1761 2320 1896 2350 sementis,

1105 2365 1210 2392 addidit
1227 2377 1233 2392 :

1141 2409 1170 2437 Si
1180 2411 1288 2446 triginta
1298 2411 1391 2438 modiis
1401 2412 1491 2438 hordei
1504 2411 1601 2438 seritur
1612 2415 1692 2443 terra,
1705 2410 1896 2445 quinquaginta

1105 2456 1177 2482 siclie
1203 2457 1321 2483 veniatur
1345 2457 1460 2491 argenti.
1478 2456 1544 2484 Sive
1558 2461 1588 2483 ut
1609 2455 1690 2488 LXX,
1704 2454 1896 2489 quinquaginta

1106 2501 1268 2529 didraeltmis
1291 2503 1393 2537 argenti
1419 2510 1425 2528 ε
1450 2502 1478 2529 in
1502 2502 1604 2537 quibus
1633 2500 1718 2528 Vetus
1739 2505 1768 2527 et
1790 2499 1897 2526 Novum

1107 2547 1314 2575 Testamentum
1331 2549 1463 2585 intellige.
1477 2548 1509 2576 Et
1530 2556 1578 2584 per
1592 2548 1713 2575 modium
1727 2547 1786 2575 sive
1800 2554 1897 2574 corum

1107 2594 1215 2627 hordei,
1238 2593 1324 2622 Vetus
1344 2594 1551 2622 Testamentum
1571 2594 1709 2622 ostendit:
1729 2593 1793 2629 quia
1817 2593 1899 2627 hujus

1108 2639 1219 2667 seminis
1231 2639 1356 2675 pinguior
1369 2641 1447 2668 cibus
1456 2646 1499 2668 est
1511 2650 1517 2667 :
1535 2648 1585 2676 per
1598 2641 1794 2676 quinquaginta
1808 2644 1900 2666 autem

1107 2685 1289 2717 didrachmas,
1300 2691 1353 2712 tam
1368 2686 1441 2721 quod
1455 2687 1576 2721 spiritale
1587 2690 1639 2718 est,
1655 2694 1735 2720 quam
1746 2686 1900 2721 perfectum

1106 2731 1187 2758 simul
1199 2731 1288 2759 innuit
1301 2741 1307 2758 :
1322 2732 1442 2767 perfecta
1451 2732 1523 2759 enim
1536 2732 1660 2760 doctrina
1672 2732 1754 2759 etiam
1766 2731 1899 2766 spiritalis

1106 2781 1160 2805 est.
1175 2778 1227 2806 Sed
1245 2779 1355 2812 quando
1370 2778 1428 2806 hzec
1442 2779 1533 2814 regula
1548 2779 1605 2806 sive
1621 2778 1745 2805 deﬁnitio
1757 2783 1862 2812 mtrgre
1872 2776 1898 2803 ei

926 2878 948 2894 ³⁷
963 2876 1034 2905 Psal.
1047 2885 1056 2904 ι

1107 2878 1128 2905 7.
1173 2878 1194 2895 ’⁸
1210 2878 1311 2907 Jercm.
1328 2887 1366 2913 vt,
1381 2879 1428 2908 25.
1471 2880 1493 2896 "
1510 2879 1594 2907 lCor.
1614 2886 1654 2911 ιιι,
1672 2879 1716 2905 1‘2.
1771 2878 1794 2894 δ’
1810 2878 1893 2907 Jun.
