2056 3148
149 192 217 225 1169

710 195 752 226 ΙΝ
772 193 993 225 LEVITICUM.
1007 205 1042 210 --
1060 193 1133 222 LIB.
1149 193 1216 223 VII.

1715 188 1781 220 11Ἰῦ

148 250 302 281 indicendo,
319 251 429 285 quando
448 251 595 279 minuenda
614 252 649 279 si:
663 259 713 287 per
726 252 939 280 condescensio-
954 255 978 284 Α
993 255 1103 279 voverat
1119 250 1254 279 redimere
1268 258 1324 278 non
1339 249 1449 285 poterit,
1460 249 1525 283 quia
1537 257 1599 276 cmn
1613 248 1720 276 Jubibei
1735 257 1783 275 vc-

147 303 209 322 ncm
222 303 271 330 per
284 297 425 330 sequentia
442 296 527 325 disce.

182 341 213 368 Si
227 346 316 368 autem
332 343 423 369 statim
437 342 470 369 ab
482 349 553 369 anno
565 343 712 378 incipientis
723 343 829 371 ,Ιαὺίιωί
842 343 938 371 noverit

147 395 252 421 agrum,
266 393 364 422 quanta
380 388 467 415 valere
481 389 588 423 poterit,
603 393 678 416 tanto
690 389 874 416 wstimabitur.
890 389 938 416 Sin

147 437 237 460 autem
250 438 308 468 post
322 434 490 469 aliquantum
504 435 637 470 temporis,
650 435 802 470 supputabit
817 436 939 463 sacerdos

148 479 287 512 pecuniam
293 479 374 514 juxta
392 488 523 508 annorum
537 482 584 516 qui
599 481 700 516 reliqua
716 487 778 509 sunt
801 490 938 509 numerum

148 533 229 560 usque
243 526 279 553 ad
288 526 438 559 Jubilamm,
455 532 479 554 et
496 528 648 555 detrahetur
657 536 689 555 ea:
706 528 799 562 pretio.
819 527 939 555 Duorum

149 571 194 599 hic
200 579 335 599 annorum
344 572 513 600 remissionis
525 573 566 600 vel
573 573 586 600 .l
592 573 680 601 ubilaai
692 574 853 602 memoriam
863 574 940 606 facit,

148 617 282 651 baptisma
305 622 400 651 aperte
423 617 567 646 insinuans
581 623 608 645 et
629 619 818 653 pmnitentiam
837 629 844 646 :
864 624 940 646 uter-

147 671 201 695 que
222 663 298 691 enim
323 671 413 691 annus
433 664 607 692 remissionis
628 669 681 696 est,
704 665 769 699 quia
792 665 940 700 perfectam

148 708 350 742 remissionem,
387 717 459 737 unus
473 710 584 744 quidem
611 718 658 745 per
691 710 803 739 domum
836 711 941 745 gratiae,

148 754 218 779 alter
231 758 343 788 propter
354 762 401 781 eos
415 755 461 789 qui
476 760 574 781 vacant
595 755 622 781 in
638 756 761 782 oratione
779 760 805 783 et
819 756 940 791 jejuuiis,

148 799 264 833 aliisque
275 799 405 834 operibus
419 808 480 834 qua:
501 800 646 834 perliciunt
662 801 863 834 paenitentiam.
876 809 941 836 pos-

148 843 229 868 snlet.
247 842 274 870 Si
289 850 354 878 ergo
370 844 453 875 simul
469 844 531 878 quis
544 844 637 879 gratia:
655 845 739 876 viam,
753 853 834 879 quam
848 846 941 881 elegit,

149 888 294 922 gubernari
308 896 357 922 per
371 890 543 917 sacerdotem
568 890 719 924 ctproduci
734 891 799 924 vult,
813 891 864 919 hoc
878 900 940 919 eum

148 933 276 959 sacerdos
292 933 390 968 exigat,
410 934 483 967 quod
504 941 566 961 cum
590 934 744 967 doceretur,
766 943 798 962 ex
821 935 941 970 perfecta

148 982 176 1005 et
189 978 304 1013 spiritali
317 979 441 1006 doctrina
458 980 590 1014 percepit,
610 980 685 1007 nullo
703 981 784 1008 modo
797 981 823 1009 ei
842 982 943 1010 conde-

149 1024 293 1057 scendens,
317 1032 408 1059 neque
428 1025 500 1052 enim
523 1033 637 1053 necesse
668 1026 760 1058 habet,
783 1032 875 1061 utpote
894 1029 941 1062 qui

149 1077 199 1104 per
221 1069 324 1098 donum
344 1076 492 1098 renovatus
514 1076 566 1104 est,
586 1072 634 1100 sed
659 1072 686 1099 in
702 1073 836 1105 doctrina,
861 1082 942 1109 quam

148 1115 255 1149 accepit
271 1115 350 1150 plene
363 1123 427 1144 eum
443 1125 605 1151 permanere
615 1118 689 1147 facit.
705 1118 733 1145 Si
750 1123 842 1146 autem
853 1120 887 1147 de
897 1120 942 1148 illo

148 1165 192 1187 est
212 1161 296 1193 dono,
319 1163 392 1196 quod
409 1164 544 1198 percepit,
562 1164 719 1201 deciditque
733 1166 766 1192 ab
780 1166 856 1193 eoin
874 1173 942 1193 con-

149 1207 304 1234 versatione
327 1217 334 1235 :
362 1209 415 1236 hoc
443 1213 485 1237 est
514 1211 588 1238 enim
614 1211 785 1246 aliquantum
811 1212 942 1246 temporis

149 1251 255 1280 Jubilaei
268 1253 325 1280 sive
341 1253 512 1281 remissionis
529 1262 691 1283 consecrare
714 1264 818 1291 agrum,
833 1261 906 1284 recte
917 1257 942 1284 ei

149 1299 286 1333 reputabit
307 1301 435 1328 sacerdos
450 1306 594 1336 argentum
613 1303 640 1328 in
653 1310 740 1330 annos
752 1303 882 1337 reliquos,
894 1311 942 1331 us-

149 1352 200 1378 que
208 1345 242 1372 ad
252 1352 355 1372 annum
370 1346 541 1374 remissionis
558 1347 616 1375 sive
628 1347 748 1381 Jubilati,
764 1352 793 1376 ut
806 1348 941 1383 reliquum

148 1388 174 1416 ei
187 1394 295 1424 tempus
311 1391 423 1419 deﬁniat
437 1392 471 1419 ad
492 1392 680 1426 paenitentiam
694 1398 722 1421 et
736 1393 896 1422 detrahetur
909 1401 942 1422 ex

148 1435 247 1469 pretio.
277 1436 356 1469 Quod
378 1438 450 1465 enim
478 1438 569 1466 minus
593 1439 668 1471 fecit,
692 1443 720 1466 et
745 1435 941 1468 detrimentum

148 1481 270 1515 pertulit,
283 1487 310 1510 et
330 1483 452 1511 deterius
466 1489 645 1512 conversatus
665 1489 717 1517 est,
739 1485 791 1513 hoc
804 1486 876 1513 dono
891 1486 942 1513 im-

149 1526 260 1559 minuit,
280 1533 308 1555 et
330 1528 463 1557 inﬁrmior
477 1530 593 1557 eﬂectus
608 1535 651 1558 est
676 1535 704 1558 et
725 1535 870 1566 propterea
894 1532 942 1559 ab-

147 1571 257 1607 iectior,
282 1577 310 1600 et
331 1581 386 1600 non
399 1574 456 1609 jam
482 1575 542 1602 talis
564 1580 607 1602 est
623 1576 711 1610 qualis
726 1584 788 1604 cum
801 1577 940 1612 acceperit

147 1617 263 1650 donum,
284 1617 345 1646 fuit.
365 1618 560 1647 Verumtamen
582 1626 610 1648 et
626 1621 670 1648 hic
686 1621 781 1650 volens
807 1623 941 1650 redimere

147 1671 244 1698 agrum
258 1672 339 1692 suum
355 1666 466 1700 poterit,
482 1666 507 1693 id
526 1671 577 1699 est,
595 1668 772 1702 semetipsum
788 1668 942 1703 gubernare

147 1714 177 1736 et
196 1709 305 1742 docere,
330 1711 461 1746 adjiciens
481 1713 603 1747 quintam
628 1714 733 1748 argenti
759 1715 792 1741 ad
820 1715 941 1749 pretium

148 1762 242 1788 suum,
263 1756 367 1785 addens
388 1758 520 1786 doctrina:
537 1760 687 1787 sacerdotis
705 1761 846 1796 proprium
864 1761 943 1788 intel-

148 1801 262 1833 lectum,
284 1807 313 1829 ut
335 1802 488 1839 intelligens
508 1804 685 1840 eruditusque
708 1806 750 1833 sui
778 1807 942 1841 gubernator

147 1848 299 1883 doctorque
326 1848 471 1877 elﬁciatur.
498 1850 543 1878 Sic
566 1851 640 1878 enim
670 1852 846 1887 intelligibilis
868 1861 940 1888 ager,

147 1901 229 1927 quem
246 1895 417 1923 consecravit
430 1896 550 1924 oll'erens
562 1897 707 1929 sacerdoti,
724 1897 759 1925 ab
774 1906 807 1925 eo
817 1899 941 1933 posside-

148 1938 233 1971 bitur,
249 1944 278 1966 et
296 1948 351 1968 non
372 1941 406 1968 ab
426 1942 489 1973 alio,
510 1943 694 1974 conversatio,
713 1948 741 1970 et
753 1944 839 1971 virtus
859 1952 941 1979 quam

147 1985 251 2018 studet,
268 1986 326 2014 sive
338 1995 371 2014 ex
384 1992 453 2020 toto,
474 1988 529 2016 sive
544 1996 579 2016 ex
598 1993 686 2024 parte,
697 1990 745 2016 sed
759 1989 817 2023 ipse
830 1991 874 2024 qui
886 1991 942 2024 agit

148 2031 331 2066 reputabitur.
366 2033 497 2061 Divisioni
525 2034 599 2062 enim
628 2035 790 2071 legislatoris
819 2036 939 2068 intende,

146 2078 377 2111 quemadmodum
388 2080 568 2112 sanctiﬁcare,
578 2081 635 2108 sive
645 2089 807 2110 consecrare
818 2082 940 2114 domum,

147 2122 191 2150 vel
206 2131 301 2158 agrum
328 2124 463 2152 volentem
491 2126 725 2154 consecrationem
749 2127 825 2161 prius
853 2127 942 2155 facere

149 2167 216 2198 vult,
237 2167 332 2202 sicque
352 2169 375 2195 ci
394 2169 515 2203 pra-cipit
536 2170 679 2201 redimere.
695 2179 755 2205 qua:
773 2172 941 2200 sanctiﬁcata

148 2218 223 2240 sunt.

992 296 1066 324 nerit
1091 296 1161 329 dies,
1175 295 1364 323 sanctiﬁcatus
1390 295 1443 323 erit
1458 294 1584 326 Domino,
1601 299 1630 321 et
1647 293 1782 328 possessio

991 345 1160 374 consecrata,
1175 341 1210 369 ad
1224 341 1270 376 jus
1283 341 1402 376 pertinet
1418 339 1602 368 sacerdotum.
1621 349 1630 364 ι

1026 389 1097 416 Ecce
1112 389 1242 416 damnum
1255 389 1316 423 ejus
1333 387 1378 420 qui
1390 395 1498 422 semper
1509 387 1543 414 ab
1558 387 1611 414 alio
1624 394 1693 421 opus
1702 386 1785 414 habet

992 435 1149 470 gubernari,
1160 439 1188 462 et
1198 442 1254 462 non
1269 433 1385 469 proiicit,
1403 441 1492 467 neque
1503 433 1614 467 juvatur
1625 440 1657 460 ex
1668 432 1782 460 aliorutn

992 481 1131 513 doctrina,
1147 481 1194 508 sed
1204 488 1270 508 suas
1288 487 1396 514 semper
1410 479 1468 514 ipse
1482 479 1537 506 dux
1551 483 1594 505 est
1602 478 1634 505 ad
1646 477 1782 513 agendum

992 526 1068 555 utilia
1085 534 1135 562 per
1154 526 1312 561 praesentia,
1326 530 1420 560 aperte
1435 524 1573 560 legislator
1587 523 1717 551 ostendit.
1730 522 1782 555 Qui

993 572 1066 602 enim
1081 571 1252 599 consecravit
1274 578 1369 606 agrum
1392 574 1420 597 et
1441 574 1535 604 postea
1553 569 1671 600 redimit,
1687 568 1731 597 ille
1743 571 1786 595 est

993 618 1040 652 qui
1062 625 1139 646 suam
1162 616 1402 645 conversationem
1418 615 1463 644 alii
1484 615 1629 650 gubernari
1651 613 1783 648 permisit.

993 664 1090 691 Postea
1102 663 1147 698 qui
1160 663 1271 698 juvatus
1285 666 1338 692 est.
1353 666 1381 688 et
1391 660 1555 696 conquisivit
1566 659 1743 690 intellectum,
1757 662 1785 684 ut

990 711 1050 745 jam
1077 714 1155 741 esset,
1179 709 1251 737 sicut
1271 709 1308 735 ait
1331 707 1481 742 Propheta,
1510 706 1629 734 docibilis
1648 705 1740 736 Dei",
1758 708 1786 731 et

993 757 1141 790 disponere
1162 755 1235 789 apud
1258 754 1437 788 semetipsum
1461 752 1546 788 possit
1567 752 1596 780 in
1613 751 1706 779 futuro
1725 758 1785 785 (tum

994 801 1153 836 expediunt,
1165 801 1209 828 hic
1226 808 1320 835 agrum
1332 807 1411 831 suum
1429 799 1481 827 sibi
1494 798 1630 833 recipiens
1643 797 1785 831 conquisi-

995 847 1043 874 vit.
1061 846 1115 879 Qui
1130 850 1222 875 autern
1239 845 1307 873 nihil
1321 845 1467 880 proﬁcith
1482 844 1594 873 alterius
1609 843 1786 878 gubernatio-

995 900 1039 924 ne,
1056 899 1108 919 nec
1123 891 1267 926 acquisivit
1282 890 1460 920 intellectum.
1474 889 1522 917 sed
1540 896 1647 923 semper
1655 896 1724 922 opus
1737 889 1786 915 ha-

959 926 979 953 Β
994 937 1062 964 hens
1077 937 1112 964 ab
1126 937 1179 964 alio
1192 936 1282 964 doceri
1295 941 1323 963 ct
1339 935 1400 963 talis
1416 934 1557 965 exsistere,
1571 933 1659 968 qualis
1675 934 1787 961 fuerunt

993 983 1103 1017 quidam
1125 982 1305 1010 Judteorum:
1329 989 1398 1016 quos
1419 981 1492 1009 Deus
1518 988 1565 1015 per
1598 979 1785 1014 propheticam

994 1035 1089 1054 vocem
1102 1027 1282 1061 exprobrans.
1297 1026 1361 1053 talia
1377 1026 1485 1053 diccbat
1501 1035 1507 1052 :
1524 1024 1574 1057 Qui
1590 1025 1664 1051 electi
1681 1029 1740 1051 sunt
1755 1032 1787 1050 e1:

993 1078 1077 1104 utero,
1107 1073 1191 1099 edocti
1206 1074 1238 1099 ab
1260 1073 1374 1107 infantia
1395 1077 1475 1106 usque
1490 1071 1525 1097 (ιιι
1540 1075 1698 1097 senectutem
1715 1070 1747 1100 “.
1758 1074 1788 1097 et

994 1125 1088 1144 rursus
1099 1126 1104 1144 :
1114 1117 1243 1151 Ephraint
1258 1117 1325 1143 sicut
1341 1116 1460 1143 tolumba
1478 1116 1611 1142 inscnsala
1626 1123 1676 1141 non
1691 1115 1787 1141 Imbqu

993 1172 1035 1190 cor
1043 1163 1075 1192 ".
1087 1167 1114 1190 et
1130 1171 1242 1190 rursus:
1260 1163 1388 1197 Epliraiut
1405 1163 1431 1188 in
1440 1159 1543 1196 populis
1562 1162 1617 1188 suis
1632 1162 1787 1187 commisce-

993 1209 1070 1235 batur
1078 1208 1110 1235 ⁸⁵.
1124 1208 1252 1244 Ephraini
1264 1208 1353 1236 iactus
1363 1213 1404 1235 est
1416 1209 1442 1235 in
1452 1208 1561 1235 occulto
1568 1212 1614 1235 tuo
1623 1215 1785 1240 conversus,

993 1259 1020 1284 ct
1034 1255 1096 1282 cani
1115 1254 1294 1283 efﬂoruerunt
1312 1256 1349 1286 ei,
1370 1255 1428 1289 ipse
1451 1259 1543 1282 autem
1567 1262 1621 1280 non
1646 1253 1785 1289 cognovit,

992 1301 1054 1336 quia
1075 1301 1097 1328 si
1118 1301 1203 1328 malos
1220 1301 1348 1328 doctores
1370 1301 1516 1332 invenerit,
1533 1301 1603 1327 mala
1624 1300 1712 1327 modis
1725 1308 1786 1327 om-

993 1347 1074 1374 nibus
1097 1351 1238 1381 operatur,
1266 1351 1295 1373 ut
1317 1345 1363 1380 qui
1387 1353 1442 1372 non
1467 1346 1549 1373 habet
1576 1345 1784 1376 discretionem,

993 1400 1114 1427 quaerere
1126 1400 1181 1418 non
1194 1396 1284 1426 potest
1299 1391 1451 1420 mercedem
1468 1391 1577 1418 virtutis
1591 1398 1674 1426 quam
1690 1391 1786 1426 egerit,

992 1443 1019 1465 et
1032 1442 1175 1473 propterea
1189 1439 1331 1473 proprium
1345 1445 1440 1472 agrum
1457 1437 1557 1464 dicitur
1571 1445 1626 1464 non
1640 1437 1785 1464 redimere.

993 1483 1048 1511 Sed
1068 1484 1195 1512 veniente
1220 1483 1346 1514 Jubilaco,
1368 1483 1394 1516 id
1411 1488 1453 1510 est
1474 1488 1598 1518 tempore
1618 1482 1787 1510 remissionis

993 1535 1164 1563 transeunte,
1181 1530 1208 1558 in
1222 1538 1276 1564 quo
1291 1529 1416 1557 remissio
1434 1530 1524 1562 locum
1537 1530 1630 1561 habet,
1641 1534 1683 1557 est
1693 1534 1786 1556 autem

992 1583 1114 1611 praesens
1128 1575 1194 1609 vita,
1211 1577 1272 1603 vide
1283 1577 1362 1611 quale
1381 1581 1570 1611 quantumque
1585 1577 1631 1609 sit,
1649 1575 1722 1610 quod
1736 1583 1785 1610 pa-

994 1622 1097 1649 tietur:
1114 1622 1253 1657 possessio
1275 1623 1443 1650 sanctiﬁcata
1457 1622 1511 1651 erit
1529 1621 1658 1654 Domino,
1672 1628 1787 1648 conver-

993 1668 1126 1695 sationem
1139 1676 1219 1702 quum
1241 1669 1326 1696 semel
1338 1673 1503 1696 consecutus
1525 1674 1576 1700 est,
1594 1667 1702 1699 etiamsi
1718 1667 1787 1699 alter

993 1719 1052 1740 crat
1064 1713 1109 1748 qui
1127 1713 1304 1748 gubernabat,
1318 1719 1410 1742 sancta
1424 1715 1477 1741 erit
1486 1713 1610 1741 Domino.
1625 1713 1679 1741 Sed
1692 1720 1788 1747 quem-

993 1758 1139 1785 admodum
1163 1763 1190 1785 et
1204 1758 1344 1793 possessio
1371 1762 1541 1791 consecrata,
1563 1757 1597 1785 ad
1610 1757 1655 1792 jus
1668 1757 1787 1793 pertinet

993 1804 1168 1831 sacerdotum
1187 1813 1193 1830 :
1207 1804 1345 1839 possessio
1355 1804 1428 1831 enim
1442 1804 1512 1838 ejus,
1527 1808 1555 1831 et
1566 1803 1672 1830 lucrum
1688 1802 1724 1834 ei,
1739 1802 1786 1837 qui

993 1850 1124 1878 continue
1146 1850 1319 1886 gubernavit,
1339 1850 1527 1885 imputabitur,
1547 1849 1597 1876 etsi
1621 1856 1717 1884 parum
1738 1856 1786 1875 ne-

992 1897 1124 1932 glexerat,
1146 1900 1275 1928 verterat,
1300 1897 1357 1922 sive
1381 1900 1532 1922 mutaverat
1551 1903 1580 1922 se
1598 1895 1631 1922 ad
1648 1895 1747 1921 malum
1763 1894 1787 1921 is

992 1942 1038 1976 qui
1060 1942 1094 1970 ab
1115 1950 1148 1969 eo
1163 1942 1385 1976 gubemabatur:
1404 1946 1497 1976 utpote
1516 1941 1561 1976 qui
1579 1941 1646 1968 nihil
1668 1941 1786 1968 habebat

992 1988 1058 2017 boni
1079 1988 1163 2015 studii
1178 1997 1211 2015 cx
1236 1987 1376 2015 intellectu
1401 1988 1511 2023 proprio
1529 1987 1575 2023 (lui
1590 1987 1760 2023 gubernabat
1777 1996 1784 2014 τ

993 2041 1057 2068 ergo
1077 2041 1151 2067 eum,
1174 2034 1245 2062 sicut
1266 2034 1293 2061 iu
1308 2041 1356 2060 sua
1373 2033 1594 2066 conversatione,
1611 2033 1691 2060 sicin
1710 2033 1784 2060 illius
1809 2049 1812 2052 η

992 2080 1163 2116 gloriabitur,
1178 2086 1205 2108 et
1216 2085 1359 2116 propterea
1374 2081 1413 2107 ait
1429 2090 1435 2108 :
1780 2109 1782 2111 .

1028 2125 1162 2154 Passcssio
1176 2130 1340 2161 consecrata,
1362 2126 1397 2152 ad
1410 2125 1457 2160 jus
1472 2125 1584 2160 pertinet
1607 2125 1784 2152 sacerdotum.

994 2172 1027 2199 Et
1053 2172 1121 2198 nihil
1147 2177 1228 2199 nocet
1252 2171 1397 2204 sacerdoti,
1420 2171 1465 2198 alii
1495 2179 1590 2206 agrum
1614 2171 1705 2203 vcndi,
1721 2172 1784 2206 quia

994 2219 1076 2247 ﬁnem
1100 2218 1242 2251 doctrinm,
1261 2222 1288 2245 ct
1308 2217 1518 2251 exhortationis,
1544 2225 1626 2252 quem
1651 2217 1783 2252 oportuit,

184 2260 218 2284 Et
233 2264 305 2290 tunc,
319 2260 415 2294 inquit,
431 2261 569 2294 possidebit
591 2269 660 2288 eum.
679 2261 734 2289 Hoc
750 2263 844 2296 procul
857 2263 942 2292 dubio
958 2261 979 2290 Ι)
994 2263 1130 2291 exhibens
1154 2264 1178 2291 ci
1194 2271 1275 2298 quem
1298 2263 1480 2298 gubernabat,
1500 2260 1609 2290 invenit
1630 2262 1707 2289 illum
1729 2269 1784 2289 non

148 2304 294 2337 mandans,
309 2305 372 2339 quia
385 2307 610 2342 oportetquidem
628 2315 678 2336 nos
696 2316 745 2343 per
763 2309 940 2336 sacerdotum

148 2350 311 2383 doctrinam,
332 2357 359 2378 et
380 2352 509 2386 regulam,
530 2357 558 2380 et
567 2353 655 2388 legem
678 2359 800 2382 nostram
823 2362 941 2382 convcr-

148 2394 281 2422 sationem
301 2396 465 2431 gubernare,
488 2398 598 2432 quando
618 2406 676 2426 eam
694 2399 770 2434 prius
785 2400 940 2427 sanctiﬁca-

147 2447 219 2467 mus.
241 2441 295 2468 Sed
311 2446 420 2476 oportet
434 2448 462 2470 et
478 2443 623 2478 proﬁcere,
637 2447 666 2472 et
680 2445 788 2473 illorum
808 2446 941 2474 doctrina:

147 2490 272 2512 nostrum
284 2487 404 2521 adjicere
421 2487 589 2516 intellectum
609 2498 615 2516 :
633 2496 743 2526 propter
755 2492 826 2525 quod
840 2492 940 2520 Paulus

146 2531 181 2557 ad
196 2531 370 2561 Timotheum
387 2533 524 2561 scribebat
543 2543 548 2560 :
568 2535 687 2570 Intellige
698 2545 756 2570 qua:
768 2537 845 2564 dico:
865 2538 939 2564 dabit

146 2577 217 2604 enim
230 2578 279 2605 tibi
297 2579 426 2607 Dominus
440 2581 468 2607 in
484 2581 603 2608 omnibus
615 2582 775 2609 intellectura
786 2582 820 2610 δ’.
831 2583 864 2610 Et
875 2588 938 2611 tunc

148 2623 350 2656 possidebimus
367 2627 477 2660 proprie
498 2634 558 2660 qua:
573 2627 709 2662 egerimus
729 2629 937 2657 sanctiﬁcatioui

147 2670 281 2702 proxima.
296 2670 323 2697 Si
333 2676 424 2698 autem
438 2672 507 2700 Italic
517 2673 678 2701 divisionem
692 2682 745 2702 non
758 2675 846 2703 intuiti
856 2676 939 2704 fueri-

147 2722 218 2746 mus,
234 2717 296 2744 vide
311 2717 376 2751 quid
391 2719 536 2752 patiemur.

186 2761 264 2789 Vsus.
284 2762 383 2790 20-21.
405 2772 414 2789 ι
434 2763 463 2790 Si
484 2770 575 2790 autem
596 2765 715 2793 noluerit
730 2767 874 2799 redimere,
891 2768 939 2794 sed

146 2807 224 2834 alteri
243 2808 359 2836 cuilibet
383 2809 466 2837 fuerit
492 2811 675 2842 venundatus,
704 2813 773 2840 ultra
804 2821 866 2840 cum
893 2814 939 2848 qui

202 2910 221 2922 "
236 2909 255 2935 il
285 2909 355 2937 Tim.
374 2919 403 2942 ιι,
419 2910 444 2937 7.
503 2913 524 2928 ”
539 2911 591 2941 lsa.
607 2921 660 2940 Liv.
678 2913 724 2946 l5;
745 2912 824 2941 Joau.
842 2923 876 2947 vi,

994 2316 1075 2343 posse
1092 2308 1202 2342 propria
1224 2308 1371 2340 redimere,
1386 2308 1412 2336 id
1428 2312 1470 2335 est
1489 2308 1669 2342 semetipsum
1691 2314 1785 2342 regere

994 2354 1195 2390 etgubernare,
1206 2358 1272 2380 tunc
1281 2362 1376 2389 agrum
1393 2353 1519 2381 vendidit
1529 2353 1610 2381 alium
1624 2360 1785 2387 praeponens

993 2401 1030 2432 ci,
1049 2400 1096 2434 qui
1109 2400 1219 2432 obtulit,
1229 2400 1276 2434 qui
1295 2401 1435 2428 exhortari
1447 2400 1570 2432 deberet,
1585 2399 1633 2427 sed
1642 2406 1749 2426 merces
1760 2403 1787 2426 ct

994 2447 1100 2475 lucrum
1111 2446 1231 2481 cjusest,
1246 2446 1292 2481 qui
1302 2446 1446 2481 proposuit
1461 2455 1468 2473 :
1483 2446 1537 2473 nisi
1550 2445 1619 2473 forte
1632 2453 1683 2473 nec
1692 2445 1784 2475 Petro,

994 2501 1045 2520 nec
1066 2493 1159 2525 Paulo,
1185 2501 1238 2521 nec
1263 2493 1394 2527 apostolis
1426 2493 1551 2523 dicamus
1579 2492 1712 2528 imputari
1737 2499 1785 2520 eos

993 2547 1064 2574 quos
1089 2547 1138 2574 per
1165 2539 1291 2574 proprios
1310 2539 1460 2575 discipulos
1485 2539 1519 2568 ad
1541 2539 1625 2567 vitam
1649 2539 1785 2575 guberna:

994 2590 1104 2612 verunt.

1028 2630 1111 2657 Vsus.
1123 2630 1217 2657 22—26.
1235 2639 1245 2655 ι
1263 2629 1290 2657 Si
1309 2636 1373 2664 ager
1380 2633 1499 2664 emptus.
1512 2634 1543 2658 et
1558 2637 1611 2659 non
1627 2630 1661 2658 de
1674 2637 1783 2665 posses-

993 2677 1070 2704 sione
1086 2677 1223 2711 majorum
1234 2675 1423 2704 sanctilicatus
1436 2675 1519 2705 fuerit
1537 2675 1662 2708 Domino,
1680 2683 1785 2709 suppu-

993 2722 1062 2749 tahit
1081 2721 1211 2749 sacerdos
1222 2721 1300 2755 juxta
1320 2728 1467 2748 numerum
1481 2728 1628 2753 annorum,
1646 2728 1731 2755 ttsquc
1751 2720 1782 2746 ad

993 2767 1139 2797 Jubilaaum
1158 2765 1289 2801 pretium,
1307 2770 1335 2793 et
1346 2766 1423 2793 dabit
1439 2765 1484 2794 ille
1500 2765 1546 2801 qui
1559 2771 1653 2793 votum
1671 2768 1785 2792 voverat

993 2813 1122 2841 Domino.
1141 2812 1169 2840 lu
1188 2812 1304 2841 Jubilaso
1319 2816 1413 2840 autem
1428 2816 1583 2840 revertetur
1605 2812 1640 2839 ad
1663 2811 1782 2847 priorem

1544 2912 1566 2928 ⁸⁸
1586 2913 1654 2940 lbid.
1671 2912 1698 2940 Β.

994 2915 1011 2930 δ’
1024 2913 1126 2942 Jcrcm.
1145 2923 1184 2944 Ill.
1243 2914 1264 2930 ”
1281 2912 1360 2941 Osce.
1377 2921 1423 2946 vn,
1443 2913 1482 2940 ll.
