2056 3148
282 218 350 252 11ῗ1

878 225 1062 255 HESYCHII
1083 226 1323 259 PRESBYTERI

1850 232 1918 265 H72

285 279 492 314 Dominum,qni
504 280 662 308 vendiderat
673 288 745 314 cum,
756 282 926 311 ethabuerat
934 284 961 311 in
971 289 1073 312 sortem
1088 287 1111 314 Α
1126 285 1197 319 ejus,
1213 292 1309 314 sancta
1321 288 1436 315 Domino
1451 288 1605 317 invenitur:
1629 289 1702 317 bene
1715 295 1807 318 autem
1822 292 1917 326 David,

285 325 464 359 possessionis
477 334 543 352 sum.
557 325 654 353 Omnis
664 328 810 355 estimatio
830 329 898 356 siclo
923 330 1072 358 sanctuarii

284 371 488 405 ponderabitur.
508 372 598 399 Siclus
610 372 706 408 viginti
717 374 812 401 obolos
827 375 919 403 habet.
936 376 1074 412 Primoge-

282 416 339 443 nita
361 424 422 450 qua:
451 416 485 443 ad
505 417 590 444 Deum
615 418 764 452 pertinent,
794 427 877 446 nemo
900 421 1073 450 sanctiﬁcare

282 462 392 496 poterit,
405 467 432 489 et
448 470 560 496 vovere,
570 463 628 490 sive
643 464 704 496 bos,
719 465 776 492 sive
789 465 849 492 ovis
866 466 946 494 fuerit
964 467 1072 495 Domini

280 512 356 535 sunt.
377 517 387 533 ι

315 553 459 581 Maximam
470 555 605 589 justitiam
619 555 685 591 legis
703 557 793 585 littera
815 562 842 585 ct
853 559 966 593 spiritus
982 565 1071 587 osten-

279 599 330 626 dit.
355 599 458 627 Littera
481 601 616 635 siquidem
634 610 728 637 agrum
751 604 921 638 possidentes
938 606 1069 639 alienum,

280 650 310 672 ut
338 646 511 673 sanctiﬁcth
534 646 600 678 Deo,
623 652 652 673 ut
675 648 794 676 offerant
818 651 1018 685 sacerdotibus,
1040 656 1070 679 ut

279 698 375 718 eorum
391 691 425 718 sit
439 691 563 719 redditus
576 699 651 727 ager,
668 701 722 720 non
739 695 826 721 vetuit
844 695 906 729 quia
929 703 984 722 non
1006 703 1070 730 Spe-

277 737 384 764 cialiter
394 745 474 764 suum
490 737 590 765 obtulit
605 747 612 765 :
628 739 699 766 sicut
715 740 788 766 enim
800 746 918 775 emptus,
930 742 989 776 ejus
1005 747 1070 769 tunc

278 787 346 814 erat,
363 783 403 810 sic
416 783 499 810 etiam
511 783 557 818 qui
566 784 601 811 de
616 785 763 812 vendentis
780 785 869 812 luerat
881 788 1066 821 possessione,

279 833 353 855 recte
368 828 474 855 alienus
487 834 538 856 est.
557 829 691 864 Praaeepit
703 831 777 858 enim
790 837 951 868 computare
974 841 1068 861 sacer-

278 874 368 901 dotem
384 874 440 910 agri
454 875 574 909 pretium
597 883 683 911 usque
701 877 735 904 ad
750 876 905 911 Jubilaeum,
922 884 951 906 et
966 880 1005 906 sic
1019 888 1067 914 pro

274 927 309 947 eo
320 919 385 947 dare
398 921 533 954 pretium;
549 921 576 948 in
592 921 708 950 Jubilazo
723 927 814 950 autent
828 924 927 951 reverti
945 933 976 952 ac
990 926 1065 953 reddi

276 966 359 1001 priori
383 967 506 1000 domino,
524 968 549 995 id
571 973 613 996 est
628 969 654 996 ei
670 969 717 1004 qui
740 975 854 1005 propter
876 976 1065 1006 paupertatem

276 1020 332 1039 rem
347 1014 486 1048 propriam
502 1014 634 1047 vendidit,
656 1019 684 1042 ct
698 1015 731 1043 ad
755 1020 860 1043 certum
877 1024 936 1044 eam
960 1023 1067 1052 tempus

275 1059 416 1088 alienavit.
432 1061 472 1087 Ah
493 1061 545 1088 hoc
565 1069 630 1096 ergo
648 1067 675 1089 et
689 1062 721 1089 ad
742 1063 893 1098 spiritalem
911 1065 1064 1100 intelligen—

274 1106 339 1132 tiam
354 1106 462 1133 transit.

309 1150 337 1177 Si
363 1159 428 1185 ager
446 1156 559 1185 emptus,
576 1157 601 1178 et
618 1159 669 1178 non
685 1153 718 1179 de
743 1153 905 1187 possessione
931 1154 1064 1189 majorum

273 1197 454 1232 sanctiﬁcatum
486 1198 565 1232 fuerit
607 1198 733 1232 Domino,
762 1201 915 1234 supputabit
944 1203 1064 1229 sacerdos

268 1243 349 1277 juxta
365 1252 494 1270 annorum
511 1252 649 1271 numerant
660 1253 741 1281 usque
756 1247 792 1272 ad
802 1246 952 1274 Jubiltmm.
962 1249 1063 1284 Agrum

272 1290 317 1324 qui
334 1289 455 1324 possidet
474 1297 556 1324 quem
565 1290 642 1323 emit,
663 1295 691 1317 et
709 1298 765 1319 non
781 1296 824 1319 est
833 1299 891 1320 sua:
912 1295 1064 1328 possessio-

273 1335 326 1367 nis,
345 1335 367 1362 is
394 1335 440 1370 qui
467 1335 666 1371 intelligihilem
697 1342 886 1372 paupertatem
913 1340 1064 1374 patientem

271 1380 411 1408 exhortari
425 1381 507 1412 valet,
526 1389 697 1416 arguereque
710 1390 784 1414 eum,
801 1388 884 1418 atque
905 1393 1014 1413 movere
1029 1386 1062 1413 ad

273 1427 481 1460 pundtentiam:
505 1427 700 1463 intelligibilem
730 1429 802 1456 enim
835 1435 953 1464 terram,
981 1440 1062 1467 quam

273 1473 320 1500 ille
332 1473 502 1508 possidebat,
518 1473 552 1500 de
576 1481 629 1508 qua
658 1474 741 1502 David
772 1475 921 1510 psallebat:
948 1477 1064 1512 Spiritus

272 1525 332 1546 tuus
359 1524 466 1546 sanctus
479 1521 588 1548 deducet
603 1529 645 1548 me
668 1521 695 1547 in
712 1527 812 1548 terram
839 1527 939 1550 rectam
949 1524 982 1556 ",
1005 1525 1064 1559 ipse

272 1565 470 1599 possidet,'non
482 1566 646 1601 permittens
653 1574 714 1594 eam
722 1575 782 1602 qua:
796 1575 830 1595 ex
840 1573 897 1597 toto
911 1570 1062 1605 corrumpi,

1127 333 1205 359 redde
1213 333 1246 365 ",
1262 333 1304 361 vel
1320 334 1393 361 sicut
1409 334 1490 367 LXX,
1503 336 1603 365 reddet.
1621 343 1686 368 non,
1705 337 1832 365 reddent:
1852 346 1916 366 nam

1125 378 1176 405 etsi
1189 379 1327 406 communi
1341 380 1456 407 consilio
1464 381 1624 413 sacerdotis,
1646 385 1673 408 et
1685 382 1746 416 ejus
1762 383 1808 417 qui
1832 384 1916 412 movit

1125 429 1298 459 peccatorcm
1309 426 1342 453 ad
1362 426 1563 461 ptenitentiam,
1580 427 1614 454 de
1635 435 1669 454 ca
1699 428 1823 456 deﬁnitio
1848 437 1916 456 con-

1124 468 1264 502 stituitur,
1280 478 1341 504 qua:
1365 471 1533 504 aistimatur,
1561 477 1751 500 verumtamen
1778 473 1823 500 ille
1851 481 1916 501 eum

1123 515 1229 546 efferat,
1259 516 1305 551 qui
1336 516 1449 543 fratrem
1477 517 1634 551 culpantem
1658 519 1802 554 compungi
1834 519 1913 546 fecit:

1123 559 1187 588 huic
1203 561 1275 588 enim
1290 562 1447 594 etohediet,
1462 562 1509 589 sed
1524 567 1551 590 et
1562 562 1620 597 ipse
1630 563 1767 599 obligatur
1780 564 1808 591 in
1820 573 1916 592 emen-

1122 606 1262 634 dationem
1287 607 1350 642 ejus
1374 608 1420 642 qui
1445 608 1635 643 paenitentiam
1664 609 1729 644 agit,
1746 614 1841 644 utpote
1864 611 1912 645 qui

1121 653 1205 680 semel
1229 653 1290 688 ejus
1302 653 1482 681 correctionis
1495 653 1561 680 fecit
1578 654 1731 681 exordium.
1750 654 1800 687 Qui
1820 660 1913 683 autem

1120 707 1176 727 non
1190 699 1274 731 illico,
1289 707 1351 727 cum
1363 699 1492 727 deﬁnitur
1503 699 1820 734 ptenitentia,ptenitens
1833 709 1915 728 mun-

1120 746 1211 779 datur,
1229 746 1277 773 sed
1292 747 1402 782 quando
1417 754 1478 774 eam
1494 745 1642 782 perfectam
1657 746 1754 781 egerit,
1767 751 1912 782 propterea

1120 793 1174 820 ait:

1155 838 1188 865 In
1201 838 1314 866 Jubilteo
1328 843 1418 866 autent
1431 843 1574 866 revertetur
1589 839 1625 865 ad
1647 839 1761 873 priorem
1773 839 1912 866 dominum

1119 885 1164 919 qui
1178 885 1331 911 vendiderat
1361 893 1431 911 eum.
1450 883 1520 919 Ergo
1549 884 1673 912 deﬁnitio
1688 885 1859 919 paenitentia
1882 885 1910 912 in

1120 931 1165 957 illa
1183 931 1226 958 die
1251 935 1345 958 sancta
1372 938 1434 957 mox
1455 930 1519 963 ﬁet,
1547 931 1573 957 in
1599 938 1653 965 qua
1676 938 1690 957 a
1717 931 1860 958 sacerdote
1883 935 1909 958 et

1119 974 1295 1001 exhortatore
1311 975 1371 1009 ejus
1387 975 1432 1009 qui
1446 975 1636 1010 pmnitentiam
1650 979 1764 1002 acturus
1783 981 1842 1003 erat
1863 983 1912 1010 per

1118 1019 1238 1046 divinam
1251 1019 1437 1055 Scripturam,
1452 1021 1591 1055 quomodo
1613 1028 1673 1048 eain
1695 1021 1793 1048 debeat
1817 1029 1908 1056 agere.

1117 1068 1278 1094 aestimatur.
1310 1066 1388 1094 Tune
1414 1070 1505 1093 autem
1534 1066 1673 1101 paenitens
1706 1066 1909 1101 possessionem

1116 1120 1204 1145 suam,
1214 1119 1373 1147 agrumque,
1382 1118 1409 1138 et
1417 1112 1653 1139 conversationem
1666 1111 1790 1146 recipiet,
1800 1112 1911 1146 quando

1116 1158 1150 1185 ad
1164 1165 1266 1184 annum
1282 1157 1567 1192 perveneritlubilxi,
1583 1157 1642 1184 sive
1657 1156 1838 1188 remissionis.
1849 1157 1910 1184 sive

1117 1202 1319 1233 immutatione,
1335 1207 1362 1228 et
1381 1201 1462 1236 plene
1478 1209 1563 1236 agens
1586 1209 1617 1228 ea
1641 1209 1702 1236 qua:
1719 1202 1752 1228 ad
1770 1202 1907 1237 poeniten-

1115 1249 1180 1275 tiam
1193 1247 1347 1283 pertinent:
1362 1247 1409 1274 sed
1421 1247 1506 1274 etiam
1528 1247 1556 1273 in
1572 1250 1658 1273 totum
1680 1247 1799 1274 reddens
1817 1255 1910 1274 sacer-

1115 1294 1207 1321 dotem
1225 1298 1253 1321 et
1273 1301 1383 1320 omnem
1410 1293 1549 1320 hominem
1570 1293 1617 1328 qui
1641 1293 1780 1321 exhortari
1805 1299 1906 1320 semet-

1114 1341 1204 1376 ipsum
1219 1345 1266 1367 aut
1279 1340 1445 1375 proximum,
1459 1344 1506 1367 aut
1525 1340 1637 1367 domum
1660 1347 1738 1367 suam
1750 1340 1818 1372 vult,
1833 1345 1862 1368 et
1872 1348 1907 1367 ex

1115 1387 1166 1414 hoc
1178 1386 1229 1413 sibi
1241 1385 1485 1413 sanctiﬁcatiooem
1497 1385 1670 1420 conquirere.
1681 1393 1812 1413 coronam
1823 1385 1908 1420 incly-

1115 1438 1181 1464 tam,
1199 1437 1226 1459 ct
1241 1431 1396 1458 ﬁrmitatem
1413 1430 1602 1458 admirabilem
1617 1431 1776 1466 exquisivit.

1152 1478 1244 1506 Omnis
1273 1478 1417 1505 (estimatio
1442 1477 1507 1504 siclo
1524 1478 1672 1504 sanctuarii
1697 1477 1907 1511 ponderabitur:

1114 1526 1193 1552 sic'us
1204 1525 1257 1551 sive
1269 1524 1425 1551 didrachma
1441 1524 1535 1559 viginti
1550 1523 1637 1550 obuios
1651 1524 1740 1550 habet.
1759 1523 1795 1550 Ut
1817 1523 1909 1550 omnis

1114 1571 1267 1604 a-stimatio,
1284 1572 1342 1598 sive
1366 1571 1501 1602 deﬁnitio,
1525 1571 1630 1598 sanctis
1654 1571 1702 1598 fiat
1728 1570 1906 1605 ponderibus,

273 1610 322 1637 sed
336 1610 446 1638 lucrans
463 1610 555 1639 fratris
566 1612 705 1644 virtutem,
724 1613 767 1640 vel
781 1613 875 1645 vitam,
891 1615 924 1642 de
949 1623 1001 1650 qua
1018 1616 1062 1644 ille
1077 1631 1098 1660 ο
1116 1618 1142 1645 id
1156 1623 1207 1649 est,
1223 1617 1265 1644 his
1276 1625 1337 1652 qua:
1351 1621 1417 1645 sunt
1440 1617 1473 1645 de
1487 1625 1565 1644 sacra
1587 1616 1738 1651 Scriptura.
1765 1616 1908 1643 Exteriora

274 1663 323 1691 per
339 1656 533 1692 negligentiam
544 1659 654 1685 cecidit.
675 1658 704 1685 Si
728 1658 809 1693 igitur
820 1667 882 1686 eam
910 1661 1064 1689 sanctiﬁca-

272 1701 344 1728 verit
371 1701 496 1735 Domino,
517 1703 544 1730 id
572 1708 615 1730 est
638 1704 768 1732 obtulerit
791 1706 938 1740 sacerdoti,
966 1708 1064 1739 audisti

273 1748 346 1775 enim
366 1748 429 1783 quia
457 1749 483 1775 in
514 1750 643 1784 praesenti
661 1750 826 1778 sanctiﬁcari
852 1751 909 1779 Deo
934 1753 1001 1780 dicit
1021 1761 1063 1786 ea,

272 1803 334 1830 qua:
351 1795 540 1823 sacerdotibus
551 1801 624 1824 sorte
637 1797 820 1825 obvenerunt.
835 1797 932 1827 Offerri
959 1806 1064 1833 autem,

272 1840 433 1875 quomodo?
446 1839 474 1868 Id
490 1845 542 1873 est,
559 1847 668 1877 oportet
684 1851 758 1875 eum,
773 1844 820 1878 qui
834 1845 956 1880 culpavit
969 1853 1065 1873 emun-

271 1887 342 1920 dari,
358 1891 385 1914 et
396 1892 518 1915 sanctam
533 1888 592 1923 ejus
605 1888 713 1916 edicere
728 1891 975 1918 conversationem.

308 1933 468 1968 Supputabit
497 1935 619 1962 sacerdos
651 1935 732 1970 juxta
762 1945 892 1964 annorum
926 1946 1065 1965 numerum

272 1988 354 2016 usque
367 1981 403 2008 ad
420 1980 560 2008 Iubilwum
574 1983 697 2016 pretium,
719 1988 743 2009 et
758 1983 831 2010 dabit
847 1984 892 2011 ille
907 1985 952 2019 qui
975 1992 1065 2012 votum

272 2031 377 2053 voverat
399 2026 523 2054 Domino.
553 2027 637 2055 Recte
661 2030 800 2060 sacerdos,
828 2029 909 2056 simul
942 2037 1004 2057 cum
1031 2038 1065 2057 eo

272 2071 319 2106 qui
332 2072 417 2099 movit
426 2072 537 2100 fratrem
555 2073 588 2100 ad
600 2073 805 2107 paenitentiam,
816 2074 879 2109 quia
896 2074 941 2102 ille
953 2074 1064 2109 quidem

272 2117 400 2144 districte
411 2118 471 2152 ejus
490 2119 628 2146 actionem
652 2123 680 2146 et
693 2119 944 2152 conversationem,
968 2124 1064 2154 utpote

273 2162 320 2197 qui
332 2163 391 2197 ipse
405 2171 468 2190 eum
485 2164 616 2195 correxit,
634 2164 678 2191 hic
693 2169 784 2192 autem
803 2170 832 2192 ut
845 2166 975 2192 sacerdos
987 2165 1064 2193 novit

273 2216 366 2236 veram
381 2213 464 2243 atque
477 2209 627 2243 perfectam
653 2211 881 2245 redemptionem,
901 2216 1062 2246 supputant,

273 2253 331 2281 sive
348 2253 466 2288 probant
475 2255 583 2289 qualem
593 2255 617 2282 ei
628 2259 754 2289 oporteat
770 2256 958 2290 paenitentiam
969 2256 1062 2284 indici.

1117 1664 1191 1691 enim
1218 1663 1351 1698 pondera,
1376 1663 1460 1691 veluti
1488 1663 1724 1698 philosophorum,
1756 1662 1783 1688 in
1808 1662 1909 1696 quibus

1117 1709 1167 1744 ipsi
1193 1710 1263 1736 vitas
1302 1709 1581 1743 conversationesque
1606 1712 1734 1743 pensant,
1759 1715 1814 1734 non
1843 1711 1910 1734 sunt

1116 1760 1221 1786 sancta,
1238 1755 1301 1789 quia
1315 1755 1458 1781 scientiam
1484 1754 1672 1786 imperfectam
1687 1753 1836 1788 possident.
1852 1752 1908 1779 Sed

1116 1808 1168 1826 nec
1194 1799 1384 1827 lurreticorum
1407 1799 1528 1834 pondera
1543 1803 1638 1826 sancta
1661 1803 1734 1830 sunt,
1756 1799 1907 1825 canteriata

1116 1847 1154 1869 ut
1169 1843 1238 1869 enim
1257 1851 1348 1869 eorum
1371 1843 1531 1870 conscientia
1543 1843 1583 1869 δέ
1599 1843 1647 1870 sed
1668 1848 1761 1870 sancta
1789 1849 1853 1870 sunt
1874 1850 1908 1870 ea

1116 1896 1176 1923 quae
1199 1888 1307 1915 suntin
1333 1888 1425 1915 divina
1448 1888 1600 1923 Scriptura,
1627 1888 1655 1915 in
1684 1889 1786 1923 quibus
1810 1889 1908 1923 viginti

1115 1935 1187 1962 oboli
1203 1939 1277 1967 sunt,
1289 1935 1397 1967 siclum,
1412 1935 1470 1962 sive
1494 1934 1665 1966 didrachma.
1691 1935 1718 1962 id
1742 1940 1784 1962 est
1812 1935 1908 1962 decem

1116 1981 1243 2008 mandata
1262 1981 1414 2008 secundant
1429 1981 1558 2014 litteram,
1571 1986 1599 2008 et
1612 1981 1764 2008 secundum
1780 1981 1908 2015 spiritum

1116 2027 1267 2059 intellecta,
1294 2027 1367 2054 sicut
1383 2027 1540 2062 evangelica
1558 2028 1644 2060 gratia
1659 2027 1790 2058 insinuat,
1807 2031 1835 2053 et
1860 2027 1907 2061 qui

1116 2072 1143 2099 in
1159 2081 1190 2100 ea
1201 2073 1267 2100 dicit
1280 2081 1286 2100 :
1300 2072 1361 2100 Non
1375 2073 1552 2104 arbitremini,
1563 2073 1625 2107 quia
1636 2073 1694 2100 veni
1707 2072 1808 2099 solvere
1826 2072 1909 2106 legent

1115 2123 1162 2145 aut
1177 2119 1335 2153 prop/tetas;
1353 2127 1405 2145 non
1418 2119 1476 2145 ueni
1488 2119 1598 2151 solvere,
1616 2118 1662 2144 sed
1675 2118 1824 2152 implere".
1839 2117 1909 2150 Qui-

1115 2171 1223 2199 cunque
1248 2169 1296 2191 aut
1320 2164 1406 2199 legem
1430 2163 1535 2191 irritam
1560 2164 1634 2196 facit,
1656 2167 1704 2190 aut
1731 2163 1909 2198 Evangelium

1115 2209 1216 2240 renuit,
1232 2208 1276 2236 hic
1286 2216 1339 2235 non
1353 2209 1435 2236 habet
1449 2208 1619 2241 didrachma,
1632 2216 1683 2236 nec
1700 2209 1782 2243 hujus
1803 2209 1909 2236 doctri-

1116 2262 1178 2281 nam
1196 2258 1222 2280 ut
1238 2253 1454 2281 sauctiﬁcantem
1471 2253 1626 2288 recipimus.
1649 2253 1797 2280 llzereticos
1814 2258 1908 2280 autem

273 2301 431 2335 Supputant
447 2305 539 2328 autem
555 2308 642 2335 usque
660 2301 693 2328 ad
706 2300 811 2328 ιυὺίιωί
828 2301 957 2336 pretium,
982 2302 1008 2330 id
1022 2307 1064 2330 est
1081 2297 1103 2325 D
1117 2305 1144 2326 et
1156 2299 1274 2332 Ιυιιιιξοε,
1285 2307 1401 2334 quorum
1415 2299 1459 2326 alii
1471 2300 1598 2334 gratiam,
1614 2299 1660 2326 alii
1684 2299 1771 2334 legem
1795 2304 1908 2334 negant.

271 2352 305 2372 ex
329 2344 371 2372 his
397 2352 458 2380 qua:
482 2345 517 2372 de
544 2345 704 2380 poenitentia
731 2345 759 2372 iu
780 2345 872 2373 divina
901 2346 972 2373 dicta
999 2352 1063 2374 sunt

272 2390 427 2425 Scriptura.
452 2389 513 2425 Ipsa
534 2390 607 2417 enim
634 2389 780 2417 aestimatio
803 2394 844 2417 est
859 2391 924 2418 anni
942 2391 1061 2425 Jubilaei,

271 2436 329 2463 sive
343 2435 522 2468 remissionis,
538 2439 593 2462 tam
608 2435 672 2470 quia
683 2435 740 2470 ipsa
756 2436 912 2469 aestimavit,
929 2435 985 2463 sive
998 2444 1063 2471 sup-

272 2481 378 2516 putavit
398 2481 600 2516 pmnitentiam,
624 2489 706 2516 quam
729 2482 793 2516 quia
818 2482 935 2509 agstimat
959 2488 1062 2517 quanta

270 2525 332 2560 ejus
351 2525 385 2552 sit
398 2524 528 2560 dignitas,
550 2525 602 2552 hoc
623 2525 698 2552 enini
718 2526 836 2553 dicimus
850 2533 911 2553 esse
939 2526 1061 2554 aestima-

273 2572 387 2604 tionem,
401 2571 464 2606 quia
484 2571 524 2598 sic
540 2571 700 2605 pmniteutia
712 2571 834 2602 deﬁnita,
851 2572 976 2600 deﬁnitio
1001 2573 1061 2608 ejus

272 2620 366 2643 sancta
381 2617 433 2643 erit
449 2615 513 2648 Deo,
527 2622 638 2651 propter
653 2616 726 2651 quod
739 2622 766 2644 et
777 2616 900 2643 addidit:

309 2662 342 2689 Et
355 2662 427 2688 dabit
443 2662 488 2689 ille
500 2663 544 2697 qui
558 2667 646 2689 votum
667 2667 772 2690 voverat
791 2663 913 2689 Domina.
939 2663 1002 2690 Sive
1015 2670 1060 2690 se-

271 2708 394 2736 cundum
407 2708 488 2741 LXX,
503 2709 537 2735 Et
551 2709 640 2736 reddet
655 2709 768 2743 pretium
786 2709 812 2736 in
823 2710 866 2736 die
879 2709 925 2736 illo
940 2714 1061 2736 sanctum

273 2755 396 2782 Domino.
417 2754 446 2781 ln
462 2758 585 2789 tempore
604 2755 690 2787 enim,
710 2755 736 2781 in
749 2763 803 2790 quo
824 2755 974 2782 secundum
991 2755 1062 2782 hanc

271 2801 416 2834 rationem,
432 2808 464 2828 ea
479 2808 540 2835 qua:
561 2805 626 2828 sunt
639 2801 673 2828 dc
688 2801 848 2836 poenitentia
880 2801 1060 2833 deﬁniuntur,

270 2847 328 2875 sive
342 2846 511 2875 inducuntur
535 2847 572 2880 ei,
597 2843 659 2874 cum
686 2848 840 2875 necessaria
868 2851 910 2874 est
939 2847 1060 2874 deﬁnitio

320 2941 345 2956 "
362 2939 432 2968 Psal.
451 2946 534 2972 Lxxu,
557 2939 597 2966 l0.
656 2938 676 2953 ”
698 2937 768 2964 Psal.
784 2945 837 2969 th,
858 2937 898 2964 lt.

958 2935 1000 2963 "1
1017 2935 1087 2964 Tim.
1105 2943 1142 2969 tv,
1155 2936 1182 2962 Ω.

1116 2345 1256 2380 aequaliter
1273 2345 1463 2379 suscipiamus.

1153 2390 1332 2426 l’rimogenita
1347 2399 1405 2425 qua:
1422 2392 1457 2418 ad
1470 2391 1553 2418 Deum
1559 2392 1702 2424 pertinent,
1716 2400 1792 2418 nemo
1806 2391 1908 2418 sancti-

1115 2435 1196 2470 ﬁrare
1213 2440 1306 2470 potest,
1324 2440 1349 2462 et
1378 2443 1484 2467 vovere;
1500 2435 1560 2463 Sive
1578 2437 1633 2467 bos,
1655 2437 1708 2463 sive
1735 2437 1789 2463 ovis
1815 2437 1906 2471 fuerit,

1118 2482 1222 2508 Domini
1234 2487 1303 2509 sunt.
1319 2483 1419 2509 Pecora
1432 2490 1481 2509 eos
1493 2482 1539 2516 qui
1557 2482 1637 2509 nobis
1645 2483 1808 2510 obedientes
1830 2489 1906 2515 sunt,

1116 2527 1196 2560 ﬁlios,
1212 2531 1352 2559 elservos,
1370 2527 1397 2553 in
1418 2527 1636 2562 prmcedentihus
1656 2527 1784 2554 diximus.
1803 2526 1908 2554 Horum

1116 2573 1339 2609 primogenitum,
1353 2573 1379 2600 id
1392 2577 1443 2605 est,
1457 2573 1503 2607 qui
1520 2573 1600 2600 nobis
1616 2573 1655 2600 sic
1677 2580 1776 2608 parens
1791 2578 1819 2599 et
1842 2573 1908 2599 obe-

1115 2618 1193 2645 diens
1210 2617 1301 2649 fuerit,
1319 2622 1349 2644 ut
1359 2622 1386 2644 et
1401 2617 1461 2644 aliis
1477 2617 1641 2644 obedientia:
1654 2622 1681 2644 et
1696 2616 1808 2652 parendi
1821 2616 1908 2644 duca-

1116 2669 1173 2691 tum
1185 2664 1316 2698 praebeat,
1347 2667 1375 2690 et
1392 2667 1538 2698 propterea
1554 2663 1598 2691 hic
1610 2663 1720 2698 quidem
1738 2662 1908 2698 primogeni-

1117 2714 1174 2735 tum
1192 2708 1302 2740 dicitur,
1320 2708 1384 2734 alibi
1413 2711 1505 2735 autem
1533 2707 1568 2735 de
1599 2716 1632 2735 eo
1664 2707 1801 2743 Iegislator
1823 2707 1908 2734 dicit:

1116 2755 1198 2782 0mm:
1215 2754 1390 2781 masculinum
1402 2754 1558 2788 adaperiens
1574 2753 1690 2785 vulvam,
1712 2757 1836 2779 sanctum
1853 2752 1908 2779 Do-

1116 2800 1188 2827 mino
1201 2800 1376 2827 vocabitur".
1396 2799 1529 2834 Adapcrit
1549 2799 1622 2826 enim
1639 2799 1748 2825 vulvam
1771 2806 1910 2833 generan-

1115 2847 1212 2874 dorutn
1229 2846 1357 2878 ﬁliorum,
1373 2846 1419 2881 qui
1431 2845 1544 2873 obedire
1572 2845 1723 2872 secundum
1753 2844 1852 2874 Deum,
1882 2850 1910 2871 et

1240 2937 1262 2952 ⁵⁸
1277 2935 1373 2964 Matth.
1395 2943 1420 2967 ν,
1437 2934 1477 2962 l7.
1535 2934 1554 2949 "
1568 2933 1753 2964 Exod.uxtv,
1769 2932 1795 2959 9.
