2056 3148
134 215 202 250 11¹ἶ3

649 201 653 203 ’
700 220 742 251 IN
761 220 1032 251 LEVITICUM.—
1052 221 1125 250 LIB.
1150 221 1215 251 vn.

1661 252 1667 259 ι
1707 216 1772 247 uti

132 281 195 301 cum
210 273 255 309 pia
280 273 453 309 subjectione
479 274 584 310 incipit,
600 276 700 310 qualis,
723 276 800 304 verbi
827 275 925 311 gratia.
941 276 1083 309 Apartem
1098 275 1196 310 pretii:
1220 274 1303 302 addet
1335 274 1470 308 quintam,
1491 281 1554 301 cum
1582 274 1722 301 intellectu
1748 274 1773 301 ei

132 325 192 348 erat
206 320 290 348 Paulo
302 320 475 351 Timotheus.
490 326 519 349 et
541 326 686 357 propterea
711 322 746 350 de
773 329 806 350 eo
820 322 853 348 ad
873 321 928 349 Co-

139 366 260 394 rinthios
275 367 387 402 scripsit
407 367 479 400 :Qui
496 373 534 395 est
557 368 628 403 ﬁlius
653 377 726 396 meus
754 369 784 395 in
804 368 927 399 Domina,

133 413 189 447 ipse
216 421 262 440 uas
284 414 506 449 commonefaciat
528 415 585 442 vias
614 423 697 448 meas,
727 423 786 450 qua:
816 419 878 442 sunt
901 415 929 441 iu

137 457 243 484 Christo
258 456 334 484 Jesa.
351 456 432 485 Hunc
448 458 493 492 qui
507 458 568 486 talis
583 463 635 492 est,
655 467 737 487 nemo
759 460 927 487 sanctilicet:

138 510 195 531 non
211 503 276 538 quia
290 502 418 538 indignus
440 508 483 530 est
509 504 735 537 sanctiﬁcatione,
759 505 806 532 sed
831 509 861 531 ut
883 505 929 540 qui

135 556 191 577 non
212 553 275 585 eget
288 549 465 582 sanctiﬁcari,
481 554 523 577 est
537 558 601 585 ergo
612 551 676 578 olim
692 556 814 578 sanctus.
827 552 929 579 Didici-

136 595 170 621 sti
186 595 274 628 enim,
301 596 440 630 quomodo
470 600 498 623 et
522 597 650 631 superius
672 597 843 630 dicebamus,
867 598 930 632 quia

136 639 211 666 aliud
224 645 267 667 est
287 645 413 668 sanctum
437 648 499 668 esse
521 642 624 677 aliquid
643 642 707 674 Deo,
739 642 813 670 aliud
839 647 930 670 autem

137 685 247 712 initium
262 686 489 714 sanctiﬁcationis
502 695 622 715 sumere.
641 688 710 715 lllud
733 688 806 716 enim
833 689 931 716 melius

137 739 171 759 ac
197 731 325 766 superius
349 737 400 764 est,
420 737 517 768 utpote
536 734 607 768 quod
618 734 683 761 olim
712 734 864 769 perfectum
890 739 932 762 est

140 777 255 805 meliore
270 778 369 805 rationi
388 786 443 805 non
457 784 529 814 eget.
542 779 612 812 Quia
628 787 694 815 ergo
705 779 786 814 ﬁlius,
800 781 847 815 qui
873 785 932 808 tan—

140 830 197 853 tum
216 826 335 853 honorat
350 831 456 861 patrem
479 831 508 854 et
522 831 649 860 matrem,
664 832 695 854 ut
721 827 783 855 aliis
799 828 846 855 ﬁat
869 828 933 855 talis

140 871 253 898 honoris
267 871 443 906 exemplum;
471 872 612 900 honorans
632 877 725 900 autem
742 878 855 908 propter
873 874 927 908 pie-

140 922 234 950 tatem,
249 917 276 944 id
288 922 330 944 est
345 922 460 952 propter
477 919 662 947 obedientiam
684 920 761 956 legis,
776 925 805 948 et
828 920 928 952 sciens,
948 935 969 966 Β

140 963 203 997 quia
216 962 270 990 Deo
283 962 366 991 oﬁert
381 963 455 992 hunc
472 963 618 998 honorem,
635 965 682 1000 qui
696 966 823 994 honorari
838 971 931 1002 patres

140 1009 280 1044 praecipit,
298 1009 418 1044 primum
434 1010 594 1038 mandatum
610 1012 682 1046 quod
706 1017 749 1039 est
774 1013 801 1039 in
815 1013 931 1048 promis-

141 1054 230 1086 sione,
240 1054 391 1081 secundum
403 1055 475 1090 quod
491 1055 588 1083 Paulus
602 1056 680 1089 dixit,
695 1057 822 1092 implevit.
831 1058 931 1085 Servus

140 1103 243 1131 autem,
261 1100 308 1135 qui
324 1100 438 1128 domino
451 1109 522 1136 pure
533 1102 671 1135 subditur,
683 1108 794 1137 propter
817 1104 930 1132 manda-

142 1150 198 1171 tum
213 1145 286 1179 quod
315 1145 496 1180 dixit:Servt',
525 1148 625 1175 obedite
642 1149 756 1176 dominis
781 1150 932 1177 carnalibus

141 1199 201 1216 cum
213 1191 308 1217 timore
324 1195 348 1218 et
363 1196 487 1224 tremore,
513 1193 542 1219 in
556 1193 727 1228 simplicitate
742 1195 836 1227 cordis,
865 1196 932 1222 sicut

143 1235 266 1268 Domino,
283 1245 333 1263 non
345 1237 381 1264 ad
394 1237 499 1264 oculum
520 1239 671 1272 servientes,
698 1241 764 1267 sicut
787 1240 932 1268 hominibus

143 1281 286 1315 placentes,
306 1283 351 1309 sed
363 1283 430 1310 sicut
443 1284 512 1311 servi
529 1283 578 1311 Dei
595 1284 769 1312 obedientiam
785 1285 838 1312 Deo
847 1291 934 1313 osten-

143 1327 249 1354 dant".
266 1326 322 1356 Hoc
336 1333 427 1356 autem
445 1329 517 1357 idem
528 1335 557 1358 et
570 1330 733 1366 discipulus.
752 1331 778 1358 Si
804 1333 933 1367 magistro

142 1372 176 1400 ad
190 1373 323 1401 honorem
340 1373 398 1408 Dei,
416 1375 462 1409 qui
473 1383 522 1410 per
535 1376 648 1404 Paulum
668 1382 810 1405 sanctum:
827 1377 934 1405 Obedile

144 1420 291 1454 propositis
308 1421 411 1452 vestris,
427 1422 595 1456 etsubjacete
617 1423 662 1455 eis,
676 1424 726 1457 ipsi
752 1424 821 1450 enim
846 1425 934 1459 perui-

144 1464 228 1499 gilunt
255 1472 305 1499 pro
335 1466 475 1492 animabus
507 1468 611 1500 vestris,
634 1468 753 1500 obedite,
773 1472 798 1495 et
824 1469 934 1504 subjecti

143 1515 222 1538 estote
230 1511 264 1544 ",
276 1511 310 1538 ad
324 1511 410 1539 Deum
425 1512 528 1540 referre
547 1521 591 1545 ea,
609 1521 675 1548 qua:
685 1518 750 1541 sunt
769 1514 852 1550 hujus
867 1515 934 1542 obe-

143 1557 256 1585 dientiae
285 1562 314 1584 et
343 1558 537 1592 subjectionis,
572 1560 715 1587 evidenter
747 1561 934 1596 unusquisque

980 321 1135 348 doctrinam
1148 321 1278 351 otl‘ereus,
1291 320 1318 347 in
1336 320 1471 355 sapientia
1486 327 1548 347 eum
1561 320 1729 355 gubernans,
1747 325 1773 347 et

981 373 1036 392 non
1053 365 1217 400 insipienter
1242 373 1351 400 regens.
1378 364 1514 392 lnsensati
1532 365 1604 391 enim
1632 365 1731 400 patris,
1745 371 1773 392 et

983 411 1100 443 domini,
1124 415 1153 438 et
1175 411 1297 445 magistri
1328 414 1381 442 est,
1410 409 1578 442 obedientia,
1603 418 1663 445 qua:
1691 411 1724 438 ad
1745 418 1774 437 sc

981 458 1112 494 pertinet,
1124 457 1223 485 docere
1236 457 1332 488 lilium,
1347 457 1389 484 vel
1400 457 1578 492 discipulum,
1594 457 1637 484 vel
1652 465 1772 487 servum,

980 509 1075 532 etnon
1096 504 1244 539 disponere
1258 503 1319 538 ejus
1347 503 1442 535 vitam,
1466 508 1497 530 ut
1526 503 1677 530 secundant
1709 502 1774 538 legis

982 550 1124 578 scientiam
1148 554 1287 585 operetur,
1313 549 1526 584 permittereque
1550 557 1612 577 eum
1634 549 1772 577 iudoctmn

981 604 1043 624 esse
1057 597 1084 623 in
1112 596 1170 632 lege
1185 600 1212 624 et
1225 596 1393 631 imperitum.
1424 596 1512 623 Addat
1531 595 1614 631 igitur
1639 600 1665 622 et
1680 595 1773 630 subje-

982 643 1065 670 ctioni
1083 647 1111 669 et
1123 641 1256 670 do'rtrina:
1280 642 1459 673 intellectum,
1481 641 1539 676 ipse
1558 642 1631 668 enim
1647 642 1721 668 solus
1745 641 1773 668 in

983 688 1111 723 praesenti
1140 687 1231 714 minus
1254 691 1308 717 est.
1337 692 1449 722 propter
1479 687 1551 722 quod
1576 687 1666 714 dixit:
1691 688 1773 714 Addet

983 735 1103 770 quintam
1114 739 1215 769 partem
1224 734 1311 768 pretii.

1018 780 1087 814 Quia
1104 781 1222 815 pretium
1245 780 1328 807 habet
1350 779 1518 810 obedientia,
1543 780 1616 807 umle
1639 787 1693 806 non
1719 780 1773 806 ait:

984 827 1138 856 :Estimabit
1163 836 1223 854 eum
1251 827 1383 859 sacerdos,
1412 827 1484 854 sicut
1508 835 1589 861 supra
1615 827 1694 859 dixit,
1726 827 1772 854 sed

984 874 1058 900 sicut
1071 874 1136 900 olim
1148 874 1268 908 pretium
1287 873 1446 906 habentem,
1463 878 1491 900 et
1508 874 1554 908 qui
1586 873 1772 900 deﬁnitionem

984 920 1127 952 doctrinae,
1141 920 1391 955 subiectionemque
1406 919 1519 946 sortitus
1534 923 1585 947 est.
1600 919 1775 953 jussitsuper

984 974 1046 994 eum
1073 966 1135 994 addi
1162 967 1284 1000 quintam
1304 964 1423 1000 partem,
1440 971 1470 992 ut
1493 966 1556 1000 quia
1578 965 1772 996 obedientiam,

982 1019 1063 1046 quam
1081 1011 1158 1038 valde
1172 1011 1213 1038 lex
1226 1010 1359 1045 praecipit.
1374 1010 1505 1044 possidet,
1524 1011 1675 1037 secundum
1692 1009 1772 1036 LXX.

984 1057 1069 1085 Filius
1086 1057 1194 1092 sapiens
1209 1057 1336 1085 subditus
1350 1061 1393 1084 est
1413 1057 1494 1091 patri,
1508 1057 1631 1091 quintam
1645 1055 1774 1090 adjicitct

984 1104 1214 1138 quemadmodum
1228 1103 1357 1136 diximus,
1376 1103 1540 1131 obedientize
1566 1102 1642 1130 addit
1662 1109 1773 1129 sensum

983 1158 1014 1177 ex
1026 1157 1080 1184 quo
1093 1150 1253 1178 obediturus
1267 1155 1320 1182 est,
1338 1153 1366 1177 et
1381 1153 1453 1177 recte
1465 1149 1633 1184 redemptus,
1650 1148 1774 1175 invenie—

984 1201 1029 1223 tur
1041 1197 1171 1223 mundus.
1189 1195 1277 1228 Tunc,
1299 1195 1450 1222 secundum
1470 1195 1550 1226 LXX,
1566 1195 1619 1222 erit
1636 1194 1705 1228 ejus,
1727 1194 1774 1228 qui

984 1241 1108 1277 possidet
1121 1249 1242 1274 servum,
1261 1246 1307 1269 aut
1319 1242 1415 1272 ﬁlium,
1431 1246 1479 1268 aut
1492 1241 1666 1276 discipulum,
1689 1241 1775 1267 habe-

984 1288 1024 1315 bit
1038 1287 1110 1315 enim
1124 1288 1150 1314 in
1164 1295 1197 1315 eo
1210 1288 1325 1323 gloriam
1336 1288 1406 1314 sicut
1422 1287 1521 1314 Paulus
1537 1287 1620 1314 dixit:
1633 1286 1704 1319 Quia
1715 1286 1773 1322 glo-

984 1335 1026 1360 ria
1044 1339 1134 1360 nostra
1159 1342 1202 1360 vos
1216 1334 1277 1360 estis
1301 1334 1328 1360 in
1350 1334 1453 1361 Christo
1479 1333 1585 1361 Jesu“.
1601 1333 1634 1360 Et
1663 1340 1773 1359 rursus:

985 1378 1093 1405 Gaudeo
1103 1378 1184 1413 igitur
1196 1378 1312 1404 iurabis.
1332 1378 1365 1405 Et
1391 1386 1500 1405 rursus:
1518 1377 1597 1404 Nunc
1625 1377 1695 1404 enim
1709 1377 1775 1403 uiui-

986 1433 1054 1456 mus,
1072 1425 1094 1451 si
1106 1432 1150 1451 vos
1163 1425 1239 1451 statis
1251 1424 1279 1450 in
1297 1424 1449 1451 Domino”.
1464 1423 1493 1451 Si
1515 1428 1606 1451 autem
1625 1431 1680 1450 non
1695 1423 1774 1449 rede-

986 1470 1078 1502 merit,
1113 1471 1160 1505 qui
1191 1470 1287 1502 ﬁlium,
1304 1475 1351 1498 aut
1383 1478 1504 1502 servum,
1530 1474 1577 1497 aut
1609 1469 1773 1504 discipulum

985 1515 1127 1550 possidet:
1156 1515 1242 1550 ipsius
1258 1516 1332 1542 enim
1347 1523 1410 1542 eum
1441 1515 1577 1542 redimere
1602 1519 1646 1542 est
1673 1518 1708 1541 et,
1725 1521 1779 1549 per

986 1563 1149 1602 prudentem
1160 1562 1375 1590 admonitionem
1389 1567 1529 1590 sensatum
1544 1562 1662 1592 ellicere,
1675 1569 1774 1588 secun-

142 1603 242 1630 horum
257 1603 367 1637 dicitur,
381 1604 440 1632 sive
453 1612 504 1639 per
529 1605 629 1632 bonam
648 1606 850 1642 simplicitatem
875 1608 933 1642 pla-
947 1605 969 1633 C
986 1609 1050 1637 dum
1073 1609 1196 1640 modum.
1217 1609 1263 1644 qui
1288 1609 1377 1636 dictus
1397 1614 1448 1642 est,
1476 1609 1612 1636 alienatur
1631 1609 1665 1636 ab
1692 1607 1775 1642 hujus

142 1657 209 1677 cens
224 1655 267 1677 est
279 1649 344 1682 Deo,
361 1650 419 1678 sive
437 1658 486 1686 per
496 1651 646 1679 studiosam
659 1652 849 1680 mandatorum
867 1661 932 1688 ope-

142 1696 288 1730 rationem,
305 1701 333 1724 et
345 1697 391 1731 qui
407 1697 505 1724 debeat
522 1697 571 1725 bos
585 1702 697 1733 propter
711 1699 773 1732 hoc,
789 1704 837 1727 aut
863 1701 932 1732 mis,

143 1742 294 1775 nominari,
309 1742 412 1770 domini
425 1747 541 1778 uterque
555 1748 607 1770 est.
627 1743 732 1772 Audisti
743 1745 816 1771 enim
836 1753 933 1780 quem-

143 1788 291 1816 admodum
319 1789 353 1816 ad
388 1788 530 1816 dominum
564 1789 683 1824 pertinet
715 1791 934 1826 uniuscujusque

143 1834 312 1866 obedientia,
338 1839 366 1862 et
380 1835 525 1869 subjectio,
539 1837 650 1870 quando
671 1837 785 1872 subjecti
811 1837 935 1872 patribus

145 1881 188 1908 vel
203 1881 322 1909 dominis
349 1882 392 1909 vel
407 1882 554 1917 magistris.
582 1883 664 1910 etiam
695 1883 934 1910 conversationem

145 1925 248 1953 habent
258 1925 368 1957 bonam,
390 1934 505 1960 quaacos
518 1927 589 1954 inter
604 1927 705 1954 munda
721 1927 848 1954 animalia
872 1927 936 1955 facit

144 1976 226 1999 esse,
252 1974 353 1996 etnon
380 1969 414 1996 de
437 1970 599 2002 immundis.
621 1971 656 1998 de
683 1971 782 2006 quibus
809 1972 933 2000 subdidit

144 2015 297 2049 sequentia.

180 2059 261 2088 Vens.
272 2061 319 2088 27.
342 2071 351 2088 ι
370 2062 448 2095 Quod
463 2062 486 2090 si
498 2062 670 2090 immundum
682 2067 724 2090 est
737 2063 847 2093 animal.
865 2064 936 2090 redi-

144 2112 201 2134 met
210 2107 256 2142 qui
269 2108 399 2135 obtulerit
409 2109 487 2143 juxta
500 2109 709 2136 aestimationem
721 2117 809 2142 suam,
823 2111 937 2137 etaddct

144 2153 269 2187 quintam
286 2159 390 2188 partem
407 2155 499 2190 pretii.
513 2154 542 2182 Si
558 2155 693 2183 redimere
721 2155 852 2188 noluerit,
868 2163 936 2184 ven-

145 2199 227 2226 detur
241 2200 330 2226 alteri.
352 2209 361 2225 ι

181 2245 249 2277 Quia
268 2245 426 2274 immundus
439 2247 529 2274 omnis
543 2252 670 2281 peccator
686 2253 738 2280 est,
759 2248 934 2276 manifestum

145 2295 203 2318 est:
215 2292 375 2320 immundus
383 2294 456 2320 enim
465 2297 518 2326 est,
532 2293 619 2329 inquit
630 2294 770 2328 Salomon,
783 2300 847 2322 ante
866 2304 934 2323 con-

148 2342 273 2372 spectum
288 2339 406 2371 Domini,
423 2339 513 2367 omnis
530 2340 652 2375 iniquus.
669 2340 782 2375 Iniquus
795 2341 867 2368 enim
883 2346 935 2373 est,

147 2384 211 2418 quia
221 2389 277 2411 tam
289 2385 428 2418 meditari,
440 2377 521 2421 quam
534 2387 694 2415 discernere
706 2388 792 2423 legem
802 2396 876 2419 eum,
891 2389 936 2423 qui

147 2429 277 2462 ruminat,
287 2434 315 2457 et
329 2431 456 2466 ungulam
473 2432 561 2465 ﬁndit,
571 2432 804 2468 legislatorjussit,
818 2434 935 2468 quicun-

147 2483 199 2510 que
226 2484 311 2503 unum
324 2484 358 2504 ex
378 2477 420 2504 his
445 2478 537 2506 minus
565 2478 657 2506 habet.
688 2479 850 2514 Quicunque
870 2487 935 2515 ergo

147 2521 279 2549 obediens
292 2527 345 2555 est,
373 2528 401 2550 et
415 2523 594 2551 vehementer
621 2524 746 2551 subditus
774 2525 855 2559 patri.
888 2529 937 2551 aut

150 2565 274 2597 domino,
302 2572 349 2594 aut
378 2567 519 2603 magistro,
543 2573 705 2596 nontamen
729 2569 833 2604 legem,
866 2569 938 2596 sicut

146 2615 265 2644 oportet,
276 2612 402 2639 meditari
413 2617 460 2640 aut
468 2613 635 2649 distinguere
645 2614 728 2647 novit,
740 2614 938 2650 primogenitus

147 2655 258 2690 quidem
275 2657 301 2683 in
319 2659 465 2692 pecoribus
478 2664 531 2692 est,
548 2660 619 2687 sicut
633 2660 795 2688 obedientia:
809 2661 874 2688 dux.
890 2660 939 2687 Est

147 2707 239 2729 autem
257 2703 426 2736 immundus,
448 2705 512 2740 quia
527 2713 580 2733 non
595 2707 676 2733 habet
688 2706 740 2734 hoc
752 2707 823 2742 quod
835 2707 937 2735 habere

148 2749 280 2776 mundum
301 2750 439 2786 lcgislator
459 2752 552 2786 jussit.
570 2752 598 2779 Si
613 2761 678 2787 ergo
700 2761 762 2780 eum
782 2758 870 2788 pater,
889 2758 937 2781 aut

148 2793 286 2829 dominus,
314 2802 361 2824 aut
384 2798 512 2832 magister
530 2800 588 2826 vult
612 2800 758 2832 redimere,
785 2801 936 2828 secundum

149 2840 358 2868 aestimationem
385 2842 444 2877 ejus
470 2844 629 2876 redimetur,
652 2849 679 2871 et
705 2844 787 2872 addet
815 2845 936 2879 quintam

203 2933 249 2961 "l
265 2935 329 2962 (lor.
346 2943 382 2966 IV,
403 2935 443 2962 l7.
500 2936 522 2951 "
539 2934 604 2963 lleb.
623 2944 680 2970 xm,
699 2937 744 2963 ΠΤ

797 2936 817 2951 ’⁵
835 2937 854 2963 ll
870 2937 932 2965 Cor.
950 2944 969 2969 l,
988 2937 1027 2964 l2,

985 1655 1170 1691 possessione,
1197 1656 1298 1682 vendet
1321 1655 1405 1687 enim,
1438 1655 1488 1687 ait,
1518 1654 1607 1686 alteri,
1636 1653 1679 1681 vel
1705 1653 1776 1680 sicut

986 1701 1056 1728 LXX
1070 1701 1092 1729 si
1108 1709 1163 1728 non
1182 1701 1349 1733 liberaverit,
1374 1701 1466 1728 veniet
1484 1700 1633 1727 secundum
1655 1699 1775 1734 pretium

984 1746 1055 1781 ejus,
1073 1746 1109 1773 ita
1124 1749 1154 1772 ut
1168 1745 1242 1773 illius
1261 1745 1371 1780 quidem
1395 1746 1431 1773 sit
1446 1745 1569 1780 pretium.
1579 1745 1651 1780 apud
1679 1744 1774 1772 Deum.

985 1791 1098 1819 obedire
1112 1791 1239 1822 domino,
1253 1796 1281 1817 et
1294 1790 1376 1825 patri,
1393 1794 1421 1817 et
1445 1790 1585 1825 magistro.
1605 1789 1656 1822 Qui
1685 1793 1774 1816 autem

985 1845 1060 1869 eum,
1077 1844 1138 1864 cum
1154 1836 1268 1863 deberet
1297 1841 1325 1863 et
1343 1836 1474 1870 potuisset
1489 1835 1638 1866 exhortari,
1662 1842 1717 1861 non
1735 1838 1778 1860 est

986 1884 1160 1913 exhortatus,
1178 1883 1310 1909 damnant
1324 1882 1427 1916 patitur
1442 1882 1502 1917 ejus
1526 1880 1720 1916 possessionis,
1750 1884 1777 1906 ct

987 1936 1041 1955 non
1061 1932 1152 1962 potest
1175 1927 1284 1955 dicere:
1300 1926 1370 1953 Ecce
1390 1933 1440 1961 ego
1455 1931 1482 1952 et
1502 1924 1591 1959 pueri,
1611 1931 1681 1958 quos
1710 1922 1776 1949 mth

986 1964 1061 2002 dedit
1074 1973 1157 2000 Deus.

1025 2020 1105 2048 Vsus.
1119 2020 1165 2053 28,
1180 2019 1226 2046 29.
1244 2029 1253 2044 ι
1267 2019 1354 2046 Omne
1370 2018 1441 2052 quod
1460 2017 1575 2044 Domino
1588 2020 1775 2046 consecratur.

987 2067 1046 2094 sive
1062 2067 1143 2094 homo
1163 2065 1225 2096 erit,
1240 2066 1298 2092 sive
1319 2064 1432 2095 animal,
1451 2063 1508 2090 sive
1525 2070 1600 2097 ager,
1614 2070 1667 2088 nou
1686 2061 1777 2088 venie-

989 2118 1042 2144 tur,
1074 2120 1126 2139 nec
1147 2111 1245 2139 redimi
1279 2111 1391 2146 poterit.
1420 2109 1558 2144 Quidquid
1583 2107 1668 2135 semel
1696 2107 1778 2134 fuerit

988 2162 1191 2188 consecratum,
1208 2161 1333 2184 sanctum
1348 2160 1505 2183 sanctorum
1524 2154 1576 2181 erit
1600 2153 1731 2181 Domino:
1751 2158 1779 2180 et

988 2202 1078 2229 omnis
1093 2201 1265 2229 consecratio
1291 2208 1351 2235 qua:
1367 2200 1483 2226 oﬁ‘ertur
1508 2199 1543 2226 ab
1568 2198 1691 2230 homine,
1722 2205 1776 2224 non

990 2249 1149 2279 redimetur,
1170 2247 1217 2274 sed
1236 2251 1326 2274 morte
1344 2246 1486 2273 morietur.
1503 2255 1512 2271 ι

1025 2294 1090 2328 Quae
1105 2293 1260 2321 differentia
1283 2292 1318 2320 sit
1335 2292 1578 2323 anathematizare,
1605 2295 1633 2318 et
1656 2289 1779 2317 sanctiﬁ-

989 2349 1053 2369 care
1068 2340 1219 2369 secundmu
1234 2339 1363 2370 litteram,
1381 2346 1430 2373 per
1444 2345 1475 2364 ea
1489 2345 1548 2371 qum
1571 2337 1700 2370 superius
1722 2336 1779 2362 dis-

989 2395 1070 2414 cussa
1103 2390 1178 2418 sunt,
1194 2385 1381 2413 ostendimus:
1397 2383 1442 2410 ubi
1472 2385 1523 2410 hoc
1534 2385 1606 2417 quod
1620 2382 1780 2409 anathema-

991 2434 1102 2460 tizatum
1116 2437 1168 2464 est,
1188 2431 1263 2458 nullo
1274 2430 1355 2458 modo
1363 2430 1390 2457 in
1404 2437 1482 2456 usum
1493 2427 1778 2460 humanum,nullius,

990 2486 1041 2506 nec
1057 2475 1208 2505 sacerdotis
1226 2475 1267 2502 fas
1280 2482 1342 2502 esse
1357 2474 1458 2501 reverti
1482 2473 1612 2504 diximus,
1629 2472 1779 2499 secumle

991 2523 1223 2552 Amalechitarum
1251 2521 1404 2552 historiam,
1419 2529 1499 2555 quam
1532 2520 1558 2546 in
1593 2519 1779 2546 testimonium

991 2570 1029 2596 rei
1045 2567 1224 2604 protulimus:
1242 2567 1270 2593 in
1283 2570 1388 2593 tantum
1402 2566 1542 2593 enimnon
1557 2565 1656 2592 licebat
1670 2568 1781 2599 tangere

989 2614 1063 2649 quod
1077 2611 1370 2643 anathematizabatur,
1390 2615 1420 2637 ut
1442 2610 1551 2645 quando
1574 2609 1686 2637 Jericho
1713 2617 1781 2636 ana-

994 2660 1253 2688 thematizavcrunt.
1281 2657 1344 2692 quia
1373 2656 1482 2691 quidam
1502 2663 1536 2684 ex
1559 2656 1671 2691 populo,
1696 2655 1723 2683 id
1739 2659 1782 2682 est

993 2707 1086 2733 Aehan
1107 2705 1179 2732 ﬁlius
1203 2702 1326 2733 Charini,
1350 2702 1384 2729 de
1401 2702 1577 2729 anathemate
1595 2701 1702 2728 furatus
1727 2703 1780 2732 est,

993 2751 1070 2780 multi
1084 2751 1118 2778 de
1137 2750 1179 2777 eis
1195 2749 1221 2776 in
1251 2748 1322 2775 bello
1337 2747 1498 2778 occiderint.
1530 2747 1669 2781 iratusque
1697 2747 1781 2778 Deus,

992 2798 1049 2825 hate
1062 2796 1146 2824 dixit:
1169 2794 1230 2822 Non
1246 2802 1289 2820 cro
1307 2793 1378 2820 ultra
1397 2793 1527 2820 vobiscum
1547 2793 1628 2820 donec
1642 2791 1782 2818 conterritis

993 2852 1061 2876 eum,
1076 2842 1121 2876 qui
1139 2841 1217 2875 Imjus
1237 2839 1341 2867 sceleris
1352 2847 1411 2865 reus
1429 2839 1505 2865 est”.
1526 2838 1563 2865 Ex
1578 2839 1693 2873 utraque
1718 2844 1782 2872 ergo

1084 2938 1107 2953 "
1124 2938 1132 2965 ι
1152 2937 1247 2965 Thess.
1266 2945 1306 2966 ιιι.
1326 2938 1352 2964 S.
1397 2935 1516 2962 “Josuc
1532 2941 1578 2962 vn.
1602 2932 1645 2960 l2.
