2056 3148
267 213 334 246 H75

861 219 1043 250 HESYCHLI-
1062 221 1300 253 PRESBYTERI

1828 223 1839 256 1
1849 225 1902 257 176

264 274 390 303 historia.
406 274 544 307 quomodo
560 275 649 302 omnis
669 284 734 303 usus
755 280 782 303 et
802 278 943 311 possessio
958 279 1053 313 prohi-
1067 283 1088 311 Α
1140 281 1173 307 Et
1188 282 1273 308 omnis
1291 283 1451 308 caiisa-ratio
1467 290 1525 317 qua:
1548 283 1655 317 offertur
1667 283 1700 310 ab
1710 283 1824 313 homine.
1845 287 1905 310 nou‘

263 321 343 347 betur
355 319 551 350 auathematis,
566 321 784 348 demonstratum
810 328 862 350 est.
886 324 946 350 Non
964 325 1052 351 solum

262 371 353 391 autem
370 365 434 396 hoc,
451 365 498 392 sed
515 366 579 400 quia
594 373 765 401 quacumque
783 368 846 402 jure
866 369 963 396 bellico
975 371 1053 398 valde

263 411 399 443 inimicis,
430 420 493 439 cum
519 412 620 447 quibus
643 420 697 439 non
728 414 872 448 oportebat
904 408 1052 443 amicitiam

259 458 385 493 jungere,
401 458 486 492 spolia
504 459 650 486 sumebant
669 463 731 494 post
748 459 899 493 victoriam,
913 466 940 488 et
957 461 1054 497 depre.

261 503 396 531 cationem
411 504 469 531 hate
480 504 617 532 faciebant
631 505 778 532 anathema
803 510 830 533 et
844 514 899 534 non
918 514 933 533 a
952 512 1054 534 semet—

263 549 347 584 ipsis,
377 550 426 577 sed
456 550 512 578 Deo
541 550 731 586 prmcipiente.
762 551 939 587 Quaecunque
977 554 1052 580 enim

265 596 406 630 prophetae
431 597 607 631 praecipiunt,
637 597 815 627 manifestum
834 603 886 631 est,
911 599 975 633 quia
1004 599 1053 627 Dei

263 647 399 677 praecepta
413 647 487 670 sunt.
505 643 576 678 Ergo
592 647 620 671 et
635 651 686 671 nos
700 639 894 679 quodcunque,
926 645 1054 677 intelligi-

263 688 363 715 bilibus
374 689 504 720 inimicis,
524 689 549 716 id
567 693 609 716 est
621 689 803 723 dzrmonibus,
820 695 1053 725 pugnantes,cnm

262 734 364 768 quibus
389 742 444 762 non
462 735 526 762 licet
556 735 691 763 amicitias
711 736 837 772 jungcrc,
861 742 956 765 contra
984 746 1054 773 quos

263 782 410 812 perpetuas
431 779 600 812 inimicitias,
617 785 644 807 et
656 780 895 808 incommutabiles
908 782 1052 815 habemus,

263 829 375 859 propter
401 833 470 860 quos
497 826 629 854 Dominus
655 826 773 854 dicebat.
795 828 855 854 Non
878 828 936 855 veni
962 836 1054 863 pacem

263 871 367 907 mittere
392 871 421 898 in
436 876 547 904 terram,
575 876 622 899 sed
645 873 811 908 gladium":
844 878 956 909 propter
981 875 1053 910 quod

262 919 364 946 dividet
378 918 518 947 hominem
537 920 671 947 adversus
687 925 803 955 patrem,
817 924 846 948 et
863 920 946 948 ﬁliam
958 921 1054 948 adver-

263 972 310 991 sus
324 970 452 997 matrem,
472 971 500 992 ct
516 965 624 993 scindet
639 965 857 1000 compassionem
884 966 1003 1000 generis,
1028 971 1055 993 et

262 1011 389 1038 deorsum
400 1011 587 1046 relinquentes
593 1012 691 1040 ‘carnis
707 1012 938 1047 compassionem,
948 1011 1055 1040 facilius

263 1058 442 1092 incorporcos
462 1058 632 1092 perimamus
657 1058 802 1085 inimicos:
817 1058 875 1085 sive
904 1059 1054 1091 hominem,

262 1104 320 1131 sive
338 1112 435 1139 pecus.
456 1104 516 1131 sive
532 1112 628 1139 agrum
647 1113 696 1139 pro
710 1105 808 1139 spolio,
837 1112 871 1132 ex
888 1105 960 1132 bello
982 1105 1056 1140 quod

263 1155 357 1177 contra
375 1157 423 1177 eos
441 1150 588 1181 habemus,
613 1154 695 1184 atque
712 1150 857 1176 victoriam
883 1150 1056 1184 conquisive-

263 1197 358 1228 rimus,
376 1204 541 1224 consecrare
554 1196 667 1231 quidem
683 1196 739 1223 Deo
756 1196 815 1223 hinc
832 1196 977 1223 debenms.
1010 1196 1056 1224 Sic

263 1247 353 1269 autem
369 1250 543 1272 consecrare.
562 1237 592 1269 ut
602 1241 672 1268 nihil
685 1243 712 1268 in
730 1242 770 1269 eis
787 1242 935 1269 habeamus
955 1247 1056 1269 nostra:

262 1288 422 1320 voluntatis,
440 1288 487 1315 sed
515 1289 572 1315 sive
588 1296 644 1315 smn
667 1287 812 1322 potestatis
836 1287 973 1323 quispiam
1002 1292 1055 1319 est,

263 1332 317 1360 hoc
332 1332 406 1360 enim
420 1337 464 1359 est
475 1339 541 1359 vere
558 1332 651 1364 homo,
667 1332 786 1359 dicimus
803 1336 894 1359 autem
920 1339 993 1364 eum,
1010 1332 1057 1366 qui

264 1374 420 1406 nullatenus
437 1377 516 1405 nobis
536 1377 679 1412 subjectus
696 1381 748 1409 est,
774 1376 823 1404 sed
839 1376 953 1410 aequalis
976 1376 1057 1404 nobis

263 1427 306 1450 est
322 1422 473 1451 secundum
489 1421 738 1454 conversationem,
752 1422 810 1460 sive
825 1428 888 1448 eum
903 1422 949 1456 qui
977 1422 1058 1449 nobis

264 1469 407 1504 subjectus
440 1474 500 1502 est,
529 1473 558 1496 et
587 1473 735 1503 propterea
769 1475 854 1503 pecus
882 1468 1055 1500 nominatur,

263 1515 451 1550 intelligibiles
466 1515 561 1542 hostes
576 1515 718 1542 vincentes
741 1514 982 1549 acquisiverimus,
998 1514 1057 1541 sive

263 1562 298 1589 de
315 1569 381 1596 agro
394 1562 589 1596 possessionis,
619 1561 645 1588 id
661 1566 713 1592 est,
731 1568 764 1587 ex
785 1568 837 1594 qua
856 1559 945 1586 sortiti
962 1566 1056 1586 sumus

264 1608 512 1639 conversationem,
536 1608 564 1634 in
588 1607 683 1642 spoliis
704 1611 732 1633 et
749 1605 879 1640 trophaeis
905 1605 1056 1639 sumpseri-

265 1660 338 1684 mus,
353 1657 450 1679 contra
466 1651 789 1686 inimicosintelligibiles
809 1655 973 1686 pugnantes,
1007 1658 1059 1678 nec

266 1698 430 1725 venundare
463 1698 521 1724 lucc
551 1705 717 1732 possumus,
751 1705 804 1724 nec
832 1697 968 1725 redimere
990 1704 1059 1732 opus

266 1743 412 1775 habemus,
428 1744 492 1778 quia
510 1751 592 1771 omne
609 1747 811 1774 consecratum,
833 1747 960 1770 sanctum
980 1751 1060 1770 sant-.-

267 1796 356 1818 torum
371 1794 413 1817 est
443 1790 572 1817 Domino.
594 1789 756 1822 Quomodo?
784 1789 858 1817 audi.
881 1789 940 1816 Non
968 1793 1061 1824 potest

266 1835 363 1870 aliquis
376 1831 529 1870 exspoliare
542 1835 694 1867 inimicum,
704 1839 849 1868 antequam
862 1841 924 1861 eum
940 1834 1060 1868 perfecte

267 1879 404 1915 subjiciat,
431 1880 503 1907 sicut
529 1879 661 1907 Dominus
682 1879 784 1907 Judaeis
812 1879 894 1906 dixit:
925 1879 1060 1911 Quomodo

267 1931 352 1961 potest
364 1927 462 1963 aliquis
480 1927 584 1962 ingredi
598 1927 626 1953 in
643 1927 748 1953 (tantum
765 1926 853 1961 fortis,
869 1931 893 1953 et
911 1935 975 1953 vasa
1003 1927 1059 1961 ejus

267 1971 393 2006 diripere,
410 1962 434 1998 si
448 1979 499 1998 non
514 1971 588 2005 prius
605 1970 754 2006 alligaverit
767 1971 871 2002 (ortam,
883 1975 908 1997 et
920 1976 981 1997 tunc
995 1962 1060 1997 eum

267 2018 325 2052 ejus
344 2017 508 2052 diripiantur
516 2017 559 2043 ιη
573 2016 650 2044 Tunc
665 2021 755 2044 autem
773 2017 852 2052 plene
863 2016 1059 2051 intelligibilem

268 2063 375 2090 hostem
387 2063 543 2096 subdimus,
559 2063 587 2091 id
603 2068 645 2090 est
660 2062 809 2094 diabolum,
823 2062 962 2097 ligareque
984 2069 1058 2093 eum,

269 2114 298 2136 et
309 2108 472 2143 depraedari,
490 2113 517 2136 et
529 2115 695 2136 consecrare
713 2108 769 2135 Deo
785 2108 872 2142 spolia
891 2107 951 2142 ejus
960 2114 1059 2142 possu-

270 2161 347 2185 mus,
375 2155 487 2189 quando
519 2155 579 2189 ejus
602 2162 700 2181 omnes
723 2153 872 2180 vicerimus
897 2152 1059 2189 machinas,

269 2205 351 2226 omne
379 2199 593 2226 contriverimus
622 2204 715 2233 caput,
744 2205 911 2232 omnemque
939 2187 1059 2232 speciem

269 2247 375 2282 peccati
407 2247 645 2277 declinaverimus,
684 2250 783 2273 cuncta
808 2245 904 2272 mundi
924 2244 1060 2272 desideria

269 2292 428 2325 vicerimus,
444 2298 613 2328 cunctasque
636 2293 753 2320 virtutes
769 2291 888 2319 assecuti
907 2291 1060 2318 fuerimus:
1077 2289 1101 2318 D

270 2347 336 2367 tunc
355 2339 429 2367 enim
456 2347 517 2367 eum
535 2345 563 2367 et
585 2339 699 2374 ligatum
729 2338 872 2367 habemus,
897 2342 924 2364 ct
947 2336 1062 2371 praadari

269 2394 428 2422 possumus.
442 2386 488 2413 Sic
502 2391 594 2413 autem
613 2384 784 2419 diripientes,
797 2389 825 2411 ct
844 2392 906 2411 eum
934 2383 1063 2418 prardicta

272 2433 388 2460 victoria
413 2433 608 2464 devincentes,
641 2430 826 2465 quodcunque
854 2429 1063 2464 diripuerimus,

247 2491 254 2516 ε
275 2477 332 2504 Deo
347 2482 423 2504 recte
441 2477 596 2504 offerimus.
622 2477 753 2502 Sanctum
782 2478 873 2502 autent
904 2479 1062 2501 sanctorum

245 2520 249 2527 ”
272 2523 425 2558 perfectum
441 2528 716 2557 consummatumque
732 2521 874 2553 habemus,
905 2528 956 2547 nec
971 2524 1062 2547 nostra

274 2567 466 2595 exhortatione
480 2574 533 2594 nec
546 2567 660 2594 aliorqu
673 2573 767 2601 egens,
790 2565 863 2600 quod
878 2571 929 2591 nec
957 2563 1064 2591 addita-

275 2616 398 2640 mentum
413 2612 533 2647 aliquod,
551 2619 602 2640 nec
617 2611 768 2647 perfectum
783 2619 852 2646 opus
876 2611 968 2638 habet.
991 2609 1066 2643 Quo-

275 2650 378 2687 modo?
390 2658 469 2692 Quod
487 2666 569 2686 omne
587 2662 730 2693 peccatum
751 2658 850 2691 evasit,
876 2665 987 2684 omnetn
1008 2657 1066 2683 vir-

275 2709 361 2732 tutem
371 2709 514 2740 operatum
522 2708 575 2737 est,
591 2709 619 2732 et
635 2704 783 2732 alienatum
799 2708 842 2731 est
858 2704 970 2736 mundo,
982 2711 1063 2731 mun-

274 2752 366 2787 doque
379 2751 549 2781 crucifixum.
574 2751 660 2779 Nimis
678 2759 744 2787 ergo
770 2756 973 2786 consequenter
989 2750 1064 2777 addi-

274 2797 332 2825 dit:

328 2915 350 2929 ⁸⁷
365 2914 459 2942 Matth.
476 2921 503 2941 ἰ.
520 2913 563 2939 5L
621 2913 643 2927 ⁵⁸
659 2912 752 2939 Matth.
766 2920 813 2942 xu,
828 2913 872 2939 29.

275 2949 386 2984 “1,17.
443 2950 466 2963 ’³³
482 2948 552 2975 l‘sal.
570 2956 604 2979 LI,
626 2948 664 2974 lt).
723 2950 743 2961 ”'
759 2946 828 2974 Psal.
846 2955 864 2980 ι,
878 2947 902 2974 5.

930 2913 951 2927 δε·
969 2911 1025 2939 Gal.
1041 2919 1069 2943 ll,
1082 2910 1126 2938 ‘20.

1105 325 1258 356 redimetur,
1278 326 1323 351 sed
1349 327 1482 354 morietur.
1499 327 1557 359 Qua
1578 326 1686 353 morte?
1712 326 1771 359 Qua
1798 326 1898 354 Paulus

1105 369 1228 397 dicebat:
1252 370 1313 397 Vivo
1324 376 1412 398 autent
1425 372 1483 406 jam
1496 379 1548 398 non
1566 378 1623 407 ego,
1644 372 1705 398 vivit
1718 376 1806 398 autem
1816 372 1845 398 in
1856 380 1899 398 me

1106 416 1226 443 Christus
1236 417 1270 444 ‘9.
1291 418 1323 444 Et
1333 424 1443 445 rursus:
1454 418 1498 445 Sic
1510 423 1534 445 et
1554 426 1598 445 vos
1615 419 1747 445 wstimate
1769 427 1813 444 vos
1826 426 1897 444 mor-

1106 466 1163 488 tuos
1178 462 1282 494 quidem
1298 467 1416 496 peccato,
1429 463 1544 490 viventes
1557 468 1646 490 autem
1663 463 1728 494 Deo,
1753 464 1780 489 in
1792 462 1897 490 Christo

1103 506 1205 534 Iesu“.
1236 507 1309 536 Talis
1338 516 1414 544 ergo,
1445 507 1517 536 sicut
1541 509 1587 543 qui
1615 516 1702 544 usque
1728 510 1763 536 ad
1788 510 1897 537 culmen

1105 552 1215 580 virtutis
1227 553 1344 587 proficit,
1358 558 1386 580 et
1400 561 1544 581 mensuras
1563 555 1676 590 contigit
1700 555 1895 589 perfectionis:

1104 604 1229 626 mortuus
1243 599 1316 626 enim
1337 599 1437 626 sxculo
1448 604 1499 632 est,
1516 604 1544 626 et
1560 607 1574 626 a
1591 601 1773 634 praesentibus
1788 601 1898 627 alienus

1105 648 1132 671 et
1148 644 1214 670 olim
1227 652 1241 671 a
1255 645 1349 671 mundi
1363 644 1490 680 migravit
1504 645 1639 679 sapientia
1653 654 1659 672 :
1682 651 1756 673 recte
1785 651 1899 673 sanctus

1105 695 1263 717 sanctorum
1279 690 1395 717 Domino
1416 695 1474 718 est:
1490 691 1553 725 quia
1580 691 1711 718 Sanctum
1738 696 1897 718 sanctorum

1105 737 1226 764 imitatus
1241 741 1283 763 est
1299 736 1450 764 secundum
1467 736 1676 771 possibilitatem
1693 744 1781 764 suam.

1141 783 1221 811 Vsus.
1237 783 1332 811 50-55.
1348 793 1357 809 ε
1372 783 1474 810 Omnes
1485 783 1599 811 decima:
1611 788 1701 815 teme,
1720 784 1777 811 sive
1789 784 1822 811 de
1838 783 1898 810 fro—

1104 829 1194 864 gibus,
1215 829 1274 857 sive
1285 829 1320 856 de
1341 829 1432 863 pomis
1448 829 1589 862 arborum,
1605 828 1796 861 Dominisunt,
1818 833 1845 856 et
1860 829 1898 856 illi

1105 876 1321 903 sanctiﬁcantur.
1347 875 1376 902 Si
1402 875 1465 909 quis
1497 880 1589 902 autem
1617 875 1736 902 voluerit
1762 875 1898 902 redimere

1106 922 1227 949 decimas
1235 928 1309 953 suas,
1317 921 1527 955 addetquintam
1539 925 1644 955 partem
1655 927 1760 947 earum.
1768 919 1899 947 Omnium

1108 968 1287 999 decimarum,
1309 968 1394 994 boves
1406 970 1434 994 et
1449 973 1515 994 oves
1528 973 1619 1001 caprte
1631 973 1691 1000 qua:
1708 965 1759 992 sub
1783 965 1901 1000 pastoris

1109 1015 1182 1050 virga
1200 1018 1352 1046 transeunt,
1370 1013 1502 1048 quidquid
1526 1013 1662 1040 decimqu
1692 1011 1809 1044 venerit,
1835 1019 1900 1038 san-

1107 1059 1273 1088 etiflcabitur
1291 1059 1418 1087 Domino.
1433 1058 1494 1085 Non
1505 1058 1622 1092 eligetur
1648 1064 1700 1084 nec
1722 1056 1823 1083 bonum
1848 1062 1901 1082 nec

1108 1106 1221 1138 malum,
1237 1113 1289 1132 nee
1301 1105 1388 1132 altero
1400 1104 1623 1132 commutabitur.
1650 1102 1679 1129 Si
1698 1102 1761 1136 quis
1776 1104 1898 1128 mutave.

1107 1153 1153 1184 rit,
1166 1156 1194 1179 et
1208 1151 1281 1186 quod
1296 1155 1430 1181 mutatum
1448 1154 1501 1181 est,
1522 1153 1551 1176 et
1564 1156 1614 1183 pro
1625 1156 1680 1183 quo
1695 1151 1829 1174 mutatum
1845 1150 1899 1179 est,

1107 1199 1323 1227 sanctificabitur
1335 1197 1460 1229 Domino,
1471 1201 1500 1224 et
1516 1203 1570 1223 non
1590 1195 1754 1222 redimetur.
1777 1203 1785 1219 ι

1142 1246 1249 1279 ρυίθτίε
1265 1245 1389 1276 forsitan,
1403 1244 1483 1278 cujus
1499 1243 1539 1269 rei
1556 1242 1641 1277 gratia
1659 1240 1798 1267 fructuum
1819 1243 1900 1266 terra:

1108 1292 1205 1321 redimi
1221 1291 1356 1319 decimam
1376 1289 1510 1325 prtecipit.
1526 1289 1609 1316 boum
1640 1292 1730 1314 autem
1756 1292 1783 1313 et
1805 1286 1899 1312 ovium

1108 1344 1163 1364 non
1181 1335 1325 1370 prmcipit?
1340 1333 1414 1368 quod
1429 1333 1541 1361 Judmus
1550 1332 1642 1359 dicere
1652 1338 1707 1358 non
1722 1334 1820 1365 potest,
1835 1329 1899 1363 quia

1108 1381 1157 1409 soli
1172 1380 1256 1408 servit
1268 1380 1375 1412 litterae,
1387 1379 1412 1405 in
1424 1385 1477 1413 qua
1490 1377 1608 1404 maxime
1622 1377 1706 1403 multa
1721 1374 1900 1410 qua-stionem

1108 1425 1268 1461 recipientia
1283 1424 1420 1459 iegislator
1435 1421 1595 1457 interponit,
1606 1425 1636 1447 ut
1649 1418 1785 1455 angustati
1797 1420 1830 1444 ad
1842 1418 1900 1450 spi-

1108 1474 1189 1500 ritum
1204 1476 1326 1503 currant,
1343 1474 1372 1497 et
1383 1469 1473 1497 sciant
1492 1469 1556 1503 quia
1571 1467 1663 1494 littera
1679 1471 1744 1493 tttuc
1757 1469 1799 1492 est
1817 1464 1898 1495 bona.

1108 1518 1218 1553 quando
1228 1516 1273 1544 illa
1285 1523 1333 1542 usa
1347 1514 1430 1542 fuerit
1441 1514 1517 1541 velut
1530 1513 1723 1541 instrumento,
1736 1514 1763 1536 et
1775 1508 1898 1535 ministra

1110 1564 1232 1600 spiritus.
1252 1562 1441 1590 Ditl‘erentiam
1461 1567 1526 1594 ergo
1552 1554 1830 1592 discipulorumlcgis
1855 1553 1901 1580 hic

1072 1620 1092 1648 ο
1111 1609 1246 1645 proponit,
1264 1614 1290 1635 et
1302 1606 1532 1642 quemadmodum
1553 1605 1583 1632 in
1608 1600 1805 1648 primogenitis»
1818 1607 1900 1626 mun-

1109 1656 1161 1688 dis,
1176 1659 1205 1682 ct
1219 1653 1378 1685 immundis,
1395 1651 1507 1687 quidatn
1521 1658 1584 1678 cum
1596 1648 1750 1677 obedientia
1759 1651 1787 1674 et
1799 1646 1902 1673 bonam

1110 1701 1176 1735 legis
1204 1699 1410 1726 meditationem
1440 1702 1469 1724 et
1488 1695 1631 1723 scientiam
1662 1692 1905 1727 conquisiverunt,

1110 1747 1220 1783 quidam
1235 1750 1326 1772 autem
1342 1748 1407 1771 sunt
1420 1743 1465 1778 qui
1481 1742 1567 1769 Solam
1583 1739 1766 1768 obedientiam
1782 1738 1900 1764 habent:

1110 1793 1148 1820 sic
1163 1797 1190 1819 et
1207 1792 1251 1818 hic
1266 1790 1376 1826 quidam
1404 1794 1551 1824 operantes
1575 1786 1713 1818 mandata,
1739 1783 1903 1818 sapientiam

1112 1844 1248 1867 terrenam
1263 1838 1376 1869 habent,
1390 1841 1417 1863 et
1430 1839 1575 1871 propterea
1596 1831 1784 1866 redemptione
1803 1836 1902 1856 ncces—

1111 1886 1181 1913 saria
1197 1889 1291 1920 egent,
1316 1883 1426 1918 quidam
1445 1889 1498 1908 nec
1519 1880 1616 1907 redimi
1629 1885 1699 1913 opus
1726 1877 1837 1906 habent,
1854 1873 1902 1901 sed

1112 1939 1161 1958 nec
1169 1930 1266 1958 mutari
1277 1929 1389 1960 debent,
1402 1927 1473 1954 sicut
1488 1925 1599 1960 perfecti
1617 1930 1724 1957 semper
1733 1925 1760 1948 et
1774 1927 1903 1948 consum—

1111 1977 1187 2004 mati.
1220 1976 1324 2010 Fruges
1341 1981 1416 2009 ergo,
1447 1973 1473 2000 in
1502 1971 1628 2007 praesenti
1659 1971 1701 1996 lex
1723 1968 1902 1997 messionem,

1110 2030 1172 2058 quae
1187 2027 1229 2049 est
1242 2021 1276 2048 de
1292 2020 1407 2051 semine,
1429 2019 1503 2050 dicit,
1521 2017 1646 2045 similiter
1661 2020 1689 2042 et.
1713 2021 1793 2049 poma
1820 2013 1902 2039 arbo-

1112 2076 1172 2095 rum
1189 2067 1340 2095 secundum
1350 2070 1460 2100 tempus
1475 2071 1568 2091 suum.
1585 2062 1687 2089 Horum
1700 2064 1791 2086 autem
1804 2058 1904 2093 germi-

1111 2115 1154 2141 nis
1178 2113 1285 2140 decima
1311 2119 1375 2146 pars
1404 2111 1459 2138 Deo
1485 2108 1638 2136 secundum
1661 2107 1749 2142 legem
1766 2105 1904 2135 debetur,

1111 2165 1258 2193 utrumque
1268 2162 1358 2184 autem
1372 2157 1425 2183 hoc
1434 2155 1468 2182 ad
1483 2155 1550 2190 legis
1566 2152 1805 2180 fructificationem
1817 2147 1905 2183 accipi

1112 2207 1230 2240 oportet.
1245 2202 1378 2230 Dominus
1399 2201 1509 2235 quidem
1535 2200 1634 2226 bonam
1654 2202 1753 2224 terram
1784 2195 1903 2223 fructum

1113 2250 1275 2278 allerentem
1288 2248 1409 2283 triginta,
1422 2251 1450 2274 et
1457 2245 1607 2281 sexaginta,
1622 2249 1650 2271 et
1663 2247 1785 2273 centum,
1797 2249 1846 2268 eos
1855 2239 1903 2274 qui

1116 2296 1270 2331 suscipiunt
1299 2294 1423 2324 verbum,
1439 2297 1467 2320 et
1486 2292 1591 2319 faciunt
1612 2290 1690 2322 illud,
1715 2289 1741 2315 in
1777 2286 1907 2322 parabola

1123 2342 1258 2369 seminum
1283 2339 1504 2374 evangelicorum
1529 2344 1671 2372 exponens
1686 2334 1795 2362 dixit".
1820 2332 1908 2358 David

1117 2392 1208 2415 autem
1224 2394 1298 2413 nunc
1313 2385 1463 2412 clamabat:
1482 2383 1574 2410 Justus
1598 2386 1626 2408 ut
1644 2380 1735 2416 palma
1764 2377 1906 2412 ﬂoreln't".

1118 2432 1151 2459 Et
1162 2438 1274 2458 rursus:
1287 2429 1341 2464 Ego
1355 2433 1445 2455 autem
1459 2427 1526 2454 sicut
1536 2426 1605 2453 aliud
1625 2425 1762 2460 fructifera
1783 2423 1811 2449 in
1832 2423 1909 2448 domo

1119 2477 1224 2504 Domini
1233 2477 1266 2502 ⁸³.
1282 2474 1360 2502 Nunc
1375 2480 1465 2501 autem
1479 2473 1600 2500 breviter
1616 2469 1908 2504 describensjustum:

1117 2523 1151 2550 Et
1171 2523 1232 2553 crit,
1247 2521 1294 2553 ait,
1318 2521 1385 2548 sicut
1402 2520 1503 2555 lignum
1523 2519 1592 2553 quod
1609 2517 1762 2552 plumatum
1776 2521 1815 2542 est
1838 2522 1911 2541 secus

1117 2569 1241 2595 decursus
1255 2574 1396 2602 aquarum,
1407 2566 1475 2601 quod
1490 2565 1605 2600 fructum
1620 2571 1698 2590 suum
1714 2562 1786 2589 dabit
1801 2562 1831 2587 in
1845 2565 1911 2587 tem-

1118 2612 1276 2648 poresuo“.
1295 2611 1383 2646 Hujus
1398 2618 1463 2646 ergo
1476 2610 1567 2637 omnis
1593 2609 1699 2636 decima
1712 2629 1718 2638 ,
1736 2613 1833 2634 sancta
1856 2610 1909 2633 est.

1119 2659 1220 2685 Sancta
1233 2657 1306 2684 enim
1323 2657 1421 2684 horum
1433 2655 1516 2688 actio,
1529 2659 1556 2681 ct
1564 2654 1687 2681 studium
1709 2657 1761 2683 est,
1773 2651 1839 2686 quia
1854 2650 1911 2684 qui,

1120 2704 1187 2740 legis
1202 2703 1331 2730 mandata
1345 2709 1475 2737 operans,
1495 2709 1572 2736 spem
1589 2700 1615 2727 in
1629 2698 1760 2735 praesenti
1791 2697 1914 2725 retribu-

1120 2750 1204 2777 tionis
1223 2749 1312 2784 ponit,
1334 2752 1443 2775 terrena
1464 2747 1546 2782 sapit,
1574 2746 1671 2781 quales
1690 2748 1771 2771 erant
1802 2741 1915 2778 quidam

1122 2796 1290 2825 Judteorum,
1316 2795 1349 2822 ad
1378 2801 1448 2829 quos
1474 2798 1570 2828 utpote
1598 2797 1677 2819 terra:
1701 2789 1914 2822 inhterentibus,

1186 2911 1206 2925 θο
1226 2910 1305 2937 Rom.
1320 2917 1356 2942 vt,
1377 2909 1418 2935 ll.
1458 2907 1478 2922 “
1495 2907 1588 2934 .‘Iatth.
1609 2912 1667 2938 sin,
1680 2904 1697 2932 8
1710 2911 1769 2946 seq.
1806 2903 1828 2918 "
1841 2901 1915 2929 Psal.
