2056 3148
212 174 280 208 1177

768 178 811 209 ΙΝ
826 177 1048 208 LEVITICUM.
1068 191 1102 197 -
1115 179 1188 209 LIB.
1206 179 1273 210 VII.

1770 176 1837 210 1178

211 232 345 259 Dominus
361 231 471 259 dicebat
483 241 489 259 :
508 231 555 258 Vos
570 231 602 258 de
610 231 734 258 deorum:
748 232 821 264 estis,
839 240 885 266 ego
899 240 1001 259 sursum
1016 233 1040 261 Δ
1054 232 1128 259 naris
1141 232 1215 259 hunc
1228 239 1358 266 respuere
1370 252 1377 263 ,
1393 231 1476 259 alium
1500 236 1591 259 autem
1604 240 1654 267 pro
1666 239 1700 259 eo
1712 233 1837 260 intmdn-

210 277 315 302 sunt“.
340 275 394 302 Sed
415 283 442 302 et
471 275 573 302 Paulus
595 276 629 303 de
656 276 697 303 eis
712 276 790 308 dixit,
816 276 865 310 qui
890 281 1000 303 terrena

211 321 338 355 sapiunt:
350 321 447 347 Nostra
458 325 549 347 autem
558 322 721 348 conversatio
736 322 763 347 in
773 322 842 348 uelis
853 326 891 348 est
899 322 933 348 “.
943 321 1000 348 Hoc

209 372 303 394 autem
320 374 394 394 nunc
407 366 506 397 innuit,
525 374 615 400 neque
638 367 711 393 enim
731 367 891 401 simpliciter
917 367 996 399 dixit,

210 420 299 439 omnes
312 413 418 439 decima:
433 417 526 439 terrm:
544 412 602 443 sed,
620 420 708 438 omnes
717 413 826 439 decimae
837 416 916 438 terra!
930 419 999 446 ιιι-ως

210 458 288 490 dixit,
304 463 333 485 et
349 463 413 484 tunc
429 458 562 490 subdidit,
575 459 628 485 sive
639 458 671 484 de
684 458 814 493 frugibus.
825 461 855 484 ut
868 458 999 491 praedica-

210 507 254 529 ret
278 507 373 537 aperte
399 510 462 530 eum
477 523 485 534 ,
509 503 555 538 qui
583 503 768 531 intentionem
794 503 998 537 exspectatione

211 554 387 576 lerrenorum
407 549 542 576 bonorum
560 549 627 584 legis
652 549 778 576 mandata
793 552 931 583 operatur,
948 549 998 576 etsi

210 600 306 622 sancta
333 594 392 629 ejus
419 594 538 626 decima,
555 594 581 621 id
605 598 648 621 est
662 593 782 620 mandati
807 594 929 628 operatio
947 597 997 625 est,

210 646 401 667 verumtamen
429 648 485 667 non
511 640 613 675 grande
639 640 767 674 juvamen
795 647 890 666 eorum
907 643 999 666 estex

211 686 257 713 tali
286 686 447 720 operatione
473 686 547 712 circa
572 684 802 716 retributionem,
832 691 913 719 quam
943 691 997 710 non

209 736 319 766 oportet
334 740 347 758 a
359 732 414 758 Deo
424 731 577 766 exspectari
591 731 625 757 ab
635 731 676 757 eis
690 731 737 765 qui
750 730 866 757 terrenis
880 729 996 756 inhiant.

210 778 290 806 Unde
305 779 326 805 si
341 778 397 805 vult
410 778 471 812 quis
485 777 649 812 sibimetipsi
669 777 803 804 decimam
818 776 889 802 hanc
906 774 998 809 aequi-

210 830 281 854 rere,
297 823 522 856 addatquintam,
537 822 564 849 id
587 826 629 849 est
663 821 883 857 intelligentiam,
900 825 930 847 ut
940 828 998 855 qua:

208 877 313 895 sursum
338 873 398 895 sunt
423 868 522 902 sapiat,
543 867 578 893 ad
596 876 627 893 ea
643 875 700 901 qua:
715 875 818 893 sursum
834 871 895 893 sunt
914 867 998 892 inten-

208 913 298 944 dat",
321 912 393 940 sicut
416 911 518 938 Paulus
533 911 680 938 scribebat.
697 911 748 943 Qui
775 911 846 937 enim
874 910 913 938 sic
930 909 997 944 legis

210 958 337 985 mandata
360 961 502 992 operatur,
524 964 579 984 non
604 957 700 991 perdet
715 957 818 982 lucrum
837 956 906 989 ejus,
932 955 996 990 quia

209 1002 314 1029 decima
330 1002 390 1036 ejus
404 1001 531 1028 efﬁcitur.
544 1002 614 1037 Ergo
635 1001 695 1036 ejus
717 1001 763 1035 qui
784 1006 890 1027 terrena
914 1001 996 1034 sapit,

209 1047 314 1074 decima
329 1052 423 1074 sancta
450 1047 558 1081 quidem
582 1051 635 1076 est,
651 1047 698 1074 sed
726 1054 781 1073 nou
809 1046 844 1078 ei,
859 1046 921 1080 quia
941 1054 996 1072 non

211 1094 422 1128 intelligibiliter
446 1093 604 1119 mandatum
620 1097 759 1127 operatur,
780 1100 830 1119 nec
846 1092 909 1118 scit
924 1092 996 1126 quod

209 1139 315 1166 lucrum
331 1139 361 1166 in
372 1147 403 1166 ea
417 1143 568 1174 exspectet,
586 1144 635 1165 aut
646 1146 725 1172 quam
737 1138 943 1165 retributionem
968 1138 996 1164 in

209 1192 241 1211 ea
253 1189 354 1218 speret.

243 1230 326 1257 Boves
343 1235 431 1257 autent
444 1235 469 1257 et
483 1238 558 1261 oves,
588 1234 612 1256 et
641 1238 800 1265 qua-cunque
820 1230 867 1256 sub
889 1238 996 1256 numero

208 1282 269 1304 sunt
276 1277 323 1303 sub
331 1277 404 1311 virga
420 1280 566 1303 transeunt.
578 1276 650 1303 Dicit
658 1276 732 1303 enim
746 1284 794 1303 eos
804 1276 851 1310 qui
862 1277 913 1303 sub
922 1277 996 1311 virga

210 1325 390 1348 numerantur
411 1321 511 1352 crucis,
538 1321 638 1355 quibus
661 1324 691 1347 ut
711 1325 889 1347 numerentur
903 1341 910 1353 ,
929 1321 996 1348 ﬁdes

211 1368 255 1393 Dei
271 1367 390 1394 amicitia
408 1367 502 1394 donat.
520 1367 649 1401 Quisquis
668 1367 741 1393 enim
760 1367 846 1393 ﬁdelis
867 1371 909 1393 est
929 1367 995 1398 Deo,

211 1413 255 1440 hic
263 1418 291 1440 et
300 1413 360 1448 ejus
372 1413 476 1440 amicus
490 1412 638 1445 invenitur,
647 1412 720 1447 quod
734 1413 903 1440 demonstrat
913 1412 997 1439 Abra-

211 1457 273 1483 ham
288 1476 296 1488 ,
319 1456 354 1485 de
368 1465 422 1492 quo
444 1457 546 1484 dictum
566 1461 608 1484 est
623 1466 630 1483 :
647 1456 764 1484 Credidit
779 1456 914 1484 Abraham
929 1456 995 1489 Deo,

209 1507 233 1529 et
248 1507 399 1536 reputatum
421 1507 458 1529 est
481 1503 505 1529 ei
520 1502 555 1529 ad
567 1502 711 1536 justitiam,
729 1507 753 1528 et
768 1503 868 1529 amicus
886 1502 934 1529 Dei
947 1511 996 1536 ap-

209 1548 322 1583 pellatus
345 1552 382 1575 est
396 1547 428 1574 ⁸⁸.
446 1547 498 1580 Qui
519 1547 592 1574 enim
618 1547 697 1574 amici
715 1547 777 1579 Dei,
793 1554 908 1574 numero
921 1547 994 1583 digni

211 1591 355 1624 habentur,
372 1591 437 1618 licet
451 1591 506 1619 sint
518 1591 658 1618 immensae
671 1591 852 1619 multitudinis
863 1612 869 1624 ,
892 1597 919 1619 et
939 1600 994 1619 non

209 1638 296 1664 solum
309 1637 332 1665 si
350 1645 506 1669 numerum,
523 1638 570 1664 sed
585 1637 668 1665 etiam
683 1638 705 1665 si
730 1645 884 1664 mensuram
900 1645 995 1664 exces-

209 1684 314 1717 serint,
343 1684 405 1710 audi
435 1684 517 1710 David
543 1684 699 1711 dicentem:
716 1683 784 1710 Mihi
807 1688 896 1710 autem
918 1684 995 1710 nimis

208 1729 375 1764 honoriﬁcati
392 1734 453 1755 sunt
476 1729 555 1755 amici
573 1729 621 1761 tui,
636 1729 716 1760 Deus,
737 1729 814 1755 nimis
833 1730 995 1764 confortatus

208 1778 247 1800 est
263 1774 426 1807 principatus
437 1781 536 1799 eorum.
554 1773 731 1799 Dinumerabo
743 1781 795 1805 eos,
810 1777 833 1799 et
846 1781 923 1806 super
934 1781 994 1799 are-

208 1827 270 1845 nam
286 1817 532 1852 multiplicabuntur
548 1818 581 1844 ⁶⁹.
609 1817 640 1844 IIi
663 1823 798 1845 terrenam
823 1826 878 1845 non
895 1819 996 1845 habent

208 1861 380 1896 sapientiam,
409 1868 461 1889 nec
477 1862 505 1887 in
526 1861 568 1888 his
584 1869 645 1895 quae
672 1866 765 1896 agunt,
791 1863 994 1897 corruptibilem

208 1907 418 1934 retributionem
433 1912 569 1942 quaerunt.
589 1907 704 1942 Propter
722 1909 793 1942 quod
810 1917 864 1935 non
880 1910 995 1943 speciale

208 1951 346 1985 quidpiam
366 1951 485 1982 illorum,
497 1952 544 1978 sed
564 1952 747 1986 quodcunque
763 1953 868 1987 egerint
883 1955 994 1980 manda-

208 2000 276 2028 tum,
294 2001 417 2023 sanctum
433 1996 487 2023 Deo
499 2001 550 2023 est.

243 2040 295 2068 Sed
310 2049 356 2068 nec
372 2042 481 2076 eligetur
504 2042 573 2067 inter
598 2041 693 2068 bonum
718 2047 742 2068 et
768 2042 879 2069 malum.
898 2042 924 2070 Id
940 2047 992 2074 est,

209 2086 282 2113 inter
293 2087 414 2113 deterius
430 2092 458 2113 et
472 2087 579 2113 melius.
596 2086 656 2113 Non
672 2092 713 2114 est
731 2087 803 2114 enim
818 2096 913 2115 eorum
927 2088 994 2116 faci-

207 2131 241 2158 lis
259 2131 398 2163 discretio,
414 2132 476 2166 quia
497 2132 547 2158 etsi
562 2132 724 2158 alterutrum
745 2137 995 2168 superant,quem-

207 2177 354 2204 admodum
383 2178 460 2205 stella
487 2178 593 2205 stellam
619 2179 646 2205 in
660 2178 745 2214 gloria
763 2179 931 2211 diﬁerentes,
946 2181 993 2208 sed

1051 285 1123 310 cere,
1150 282 1178 305 et
1193 285 1354 305 consecrare
1368 277 1424 304 Deo
1440 278 1518 312 quasi
1541 278 1683 305 meliorem
1699 286 1707 304 :
1725 285 1779 305 non
1794 282 1838 305 est

1051 327 1128 350 tuum
1143 324 1195 350 hoc
1209 324 1376 356 discernere,
1390 331 1479 358 neque
1496 325 1569 351 hunc
1585 324 1631 351 illo
1646 324 1718 351 inter
1729 329 1837 352 sanctos

1049 370 1185 405 appellare
1206 370 1370 397 deteriorem
1379 379 1391 408 ,ς
1410 371 1482 405 quod
1498 371 1579 397 etiam
1595 378 1629 397 ex
1659 370 1770 397 historia
1796 370 1837 397 fa-

1049 420 1124 442 ctum
1137 423 1282 450 cognosce.
1300 415 1402 442 Paulus
1419 415 1601 449 aliquandoet
1611 416 1749 443 Barnabas
1767 416 1838 442 inter

1049 460 1211 494 semetipsos
1233 461 1445 487 contenderunt.
1466 460 1605 488 Barnabas
1632 461 1705 487 enim
1731 460 1838 488 dicebat

1048 505 1149 532 debere
1182 505 1284 532 assumi
1315 505 1457 532 Marcum:
1474 506 1575 533 Paulus
1600 510 1692 533 autem
1717 506 1836 538 dicebat,

1048 558 1111 577 eum
1125 551 1173 585 qui
1198 550 1283 578 semel
1308 551 1422 578 recessit
1436 559 1450 578 a
1471 551 1636 585 Pamphilia,
1657 556 1684 578 et
1708 551 1753 585 qui
1779 558 1836 578 non

1048 595 1186 622 concurrit
1202 594 1242 621 eis
1267 595 1293 621 in
1314 603 1414 629 opere,
1436 603 1491 622 non
1513 595 1612 622 debere
1627 596 1739 622 assumi.
1757 594 1836 621 Facta

1048 645 1089 667 est
1101 645 1192 667 autem
1207 641 1279 667 inter
1298 648 1346 668 eos
1365 641 1426 667 talis
1454 641 1604 671 contentio,
1633 641 1669 667 ita
1694 645 1724 667 ut
1751 640 1836 667 disce-

1047 686 1144 712 derent
1157 686 1191 712 ah
1207 686 1334 717 invicem,
1347 690 1375 712 et
1388 685 1537 718 Barnabas,
1565 690 1706 720 assumpto
1733 685 1834 716 Marco,

1047 730 1186 766 navigaret
1201 731 1331 766 Cyprum,
1356 731 1456 758 Paulus
1482 736 1586 764 autem,
1610 731 1713 765 eligens
1741 729 1836 761 Silam,

1032 801 1035 805 .
1048 777 1163 804 traditus
1172 778 1314 812 estgratia:
1324 777 1381 804 Dei.
1399 777 1480 803 Vides
1495 776 1633 810 quomodo
1646 775 1762 802 mutavit
1778 782 1837 801 me-

1047 823 1108 855 lius,
1130 823 1200 850 sicut
1214 823 1369 855 mstimavit,
1388 823 1534 850 deteriore.
1554 822 1643 856 Ipsum
1659 819 1834 853 autemquod

1047 873 1180 895 mutatum
1195 873 1276 895 estet
1294 877 1342 903 pro
1357 876 1411 902 quo
1435 872 1568 894 mutatum
1599 871 1650 898 est,
1674 867 1776 893 factum
1797 869 1839 892 est

1048 919 1183 942 sanetum.
1201 913 1283 942 Silam
1299 914 1383 945 eliim,
1393 913 1465 940 sicut
1481 913 1612 946 aptiorem
1627 911 1727 943 Marco,
1742 911 1774 937 ad
1791 910 1839 937 Ini-

1048 958 1188 985 nisterium
1204 958 1406 992 pmdicationis
1426 957 1582 992 elegit,n0n
1599 961 1689 982 tamen
1704 956 1834 990 expulsus

1046 1008 1089 1029 est
1105 1002 1219 1029 Marcus.
1234 1002 1371 1029 Barnabas
1387 1006 1492 1033 autem,
1509 1009 1571 1028 cum
1590 1009 1733 1028 assumens
1746 1020 1753 1032 ,
1767 1000 1835 1027 abiit

1046 1049 1176 1082 Cyprum,
1192 1053 1217 1075 et
1234 1056 1296 1075 cum
1310 1056 1343 1074 eo
1356 1047 1538 1082 praedicabat,
1562 1052 1590 1073 et
1612 1046 1638 1072 in
1654 1050 1759 1072 tantum
1778 1049 1836 1072 erat

1047 1102 1176 1129 magnus,
1190 1099 1219 1121 ut
1234 1094 1400 1128 evangelista
1413 1102 1484 1120 unus
1498 1093 1531 1120 de
1539 1097 1656 1127 quatuor
1666 1092 1751 1118 ﬁeret.
1765 1091 1835 1126 Ergo

1045 1141 1146 1168 Paulus
1161 1145 1311 1167 retractans
1321 1159 1328 1171 ,
1342 1144 1369 1166 et
1385 1146 1565 1174 cognoscens,
1587 1138 1650 1172 quia
1665 1137 1756 1163 nullus
1772 1145 1836 1163 san-

1046 1190 1151 1213 ctorum
1170 1185 1341 1219 respuendus
1361 1189 1404 1212 est
1415 1204 1423 1216 ,
1439 1191 1490 1211 nec
1507 1188 1600 1218 potest
1617 1183 1715 1217 aliquis
1730 1190 1835 1215 eorum,

1045 1232 1091 1266 qui
1106 1232 1228 1265 perfecte
1246 1231 1441 1265 profecerunt,
1465 1230 1538 1257 hunc
1553 1230 1644 1257 dicere
1659 1230 1836 1260 deteriorem,

1045 1284 1097 1304 nec
1113 1276 1188 1303 illum
1198 1276 1354 1308 meliorem,
1370 1276 1427 1310 ipse
1441 1283 1537 1302 rursus
1546 1274 1667 1301 Marcum
1677 1274 1837 1308 assumpsit,

1045 1327 1072 1349 et
1081 1323 1113 1349 ad
1123 1322 1295 1349 Timotheum
1302 1322 1438 1348 scribebat
1449 1331 1455 1347 :
1465 1321 1574 1347 Assume
1583 1320 1712 1352 Murcum,
1722 1324 1746 1346 et
1755 1319 1838 1345 deduc

1046 1373 1152 1399 tecum;
1181 1372 1218 1393 est
1244 1368 1314 1393 enim
1343 1367 1408 1393 mihi
1434 1366 1507 1392 utilis
1523 1367 1549 1392 in
1570 1365 1717 1392 ministerio
1730 1365 1762 1390 ⁷ο.
1779 1364 1837 1390 Non

1045 1420 1109 1447 ergo
1133 1412 1284 1439 intendatis
1319 1412 1381 1446 quis
1412 1411 1486 1438 inter
1500 1412 1549 1437 hos
1565 1411 1655 1437 bonus
1669 1414 1716 1436 aut
1738 1408 1836 1441 malus,

1045 1460 1091 1486 sed
1109 1466 1161 1486 nec
1174 1462 1327 1485 commutes
1338 1456 1455 1483 alterum
1472 1456 1569 1483 altero.

1080 1504 1113 1532 Et
1127 1512 1179 1530 non
1191 1504 1346 1530 redimetur.
1370 1502 1420 1529 Cui
1436 1503 1509 1529 enim
1524 1502 1593 1529 nihil
1609 1501 1701 1528 minus
1715 1506 1768 1534 est,
1784 1509 1837 1535 qua

1008 1566 1029 1595 ο
1047 1550 1235 1584 redemptione
1252 1549 1335 1584 eget?
1352 1548 1379 1575 Si
1395 1553 1488 1575 autem
1514 1552 1542 1574 et
1556 1548 1713 1574 aﬁinitatem
1729 1552 1838 1581 oportet

1047 1595 1197 1630 intelligere
1224 1593 1462 1628 redemptionem,
1488 1593 1717 1627 quemadmodum
1740 1592 1836 1626 Aquila

1046 1640 1140 1670 edidit,
1162 1644 1235 1666 recte
1248 1638 1336 1665 allinis
1356 1646 1409 1664 non
1425 1637 1567 1670 elﬁcietur,
1594 1638 1655 1665 talis
1668 1638 1742 1664 enim
1757 1645 1839 1664 nemo

1046 1685 1098 1711 sibi
1114 1683 1260 1710 vindicabit
1274 1683 1502 1718 gubernationem
1516 1703 1522 1714 ,
1542 1683 1589 1710 sed
1607 1683 1656 1709 etsi
1669 1683 1781 1709 alterius
1798 1688 1838 1709 ta-

1045 1737 1108 1756 men
1132 1728 1252 1760 fructus,
1274 1727 1313 1753 vel
1328 1727 1478 1762 discipulus
1495 1727 1578 1753 fuerit
1593 1735 1625 1754 ex
1646 1735 1701 1762 quo
1717 1727 1750 1754 ad
1765 1728 1835 1754 hanc

1045 1774 1204 1809 pervenerit
1218 1773 1426 1808 perfectionem,
1441 1773 1498 1807 ipse
1515 1781 1580 1799 suus
1596 1773 1647 1799 erit
1661 1773 1836 1808 gubernator,

1045 1820 1103 1855 ipse
1128 1819 1234 1846 doctor.
1254 1819 1355 1845 Practer
1366 1818 1417 1844 alia
1432 1818 1517 1849 enim,
1533 1826 1593 1852 quae
1607 1818 1634 1844 in
1656 1818 1783 1852 prtescnti
1797 1817 1838 1844 di-

1045 1871 1087 1892 cta
1104 1870 1184 1895 sunt,
1199 1865 1346 1891 ostendere
1360 1864 1498 1899 legislator
1513 1863 1591 1895 vult,
1617 1863 1680 1897 quia
1704 1863 1730 1889 hi
1749 1863 1795 1896 qui
1820 1871 1836 1889 a

1046 1911 1125 1938 nobis
1150 1911 1299 1943 docentur,
1326 1910 1437 1944 quando
1462 1909 1531 1935 ﬁunt
1545 1908 1676 1943 perfecti,
1694 1908 1762 1934 nihil
1780 1908 1837 1941 jam

1047 1956 1132 1983 nostri
1148 1955 1297 1990 magisterii
1311 1959 1391 1989 egent
1405 1963 1411 1980 :
1431 1959 1459 1981 et
1476 1959 1619 1988 propterea
1635 1953 1836 1979 iuunundorum

1044 2000 1225 2037 primogenita
1240 1999 1338 2026 redimi
1355 1999 1401 2030 ait,
1430 1998 1593 2024 mutulorum
1611 1991 1713 2029 autem,
1731 2005 1836 2031 nequa-

1044 2053 1135 2080 quam.
1158 2045 1208 2072 Sec
1230 2053 1280 2072 nec
1299 2052 1341 2074 ea,
1361 2052 1421 2078 qlia‘.
1447 2043 1501 2070 Deo
1517 2046 1675 2069 consecrata
1689 2048 1763 2073 sunt,
1786 2050 1836 2069 nec

1044 2091 1114 2123 lucc,
1142 2091 1175 2117 de
1197 2091 1296 2125 quibus
1319 2098 1393 2117 nunc
1409 2097 1498 2116 sermo
1515 2094 1567 2119 ρει,
1585 2087 1704 2122 perfecta
1720 2087 1836 2114 demou-

1045 2141 1129 2163 strala
1145 2140 1219 2166 sunt,
1236 2140 1329 2169 utpote
1359 2143 1420 2168 qua:
1434 2133 1611 2160 intentionem
1630 2133 1749 2159 divinam
1779 2140 1836 2160 c03-

1045 2182 1194 2215 lcstcmque
1218 2185 1325 2215 gerunt.
1352 2179 1441 2211 Quem
1467 2179 1541 2205 enim
1568 2178 1650 2204 ﬁnem
1671 2178 1732 2204 libri
1754 2178 1836 2212 hujus

208 2231 304 2251 omnes
326 2224 351 2250 in
369 2224 437 2251 coelo
450 2229 523 2257 sunt,
540 2229 569 2251 ut
585 2232 680 2251 revera
699 2230 846 2259 sequentes
860 2227 991 2259 cmlestia,
1010 2233 1032 2260 ι)
1048 2228 1206 2263 praeceperit
1239 2235 1301 2254 esse
1328 2227 1441 2261 spiritus
1453 2246 1460 2258 ,
1490 2226 1564 2253 hunc
1599 2225 1625 2252 in
1658 2226 1836 2260 sequentibus

208 2273 236 2297 et
252 2278 266 2296 a
283 2270 340 2297 solo
367 2278 416 2302 eo,
440 2270 486 2304 qui
512 2270 628 2297 idoneus
652 2275 694 2297 est
711 2271 866 2299 discernere
885 2277 994 2300 sanctos

208 2320 436 2351 cognoscuntur:
456 2315 608 2342 secundum
632 2316 703 2343 hanc
726 2316 860 2343 rationem
887 2321 995 2351 oportet

208 2361 320 2396 intelligi
339 2369 345 2386 :

242 2406 302 2433 Non
310 2407 419 2443 eligetur
427 2407 533 2438 bonum,
545 2415 591 2433 nec
599 2406 708 2439 malum,
720 2413 766 2432 nec
776 2406 860 2433 altera
875 2415 994 2434 commu-

209 2452 317 2477 tabitur.
334 2451 400 2478 Cum
415 2452 488 2478 enim
503 2451 594 2478 nullus
607 2451 640 2478 de
656 2450 696 2477 eis
708 2451 753 2482 sit,
769 2451 815 2485 qui
826 2453 918 2487 respui
930 2461 995 2488 pos-

207 2497 254 2529 sit,
271 2505 352 2531 quem
368 2505 422 2531 quo
436 2496 619 2524 commutabis
629 2517 636 2528 ,
657 2501 704 2523 aut
720 2497 785 2531 quid
799 2498 886 2533 magis
900 2499 994 2533 eliges,

208 2547 308 2569 nostrae
321 2550 376 2569 non
392 2546 433 2569 est
455 2542 604 2576 dijudicare
620 2541 737 2569 virtutis.
756 2541 802 2569 IIis
822 2551 887 2578 ergo
899 2552 994 2578 supcr-

208 2588 355 2621 aadiﬁeans,
367 2588 468 2615 addidit
480 2596 540 2623 quae
555 2593 710 2622 sequuntur
723 2597 729 2615 :

244 2633 273 2661 Si
285 2635 343 2668 quis
356 2635 507 2665 mutaverit,
521 2639 545 2660 et
561 2635 630 2669 quod
644 2640 775 2661 mutatum
786 2639 832 2668 cst,
848 2640 873 2661 et
886 2644 932 2668 pro
945 2644 995 2668 quo

211 2684 343 2706 "tutulum
358 2685 406 2712 est,
422 2679 630 2713 sunctifirabitur
641 2679 762 2712 Domino,
779 2684 802 2706 et
817 2688 867 2705 non
882 2681 996 2707 redinte-

209 2730 262 2751 tur.
281 2724 349 2758 Quia
364 2733 429 2760 ergo
440 2725 562 2751 omnium
579 2732 674 2751 cursus
692 2724 799 2751 divinus
816 2729 844 2751 ct
859 2725 993 2758 sublimis,

209 2775 236 2797 et
257 2778 383 2806 superna:
395 2770 595 2798 conrersatioui
611 2770 752 2805 proximus
764 2775 821 2803 est,
838 2770 937 2798 frustra
951 2779 996 2798 co-

262 2840 285 2855 "
295 2839 374 2866 Joan.
391 2847 448 2869 \‘lll,
465 2838 508 2865 ‘25.
549 2839 571 2854 ⁸⁸
589 2837 688 2871 Philip.
700 2845 741 2868 Ill,
757 2836 803 2864 ‘20.

217 2874 259 2902 I8.
298 2875 319 2890 ’⁸³
337 2874 438 2901 IITiIn.
457 2882 492 2906 iv,
513 2873 554 2901 II.
612 2874 630 2888 ⁷¹
644 2872 716 2900 I'sal.
736 2873 875 2907 vaut,18.

842 2838 863 2876 ‘1
878 2838 978 2873 (ἴοιμι,
995 2842 1020 2876 I,
1036 2842 1063 2868 2.

1048 2275 1167 2302 intuere.

1084 2319 1165 2346 Vens.
1191 2317 1235 2344 55.
1260 2325 1269 2341 ι
1289 2316 1350 2343 Ilrec
1371 2319 1437 2342 sunt
1454 2319 1591 2350 przecepta
1614 2322 1674 2348 qua:
1697 2313 1836 2340 mandavit

1048 2365 1180 2392 Dominus
1190 2363 1286 2398 Moysi,
1305 2362 1338 2388 ad
1353 2361 1423 2387 ﬁlios
1435 2360 1517 2387 Israel
1536 2360 1564 2386 in
1579 2365 1673 2386 monte
1689 2358 1775 2385 Siuai.
1792 2368 1801 2383 ι

1083 2411 1117 2437 Ει
1127 2410 1206 2444 cujus
1216 2409 1253 2435 rei
1267 2408 1351 2443 gratia
1365 2414 1420 2433 non
1436 2406 1502 2440 ipsis
1516 2405 1578 2432 ﬁliis
1591 2404 1682 2436 Israel,
1695 2404 1742 2431 sed
1752 2402 1835 2438 Moysi

1048 2457 1080 2484 ad
1092 2456 1161 2483 ﬁlios
1173 2455 1276 2482 Israel?
1290 2454 1358 2486 Quia
1369 2452 1487 2488 populus
1502 2456 1561 2478 erat
1572 2451 1716 2480 inﬁrmior,
1732 2454 1834 2476 tantam

1048 2502 1116 2536 legis
1132 2500 1299 2528 sanctionem
1315 2506 1413 2533 capere
1426 2504 1480 2523 non
1503 2497 1595 2523 valens
1609 2518 1616 2528 ,
1642 2497 1668 2522 in
1691 2504 1742 2530 qua
1763 2495 1835 2522 sicut

1049 2548 1077 2573 in
1090 2546 1208 2581 speculis
1220 2545 1304 2572 claras
1319 2544 1421 2571 formas
1429 2550 1542 2572 suorum
1557 2542 1748 2577 mysteriorum
1763 2541 1835 2568 Deus

1048 2592 1176 2619 ostendit.
1195 2591 1235 2617 ’I'u
1250 2597 1323 2625 ergo,
1350 2589 1371 2616 si
1388 2596 1443 2615 non
1472 2588 1513 2615 vis
1534 2588 1567 2615 de
1592 2587 1672 2621 vulgo
1695 2593 1765 2617 esse,
1786 2585 1834 2612 sed

1048 2638 1136 2673 qualis
1147 2637 1248 2671 Moyses
1264 2636 1324 2667 fuit,
1337 2636 1428 2670 praebe
1446 2634 1621 2669 temetipsum
1648 2631 1832 2663 obedientem,

1048 2683 1218 2716 mundosque
1237 2680 1380 2707 habentem
1395 2687 1491 2707 omnes
1508 2679 1605 2706 anima:
1621 2685 1728 2708 sensus,
1745 2680 1772 2702 et
1788 2675 1832 2702 die

1049 2729 1104 2756 Deo
1120 2738 1126 2755 :
1144 2728 1237 2755 Revela
1252 2726 1337 2754 orulos
1350 2736 1435 2760 meos,
1460 2732 1483 2754 et
1504 2725 1673 2753 considerabo
1698 2722 1831 2750 mirabilia

1048 2776 1080 2802 de
1095 2775 1148 2810 lege
1164 2780 1208 2801 tua
1220 2774 1254 2801 ⁷⁸.
1270 2774 1400 2809 Ilclinque
1410 2774 1550 2801 materiam
1559 2771 1660 2802 carnis,
1676 2774 1703 2796 et
1718 2768 1831 2803 spiritus

1102 2843 1124 2857 (ιλ
1143 2842 1209 2869 Gen.
1226 2851 1270 2874 xv,
1286 2842 1316 2874 G;
1332 2841 1410 2869 Rom.
1426 2850 1462 2875 iv,
1476 2842 1503 2869 5.
1542 2842 1564 2858 ⁵⁵
1577 2841 1620 2868 Ps.
1641 2844 1767 2871 cxxxvln,
1784 2837 1832 2871 l7,
