2056 3148
185 174 252 207 1181

766 178 998 209 FRAGMENTA
1017 178 1058 208 IN
1078 178 1144 209 PSA
1149 180 1256 211 LMUS.

1760 181 1827 214 1182

186 235 300 270 προσέτι
313 235 363 271 τὴν
377 235 478 271 ψυχήν.
496 236 550 263 Καὶ
563 236 631 263 ὀστᾶ
649 235 699 271 μὲν
715 236 781 267 tam;
796 237 868 264 κατά
881 246 913 271 γε
931 236 976 272 τὴν

1031 237 1092 264 bata
1104 237 1188 266 fuisse
1204 239 1280 266 dicit.
1294 239 1345 267 Per
1359 247 1420 267 ossa
1435 248 1511 273 vero,
1523 240 1599 276 juxta
1611 239 1761 274 spiritalem
1784 241 1828 267 in-

185 282 215 307 ἐν
228 281 367 316 πνεύματ.
379 281 498 317 Θεωρίαν
509 281 630 316 νοηθεῖεν
643 282 676 308 ἂν
686 283 713 308 αί
728 282 800 316 λόγῳ
816 283 917 317 ληπταὶ
929 282 979 317 τῆς

183 326 275 362 ψυχῆς
290 327 432 363 δυνάμεις,
450 327 478 354 αἳ
498 329 545 354 καὶ
563 329 706 363 ἀνέχουσιν
721 329 806 364 αὐτὴν
824 329 864 361 είς
880 329 980 364 νοητὴν

181 373 349 407 εὐρωστίαν.
369 371 432 400 οἷον
446 375 604 409 ἐγκράτεια,
624 375 766 410 φρόνησις,
781 376 798 410 ἡ
820 375 891 402 κατὰ
914 376 979 401 θεὸν

184 419 308 454 ἀνδρεία,
316 420 490 455 σωφροσύνη,
501 421 549 447 καὶ
561 421 731 457 δικαιοσύνη,
744 422 791 448 καὶ
804 421 877 453 ἅπαξ
886 422 979 453 ἁπλῶς

186 465 241 491 πᾶν
250 465 321 496 εἶδος
336 465 450 500 ἀρετῆς.
464 464 502 493 ὧν
515 467 566 492 οὐκ
580 467 669 493 οὐσῶν
692 468 721 494 ἐν
737 468 803 502 ἡμῖν
816 467 978 502 ἀσυγχὺτως

185 510 282 544 (ἧγουν
293 510 323 536 ἐν
333 510 428 546 κόσμῳ
439 510 477 545 τῷ
486 511 589 546 δέοντι)
599 512 643 538 διὰ
654 513 683 538 τὸ
696 512 745 546 τὴν
763 513 831 539 ἰδίαν
844 514 894 539 οὐκ
906 513 977 548 ἔχειν

187 556 281 590 ἰσχὺν,
298 555 404 591 ἀνάγκη
419 556 603 591 ταράττεσθαι
617 557 668 592 τὴν
681 558 771 593 ψυχὴν
786 559 977 585 ἀτακτούντων

185 601 216 627 ὲν
230 601 300 636 αὐτῇ
316 601 370 627 τῶν
387 602 491 628 παθῶν.

223 699 232 715 ι
245 689 396 725 Ἀπόστητε
414 690 461 716 ἀπ’
473 690 540 725 ἐμοῦ
558 691 668 723 πάντες.
684 701 693 717 ι

227 733 308 768 Ὁρᾷς
323 734 360 765 ὡς
377 735 441 760 ὅταν
455 736 619 770 ἁποστῶμεν
640 736 694 763 τῶν
711 736 836 771 ἐργατῶν
851 738 900 772 τῆς
912 738 975 764 ἀνο-

186 778 249 811 μίας
263 779 329 814 (εττε
344 779 507 815 ἀνθρώπων,
516 782 742 817 distorto-pth),
754 783 813 809 τότε
827 783 841 809 ὁ
851 782 916 814 Θεὸς
927 783 976 815 τὰς

185 825 322 860 ἡμετέρας
336 825 445 861 δεήσεις
459 827 576 862 ἑτοίμως
598 829 647 855 καὶ
668 829 717 863 τὴν
737 828 890 864 προσευχὴν
902 829 976 864 δέχε-

184 879 228 897 ται
233 890 240 897 .

476 918 622 945 ΨΑΛΜΟΣ
641 919 677 945 Ζ’.

222 973 232 988 ι
243 963 400 999 Ἀνάστηθι,
415 963 513 999 Κύριε,
530 965 559 991 ἐν
573 965 643 1000 ὀργῇ
659 974 716 992 σου.
732 975 741 991 ι

224 1009 380 1044 ’Υψωθῆναι
395 1010 441 1036 τδν
452 1010 572 1045 Χριστὸν
587 1011 632 1037 ἐπὶ
648 1011 696 1037 τοῦ
711 1011 829 1047 σταυροῦ
849 1020 975 1047 παρακα-

183 1057 235 1087 λεῖ,
255 1056 413 1088 συντελείας
428 1057 475 1083 καὶ
490 1056 647 1092 ἀφανισμοῦ
663 1058 718 1083 τῶν
733 1057 867 1093 δαιμόνων
882 1058 973 1085 ἕνεκα.

185 1103 279 1129 Ὅταν
292 1103 347 1137 γὰρ
360 1102 480 1136 ὑψωθῶ,
490 1103 605 1136 πάντας
619 1103 740 1131 ἑλκύσω
748 1104 823 1138 πρὸς
834 1105 974 1139 ἐμαυτόν.

189 1149 277 1183 Πέρας
291 1149 319 1174 δὲ
331 1148 418 1175 ταῦτα
427 1149 475 1175 καὶ
484 1149 631 1181 κατάλυσις
639 1151 689 1184 τῆς
698 1150 752 1176 τῶν
760 1151 863 1185 νοητῶν
871 1151 975 1188 ἐχθρῶν

187 1194 346 1225 δυναστείας
361 1193 480 1228 ἐγένετο.

477 1262 625 1289 ΨΑΛΜΟΣ
644 1263 685 1290 ιιι.

220 1340 230 1356 α
246 1330 344 1365 Κύριε,
358 1329 461 1364 Κύριος
476 1329 583 1364 ἡμῶν.»

217 1377 266 1408 Τὸ,
281 1377 370 1410 Κύριε
383 1395 390 1407 ,
407 1377 423 1403 ὁ
439 1376 547 1409 Κύριος
569 1375 654 1410 ἡμῶν
665 1397 673 1409 ,
690 1377 706 1411 ἠ
725 1376 872 1412 Ἐκκλησία
889 1377 970 1412 λέγει.

182 1423 261 1451 Μετὰ
275 1423 329 1458 γὰρ
343 1422 394 1458 τὴν
404 1422 444 1453 εἰς
457 1421 574 1456 Χριστὸν
588 1422 750 1456 ἐπίγνωσιν,
766 1423 815 1457 τῆς
830 1424 884 1449 τῶν
899 1423 973 1450 είδώ-

181 1470 236 1496 λων
257 1470 400 1496 ἀποστᾶσα
424 1468 558 1499 δουλείας.
574 1468 677 1503 Κύριον
704 1469 790 1505 αὐτῆς
813 1470 906 1497 καλεῖν
927 1470 973 1497 τὸν

182 1515 292 1551 ἀληθῶς
307 1515 374 1542 Θεὸν
389 1515 437 1541 καὶ
451 1515 552 1550 Κύριον
568 1515 680 1550 ἤρξατο.

1031 282 1216 318 telligentiam,
1238 285 1352 313 virtutes
1374 286 1457 313 animi
1485 286 1602 313 rationis
1621 290 1761 320 compotes
1782 287 1824 311 in.

1031 328 1135 364 telligit,
1149 338 1210 364 qua:
1220 335 1247 357 et
1262 331 1350 365 ipsum
1366 331 1399 358 ad
1419 331 1631 358 intellectualem
1658 330 1823 358 soliditatem

1029 375 1159 403 evehunt.
1190 376 1225 403 Ut
1250 380 1314 403 sunt
1334 377 1513 410 continentia,
1541 375 1694 411 prudentia,
1710 379 1737 402 et
1763 383 1823 409 quae

1028 421 1178 448 secundum
1191 422 1275 449 Deum
1293 427 1334 449 est
1364 423 1505 453 fortitudo,
1524 422 1713 457 temperantia,
1740 425 1767 447 et
1782 421 1823 455 ju-

1028 466 1110 499 stitia,
1124 471 1152 494 et
1174 467 1296 495 absolute
1326 468 1436 495 detnum
1453 476 1539 503 genus
1568 475 1649 495 omne
1677 467 1820 498 virtutum,

1027 519 1088 546 quae
1099 519 1161 538 cum
1177 513 1205 539 in
1219 513 1298 540 nobis
1310 521 1364 540 non
1380 513 1481 541 fuerint
1498 513 1646 540 inconfuste
1658 513 1694 547 (id
1705 517 1744 539 est
1758 520 1821 539 cum

1027 557 1133 584 decenti
1144 564 1241 586 ornatu
1253 559 1424 594 ordineque),
1439 567 1550 588 necesse
1564 564 1605 586 est
1619 559 1748 589 animant.
1758 566 1820 586 cum

1028 605 1165 637 proprium
1182 605 1265 631 robur
1279 613 1334 631 non
1354 606 1486 636 obtineat.
1502 605 1655 640 perturbari
1685 604 1820 639 passioni-

1027 647 1077 674 bus
1090 648 1142 675 illis
1153 649 1312 676 inordinatis
1326 658 1385 684 quae
1396 650 1421 676 in
1437 650 1495 684 ipsa
1513 654 1588 676 sunt.

1061 694 1142 721 Vens.
1159 695 1185 722 9.
1198 705 1207 720 ι
1222 695 1356 723 Discedite
1369 704 1384 722 a
1398 704 1441 723 mc
1454 703 1559 723 onmes.
1583 705 1592 721 ι

1062 738 1140 766 Vides
1154 744 1182 766 ut
1198 740 1269 767 Deus
1301 748 1396 775 preces
1412 746 1521 768 nostras
1543 749 1575 768 ac
1591 740 1817 776 supplicationem

1026 789 1167 819 promptus
1183 785 1318 818 admittat,
1335 793 1396 813 cum
1412 789 1446 813 ab
1458 786 1633 821 operantibus
1649 786 1818 820 iniquitatem

1027 830 1096 864 (sive
1110 831 1245 864 homines,
1261 832 1319 859 sive
1334 832 1512 867 cogitationes
1543 833 1619 859 make
1645 833 1711 866 sint)
1738 832 1819 866 longe

1028 877 1234 904 recesserimus.

1310 921 1469 950 PSALMUS
1480 922 1536 949 VII.

1063 967 1144 995 Vsus.
1159 968 1186 996 7.
1202 972 1214 993 ε
1231 968 1360 1003 Exsurge,
1380 969 1502 1001 Domine,
1520 969 1547 995 in
1561 968 1599 994 ira
1615 972 1670 995 tua.
1691 977 1700 992 ι

1061 1012 1191 1040 Hortatur
1202 1019 1231 1041 ut
1245 1014 1370 1042 Christus
1388 1015 1415 1041 in
1443 1022 1524 1042 cruce
1552 1014 1695 1042 exaltetur.
1715 1013 1817 1040 daemo-

1026 1065 1091 1085 num
1114 1058 1240 1086 interitus
1266 1063 1348 1093 atque
1368 1059 1524 1086 abolitionis
1557 1066 1630 1093 ergo.
1649 1057 1714 1085 Cum
1732 1057 1816 1090 enim,

1026 1103 1145 1139 (inquit),
1155 1104 1288 1131 multum;
1300 1106 1383 1140 fuero,
1393 1105 1481 1131 omnia
1493 1105 1597 1131 traham
1610 1105 1645 1130 ad
1653 1112 1693 1130 mc
1701 1104 1787 1137 ipsum
1796 1103 1816 1129 ί.

1026 1149 1089 1176 Haec
1105 1150 1179 1177 enim
1202 1150 1262 1177 ﬁnis
1277 1155 1304 1177 et
1326 1150 1470 1178 dissolutio
1500 1149 1628 1185 potentia:
1654 1148 1817 1184 spiritalium

1025 1190 1198 1222 inimicorum
1217 1195 1303 1223 fuere.

1303 1264 1463 1292 PSALMUS
1481 1263 1552 1291 Vill.

1059 1331 1141 1359 Vens.
1155 1332 1182 1359 2.
1198 1342 1206 1358 ι
1225 1332 1348 1366 Domine,
1362 1332 1494 1359 Dominus
1505 1337 1606 1359 noster.
1623 1341 1632 1356 ι

1060 1378 1128 1405 Illud
1144 1379 1253 1405 nomine
1269 1368 1396 1405 Dominus
1412 1384 1510 1409 noster.
1525 1378 1592 1405 dicit
1608 1377 1738 1405 Ecclesia.
1750 1375 1816 1403 Nam

1024 1428 1087 1458 post
1101 1423 1199 1450 Christi
1211 1424 1387 1458 agnitionem,
1401 1424 1436 1451 ab
1453 1424 1586 1451 idolorum
1602 1422 1733 1450 servitute
1754 1421 1819 1448 libe-

1024 1473 1092 1500 rata,
1115 1468 1257 1496 Dominum
1278 1477 1357 1496 suum
1381 1474 1510 1504 tanquam
1524 1476 1587 1496 vere
1611 1469 1694 1495 Demn
1711 1475 1744 1494 ac
1767 1466 1818 1493 Do-

1025 1515 1129 1542 minum
1146 1522 1243 1542 vocare
1262 1516 1356 1550 erepit.

224 1562 280 1588 ’Ᾱεὶ
307 1561 355 1596 μὲν
380 1561 434 1596 γὰρ
448 1562 464 1596 ἡ
481 1561 516 1596 γῆ
533 1561 608 1587 πᾶσα
623 1560 677 1586 τῶν
691 1560 840 1596 θαυμάτων
864 1561 972 1597 ἀληθῶς

1060 1559 1174 1594 Semper
1185 1559 1294 1594 quidem
1318 1559 1444 1586 universa
1465 1563 1536 1586 terra
1563 1566 1627 1585 vere
1647 1555 1818 1584 mirabilibus

182 1606 232 1641 τῆς
244 1605 291 1633 τοῦ
305 1605 373 1632 Θεοῦ
393 1605 574 1640 δημιουργίας
590 1605 769 1640 πεπλήρωται
782 1627 789 1636 ,
804 1606 843 1632 ἔτι
856 1605 885 1632 δὲ
905 1606 973 1639 μᾶλ-

181 1651 238 1684 λον,
254 1651 301 1685 ἀφ’
310 1648 396 1686 οὗπερ
412 1651 496 1677 αὐτοῦ
510 1651 540 1677 τὸ
555 1651 651 1686 ὄνομα,
665 1651 768 1686 δηλαδὴ
784 1651 815 1677 τὸ
837 1652 884 1677 τοῦ
907 1652 974 1686 Χρι-

184 1697 258 1729 στοῦ,
272 1697 349 1732 παρὰ
363 1697 447 1723 πᾶσιν
463 1696 616 1731 Ἐλλησίτε
631 1697 679 1724 καὶ
694 1697 852 1732 βαρϐάροις,
867 1697 912 1724 διὰ
925 1697 974 1731 τῆς

182 1745 222 1775 είς
236 1742 317 1769 αὐτὸν
333 1742 535 1778 ἐθαυμαστώθη
553 1742 683 1774 πίστεως.

221 1798 231 1814 ι
246 1789 339 1816 Πάντα
356 1789 494 1822 ὑπέταξας
509 1789 640 1815 ὑποκάτω
652 1789 705 1816 τῶν
720 1789 808 1815 ποδῶν
823 1790 917 1816 αὑτοῦ.
935 1799 944 1817 ι

219 1834 333 1861 Πετεινὰ
346 1834 394 1861 τοῦ
405 1835 521 1870 οὐρανοῦ
534 1835 599 1865 τοὺς
610 1836 673 1871 περὶ
685 1836 733 1869 τὴν
744 1835 884 1869 θεολογίαν
896 1836 975 1870 ⁴ἠσχο-

182 1879 316 1914 λημένους
331 1879 419 1911 καλεῖ,
437 1880 499 1911 τοὺς
514 1880 684 1915 ἐρευνῶντας
695 1880 730 1906 τὰ
745 1881 835 1916 ὑψηλὰ
849 1881 895 1906 καὶ
911 1889 974 1915 μετ-

172 1926 266 1963 ὶάρσια
283 1925 408 1960 δόγματα
417 1933 424 1940 ·
440 1925 534 1961 ίχθύας
545 1926 574 1952 δὲ
584 1926 635 1960 τῆς
647 1925 796 1960 θαλάσσης,
807 1927 870 1957 τοὺς
882 1928 910 1953 ἐν
920 1928 974 1958 τοῖς

185 1970 329 2005 πράγμασι
352 1970 399 1996 τοῦ
416 1969 474 2005 βίου
488 1970 584 1997 τούτου
600 1971 780 2005 νηχομένους,
797 1971 924 2006 καθάπερ
947 1973 975 1998 ἐν

184 2015 300 2051 κύμασι.
316 2016 444 2051 Σωτηρία
467 2016 495 2043 δὲ
517 2017 566 2043 καὶ
591 2017 698 2048 τούτοις
720 2018 885 2050 ἀπόκειται,
912 2018 976 2044 ὅταν

185 2061 339 2096 πορευθῶσι
353 2062 463 2097 τρίϐους
474 2062 567 2088 οὐκέτι
578 2062 728 2097 θαλάσσης,
740 2063 809 2090 ἀλλὰ
820 2063 975 2096 Θαλασσῶν,

184 2106 226 2132 διὰ
243 2106 433 2141 βαπτίσματος
446 2107 494 2133 καὶ
510 2109 657 2142 μετανοίας
672 2109 822 2141 ὁδεύοντες.

218 2150 273 2179 Ἦν
292 2153 342 2187 μὲν
356 2153 410 2188 γᾶιρ
425 2153 500 2188 αὐτῷ
514 2154 562 2180 καὶ
577 2154 612 2180 τὰ
625 2155 742 2190 αἰσθητὰ
757 2155 801 2182 διὰ
814 2156 859 2183 τὸν
870 2157 918 2192 τῆς
928 2158 974 2192 δη-

185 2199 329 2234 μιουργίας
344 2199 554 2235 ὑποτεταγμένα
567 2201 660 2235 νόμον,
677 2203 775 2236 κτήνη,
787 2203 834 2229 καὶ
848 2204 919 2237 βόες.
929 2206 976 2231 καὶ

185 2245 319 2280 πρόὸατα.
333 2246 460 2281 Πρόὸατα
471 2246 500 2273 δὲ
515 2247 595 2273 πάλιν
607 2247 700 2282 νοητὰ,
715 2248 926 2284 ὑποτεταγμένα
937 2251 976 2286 τῷ

184 2292 295 2327 Χριστῷ
310 2292 374 2323 τοὺς
391 2293 420 2318 ἐν
443 2293 548 2328 ἀκακία
567 2293 796 2328 πολιτευομένους
813 2295 976 2331 ἀνθρώπους

184 2338 366 2373 εὑρίσκομεν·
385 2338 449 2373 βόας
464 2340 527 2371 τοὺς
551 2339 608 2365 τῶν
630 2340 747 2367 ἐντολῶν
765 2341 895 2376 ἐργάτας,
911 2344 977 2377 περὶ

184 2380 220 2410 ὧν
235 2384 340 2419 Μωσῆς
353 2385 367 2411 ὁ
385 2385 539 2419 νομοθέτης,
551 2385 644 2419 ἔλεγεν
654 2394 660 2402 ι
682 2387 723 2412 Ob
745 2387 889 2421 φιμώσεις
897 2389 977 2420 βοῦν

185 2427 418 2455 ἁλυῶντα.¹¹Οθεν
435 2430 484 2464 οὐχ
498 2429 592 2461 ἁπλῶς
610 2430 685 2464 βόας,
701 2431 770 2457 ἀλλὰ
785 2432 832 2458 καὶ
846 2432 947 2465 πάσας
961 2433 976 2459 ὁ

190 2473 337 2509 Υλλμῳδδς
352 2474 470 2507 ἐξέθετο.
487 2476 574 2502 Πᾶσιν
588 2476 642 2511 γὰρ
655 2477 669 2503 ὁ
680 2477 746 2508 Θεὸς
755 2477 804 2512 τὴν
814 2478 916 2513 ἀρετὴν
929 2479 977 2505 καὶ

187 2519 235 2555 τὴν
260 2520 396 2555 τυχοῦσαν
421 2521 618 2557 ἐργαζομένοις
642 2522 811 2558 εὑρίσκεται.
828 2524 923 2558 Κτήνη
949 2524 977 2550 δὲ

188 2565 266 2592 καλεῖ
281 2567 345 2598 τοὺς
366 2567 546 2602 ἁμαρτωλοὺς
557 2588 564 2600 ,
579 2568 672 2604 ἐπειδὴ
687 2569 763 2595 κάτω
781 2569 830 2600 τὰς
846 2569 922 2604 ὄψεις
937 2571 977 2601 εἰς

187 2612 238 2645 γῆν
250 2611 382 2644 νευούσας
397 2613 554 2648 κέκτηνται.
564 2613 646 2640 Ἀλλὰ
656 2614 799 2642 καὶταῦτα
813 2616 978 2650 μετανοοῦν-

187 2665 230 2689 τα,
248 2657 295 2684 καὶ
310 2658 481 2691 ὑποταγέντα
497 2658 625 2692 σώσεται,
638 2660 703 2686 ὅταν
726 2660 765 2695 τῷ
785 2661 895 2696 Χριστῷ
911 2662 978 2688 ἅνα-

189 2703 257 2738 6άτῃ
269 2703 314 2730 διὰ
325 2703 374 2736 τῆς
386 2705 571 2739 εὐαγγελικῆς
584 2706 722 2737 πολιτείας
735 2706 908 2741 ὑποδέξηται.
918 2708 978 2735 Ἀν-

187 2750 324 2782 θρώπους
336 2750 401 2786 γὰρ,
417 2751 494 2786 φησὶ,
509 2751 559 2778 καὶ
571 2752 666 2787 κτήνη
679 2751 801 2786 σώσεις,
818 2754 917 2788 Κύριε.

1024 1605 1169 1632 creationis
1197 1604 1243 1632 Dei
1267 1605 1395 1640 operibus
1407 1605 1510 1640 repleta
1536 1604 1704 1636 iuit;multo
1727 1607 1818 1629 tamen

1023 1651 1118 1686 magis,
1140 1659 1174 1678 ex
1199 1660 1253 1686 quo
1269 1659 1367 1678 nomen
1383 1651 1464 1683 illius,
1479 1651 1584 1678 scilicet
1609 1649 1723 1681 Christi,
1745 1649 1818 1683 apud

1024 1705 1119 1725 omnes
1141 1703 1235 1734 gentes
1256 1706 1288 1726 ac
1317 1698 1445 1726 barbaras
1466 1698 1590 1725 nationes
1619 1705 1668 1732 per
1686 1697 1764 1723 iidem
1791 1696 1818 1722 in

1024 1752 1086 1770 eum
1101 1743 1259 1771 admirabile
1275 1743 1378 1770 factum
1387 1747 1440 1772 est.

1061 1789 1142 1817 Vens.
1158 1790 1184 1817 8.
1206 1799 1214 1814 ι
1229 1789 1328 1817 Omnia
1344 1789 1485 1824 subjecisti
1500 1789 1550 1816 sub
1560 1788 1675 1823 pedibus
1686 1788 1755 1822 ejus.
1772 1796 1782 1812 ι

1060 1835 1190 1863 Volucres
1203 1836 1263 1863 εωιί
1280 1840 1360 1862 vocat
1374 1836 1434 1862 illos
1444 1835 1503 1869 qui,
1526 1835 1579 1862 alta
1590 1839 1618 1861 et
1633 1834 1757 1861 sublimia
1772 1833 1820 1860 dn-

1024 1886 1112 1916 gmata
1132 1885 1344 1916 perscrutantes,
1360 1881 1503 1916 theologiae
1525 1880 1690 1907 incumbunt
1709 1889 1715 1905 :
1731 1879 1820 1914 pisces

1025 1934 1089 1953 vero
1100 1927 1191 1958 utaris,
1207 1933 1254 1953 eos
1271 1926 1316 1960 qui
1334 1926 1361 1952 in
1374 1926 1435 1952 vitae
1451 1925 1533 1960 hujus
1550 1925 1666 1960 negotiis
1691 1929 1819 1958 tanquam

1026 1972 1052 1999 in
1069 1964 1195 1998 ﬂuetibus
1210 1976 1316 1998 natant.
1332 1971 1378 1999 llis
1391 1976 1481 1999 aulettt
1494 1972 1575 1998 etiam
1598 1971 1670 1998 salus
1702 1971 1820 2005 reposita

1025 2023 1078 2050 est,
1095 2025 1157 2044 cum
1176 2025 1230 2044 non
1243 2018 1359 2052 amplius
1372 2018 1464 2048 maris,
1486 2017 1533 2044 sed
1560 2017 1686 2046 marium.
1705 2024 1752 2051 per
1771 2016 1819 2043 ba-

1025 2064 1156 2099 ptismum
1170 2068 1197 2091 et
1207 2063 1409 2098 paenitentiam,
1425 2063 1483 2091 vias
1498 2063 1679 2090 inambulent.

1062 2154 1196 2182 Caeterum
1210 2156 1288 2180 erant
1307 2152 1389 2179 etiam
1410 2151 1459 2186 ipsi
1492 2151 1632 2190 sensibilia
1654 2149 1744 2176 omnia
1773 2157 1820 2184 per

1028 2198 1192 2228 conditionis
1216 2197 1302 2233 legem
1319 2197 1453 2231 subjecta,
1477 2197 1651 2230 jumenta.et
1676 2195 1769 2225 boves,
1793 2198 1821 2220 et

1028 2254 1102 2274 oves.
1116 2246 1221 2274 Rursus
1239 2251 1329 2274 autem
1341 2253 1407 2273 oves
1420 2245 1629 2277 intellectuales,
1644 2243 1768 2270 homines
1779 2242 1822 2268 in-

1028 2297 1158 2320 nocenter
1180 2292 1313 2323 viventes,
1336 2291 1446 2317 Christo
1475 2290 1613 2324 subjectos
1643 2287 1796 2323 reperimus
1816 2293 1823 2312 :

1027 2337 1111 2365 boves
1126 2337 1190 2364 item
1207 2341 1406 2372 praeceptorum
1438 2336 1640 2365 observatores,
1659 2334 1693 2360 de
1722 2332 1821 2367 quibus

1028 2383 1164 2418 legislator
1180 2383 1284 2418 Moyses
1300 2382 1356 2416 ait:
1373 2381 1433 2408 Non
1455 2381 1591 2407 obturabis
1610 2388 1637 2406 os
1658 2379 1715 2406 boui
1741 2378 1820 2405 tritu-

1030 2430 1102 2456 ranti
1113 2433 1132 2457 ί.
1143 2429 1217 2456 Unde
1228 2437 1281 2456 non
1295 2430 1378 2456 bores
1390 2427 1558 2462 simpliciter,
1569 2427 1615 2453 sed
1629 2426 1702 2453 boves
1718 2425 1823 2452 univer-

1030 2483 1082 2507 sos,
1099 2474 1323 2509 Psalmographus
1342 2473 1442 2508 posuit.
1456 2474 1498 2500 Ab
1510 2473 1639 2500 omnibus
1666 2471 1738 2498 enini
1751 2472 1823 2498 Dens

1031 2521 1247 2554 qualemcunque
1277 2519 1405 2546 virtutem
1444 2517 1636 2545 exercentibus
1673 2516 1821 2543 invenitur.

1032 2567 1132 2594 Pecora
1149 2574 1212 2593 vero
1238 2570 1394 2600 peccatores
1416 2570 1504 2596 vocat,
1523 2564 1657 2598 siquidem
1690 2570 1775 2597 prona
1795 2562 1822 2588 in

1032 2618 1131 2640 terram
1147 2613 1298 2647 spectantia
1317 2617 1407 2640 creata
1424 2618 1498 2639 sunt.
1512 2611 1592 2646 Atqui
1608 2617 1636 2638 et
1647 2611 1703 2645 ipsa
1717 2610 1737 2636 si
1766 2617 1823 2643 pue-

1032 2659 1174 2686 nitentiam
1188 2659 1304 2694 egerint,
1319 2664 1346 2686 et
1369 2658 1550 2689 obediveriut,
1569 2658 1641 2684 salva
1662 2657 1743 2688 liettt;
1759 2663 1821 2682 cum

1033 2706 1170 2733 Christum
1193 2714 1240 2741 per
1254 2706 1440 2742 evangelicam
1466 2705 1664 2733 institutionem
1694 2709 1822 2730 ascenso-

1033 2760 1089 2778 retn
1109 2752 1276 2779 admiserint.
1292 2752 1414 2780 Homines
1439 2751 1534 2786 (enim,
1554 2750 1650 2786 inquit)
1664 2753 1689 2777 et
1701 2749 1823 2783 jmnettla

1032 2796 1155 2829 salvebis,
1170 2797 1278 2824 Domine
1293 2798 1312 2826 ³.

229 2890 327 2918 'Joan.
341 2900 388 2925 ιιι,
406 2892 450 2919 52.
490 2894 498 2907 ¹
516 2893 592 2920 Deut.
607 2901 667 2928 ur,
686 2894 718 2927 4,
738 2894 746 2921 l
764 2895 826 2922 Cor.
846 2903 882 2928 Ix,
896 2896 922 2923 9.
962 2896 971 2910 ¹

1027 2895 1057 2923 tl.
1075 2904 1155 2930 xxxv,
1175 2897 1200 2924 7.
