2056 3148
263 153 332 188 1183

542 220 702 250 PSALMUS
721 224 765 253 IX.

296 259 376 289 Vens.
392 262 418 290 5.
436 271 445 288 ι
459 263 615 293 Conﬁtebor
627 268 673 294 tibi
689 269 715 295 in
732 275 788 299 toto
804 273 896 302 corde.
913 284 922 302 ι

296 306 348 333 Sed
362 309 496 340 quomodo
529 314 584 338 toto
619 313 700 341 corde
723 316 906 348 conﬁtemur?
933 321 1048 355 Quando

257 359 312 377 non
327 353 443 387 amplius
457 355 484 381 in
507 363 539 382 ea
555 363 665 391 peccata
693 362 879 399 prolabemur,
893 374 1008 402 quorum
1030 378 1045 399 a

258 395 312 422 Deo
323 398 429 425 veniam
441 401 626 431 obsecramus.

291 441 370 470 Vens.
388 445 430 472 16.
450 456 458 471 ι
471 447 560 476 Infixae
570 456 633 479 sunt
644 457 739 486 gentes
760 455 788 482 in
811 456 934 493 interitu,
962 468 1043 495 quem

253 487 388 516 fecerunt.
404 500 413 516 ι

285 533 419 564 Caeterum
441 543 535 573 gentes
552 540 596 568 hic
610 543 728 577 appellat
740 545 896 575 daemonum
912 557 1040 580 cuneum.

252 577 301 606 llic
317 581 388 608 enim
405 590 466 610 eum
485 585 630 614 salutarem
649 596 758 616 erucem
786 591 975 628 fabricassent,
993 604 1042 631 per

249 626 371 653 eamdem
389 630 528 663 tyrannide
541 639 589 659 sua
604 634 774 668 exciderunt,
789 641 816 664 et
837 638 934 674 laqueo
958 649 1039 676 quem

247 672 446 702 absconderant
469 679 684 712 emnprehensus
712 685 754 708 est
769 690 816 716 pes
836 691 941 718 eorum,
956 691 984 714 et
1011 688 1038 715 in

247 718 375 751 operibus
389 728 518 749 manuum
540 730 650 752 suarum
668 728 881 762 comprehensus
911 736 952 759 est
975 740 1038 768 pec—

245 767 329 791 calor.

282 808 363 837 Vens.
382 811 423 839 18.
447 823 456 838 ι
470 812 670 850 Convertantur
684 823 853 852 peccatores.
869 831 879 848 ι

280 855 464 891 Peeeatorum,
493 861 722 894 quemadmodum
745 865 932 902 etjustorum,
957 870 1034 904 plura

243 909 302 928 esse
326 911 425 938 genera
448 906 629 936 convincitur.
651 909 704 938 Sed
716 911 767 939 hoc
789 912 849 940 loco
872 920 1032 948 peceatores

241 948 359 981 appellat
374 949 507 983 inﬁdeles,
523 960 591 986 quos
602 955 682 982 etiam
698 956 745 984 Dei
761 958 926 988 oblivionem
940 962 1034 1001 subire

240 991 318 1019 dixit.
338 991 504 1029 Sicutigitur
513 997 559 1030 qui
575 999 691 1027 credunt
702 1001 729 1027 in
745 1001 840 1036 Deum,
853 1004 917 1032 licet
930 996 1029 1034 mortui

239 1036 461 1072 fuerint,vivunt;
475 1049 537 1069 nam
548 1044 592 1077 qui
604 1045 685 1072 credit
697 1047 723 1072 in
734 1055 785 1079 me,
794 1048 883 1084 inquit
893 1050 1028 1084 Christus,

237 1081 341 1109 etiamsi
360 1090 479 1112 mortuus
491 1087 581 1122 fuerit.
599 1089 664 1117 vivet
674 1090 702 1117 ‘:
718 1092 758 1119 sic
770 1093 817 1127 qui
832 1102 887 1121 non
902 1096 1027 1130 credunt,

237 1127 318 1154 etiam
336 1133 482 1163 antequam
507 1133 667 1168 moriantur,
685 1142 797 1172 propter
811 1141 975 1169 sententiam
998 1142 1028 1170 in

235 1172 308 1206 ipsos
328 1174 407 1202 latam
425 1178 523 1204 mortui
533 1184 606 1207 sunt.
971 1197 974 1200 '

240 1212 243 1215 ’
271 1218 408 1247 Vrns.53.
429 1231 438 1246 ι
455 1222 588 1258 Exsurge,
609 1225 732 1254 Domine.
747 1237 756 1253 I

269 1263 428 1300 Interrogat,
445 1268 582 1301 quodnam
604 1269 691 1306 impii.
717 1273 822 1302 scilicet
846 1276 956 1310 diaboli,
981 1281 1024 1307 vel

232 1310 309 1337 valde
332 1311 407 1345 impii
428 1312 561 1347 hominis,
583 1321 727 1350 peccatum
757 1319 829 1348 Deus
851 1323 1023 1356 potissimum

230 1362 380 1386 aversetur.
398 1359 499 1389 Deinde
525 1362 664 1392 inductam
692 1365 750 1400 ipse
779 1367 1022 1405 interrogationem

229 1403 318 1431 solvit.
336 1404 409 1433 Dixit
422 1408 489 1434 enim
502 1408 529 1434 in
541 1410 617 1436 corde
634 1419 681 1437 suo
694 1420 703 1439 :
716 1412 775 1439 Non
793 1415 905 1449 requiret
918 1418 939 1443 ⁵.
953 1417 1024 1446 Con-

230 1449 352 1483 viciatur,
369 1451 468 1486 inquit,
482 1453 578 1486 Deum.
591 1460 620 1483 ut
639 1457 686 1492 qui
703 1466 747 1485 res
764 1466 872 1488 nostras
884 1462 944 1490 sine
957 1472 1022 1498 pro-

227 1494 346 1523 videntia
365 1502 392 1524 et
409 1499 468 1526 sine
482 1500 608 1528 examine
627 1509 686 1529 esse
701 1505 851 1538 permittat.
865 1506 930 1539 Quae
957 1517 1020 1543 per-

227 1541 319 1568 suasio
333 1542 453 1578 deeeptis
469 1546 551 1574 exitio
565 1555 626 1575 esse
639 1549 777 1584 reperitur
794 1560 799 1578 :
819 1560 903 1587 quare
922 1562 1018 1583 conse-
1033 1572 1053 1600 ο

227 1590 342 1600 ιιι-Ληριι-
358 1588 496 1600 ,...ι.ξ....,,ε.
558 1592 595 1600 ηυ,
607 1593 612 1598 1
641 1593 646 1600 ι
695 1594 710 1600 ι.

226 1590 342 1619 quenter
357 1588 517 1623 subjuuxit:
533 1600 542 1616 ι
558 1592 612 1620 Tibi
629 1593 767 1622 derelictus
787 1601 824 1623 est
837 1605 947 1634 pauper.
968 1610 978 1626 ι

507 1691 667 1722 PSALMUS
678 1695 736 1724 XII.

258 1741 342 1770 Vens.
356 1745 380 1771 I.
400 1753 409 1770 ι
427 1745 585 1782 Usquequo,
605 1750 728 1784 Domine,
750 1752 989 1785 obliviscerisme?
1003 1768 1013 1784 ι

257 1788 354 1817 Gravis
368 1797 434 1818 sane
464 1797 506 1819 est
521 1794 622 1822 oblivio
651 1797 706 1830 Dei,
723 1798 804 1825 etiam
831 1804 1012 1836 temporaria:

221 1835 286 1869 quin
300 1835 355 1863 imo
368 1842 483 1864 mortem
507 1839 589 1868 aﬂert
611 1843 795 1872 omnimodam
815 1851 844 1874 et
870 1848 1011 1877 immorta—

222 1880 284 1907 lem.

254 1925 336 1954 Vens.
354 1927 380 1954 5.
398 1937 408 1953 ι
425 1928 571 1966 Usquequo
588 1934 752 1962 exaltabitur
769 1937 914 1966 inimicus?
930 1950 939 1966 ι

255 1970 390 1998 Exaltatio
403 1973 475 2000 enim
496 1975 615 2008 Satanze,
629 1978 770 2013 depressio
795 1987 838 2009 est
860 1983 1010 2013 hominum.

220 2014 286 2042 Nam
302 2016 371 2045 sicut
397 2019 467 2046 Deus
479 2020 505 2046 in
520 2021 606 2050 salute
621 2029 713 2052 nostra
731 2028 855 2062 exaltari,
869 2030 907 2057 sic
918 2031 1013 2058 diabo-

220 2059 261 2088 lus
274 2062 300 2088 in
320 2065 471 2098 perditione
483 2068 576 2095 extolli
589 2069 699 2098 dicitur.

491 2155 651 2186 PSALMUS
666 2158 736 2187 XIV.

254 2193 334 2221 Vens.
351 2196 378 2222 5.
401 2206 410 2222 ι
422 2197 473 2230 Qui
485 2199 604 2235 loquitur
621 2204 763 2232 veritatem
790 2206 817 2232 in
836 2209 916 2236 corde
927 2218 985 2239 suo.
998 2222 1007 2238 ι

860 171 1042 207 HESYCHII
1061 178 1300 216 PRESBYTERI

1067 239 1090 266 Δ

1831 197 1900 230 1184

1396 246 1544 275 ΨΑΛΜΟΣ
1563 249 1603 277 ϐ’.
1618 267 1623 270 -

1141 295 1150 310 ι
1163 286 1416 327 Ἐξομολογήσομαί
1430 301 1476 320 σου
1491 295 1520 320 ὲν
1536 295 1585 332 ὅλῃ
1599 297 1709 333 καρδίᾳ.
1724 307 1735 324 ι

1135 331 1199 363 Πῶς
1222 333 1251 360 δὲ
1279 336 1308 362 ὲν
1334 336 1384 373 ὅλῃ
1410 339 1510 374 καρδίᾳ.
1532 331 1788 376 ἐξομολογοθμεθας
1809 345 1896 374 Ὅταν

1097 377 1199 412 μηκέτι
1223 381 1291 416 πρὸς
1313 383 1364 418 τὴν
1387 384 1528 420 ἁμαρτίαν
1544 387 1653 423 ἐκείνην
1671 389 1893 427 ὑποστρέψομεν,

1097 422 1168 458 ὑπὲρ
1183 422 1218 460 ἦς
1230 427 1398 464 συγγνώμην
1414 431 1491 466 παρὰ
1507 431 1554 458 τοῦ
1568 422 1638 460 Θεοῦ
1653 422 1873 472 πρεσϐευόμεθα.

1135 475 1144 491 ι
1157 468 1346 505 Ἐνεπάγησαν
1360 473 1425 510 ἔθνη
1439 475 1468 501 ὲν
1484 476 1630 513 διαφθορᾷ,
1643 476 1660 516 ᾖ
1676 468 1822 516 ἐποίησαν.
1836 492 1846 508 ι

1132 555 1216 593 Ἔθνη
1230 557 1259 604 ξὲ
1278 559 1395 588 ἐνταῦθα
1413 566 1616 600 προσαγορεύει
1633 568 1688 594 τῶν
1707 569 1844 604 δαιμόνων
1859 573 1890 599 τὸ

1093 600 1196 634 στῖφος.
1213 599 1294 630 Οὗτοι
1310 605 1365 640 γὰρ
1381 608 1426 633 τὸν
1443 599 1580 649 σῳτήριον
1605 613 1726 647 σταυρὸν
1750 599 1888 651 τεκτηνά-

1091 653 1178 679 μενοι,
1192 647 1236 675 διὰ
1250 649 1348 678 τούτου
1371 652 1422 686 τῆς
1444 645 1606 690 τυραννίδος
1631 658 1775 692 ἐξέπεσαν,
1792 662 1839 688 καὶ
1857 664 1886 689 ἐν

1089 692 1185 726 παγίδι
1229 694 1363 730 ἔκρυψαν,
1380 699 1539 736 συνελήφθη
1555 702 1568 728 ὁ
1582 703 1651 734 ποὺς
1664 690 1773 737 αὐτῶν,
1790 709 1839 734 καὶ
1856 709 1886 735 ἐν

1088 738 1146 768 τοῖς
1163 737 1255 774 ἔργοις
1269 741 1324 768 τῶν
1341 743 1442 779 χειρῶν
1459 745 1543 773 αὐτοῦ
1558 748 1715 785 συνελήφθη
1727 751 1740 776 ὁ
1755 752 1885 787 ἁμαρτω-

1087 781 1142 814 λός.

1125 838 1133 854 ι
1146 828 1417 867 Ἀποστραφήτωσαν
1433 835 1458 862 οί
1470 836 1638 873 ἁμαρτωλοί.
1656 850 1666 866 ι

1126 874 1310 911 Ἀμαρτωλῶν
1325 879 1412 906 πολλὰ
1425 881 1504 916 γένη,
1520 883 1616 919 ὥσπερ
1632 885 1664 919 δὴ
1685 886 1733 913 καὶ
1755 886 1880 921 δικαίων,

1083 920 1258 954 γνωρίζεται.
1266 923 1401 951 Ἐνταῦθα
1417 926 1446 952 δὲ
1465 927 1647 963 ἁμαρτωλοὺς
1665 931 1730 962 τοὺς
1747 920 1880 964 ἀπίστους

1082 965 1169 997 καλεῖ,
1182 965 1229 998 οὓς
1243 969 1290 994 καὶ
1302 968 1388 1005 λήθην
1400 971 1448 997 τοῦ
1459 972 1529 999 Θεοῦ
1542 974 1640 1001 παθεῖν
1654 975 1879 1013 ἔφησεν.”ασπερ

1079 1011 1169 1039 τοίνυν
1184 1013 1210 1039 οι
1227 1014 1402 1047 πιστεύοντες
1420 1017 1461 1049 εις
1476 1019 1522 1045 τὸν
1539 1019 1606 1047 Θεὺν
1636 1021 1721 1054 ζῶσι,
1738 1022 1791 1048 κᾶν
1805 1024 1878 1049 ἀπο-

1079 1055 1207 1083 θάνωσιν·
1227 1058 1258 1085 '0
1267 1060 1322 1096 γὰρ
1330 1063 1483 1089 πιστεύων
1496 1065 1540 1097 εις
1551 1065 1614 1100 ἐμὲ,
1630 1067 1735 1101 φησὶνὸ
1747 1068 1875 1103 Χριστὸς,

1078 1101 1136 1128 κᾶν
1148 1104 1296 1139 ἀποθάνῃ,
1313 1106 1444 1142 ζήσεται,
1458 1109 1545 1142 οὓτως
1570 1112 1596 1137 οἱ
1619 1101 1810 1146 ἀπιστοῦντες.
1826 1115 1876 1141 καὶ

1077 1148 1143 1182 πρὶν
1166 1149 1324 1185 ἀποθανεῖν,
1342 1153 1387 1180 διὰ
1410 1155 1460 1190 τὴν
1475 1156 1615 1191 ἀπόφασιν
1638 1159 1689 1194 τὴν
1709 1159 1758 1186 ὑπ’
1767 1161 1872 1194 αὺτοῖς,

1076 1194 1251 1230 τεθνήκασιν.

1115 1249 1124 1265 ι
1136 1240 1291 1278 Ἀνάστηθι,
1310 1245 1408 1280 Κύριε.
1426 1256 1434 1272 ι

1116 1286 1221 1323 Ἐρωτᾷ
1239 1289 1319 1316 ποίαν
1331 1292 1345 1317 ὁ
1357 1292 1423 1324 Θεὸς
1435 1292 1484 1319 τοῦ
1497 1294 1623 1327 ἀσεϐοῦς,
1641 1295 1743 1331 δηλαδὴ
1753 1297 1800 1324 τοῦ
1810 1298 1871 1324 δια-

1075 1331 1166 1365 ϐόλου,
1180 1333 1196 1368 ἢ
1211 1335 1258 1360 καὶ
1272 1335 1320 1362 τοῦ
1336 1336 1398 1363 λίαν
1414 1338 1578 1371 ἀσεϐοῦντος
1598 1340 1758 1376 ἀνθρώπου,
1780 1343 1871 1379 ἁμαρ-

1073 1377 1135 1404 τίαν
1156 1380 1362 1415 ἀποστρέφεται
1386 1383 1520 1417 μάλιστα·
1538 1383 1598 1411 εἶτα
1620 1387 1702 1419 αὐτὸς
1721 1377 1870 1422 ἐπαγαγὼν

1072 1422 1122 1457 τὴν
1136 1423 1281 1459 ἐρώτησιν,
1298 1426 1404 1454 ἔλυσεν.
1424 1426 1519 1455 Εἶπεν
1535 1431 1589 1464 γὰρ
1598 1430 1634 1456 ὲν
1646 1431 1753 1465 καρδίᾳ
1764 1432 1869 1464 αὑτοῦ,

1075 1470 1135 1496 Οὐκ
1156 1469 1323 1504 ἐκζητήσει.
1340 1473 1510 1507 Συκοφαντεῖ
1535 1476 1581 1502 τὸν
1607 1476 1693 1509 Θεὸν,
1713 1479 1807 1512 φησὶν,
1831 1477 1870 1509 ὠς

1071 1515 1227 1551 ἀπρονόητα
1242 1517 1290 1542 καὶ
1305 1518 1499 1554 ἀνεξιχνίαστα
1523 1519 1593 1548 εῖναι
1619 1523 1816 1559 συγχωροῦντα
1834 1524 1869 1550 τὰ

1071 1561 1192 1596 ἡμέτερα
1202 1570 1209 1576 ·
1227 1562 1296 1598 ὅπερ
1310 1564 1451 1598 ἀπωλείας
1466 1568 1610 1606 προτροπὴ
1634 1570 1690 1600 τοῖς
1717 1569 1867 1605 ἀπατωμέ-

1068 1614 1123 1636 vat;
1137 1606 1295 1641 εὑρίσκεται
1306 1617 1312 1623 ·
1332 1611 1476 1645 τοιγαροῦν
1491 1612 1649 1644 ἀκολούθως
1683 1613 1840 1648 προσέθηκε
1857 1622 1864 1629 ⁸

1071 1659 1080 1675 ι
1097 1651 1148 1678 Σοὶ
1160 1652 1425 1686 ἐγκαταλέλειπται
1439 1658 1455 1683 ὀ
1467 1658 1596 1692 πτωχός.
1611 1668 1619 1682 ι

1350 1710 1377 1736 Ψ
1378 1712 1498 1738 ΑΛΜΟΣ
1525 1713 1576 1740 IB’.

1072 1749 1076 1752 ”
1104 1761 1193 1793 ι”Εως
1210 1763 1286 1795 πότε,
1305 1764 1402 1800 Κύριε,
1420 1766 1539 1803 ἐπιλήσῃ
1557 1776 1613 1802 με;
1637 1778 1646 1794 ι

1103 1806 1172 1833 Θεοῦ
1188 1808 1243 1843 γὰρ
1257 1809 1325 1844 λήθη
1339 1811 1445 1847 χαλεπὴ
1463 1813 1524 1847 μὲν,
1536 1814 1583 1840 καὶ
1597 1814 1780 1849 πρόσκαιρος·
1793 1816 1862 1843 ἀλλὰ

1067 1850 1120 1886 μὴν
1138 1851 1252 1879 θάνατον
1268 1855 1395 1890 ἐπιφέρει
1409 1858 1529 1894 παντελῆ
1550 1860 1598 1886 καὶ
1612 1860 1756 1887 ἀθάνατον.

1103 1937 1191 1969 «Ἕως
1206 1939 1271 1966 πότε
1284 1941 1461 1976 ὑψωθήσεται
1476 1944 1490 1970 ό
1504 1945 1618 1980 ἐχθρός
1633 1956 1642 1972 ι

1099 1981 1184 2016 ’Ὕψος
1200 1985 1254 2020 γὰρ
1270 1986 1317 2011 τοῦ
1331 1987 1448 2020 Σατανᾶ,
1460 1989 1476 2023 ή
1491 1991 1546 2016 τῶν
1560 1991 1714 2026 ἀνθρώπων
1723 1993 1859 2019 ταπείνω-

1064 2035 1115 2058 σις.
1134 2029 1269 2065 Καθάπερ
1281 2032 1334 2067 γὰρ
1349 2033 1363 2058 ὁ
1373 2032 1439 2064 Θεὸς
1449 2035 1478 2060 ὲν
1492 2036 1525 2071 τῇ
1541 2037 1664 2072 σωτηρίᾳ
1679 2037 1812 2071 ὑψοῦσθαι
1823 2040 1856 2074 τῇ

1063 2073 1196 2111 ἡμετέρα,
1206 2076 1294 2108 οὕτως
1305 2079 1319 2104 ό
1331 2077 1456 2110 διάϐολος
1471 2081 1499 2106 ὲν
1510 2082 1543 2116 τῇ
1558 2082 1683 2117 ἀπωλείᾳ
1693 2083 1856 2118 ἐπαίρεσθαι

1062 2120 1181 2154 λέγεται.

1346 2170 1394 2196 ΨΑ
1399 2171 1494 2198 ΛΜΟΣ
1518 2173 1568 2200 IA'.

1099 2221 1109 2238 ι
1123 2212 1219 2240 Λαλῶν
1235 2212 1366 2249 ἀλήθειαν
1378 2216 1408 2242 ὲν
1424 2217 1524 2252 καρδίᾳ
1541 2218 1635 2245 αὑτοῦ.
1651 2228 1660 2244 ι

252 2241 339 2269 Corde
358 2242 444 2278 prius.
461 2249 488 2272 et
506 2246 606 2275 deinde
618 2248 719 2284 lingua,
732 2259 781 2278 nos
795 2253 852 2280 vult
862 2262 923 2282 esse
934 2265 1008 2284 vera-

252 2295 261 2301 η
288 2287 326 2301 Π..
348 2290 493 2301 -L....1_._.o
567 2294 571 2299 -
667 2297 682 2301 ..
776 2298 781 2301 .
839 2299 844 2301 .

1096 2259 1234 2295 Πρότερον
1249 2241 1394 2295 ἀληθεύειν
1411 2241 1485 2298 fiuit;
1500 2241 1571 2291 ἱατὰ
1586 2265 1710 2300 καρδίαν,
1722 2266 1767 2292 καὶ
1782 2267 1854 2301 μετὰ

216 2294 272 2314 ces.
287 2287 326 2315 Em
345 2290 510 2318 abundantia
529 2294 598 2320 enim
611 2297 705 2328 cordis,
726 2306 756 2324 os
771 2298 889 2333 loquitur
905 2302 925 2328 “.
937 2302 1005 2330 Cum

215 2337 306 2360 autem
331 2334 419 2362 dicit:
440 2336 494 2363 Nec
522 2339 715 2373 fecitproximo
741 2351 789 2369 suo
806 2345 923 2378 malum;
953 2355 1005 2375 non

216 2378 260 2406 hic
270 2380 371 2408 caedem
391 2387 507 2417 tantum,
523 2385 571 2412 sed
584 2390 611 2412 et
632 2387 774 2421 quodlibet
801 2390 874 2418 aliud
900 2392 1005 2421 crimen

213 2425 309 2453 vetuit.

249 2525 259 2541 ι
275 2515 308 2543 Et
321 2520 496 2553 opprobrium
511 2530 564 2550 non
581 2526 696 2560 accepit.
715 2537 723 2552 ι

247 2562 433 2598 Cogitabimns
446 2573 538 2595 autem
553 2572 862 2608 proximos,peccatores
875 2582 904 2606 et
916 2578 1003 2607 imbe-

210 2607 286 2635 cilles
296 2616 366 2642 esse,
383 2611 421 2638 uti
437 2620 504 2645 nos;
523 2623 557 2642 ne
574 2624 637 2644 cum
653 2618 703 2653 ipsi
724 2627 880 2655 peceatores
905 2625 1001 2659 simus,

209 2653 269 2680 aliis
280 2660 420 2687 peccatum
435 2659 607 2695 objiciamus,
631 2665 696 2698 quin
710 2665 826 2695 invicem
842 2671 932 2704 potius
952 2672 1001 2699 ad-

210 2698 351 2728 hortemur
365 2707 446 2738 atque
464 2705 641 2736 instruamus.

244 2745 325 2774 Vens.
350 2748 377 2776 ι.
413 2759 421 2775 ι
445 2750 587 2781 Timentes
613 2759 704 2784 autem
730 2757 875 2788 Dominum
901 2762 1000 2797 gloriﬁ-

207 2794 262 2817 Cnt.
285 2800 294 2816 I

243 2866 254 2882 ‘
268 2867 347 2898 Joan.
363 2880 391 2904 ιι,
406 2873 449 2900 25.
492 2875 501 2889 "
516 2875 586 2904 I'sal.
605 2885 630 2910 κ,
651 2878 689 2907 l5.
730 2882 739 2894 "
752 2881 847 2910 Matth.
865 2885 970 2914 “1.34.

1056 2304 1144 2331 ταῦτα
1160 2306 1230 2332 κατὰ
1245 2306 1295 2341 τὴν
1309 2307 1437 2341 γλῶσσαν
1449 2309 1584 2344 βούλεται.
1595 2312 1645 2338 Ἐκ
1662 2312 1717 2346 γὰρ
1731 2313 1785 2339 τοῦ
1799 2322 1852 2340 πε-

1052 2352 1258 2386 ρισσεύματος
1281 2352 1335 2386 τῆς
1357 2355 1483 2388 καρδίας
1501 2356 1535 2383 τὸ
1547 2358 1645 2392 στόμα
1659 2359 1756 2386 λαλεῖ,
1766 2360 1810 2386 Ἐν
1824 2360 1853 2387 δὲ

1055 2397 1095 2432 τῷ
1103 2397 1203 2430 εἰπεῖν,
1215 2399 1277 2425 Οὐκ
1285 2400 1412 2434 ἐποίησε
1421 2401 1460 2434 τῷ
1470 2403 1606 2435 πλησίον
1617 2405 1721 2437 κακὸν,
1734 2405 1851 2431 ἐνταῦθα.

1055 2441 1086 2467 οὺ
1113 2441 1195 2476 φόνου
1219 2443 1316 2478 μόνον,
1333 2445 1403 2472 ἀλλὰ
1427 2447 1474 2473 καὶ
1498 2448 1591 2483 πάσης
1612 2449 1696 2484 ἄλλης
1712 2450 1852 2485 ἁμαρτίας

1054 2486 1203 2515 ἐκώλυσεν.

1092 2542 1102 2558 ι
1117 2534 1171 2560 Καὶ
1187 2535 1339 2571 ὀνειδισμὸν
1354 2537 1405 2563 οὐκ
1420 2538 1529 2565 ἐλαϐεν,
1545 2548 1554 2564 ι

1090 2579 1159 2612 Τοὺς
1181 2581 1211 2607 δὲ
1231 2581 1470 2619 ἕγγιστα,ῶσπερ
1487 2586 1586 2620 ἡμεῖς,
1604 2586 1786 2621 ἁμαρτωλοὺς
1801 2587 1850 2614 καὶ

1047 2626 1176 2658 ἀσθενεῖς
1188 2629 1334 2664 νοήσομεν,
1351 2631 1396 2657 ἵνα
1412 2631 1450 2666 μὴ
1464 2632 1624 2667 ἁμαρτωλοὶ
1638 2633 1777 2668 ἁμαρτίαν
1793 2635 1848 2660 ἑτέ-

1055 2680 1112 2706 ροις
1134 2673 1326 2710 ὀνειδίζωμεν,
1344 2676 1518 2712 νουθετῶμεν
1533 2677 1562 2704 δὲ
1580 2679 1682 2713 μᾶλλον
1704 2679 1846 2714 ἀλλήλους,

1055 2718 1103 2744 καὶ
1116 2719 1301 2756 διδάσκωμεν.

1094 2774 1102 2789 ι
1119 2765 1189 2798 Τοὺς
1202 2767 1230 2793 δὲ
1243 2767 1432 2804 φοϐουμένους
1446 2769 1493 2797 τὸν
1509 2770 1613 2806 Κύριον
1629 2769 1746 2803 δοξάζει.
1762 2780 1772 2797 ι
