2056 3148
151 221 223 256 1135

723 221 960 253 FRAGMENTA
969 221 1022 252 ἸΝ
1042 221 1225 252 PSALMOS.

1723 221 1792 253 1186

185 277 246 306 Κᾶν
260 277 386 309 ἀσθενεῖς
401 274 466 309 ὥσ..
481 278 533 305 κᾶν
544 277 659 312 πτωχοὶ,
672 276 725 304 κᾶν
742 276 943 313 βάρϐαροι,κᾶν

997 275 1011 311 ι
1027 274 1147 302 Tametsi
1159 274 1309 302 imbecilles
1325 274 1391 307 sint,
1402 273 1509 301 tametsi
1522 280 1667 308 pauperes,
1683 276 1791 302 tametsi

150 324 298 358 ἀλλότριοι.
316 323 345 348 Ὀ
368 322 422 357 γὰρ
446 323 510 354 τοὺς
531 322 767 357 πονηρευομένους
786 322 943 355 ὲξουδενών,

149 368 212 399 τοὺς
226 368 254 394 δὲ
266 367 451 402 φοϐουμένους
466 368 511 394 τὸν
525 367 628 401 Κύριον
643 367 773 399 δοξάζων,
786 367 901 399 πολλοὺς
913 368 945 394 ὲκ

151 413 284 448 πονηρίας
300 413 463 448 ἀποτρέπει.
481 414 630 448 προτρέπει
647 413 675 439 δὲ
690 412 756 448 πρὸς
774 413 924 439 εὐσέϐειαν.

436 457 585 483 ΨΔΛΜΟΣ
609 457 661 484 lE’.

189 513 197 528 ι
214 502 318 537 Κύριός
336 511 388 537 μου
405 500 432 528 εἴ
443 502 487 529 σύ.
502 512 511 528 ι

192 548 275 583 Ὁρᾷς
298 550 348 583 τῆς
367 549 530 582 Ἐκκλησίας
556 548 605 584 τὴν
629 549 943 585 εὐγνωμοσύνην.”ομοῢ

150 594 205 629 γὰρ
225 594 274 619 καὶ
294 594 344 629 τὴν
362 594 461 628 ἑαυτῆς
477 594 623 628 πτωχείαν,
641 595 688 621 καὶ
705 594 752 621 τοῦ
766 594 883 629 νυμφίου
898 595 944 622 τὸν

151 640 267 666 πλοῦτον
290 639 475 674 ὡμολόγησεν.
492 637 578 671 Εἶπα,
596 642 675 674 φησι,
692 640 732 673 τῷ
746 641 853 674 Κιφίῳ,
864 649 944 668 τουτ-

151 686 209 712 έστι
223 686 263 720 τῷ
286 685 404 720 Χριστιῖι,
432 686 541 720 Κύριός
560 695 620 720 μου
635 685 663 712 εἴ
676 687 727 714 σύ.
743 687 801 713 Οὐκ
815 685 850 720 εἷ,
867 689 943 723 φησὶ,

150 733 226 767 ψιλὸς
245 733 398 767 ἄνθρωπος,
415 731 483 758 ἀλλὰ
496 731 609 766 Κύριος,
622 732 716 767 ἐπειδὴ
729 732 826 767 δούλην
843 733 882 765 εἰς
894 734 945 768 γά-

153 786 203 812 μου
225 778 380 809 κοινωνίαν,
396 777 444 803 καὶ
457 777 507 810 τὴν
519 776 672 811 ἀπόϐλητον
689 777 796 809 ἔλαϐες.

190 833 199 849 ι
215 824 317 858 Κύριος
333 823 412 858 μερὶς
432 822 481 857 τῆς
495 822 680 858 κληρονομίας
697 831 749 858 μου
767 824 815 850 καὶ
831 823 877 849 τοῦ
896 832 943 850 πο-

151 870 247 904 τηρίου
264 878 326 903 μου.
345 879 354 894 i

187 915 378 950 κληρονομίας
398 914 474 949 φησὶ,
492 914 617 940 τουτέστι
641 914 688 940 τοῦ
707 915 860 949 μυστηρίου
882 915 943 942 ιιτού⁸

994 322 1123 356 barbari,
1147 321 1254 349 tametsi
1283 321 1453 356 alienigenae.
1485 319 1537 353 Qui
1559 321 1632 348 enim
1656 321 1791 356 malignos

994 367 1159 399 contemnit,
1187 367 1314 394 timentes
1355 374 1420 393 vero
1457 365 1602 393 Dominum
1637 366 1789 402 gloriﬁcat,

994 413 1094 441 multos
1109 420 1124 439 a
1145 412 1265 447 nequitia
1281 412 1390 444 avertit,
1406 415 1433 438 et
1450 411 1483 438 ad
1499 410 1626 446 pietatem
1643 412 1787 439 convertit.

1261 455 1423 484 PSALMUS
1440 455 1499 484 XV.

1029 503 1112 531 Vens.
1124 503 1151 530 2.
1169 513 1178 529 ι
1193 503 1324 530 Dominus
1341 511 1418 530 meus
1430 510 1459 530 es
1476 507 1516 530 tu.
1531 510 1541 527 ι

1005 552 1019 561 ’ν
1029 548 1111 576 Vides
1127 548 1255 576 Ecclesiae
1271 547 1463 583 gratitudinem
1473 556 1481 575 :
1492 547 1571 574 simul
1584 547 1657 574 enim
1668 552 1696 574 et
1711 555 1788 575 suam

993 598 1190 629 paupertatem,
1216 597 1244 621 et
1261 593 1352 627 sponsi
1372 593 1481 620 divitias
1498 592 1619 628 professa
1641 597 1693 620 est.
1713 591 1789 626 Dixi,

994 640 1092 675 inquit,
1108 639 1222 666 Domino
1238 639 1277 672 (id
1290 643 1333 665 est
1361 637 1481 673 Christo)
1496 647 1503 666 :
1517 638 1644 665 Dominus
1671 647 1744 665 meus
1763 647 1790 666 es

995 690 1033 712 tu.
1054 685 1113 712 Non
1125 692 1164 715 es.
1176 685 1276 718 inquit,
1290 691 1375 718 purus
1387 683 1479 715 homo.
1497 684 1545 710 sed
1573 683 1725 710 Dominus:
1750 684 1787 711 sl-

993 728 1103 763 quidem
1121 736 1228 756 scrvam
1243 729 1270 754 in
1286 735 1398 755 uxorem
1411 732 1440 755 et
1454 729 1555 756 sociam
1567 728 1680 759 duxisti.
1696 733 1724 755 et
1749 736 1788 755 re-

991 774 1091 808 jectam
1108 773 1155 800 tibi
1170 773 1345 808 conjunxisti.

1029 819 1109 846 Vens.
1123 819 1150 847 5.
1170 829 1178 845 ι
1195 819 1326 847 Dominus
1342 826 1405 854 pars
1420 818 1587 846 haereditatis
1603 825 1697 844 meae.»

1028 918 1200 945 [hereditatis
1212 918 1332 952 (inquit),
1349 917 1403 945 hoc
1419 922 1461 944 est
1471 917 1592 952 mysterii
1606 916 1699 951 hujus.
1719 915 1787 944 Nam

150 969 207 986 του.
229 960 419 995 κληρονομίαν
435 960 489 994 γὰρ
505 961 534 986 ὲν
548 959 586 994 τῷ
599 959 679 986 αἰῶνι
695 960 782 996 τούτῳ
797 961 813 995 ἡ
830 961 942 995 Ἐκκλη-

995 963 1023 990 in
1039 964 1164 998 prtnsenti
1177 964 1287 996 saeculo,
1304 968 1403 999 praeter
1416 964 1504 990 solum
1522 962 1619 994 Deum,
1631 970 1687 988 non
1706 961 1788 988 habet

151 1007 196 1033 σία
221 1007 250 1032 οὺ
271 1006 417 1041 κέκτηται,
437 1007 507 1041 πλὴν
525 1006 606 1040 μόνον
623 1006 668 1032 τὸν
685 1006 860 1037 Θεόν.”οστις
875 1006 942 1041 αὐτῇ

150 1053 196 1079 τὸν
211 1052 312 1087 κλῆρον
329 1052 492 1086 εὐπρεπίζει
507 1052 552 1078 τὸν
567 1052 709 1086 μέλλοντα,
725 1052 769 1078 διὰ.
783 1052 862 1078 τοῦτο
873 1052 945 1078 εἰκό-

151 1107 204 1129 τως
223 1099 237 1125 ὁ
251 1099 341 1133 στίχος
357 1100 371 1124 ὁ
386 1099 519 1132 ἑπόμενος
545 1099 726 1133 πρόσκειται·
745 1107 754 1124 ι
770 1097 812 1125 Σὺ
830 1096 858 1125 el
868 1098 944 1126 ἀπο-

151 1144 302 1170 καθιστῶν
318 1144 375 1177 τὴν
388 1144 605 1178 κληρονομίαν.
623 1153 633 1170 ι

189 1199 198 1214 ι
217 1191 362 1225 Εὑλογήσω
374 1190 420 1216 τὸν
435 1189 547 1224 Κύριον.
563 1199 572 1214 ι

188 1235 301 1269 Εὐλογεί
314 1237 360 1262 τδν
375 1236 442 1262 Θεὸν
452 1237 469 1271 ἡ
487 1235 646 1270 Ἐκκλησία.
665 1235 703 1267 ὡς
719 1235 786 1271 παρ’
796 1235 882 1262 αὑτοῦ
903 1235 945 1262 δε.

153 1281 258 1315 ξαμένη
272 1281 326 1308 τῶν
341 1281 500 1316 μυστηρίων
513 1281 563 1315 τὴν
581 1280 698 1312 σύνεσιν,
714 1280 763 1306 καὶ
776 1280 826 1315 τὴν
839 1280 944 1315 πλάνην

152 1328 206 1354 τῶν
223 1328 359 1354 Ἰουδαίων
374 1327 535 1354 ὲκιλίνασα.

190 1382 200 1398 ι
214 1372 392 1409 Προωρώμην
415 1373 461 1400 τὸν
487 1372 589 1408 Κύριον
610 1371 726 1399 ἐνώπιόν
750 1379 805 1407 μου
828 1372 943 1399 διαπαν-

151 1417 209 1448 τός.
225 1427 235 1444 ι

189 1463 308 1497 Θεωρεῖς
319 1463 383 1489 Υἱοῦ
397 1463 444 1489 καὶ
455 1462 562 1498 [ἰατρὸς
572 1463 735 1498 δμοτιμίανς
748 1462 817 1489 Ποτὲ
830 1462 880 1498 μὲν
890 1463 944 1498 γὰρ

153 1509 168 1534 ὁ
182 1507 245 1538 Tib;
263 1508 373 1534 ἑστάναι
388 1508 420 1534 ἐκ
436 1507 542 1540 δεξιῶν,
559 1507 575 1542 ἢ
595 1507 734 1542 καθῆσθαι
751 1507 861 1541 λέγεται
872 1516 878 1523 ·
896 1507 943 1534 νῦν

154 1553 182 1579 δὲ
198 1553 236 1587 τῷ
250 1553 337 1588 [lat-pi
351 1553 397 1578 τὸν
412 1553 499 1585 δεξιὸν
513 1553 595 1579 τόπον
612 1552 744 1587 ἀπονέμει
755 1560 762 1567 ”
786 1552 830 1579 ἵνα
854 1553 943 1589 μάθῃς

155 1598 220 1632 μίαν
232 1596 302 1623 εἷναι
314 1597 362 1623 τοῦ
379 1597 560 1632 Γεννηθέντος
572 1597 619 1624 καὶ
635 1598 683 1623 τοῦ
698 1597 882 1631 Γεννήσαντος
895 1598 942 1623 δύ-

153 1652 246 1678 ναμιν,
263 1643 344 1670 sint
354 1643 402 1670 νῦν
416 1643 534 1670 ταπεινὰ
552 1643 598 1669 διὰ
610 1643 658 1678 τὴν
674 1643 765 1678 σάρκα
782 1643 942 1678 φθέγγεται.

436 1689 582 1726 ΨΑΛΜΟΣ
601 1699 658 1733 tq’.

191 1754 201 1771 ι
216 1745 420 1780 Θαυμάστωσον
434 1745 468 1771 τὰ
484 1745 548 1779 ἀλέη
562 1753 607 1771 σου
619 1764 626 1776 ,
641 1745 654 1771 ὀ
669 1743 764 1777 σώζων
782 1745 844 1777 τοὺς
866 1745 944 1772 ἑλπί-

154 1789 251 1822 ζοντας
269 1791 314 1816 ἐπὶ
330 1790 371 1816 σέ.
388 1799 397 1815 ι

190 1835 257 1863 Ποῖα
272 1835 429 1870 διαδήματα
443 1835 658 1870 καταρτισοῆναι
670 1834 700 1862 ὲν
710 1836 772 1867 ταῖς
785 1836 889 1871 τρίϐοις
897 1835 944 1863 τοῦ

155 1882 240 1914 Θεοῦ,
259 1882 323 1908 ποῖα
339 1880 423 1917 δὲ’μὴ
442 1881 605 1916 σαλευθῆναι
623 1883 636 1907 ὁ
656 1883 804 1918 Προφήτης
817 1882 943 1917 εὖχεται;

155 1928 323 1962 Διαόήματα
345 1927 441 1963 πρῶτα
455 1928 489 1954 τά
512 1928 562 1963 τῆς
584 1928 675 1962 ψυχῆς
691 1929 831 1963 κινήματα
843 1929 944 1963 κεκτή-

157 1973 243 2008 μεθα,
261 1974 309 1999 καὶ
323 1973 411 2000 ταῦτα
426 1972 661 2007 καταρτισθῆναι
671 1994 678 2006 ,
694 1974 816 2000 τουτέστι
831 1974 945 2008 βεϐαιω-

156 2019 287 2052 θῆναι,ἐγ
297 2019 361 2052 ταῖς
372 2020 481 2053 τρίσοις
494 2019 540 2045 τοῦ
551 2019 630 2051 Θεοῦ,
645 2020 673 2045 ὲν
685 2020 740 2050 τοῖς
753 2019 945 2055 προστάγμασι

154 2065 210 2095 τοῖς
225 2065 307 2096 asini;
321 2065 442 2099 δηλονότι
453 2065 645 2100 προσεύχεται.
657 2064 766 2091 Τούτων
778 2065 832 2100 γὰρ
842 2074 945 2100 καταρ-

154 2107 310 2141 τιςοέντων,
326 2110 385 2136 οὐδὲ
400 2110 433 2136 τὰ
448 2110 516 2136 ἄλλα.
533 2110 612 2145 ἡμῶν
627 2110 792 2146 διαδήματα,
807 2112 945 2137 τουτέστιν

156 2156 185 2180 αι
203 2155 328 2189 πράξεις,
344 2155 503 2182 σαλεύονται
513 2165 520 2171 ·
534 2155 658 2190 ἁμαρτία
673 2156 728 2191 γὰρ
744 2156 814 2183 αὐτὰ
829 2156 944 2192 μοχλεῦ-

157 2207 200 2225 σαι
217 2200 248 2225 οὐ
263 2199 384 2226 δύναται.

192 2254 201 2270 ι
218 2245 249 2271 Οἱ
263 2245 356 2280 ὲχοροι
373 2253 424 2280 μου
438 2245 488 2280 τὴν
501 2245 590 2281 ψυχήν
605 2254 668 2281 μου.
685 2255 695 2272 ι

189 2338 329 2365 Κυκλοῦσι
353 2339 407 2374 γὰρ
421 2339 471 2374 τὴν
487 2339 575 2374 ψυχὴν
591 2338 670 2374 ἡμῶν
683 2339 707 2365 οι
721 2338 865 2374 δαίμονες,
883 2338 940 2371 καὶ,

155 2382 257 2418 θηρίων
263 2384 351 2420 δίκην.
362 2383 477 2416 ἕκαστος
489 2384 693 2420 προσλαμϐάνει
708 2383 870 2417 παγιδεῦσαι
881 2384 944 2418 βου-

156 2428 278 2463 λόμενος.
292 2429 380 2465 Στέαρ
399 2429 427 2456 δὲ
440 2430 494 2456 τῶν
508 2430 654 2464 δαιμόνων.
665 2430 712 2456 καὶ
727 2429 814 2465 τροφὴ
828 2429 942 2464 λιπαρὰ,

155 2474 180 2500 οἱ
190 2474 405 2510 ἁμαρτάνοντες,
417 2475 463 2507 οὒς
478 2477 536 2506 ταῖς
548 2475 653 2510 ἡδοναῖς
665 2475 862 2508 ἀπολαύοντας,
873 2475 944 2502 ὥστε

156 2520 255 2554 μηκέτι
272 2520 425 2555 διαφυγεῖν,
443 2521 628 2556 συγκλείουσι.
644 2521 727 2548 Ποίαν
749 2521 778 2548 δὲ
800 2522 944 2557 ὑπερηφαο

154 2565 232 2599 νίαν;
258 2566 314 2600 Τὴν
331 2567 501 2595 ἀποστασίαν
517 2568 566 2603 τὴν
581 2567 636 2595 ἀπὸ
658 2567 706 2594 τοῦ
721 2567 800 2600 Θεοῦ,
818 2568 867 2602 τὴν
880 2569 945 2595 ἀπι-

156 2611 232 2638 στίαν
254 2611 303 2638 τοῦ
328 2613 472 2647 μέλλοντος
486 2633 493 2646 ,
517 2614 567 2649 τῆς
591 2613 707 2649 κρίσεως
731 2615 780 2647 τὴν
803 2613 942 2648 ἀθέτησιν.

995 1009 1116 1038 Ecclesia
1128 1011 1325 1037 hazreditatem.
1344 1009 1393 1036 llic
1405 1009 1442 1036 illi
1455 1009 1574 1036 futuram
1601 1008 1788 1036 hereditatem

995 1061 1073 1091 parat
1085 1066 1090 1083 :
1106 1061 1250 1092 propterea
1264 1057 1327 1083 huic
1348 1056 1484 1083 versiculo
1507 1062 1626 1089 sequens
1638 1054 1700 1089 jure
1711 1054 1788 1081 addi-

995 1107 1040 1130 tur
1058 1112 1065 1130 :
1081 1111 1090 1128 ι
1102 1102 1138 1130 Tu
1150 1110 1176 1129 es
1186 1103 1231 1138 qui
1244 1103 1364 1129 restitues
1373 1102 1566 1128 Iuvreditatem.
1582 1110 1592 1126 ι

1030 1194 1111 1221 Vens.
1125 1193 1151 1220 ’⁷.
1173 1202 1182 1219 ι
1196 1193 1358 1220 Benedicam
1377 1192 1534 1219 Dominum.
1551 1201 1560 1216 ι

1030 1239 1086 1267 Deo
1105 1240 1242 1267 benedicit
1257 1239 1388 1271 Ecclesia,
1405 1242 1434 1265 ut
1450 1246 1511 1272 qua:
1525 1238 1560 1265 ab
1570 1238 1631 1272 ipso
1645 1237 1787 1272 mysterio-

994 1292 1054 1312 rum
1068 1285 1274 1321 intelligentiam
1288 1285 1434 1320 acceperit,
1454 1290 1486 1311 ac
1500 1284 1654 1311 Iudaeorum
1664 1290 1786 1310 errorem

994 1331 1183 1360 declinaverit.

1032 1379 1110 1406 Vens.
1120 1379 1146 1406 8.
1159 1388 1168 1404 ι
1181 1378 1359 1406 Providebam
1370 1377 1515 1405 Dominum
1526 1376 1553 1403 in
1565 1380 1712 1411 conspectu
1725 1382 1786 1411 meo

995 1431 1111 1459 semper.
1130 1434 1140 1450 ι

1030 1468 1112 1497 Vides
1125 1469 1256 1504 aequalem
1270 1468 1331 1495 Filii
1347 1475 1408 1495 cum
1421 1467 1500 1496 Patre
1518 1466 1674 1502 dignitatem
1686 1466 1697 1492 ?
1712 1465 1786 1493 Non-

993 1523 1132 1550 nunquam
1147 1515 1221 1542 enim
1241 1514 1326 1542 Filius
1339 1520 1410 1542 stare
1425 1522 1440 1541 a
1455 1513 1556 1541 dextris
1570 1517 1616 1539 aut
1636 1506 1731 1539 sedere
1745 1513 1787 1540 di-

994 1561 1082 1594 citur;
1109 1568 1184 1589 nunc
1200 1569 1266 1588 vero
1282 1560 1356 1587 Patri
1386 1561 1512 1588 dextrum
1533 1559 1622 1586 locum
1642 1558 1786 1585 attribuit:

995 1610 1025 1632 ut
1037 1606 1126 1633 discas
1140 1613 1221 1632 unam
1234 1613 1294 1632 esse
1308 1604 1398 1632 Geniti
1413 1609 1441 1632 et
1453 1604 1592 1632 Genitoris
1612 1607 1785 1638 potestatem,

994 1652 1103 1678 tametsi
1116 1653 1171 1686 jam
1187 1655 1299 1687 propter
1320 1658 1430 1679 carnem
1445 1651 1556 1678 humilia
1570 1651 1705 1684 loquatur.

1265 1696 1425 1724 PSALMUS
1441 1695 1510 1723 XVI.

1031 1740 1112 1768 Vens.
1132 1742 1158 1768 7.
1181 1751 1190 1767 ι
1204 1741 1316 1769 Miritica
1332 1741 1531 1769 misericordias
1545 1744 1617 1773 tuas,
1639 1739 1685 1775 qui
1698 1739 1789 1768 salvos

994 1786 1062 1814 facis
1074 1791 1215 1821 sperantes
1229 1787 1256 1813 in
1272 1791 1306 1813 te.
1326 1795 1337 1812 ο
1375 1814 1380 1821 η

1032 1830 1171 1864 Quasnam
1189 1838 1300 1866 gressus
1323 1831 1351 1858 in
1379 1830 1426 1857 Dei
1449 1830 1556 1857 semitis
1575 1828 1668 1864 perﬁci
1683 1849 1690 1861 ,
1718 1836 1787 1863 quos

995 1874 1060 1901 item
1077 1882 1132 1901 non
1153 1876 1319 1902 commoveri
1335 1875 1472 1909 Propheta
1493 1874 1592 1909 rogat?
1607 1874 1717 1900 Grcuus
1731 1873 1788 1907 pri-

995 1928 1056 1948 mos
1070 1921 1155 1947 animi
1170 1926 1261 1948 motus
1277 1924 1413 1952 tenemus,
1431 1926 1503 1954 quos
1527 1918 1618 1953 perﬁci
1630 1937 1637 1950 .
1661 1918 1715 1944 hoc
1745 1920 1787 1943 est

995 1968 1152 1996 conﬁrmari
1168 1969 1195 1995 in
1210 1969 1310 1995 sentitis
1328 1968 1386 1999 Dei,
1414 1968 1466 1994 hoc
1490 1972 1532 1993 est
1547 1967 1574 1992 in
1587 1966 1690 1993 divinis
1706 1972 1787 1991 man-

995 2013 1067 2041 datis
1079 2034 1087 2046 ,
1103 2019 1174 2042 orat.
1191 2014 1270 2046 Nam,
1290 2014 1323 2040 iis
1338 2013 1468 2041 stabilitis
1487 2020 1519 2039 ac
1535 2011 1674 2047 perfectis,
1690 2011 1785 2045 reliqui

996 2067 1107 2094 gressus
1123 2060 1221 2091 nostri,
1247 2059 1299 2086 hoc
1310 2064 1351 2086 est
1368 2059 1501 2089 actiones.
1519 2065 1574 2084 non
1588 2060 1706 2083 nutant:
1722 2063 1786 2083 nam

996 2110 1140 2140 peccatum
1158 2113 1210 2133 cos
1226 2105 1367 2132 dimovere
1385 2112 1440 2132 non
1456 2108 1555 2139 potest.

1032 2236 1112 2264 Vens.
1127 2238 1153 2265 9.
1181 2237 1311 2264 «Inimici
1335 2237 1389 2264 mei
1413 2237 1532 2264 animam
1554 2244 1643 2264 meam
1667 2237 1785 2264 circum-

958 2290 982 2319 ι)
995 2283 1142 2311 dederunt.
1159 2293 1168 2308 ι

1032 2329 1210 2357 Circumdant
1224 2329 1298 2357 enim
1314 2330 1432 2357 animam
1451 2333 1575 2356 nostram
1596 2329 1743 2361 daemones,
1758 2334 1786 2356 et

996 2375 1115 2402 ferarum
1133 2383 1220 2409 more,
1240 2375 1354 2410 quilibet
1366 2383 1426 2403 eam
1440 2375 1549 2402 irretire
1570 2379 1667 2402 tentat.
1695 2375 1787 2410 Adeps

996 2429 1061 2449 vero
1077 2422 1232 2449 daemonum
1245 2441 1253 2454 ,
1271 2425 1298 2449 et
1313 2429 1375 2449 esca
1391 2421 1500 2457 pinguis
1510 2441 1517 2453 ,
1536 2425 1600 2448 sunt
1615 2425 1785 2454 peccatores,

996 2475 1066 2502 quos
1079 2467 1264 2502 voluptatibus
1276 2467 1424 2500 inescatos,
1447 2475 1482 2494 ne
1501 2466 1619 2501 amplius
1642 2465 1785 2501 ctl‘ugiant,

996 2514 1226 2540 circumcludunt.
1248 2513 1302 2540 Sed
1315 2513 1403 2548 qualis
1422 2512 1572 2548 superbia?
1592 2513 1735 2547 Apostasia
1758 2519 1787 2540 et

996 2558 1113 2586 defectio
1128 2566 1142 2585 a
1159 2558 1224 2590 Deo,
1243 2558 1398 2585 futurorum
1412 2558 1604 2590 incredulitas,
1617 2557 1714 2593 judicii
1735 2566 1786 2586 ne-

995 2605 1077 2639 gatio.
1094 2604 1134 2631 Ad
1154 2605 1211 2631 haec
1226 2605 1299 2631 enim
1320 2604 1337 2631 ii
1354 2604 1400 2639 qui
1418 2612 1533 2640 peccare
1546 2604 1655 2640 jubent,
1677 2612 1724 2632 eos
1740 2605 1786 2640 qui

155 2657 247 2683 Ταῦτα
262 2658 316 2693 γὰρ
335 2659 359 2685 οἱ
375 2658 486 2693 θέμενοι
501 2660 652 2695 ἁμαρτεῖν,
668 2659 731 2690 τοὺς
745 2659 943 2694 ἀπατωμένους

995 2655 1059 2678 sunt
1078 2650 1197 2685 decepti,
1209 2650 1403 2677 adhortantur.

155 2703 367 2736 προτρέπονται.

135 2764 140 2768 .
191 2756 200 2772 ι
212 2748 367 2784 Ἀνάστηθι,
384 2749 482 2783 Κύριε.
499 2759 508 2775 ι

193 2792 346 2829 Ῥομφαιαν
366 2795 444 2822 καλεῖ
467 2796 515 2822 τοῦ
538 2795 607 2822 Θεοῦ
626 2795 658 2823 τὸ
672 2795 786 2827 δίκαιον,
805 2794 943 2830 μαχαίρας

154 2837 230 2875 δίκην
257 2841 322 2873 ὅλας
345 2842 400 2876 ,τὰς
425 2842 480 2869 τῶν
505 2842 642 2878 δαιμόνων
673 2840 840 2878 παρατάξεις
863 2841 942 2868 ἐκτέ-

157 2893 268 2919 μνοντα.

196 2940 206 2958 ι
217 2931 434 2969 Ἐχορτάσθησαν
449 2933 525 2960 υἱῶν.
542 2943 550 2959 ι

1030 2747 1113 2775 Vens.
1130 2748 1174 2775 15.
1184 2757 1193 2773 ι
1208 2747 1339 2783 Exsurge,
1352 2748 1478 2776 Domine.
1489 2758 1498 2774 ι

1031 2792 1175 2821 Frameam
1191 2794 1311 2829 appellat
1322 2795 1457 2830 justitiam
1472 2795 1532 2829 Dei,
1548 2795 1634 2822 instar
1646 2792 1727 2830 gladii
1742 2793 1785 2821 in-

998 2844 1086 2876 tegras
1098 2840 1254 2867 daemonum
1272 2841 1345 2868 acies
1360 2841 1578 2869 exscindentem.

1035 2930 1113 2959 Vens.
1131 2932 1175 2960 ιι.
1197 2941 1207 2958 ι
1226 2933 1345 2962 Saturati
1363 2937 1428 2962 sunt.
1441 2933 1512 2962 ﬁliis.
1533 2943 1543 2960 ι
