2056 3148
238 197 309 231 1187

836 191 1018 224 HESYCHII
1039 191 1275 223 PRESBYTERI

1803 191 1872 223 119.8

273 258 344 288 Non,
359 261 390 284 ut
401 255 511 291 quidam
525 258 633 291 putant,
644 252 821 289 reprehendit
833 253 877 279 hic
884 251 1026 279 Psalmista

1114 252 1181 286 Οὐχ,
1189 251 1227 283 ὦς
1234 260 1307 283 τινες
1316 251 1468 286 νομίζουσι,
1478 253 1507 278 τὺ
1516 252 1614 287 βρῶμα
1624 250 1742 278 ἐνταῦθα
1750 251 1764 277 ὀ
1773 250 1873 285 Ψαλμ-

241 309 332 330 escam
350 302 467 328 liliorum
485 300 566 334 (nam
589 306 620 326 ea
636 306 696 333 quae
712 298 852 325 introeunt
868 298 894 324 in
913 304 956 328 os,
972 303 1026 323 non

242 347 421 382 coinquinant
431 346 570 374 hominem
581 345 614 381 ⁷,)
632 345 681 372 sed
694 345 766 379 ipsos
782 349 811 371 ut
824 343 902 370 valde
917 343 1029 369 insanos

242 393 338 428 arguit,
352 392 434 427 quod,
447 400 509 419 cum
523 392 661 426 copiosam
682 398 697 417 a
712 390 767 417 Deo
792 390 896 425 prolem
911 395 1029 422 accepe-

243 440 308 472 rint,
323 446 378 466 non
395 438 522 465 virtutem
539 438 614 472 ipsis,
638 437 685 464 sed
706 437 815 464 malitiae
828 443 885 463 sua:
901 435 1030 470 reliquias

243 491 291 519 pro
307 483 466 511 haereditate
482 483 687 517 dereliquerint.

507 537 669 566 PSALMUS
685 537 768 565 XVII.

279 584 357 612 Vsus.
375 585 422 612 10.
441 593 450 610 ι
467 583 501 610 Et
515 584 657 611 inclinavit
668 584 762 616 caelos,
776 588 804 611 et
818 583 971 611 descendit.
986 591 996 608 ι

278 631 419 658 Incliuaoit
439 630 524 662 εωίοε,
547 635 577 656 ut
592 635 694 657 terram
716 630 785 657 cmlo
798 629 988 664 coniungeret,
1004 631 1032 654 et

243 675 422 703 Inferioribus
436 682 499 702 cum
521 673 648 709 supernis
664 673 938 701 communicationem
961 680 1031 707 prte-

243 722 332 748 beret.
354 719 410 747 Iloc
424 725 516 747 autem
531 719 643 746 minime
660 719 761 747 factum
786 719 881 746 fuisset
893 738 901 750 ,
918 717 970 744 nisi
983 717 1032 744 de-

244 766 380 792 scendens
393 773 426 792 eo
443 773 498 800 quo
512 764 614 799 suscipi
631 768 739 799 poterat
757 764 837 791 modo
851 783 859 795 ,
886 763 913 790 in
931 767 1031 790 terram

243 811 415 843 advenisset;
441 811 546 838 scilicet
561 811 587 838 in
604 818 697 844 carne,
724 817 806 845 quam
827 809 968 844 caliginem
984 809 1032 835 sub

245 857 354 891 pedibus
373 857 530 892 appellavit.

488 911 651 939 PSALMUS
669 911 778 939 XXXII.

282 957 364 985 Vsus.
377 957 403 984 5.
425 967 436 983 ί
457 957 775 992 Diligitmisericordiam
789 961 818 983 et
828 955 969 991 judicium.
987 963 996 979 ι

277 1003 491 1030 Misericordiam
504 1007 584 1030 vocat
602 1002 816 1038 benignitatem,
834 1008 916 1036 quam
931 999 1034 1035 judicio

244 1054 387 1084 propterea
397 1056 447 1083 pra
454 1049 555 1083 posuit,
566 1048 639 1082 quod
650 1047 721 1074 Deus
731 1048 848 1083 primum
857 1046 1033 1081 benignitate,

244 1103 276 1121 ac
293 1095 394 1122 deinde
407 1095 512 1130 judicio
527 1099 620 1121 utatur
634 1094 660 1121 in
673 1101 722 1121 eos
736 1093 783 1128 qui
799 1093 827 1120 iu
844 1097 956 1128 peccato
974 1100 1035 1127 pcr-

244 1145 383 1168 δονεηυιι.

281 1186 364 1214 Vens.
384 1187 410 1213 7.
433 1195 442 1212 ι
455 1186 630 1222 Congregans
644 1185 715 1213 sicut
732 1189 820 1213 utrem
834 1192 930 1220 aquas.
942 1194 952 1211 I

279 1231 399 1266 Abyssos
412 1239 476 1258 vero
492 1231 561 1258 dicit
575 1239 708 1265 aquarum
723 1230 936 1261 multitudinem,
954 1235 1035 1264 quatit

246 1277 273 1304 in
289 1277 389 1304 abditis
404 1277 456 1304 sub
470 1282 570 1303 terram
593 1276 660 1304 locis
676 1276 840 1308 collocavit,
865 1280 896 1303 ut
911 1275 991 1303 etiam
1007 1275 1035 1301 in

246 1324 299 1350 hoc
313 1323 449 1358 sapientia
463 1322 524 1356 ejus
538 1322 697 1349 admiranda
710 1322 746 1349 sit
763 1331 769 1349 :
784 1321 918 1356 siquidem
931 1321 1035 1348 aridam

245 1377 329 1404 super
349 1369 492 1396 humidum
508 1369 652 1402 fundavit,
676 1368 821 1402 eﬂ'ecitque
848 1372 877 1395 ut
900 1375 916 1394 a
936 1367 1036 1394 leviore

246 1415 355 1451 gravior
371 1419 536 1450 portaretur.

283 1505 363 1532 Vens.
379 1505 422 1532 l6.
446 1514 456 1531 ι
474 1505 533 1533 Νοη
549 1505 668 1533 salvator
683 1513 731 1533 rex
751 1512 799 1541 per
818 1504 930 1531 multam
950 1504 1037 1531 virtu-

247 1555 313 1577 tem.
331 1560 341 1575 ι

283 1596 313 1623 In
336 1604 437 1623 vanum
452 1596 536 1631 igitur
554 1596 679 1631 corporis
703 1595 787 1622 robur
808 1595 876 1622 adeo
896 1602 1034 1627 curamus,
1050 1584 1074 1615 (ἶ

250 1648 352 1669 temere
369 1650 435 1669 vero
453 1642 604 1677 potentiam
624 1642 658 1668 ab
678 1641 821 1673 aﬂinibus,
838 1641 934 1668 amicis
948 1646 976 1668 et
988 1648 1038 1676 pe-

248 1687 340 1715 cuniis
365 1687 416 1722 ipsi
445 1687 523 1714 nobis
539 1687 734 1715 vindicamus:
754 1695 818 1714 nam
843 1687 911 1714 nihil
938 1692 1038 1722 praeter

248 1734 359 1760 coalitus
371 1733 485 1760 missum
495 1733 625 1760 auxilium
636 1741 746 1760 servare
757 1741 808 1760 nos
818 1738 918 1768 potest.
937 1734 1039 1761 Exem-

250 1779 324 1812 plum
340 1786 418 1805 sume
434 1785 449 1805 a
464 1778 572 1805 Goliath
590 1783 618 1805 et
635 1787 650 1805 a
665 1778 817 1806 Pharaone.
834 1779 882 1806 Ille
905 1779 979 1806 enim
999 1780 1040 1814 gi-

250 1832 306 1858 μηδ,
315 1824 522 1851 robustissimus
538 1831 600 1851 cum
609 1829 694 1857 esset,
709 1832 723 1851 a
737 1825 852 1859 simplici
865 1833 950 1860 puero
957 1825 1038 1852 David

251 1869 330 1896 facile
347 1873 492 1904 superatus
520 1869 595 1897 fuit:
618 1870 663 1898 hic
687 1870 814 1898 Israelem
839 1871 956 1897 maxima
975 1879 1040 1898 cur-

251 1923 330 1942 ruum
355 1920 383 1942 et
407 1923 541 1950 equorum
564 1916 740 1943 multitudine
756 1921 938 1951 persecutus,
966 1924 1040 1944 mare

251 1961 345 1988 habuit
361 1969 409 1995 pro
422 1962 558 1996 sepulcro.

496 2016 656 2045 PSALMUS
675 2017 798 2045 XXXIII.

286 2062 367 2090 Vsus.
382 2062 425 2089 12.
447 2071 457 2088 ‹
472 2061 580 2095 Venite,
595 2063 653 2095 lilii,
667 2063 760 2090 audite
775 2070 829 2090 me.
842 2072 851 2088 I

288 2109 377 2135 Vertite
392 2107 469 2139 dicit,
489 2112 544 2135 tam
570 2108 603 2135 iis
617 2108 663 2143 qui
680 2115 766 2143 prope
787 2113 871 2140 sunt.
901 2116 984 2143 quam
1008 2109 1041 2135 iis

251 2154 298 2188 qui
313 2153 408 2188 procul
437 2153 559 2184 absunt,
599 2158 630 2180 ut
663 2153 690 2180 hi
722 2153 833 2188 quidem
861 2153 908 2188 qui
943 2154 1040 2180 remoti

252 2204 332 2232 sunt,
365 2199 477 2234 propius
503 2199 654 2233 accedant;
698 2199 736 2226 illi
768 2207 833 2226 vero
863 2206 896 2226 ex
927 2199 1041 2234 propin-

1080 298 1148 333 ῳδὸς
1168 298 1306 325 διαϐάλλει
1325 299 1381 326 τῶν
1413 299 1479 325 υἱῶν
1497 299 1568 333 (οὐδὲ
1594 297 1649 333 γὰρ
1662 296 1697 324 τὰ
1713 297 1873 330 εἰσπορευό-

1082 353 1150 379 μενα
1164 346 1203 376 εἰς
1213 346 1243 372 τὸ
1253 345 1341 380 στόμα
1365 347 1450 372 κοινοῖ
1463 345 1508 371 τὸν
1522 344 1687 379 ἄνθρωπον),
1704 342 1761 369 ἀλλ’
1775 343 1875 373 αὐτοὺς

1079 391 1116 422 ὡς
1130 391 1189 416 λίαν
1202 391 1373 426 ἀγνώμονας,
1388 391 1428 418 ὅτι
1443 391 1527 417 τέκνα
1544 389 1597 416 ἀπὸ
1607 389 1675 415 Θεοῦ
1689 387 1876 423 λαμῦάνοντες

1080 438 1121 469 εἰς
1138 436 1253 472 πλῆθος,
1267 437 1316 463 οὐκ
1332 437 1433 472 ἀρετὴν
1447 436 1549 467 αὐτοῖς,
1564 435 1633 462 ἀλλὰ
1653 434 1807 461 κατάλοιπα
1823 435 1875 467 τῆς

1081 482 1187 510 ἑαυτῶν
1201 481 1300 514 κακίας
1315 483 1375 509 ἀντὶ
1391 481 1494 517 κλήρου
1510 481 1684 516 παρέδωκαν.

1362 538 1510 566 ΨΑΛΜΟΣ
1536 538 1587 564 ΙΖ’.

1120 595 1128 611 ι
1145 585 1200 612 Καὶ
1211 584 1317 611 ἔκλινεν
1330 584 1472 619 οὐρανοὺς,
1489 584 1536 610 καὶ
1550 583 1666 618 κατέϐη.
1682 592 1692 608 ι

1119 633 1257 659 Ἐκλινεν
1269 631 1417 664 οὐρανοὺς
1427 651 1434 663 ,
1447 631 1492 657 ἶνα
1503 631 1553 664 τὴν
1566 631 1618 664 γῆν
1633 629 1672 664 τῷ
1689 629 1798 664 οὐρανῷ
1811 637 1878 655 συν-

1083 677 1153 713 άψῃ,
1168 678 1217 704 καὶ
1237 678 1295 708 τοῖς
1309 678 1385 703 κάτω
1399 676 1467 711 πρὸς
1483 676 1517 702 τὰ
1531 675 1588 702 ἄνω
1604 675 1747 702 κοινωνίαν
1758 675 1876 710 χαρίση-

1081 733 1136 751 ται.
1152 724 1210 750 Οὐκ
1227 723 1260 750 ἂν
1272 723 1300 750 δὲ
1316 723 1396 749 τοῦτο
1410 723 1536 756 ἐγένετο,
1552 723 1576 748 εἰ
1590 721 1628 757 μὴ
1643 720 1765 752 καταϐὰς
1779 720 1876 746 τοῦτον

1081 770 1127 796 τὸν
1149 769 1262 804 τρόπον,
1276 769 1408 804 ἐπεδήμει
1431 770 1464 804 τῇ
1485 770 1532 803 γῇ,
1548 767 1610 794 καθ’
1623 767 1651 793 ὃν
1668 766 1784 801 ἠδύνατο
1797 766 1876 800 δέχε-

1084 816 1157 848 σθαι,
1170 815 1311 842 τουτέστιν
1325 816 1354 841 ὲν
1368 815 1462 850 σαρκὶ,
1479 815 1575 850 ἥντινα
1599 815 1714 848 τνόφον
1729 812 1789 840 ὑπὸ
1805 812 1877 844 τοὺς

1085 862 1179 895 πόδας
1192 861 1332 889 ἐκάλεσε.

1364 917 1512 944 ΨΑΔΜΟΣ
1531 915 1594 944 AB’.

1123 974 1132 990 ι
1144 964 1252 1000 utqu
1265 963 1452 998 ἐλεημοσύνην
1467 963 1515 990 καὶ
1532 962 1634 997 κρίσιν.
1652 971 1661 987 ι

1126 1009 1350 1043 Ἐλεημοσύνην
1363 1008 1413 1044 τὴν
1427 1007 1632 1042 φιλανθρωπίαν
1656 1006 1748 1040 λέγει.
1771 1006 1804 1040 ἢν
1826 1004 1878 1039 τῆς

1085 1055 1202 1090 κρίσεως
1217 1054 1262 1081 διὰ
1276 1053 1356 1080 τοῦτο
1371 1053 1533 1088 προέταξεν,
1554 1053 1617 1078 ἐπεὶ
1634 1051 1755 1086 προτέρᾳ
1770 1052 1802 1085 τῇ
1817 1050 1878 1084 φιλ-

1085 1098 1229 1134 ανθρωπίᾳ
1239 1099 1259 1125 ἡ
1272 1098 1349 1130 Θεὸς,
1364 1098 1432 1132 μετὰ
1443 1097 1472 1124 δὲ
1488 1096 1575 1123 ταῦτα
1589 1097 1623 1131 τῇ
1638 1096 1729 1131 κρίσει
1742 1095 1878 1130 κέχρηται

1087 1145 1159 1172 κατὰ
1173 1144 1226 1171 τῶν
1242 1144 1445 1179 ἐπιμεινάντων
1461 1144 1494 1178 τῇ
1509 1143 1644 1177 ἁμαρτίᾳ.

1123 1199 1133 1215 ι
1150 1189 1278 1224 Συνάγων
1290 1189 1356 1216 ὡσεὶ
1370 1189 1457 1216 ἀσκὸν
1473 1188 1568 1215 ὕδατα.
1585 1197 1594 1213 ι

1126 1237 1276 1268 Ἀὃὺσσους
1296 1236 1325 1263 δὲ
1345 1236 1380 1263 τὰ.
1401 1236 1492 1271 πλήθη
1509 1234 1563 1262 τῶν
1579 1233 1684 1260 ὑδάτων
1702 1232 1788 1266 λέγει,
1806 1231 1879 1266 ἅπερ

1086 1285 1115 1311 ὲν
1132 1283 1304 1319 ἁποκρύφοις
1327 1282 1380 1308 ὑπὸ
1403 1281 1453 1316 τὴν
1473 1281 1526 1315 γῆν
1545 1282 1560 1307 ό
1573 1279 1748 1314 Δημιουργδς
1771 1277 1878 1309 ἔταξεν,

1085 1328 1156 1355 ὥστε
1170 1327 1299 1354 καὶκατὰ
1309 1326 1387 1353 τοῦτο
1401 1326 1451 1360 τὴν
1466 1324 1549 1352 αὑτοῦ
1565 1325 1662 1358 σοφίαν
1680 1322 1877 1357 θαυμάζεσθαι.

1087 1375 1170 1400 Ὥστε
1187 1373 1235 1409 τὴν
1250 1373 1335 1409 ξηρὰν
1355 1373 1448 1400 ἐπάνω
1461 1371 1511 1406 τῆς
1525 1371 1613 1406 ὑγρᾶς
1629 1369 1795 1405 ὲθεμελίωσε
1805 1389 1813 1401 ,
1832 1369 1880 1395 καὶ

1087 1421 1116 1447 τὺ
1141 1420 1210 1456 βαρὺ
1236 1420 1290 1447 ὑπὸ
1310 1418 1358 1446 τοῦ
1381 1418 1567 1454 ὲλαφροτέρου
1595 1416 1778 1452 βαστάζεσθαι
1799 1415 1882 1442 δέδωο

1087 1475 1144 1495 κεν.

1126 1523 1135 1540 ι
1151 1513 1189 1540 Οὐ
1210 1512 1326 1544 σώζεται
1343 1511 1472 1547 βασιλεὺς
1485 1509 1529 1537 διὰ
1543 1509 1643 1545 πολλὴν
1657 1508 1781 1543 δύναμιν.
1794 1517 1804 1533 ι

1125 1604 1206 1630 Ὥστε
1224 1602 1314 1638 μάτην
1331 1599 1381 1635 τῆς
1404 1599 1452 1626 τοῦ
1476 1598 1603 1633 σώματος
1621 1597 1714 1632 ἰσχύος
1734 1593 1882 1630 ἐπιμελού-

1090 1649 1171 1685 μεθα,
1190 1649 1251 1683 εικῆ
1277 1647 1306 1674 δὲ
1328 1646 1444 1680 δύναμιν
1463 1645 1571 1675 ἑαυτοῖς
1594 1642 1645 1678 τὴν
1660 1642 1713 1669 ἀπὺ
1730 1640 1882 1675 συγγενῶν,

1088 1696 1137 1722 καὶ
1152 1694 1248 1729 φίλων.
1265 1693 1311 1719 καὶ
1325 1690 1443 1718 πλούτου
1458 1688 1661 1724 περιὸάλλομεν
1673 1696 1680 1703 ·
1697 1687 1775 1714 οὐδὲν
1790 1687 1886 1721 ἕτερον

1089 1741 1143 1776 γὰρ
1160 1740 1245 1766 σῶσαι
1259 1738 1321 1773 δίχα
1336 1737 1386 1771 τῆς
1400 1735 1561 1770 συνεργείας
1578 1732 1627 1769 τῆς
1641 1732 1745 1760 ἀνωθεν
1758 1731 1884 1758 δύναται.

1095 1786 1264 1820 ’Υπόδειγμα
1286 1784 1315 1810 δὲ
1337 1783 1384 1809 τὸν
1399 1781 1495 1808 Γολιὰο
1511 1780 1560 1807 καὶ
1575 1780 1621 1806 τὸν
1633 1778 1733 1814 Φαραὼ
1748 1778 1884 1812 λάμϐανε.

1096 1833 1125 1860 '0
1140 1833 1189 1867 μὲν
1203 1831 1283 1865 γίγας
1304 1829 1435 1864 ὑπάρχων
1448 1827 1568 1862 ἰσχυρὸς,
1577 1825 1631 1852 ἀπὸ
1643 1825 1690 1851 τοῦ
1701 1823 1785 1850 Δαὸὶδ
1796 1821 1886 1850 ἁπλοῦ

1091 1877 1236 1913 παιδαρίου
1254 1875 1413 1909 νενίιιητω⁶
1433 1875 1447 1900 ὁ
1469 1873 1497 1900 δὲ
1517 1872 1586 1907 μετὰ
1610 1870 1730 1906 πλήθους
1752 1868 1887 1904 ἁρμάτων

1090 1924 1137 1950 τὸν
1151 1920 1260 1958 Ἰσραὴλ
1274 1920 1374 1953 διώξας
1388 1919 1475 1959 τάφον
1490 1917 1552 1952 ἔσχε
1567 1916 1616 1952 τὴν
1628 1915 1776 1942 θάλασσαν.

1372 2016 1519 2044 ΨΔΛΜΟΣ
1538 2015 1599 2041 ΛΓ¹.

1131 2076 1140 2092 ε
1155 2065 1249 2098 Δεῦτε,
1269 2064 1365 2096 τέκνα,
1381 2061 1517 2090 ἀκούσατέ
1533 2069 1595 2096 μου.
1610 2069 1619 2086 ι

1128 2113 1228 2145 Δεῦτε,
1243 2111 1319 2144 λέγει
1331 2110 1388 2141 τοῖς
1406 2109 1501 2143 ἐγγὺς,
1517 2106 1632 2137 καὶτοῖς
1645 2103 1798 2140 πόρρωθεν,
1817 2103 1850 2129 ἶν’
1863 2103 1890 2128 οἱ

1094 2161 1143 2195 μὲν
1159 2159 1269 2194 μακρὰν
1283 2157 1444 2192 ὲγγίσωσιν,
1456 2155 1482 2182 οἱ
1492 2154 1520 2181 δὲ
1532 2154 1615 2188 ὲγγὺς
1629 2151 1776 2186 ἐγγύτερον
1788 2151 1891 2184 γένων⁴

1099 2214 1150 2237 rat,
1165 2203 1289 2239 ὑπακοὴν
1304 2203 1341 2234 ὡς
1355 2201 1441 2237 πατρὶ
1455 2200 1494 2236 τῷ
1504 2199 1564 2235 Θεῷ
1580 2197 1824 2234 προσκομίζοντες,
1840 2194 1891 2222 καὶ

252 2246 324 2281 quis,
343 2245 551 2280 propinquiores
568 2245 644 2276 (iant,
664 2245 719 2272 Deo
736 2249 866 2279 tanquam
888 2244 957 2279 patri
973 2245 1038 2272 obe-

1097 2252 1178 2287 tp66_ov
1198 2250 1270 2277 θεῖον
1289 2248 1470 2284 διδαχθῶσιν,
1488 2244 1649 2280 ἀπαλλαγὴν
1669 2243 1717 2270 τοῦ
1735 2242 1820 2278 φόϐου
1834 2241 1892 2267 τῶν

252 2291 378 2319 dientes.
408 2295 436 2318 et
460 2290 581 2317 divinum
612 2290 736 2317 timorem
762 2290 931 2322 doceantur,
960 2289 1005 2324 qui
1028 2297 1043 2316 a

252 2338 408 2365 daemonum
419 2341 524 2364 terrore
538 2337 645 2364 liberat.
658 2335 737 2363 Unde
748 2335 903 2370 subiungit:
914 2335 1043 2362 Timorem

254 2384 358 2411 Domini
373 2384 468 2411 docebo
479 2391 535 2410 vos.

481 2439 646 2468 PSALMUS
666 2438 788 2466 XXXIV.

292 2496 300 2511 ι
318 2486 444 2513 Psalmus
458 2486 508 2520 ipsi
527 2485 622 2513 David.
641 2495 650 2511 ι

290 2531 389 2566 Aperta
408 2531 516 2566 quidem
543 2535 584 2558 est
607 2531 704 2566 psalmi
720 2531 803 2567 hujus
817 2531 960 2566 inscriptio
975 2540 982 2558 :
997 2530 1045 2557 sed

255 2577 281 2604 in
313 2577 444 2604 Davidem
470 2577 550 2604 simul
579 2577 728 2612 spiritalem
749 2577 892 2605 referenda
912 2582 972 2609 est,
998 2576 1045 2611 qui

255 2622 338 2649 etiam
358 2621 441 2649 verba
459 2622 624 2657 preCationis
635 2621 745 2655 format,
764 2630 825 2657 quae
843 2630 897 2650 non
915 2621 1047 2660 divinita:

257 2667 292 2694 tis
307 2667 412 2694 ratione
424 2687 432 2698 ,
460 2668 508 2694 sed
533 2672 680 2702 assumpta:
695 2668 785 2695 carnis
801 2668 954 2695 humililate
970 2667 1045 2695 testi-

257 2713 355 2739 manda
372 2717 445 2739 sunt.
461 2713 529 2739 Cum
543 2713 617 2740 enim
633 2714 809 2748 semetipsum
822 2718 962 2748 assumpta
973 2712 1046 2740 servi

256 2758 343 2785 forma
366 2758 550 2785 hnmiliavcrit
562 2778 569 2789 ,
586 2766 640 2785 non
658 2759 707 2786 abs
724 2768 753 2786 re
769 2759 906 2794 passionis
923 2764 1047 2794 tempore

257 2809 317 2832 orat
343 2809 371 2831 et
386 2812 438 2831 una
458 2804 483 2831 in
500 2805 694 2833 aﬂlictionibus
705 2806 862 2834 constitutis
876 2806 970 2833 orandi
991 2805 1047 2832 Ior-

258 2858 329 2878 mam
347 2852 507 2886 praescrihit.

291 2920 301 2936 ⁷
313 2920 408 2948 Matth.
425 2930 468 2953 xv,
485 2921 511 2948 ll
527 2930 534 2954 ;
549 2921 631 2949 Marc.
646 2929 695 2954 vlt,
710 2920 753 2948 l5.

1086 2297 1231 2332 ,aatpévwv
1247 2295 1413 2331 παρέχοντα,
1427 2293 1489 2320 ὅθεν
1509 2291 1650 2326 ἐπιφέρει·
1667 2290 1763 2317 Φόϐον
1778 2287 1892 2322 Κυρίου

1095 2342 1207 2375 διδάξω
1218 2340 1306 2376 ὑμᾶς.

1379 2436 1527 2464 ΨΔΛΜΟΣ
1546 2435 1607 2462 ΔΔ’.
1616 2462 1622 2467 ,

1139 2497 1147 2513 ι
1162 2485 1278 2521 Ψαλμδς
1293 2484 1333 2519 τῷ
1349 2483 1441 2511 Δαϐίδ.
1457 2492 1466 2508 ι

1136 2533 1210 2568 Δήλη
1233 2531 1282 2566 μὲν
1307 2531 1323 2565 ἡ
1346 2527 1488 2564 ἐπιγραφὴ
1505 2527 1554 2554 τοῦ
1568 2524 1694 2561 ψαλμοῠο
1711 2524 1751 2554 εις
1766 2520 1851 2568 Δασὶδ
1865 2520 1896 2546 δὲ

1101 2567 1175 2614 ὅμως
1190 2577 1236 2604 τδν
1252 2575 1348 2611 νοητὸν
1362 2574 1539 2609 ἀναφέρεται,
1551 2572 1581 2604 ὃς
1594 2572 1643 2598 καὶ
1659 2568 1814 2614 προσευχῆς
1827 2567 1899 2593 ὑπο-

1102 2613 1224 2660 κρίνεται
1253 2623 1374 2658 ῥήματα,
1389 2620 1420 2646 οὔ
1437 2621 1469 2655 τῇ
1487 2619 1551 2654 ἀξίᾳ
1572 2617 1660 2654 ταύτῃ
1681 2615 1732 2650 τῆς
1754 2613 1896 2660 θεότητος,

1103 2657 1172 2696 ἀλλὰ
1186 2670 1219 2703 τῇ
1233 2665 1397 2693 ταπεινώσει
1411 2666 1460 2700 τῆς
1476 2663 1686 2699 ἀνθρωπότητος
1698 2657 1899 2703 προσήκειηλο-

1104 2713 1240 2748 γίζεσθαι.
1253 2711 1285 2738 Ei
1302 2710 1356 2745 γὰρ
1370 2708 1555 2737 ἐταπείνωσεν
1570 2706 1666 2734 ἑαυτὸν
1684 2703 1791 2740 μορφὴν
1800 2702 1898 2729 δούλου

1104 2758 1206 2790 λαϐὼν,
1223 2757 1337 2787 εἰκότως
1350 2756 1379 2783 ἐν
1399 2755 1438 2790 τῷ
1456 2753 1546 2789 καιρῷ
1562 2752 1609 2780 τοῦ
1626 2751 1729 2782 πάθους
1744 2748 1900 2785 προσεύχε-

1103 2815 1158 2837 ται,
1176 2803 1244 2839 ὁμοῦ
1268 2803 1315 2830 καὶ
1341 2800 1541 2838 προσεύχεσθαι
1566 2799 1699 2826 διδάσκων
1715 2798 1744 2823 ἐν
1764 2797 1825 2827 ταῖς
1838 2795 1902 2820 θλί-

1102 2851 1175 2878 ὠεσι,
