2056 3148
141 193 211 228 1189

178 261 188 277 ο
203 251 331 280 Δίκασον,
346 251 443 285 Κύριε.
461 259 470 276 ι

175 297 245 328 Τοὺς
263 296 311 330 μὲν
327 295 488 326 ἀδικοῦντας
505 295 650 326 Ἰουδαίους
666 295 752 329 λέγει,
766 295 899 330 δαίμονας
908 295 937 321 δὲ

140 343 202 373 τοὺς
214 341 402 376 πολεμοῦντας
412 349 418 354 ·
434 340 533 371 οἵτινες
547 341 580 367 δι’
591 341 667 376 ἡμᾶς
682 340 729 367 τὸν
737 341 856 376 Χριστὸν
872 341 937 367 ὲπο-

140 389 275 422 λέμησαν.
288 387 407 418 Τούτους
422 386 621 423 πολεμηθῆναι,
638 388 763 414 τουτέστι
793 395 936 424 καταργη-

143 435 232 470 θηναι,
248 433 386 468 βούλεται.

179 489 190 506 ι
200 479 318 505 Ἐλθέτω
333 478 407 513 αὐτῷ
420 479 503 513 παγὶς
518 479 551 515 ἢν
565 479 596 506 οὺ
610 479 749 513 γινώσκει.
766 489 775 505 ι

177 527 225 558 Εἰς
242 525 344 553 Ἰούδαν
357 526 403 552 τὸν
420 527 556 561 προδότην
568 525 658 558 τοῦτο,
672 526 740 553 ἀλλὰ
757 526 811 561 μὴν
834 526 881 552 καὶ
896 526 937 557 είς

141 573 187 599 τὸν
201 572 266 599 λαὸν
279 572 334 599 τῶν
350 572 498 603 Ἰουδαίων,
511 573 550 598 ἔτι
564 573 592 598 δὲ
607 573 655 598 καὶ
671 573 710 603 είς
725 572 807 598 αὐτὸν
821 572 867 598 τὸν
880 572 937 598 διά-

144 619 224 646 σολον
241 618 359 654 εἴρηται.
368 619 398 645 ’0
410 619 459 653 μὲν
471 619 526 653 γὰρ
543 618 642 649 Ἰούδας
657 619 697 649 εἰς
710 617 758 652 τὴν
775 617 875 651 παγίδα
887 617 938 652 τῆς

145 665 266 700 ἀγχόνης
280 665 409 691 ἐνέπεσεν
419 673 426 679 ·
453 665 468 690 ὁ
491 665 520 691 δὲ
534 664 599 691 λαὸς
613 665 667 690 τῶν
686 664 833 696 Ἰουδαίων,
849 672 936 697 παγι-

143 710 231 736 δεύειν
247 709 371 743 νομίσας,
383 708 569 742 παγιδεύεται,
586 709 632 734 καὶ
646 708 698 734 ὑπὸ
712 708 763 742 τὴν
777 707 859 734 αὑτοῦ
872 716 936 734 συν-

142 756 247 791 ελήφθη
267 756 363 790 θήραν.
381 754 519 785 Ὡσαύτως
533 755 547 780 ὁ
563 753 697 786 διάϐολος,
713 753 762 788 τὴν
777 754 879 787 παγίδα
889 753 936 780 τοῦ

143 801 262 836 σταυροῦ
278 801 442 835 μελετήσας,
458 799 502 826 διὰ
517 799 564 826 τοῦ
581 799 701 834 σταυροῦ
714 799 764 834 τῆς
778 799 876 826 ἑαυτοῦ
888 799 937 834 βα.

143 846 244 878 σιλείας
261 846 401 879 ἐξέπεσεν.

179 900 189 916 ε
201 891 428 917 ’Λνταπεδίδοτάν
447 899 493 925 μοι
516 890 634 926 πονηρά.
650 900 659 916 ι

715 193 950 225 FRAGMENTA
971 194 1012 224 ΙΝ
1033 195 1214 225 I’SALMOS.

952 256 973 280 Λ
1025 249 1107 277 Vsus.
1127 251 1152 278 l.
1177 250 1306 282 «Indica.
1326 251 1452 278 Domine.
1467 260 1477 275 ι

1712 195 1780 227 1190

1023 295 1159 324 Nocentes
1168 297 1278 331 quidem
1293 297 1551 333 Judzrosintelligit;
1562 297 1703 325 daemones
1715 305 1780 324 vero

987 347 1195 378 oppugnantes.
1216 343 1263 378 qui
1288 348 1401 378 propter
1414 350 1464 370 nos
1478 343 1617 370 Christum
1637 350 1780 378 oppugna-

987 389 1063 415 bant.
1084 388 1138 415 llos
1149 389 1309 424 expugnari,
1330 389 1381 416 hoc
1393 393 1434 416 est
1449 410 1455 421 ,
1477 396 1573 416 eorum
1588 394 1704 416 conatus
1717 388 1764 416 irri

988 438 1031 460 tos
1047 433 1105 460 ﬁeri
1121 434 1206 468 cupit.

1022 477 1107 505 \‘ens.
1124 478 1150 505 8.
1175 487 1184 504 ‹
1205 478 1303 506 Veniat
1318 479 1355 506 illi
1372 479 1485 514 laqueus
1497 487 1578 515 quem
1594 480 1712 515 ignorat.
1731 489 1742 506 ι

1024 523 1052 549 ln
1067 522 1163 550 Judam
1184 524 1370 558 proditorem,
1395 532 1502 551 necnon
1534 525 1561 551 in
1578 525 1710 559 populum
1731 523 1780 552 Ju-

988 568 1120 600 daeorum,
1131 574 1212 603 atque
1224 570 1338 604 insuper
1351 570 1377 596 in
1394 570 1533 597 diabolum
1548 570 1647 604 ipsum.
1667 570 1719 596 hoc
1737 570 1780 598 di-

988 617 1062 640 ctum
1075 618 1127 641 est.
1149 613 1216 641 Nam
1227 614 1312 642 Judas
1320 616 1431 650 quidem
1449 616 1477 643 in
1492 616 1618 651 laqueum
1635 617 1696 645 colli
1713 617 1781 644 inci—

988 659 1028 686 dit
1043 668 1049 686 :
1070 660 1185 694 populus
1200 668 1266 688 vero
1279 661 1447 695 Judaeorum,
1460 669 1522 689 cum
1536 663 1685 697 illaqueare
1700 667 1779 697 puta—

989 709 1040 736 ret,
1055 705 1227 740 illaqueatur,
1240 712 1267 734 et
1279 715 1327 734 sua
1339 707 1426 742 ipsius
1442 713 1554 743 captura
1566 709 1780 744 comprehensus

988 755 1039 777 est.
1055 751 1188 778 Similiter
1198 760 1307 788 quoque
1321 753 1456 785 diabolus,
1472 762 1535 781 cum
1551 754 1677 789 laqueum
1689 755 1779 782 crucis

988 796 1180 832 excogitasset,
1195 805 1243 832 per
1256 805 1366 825 crucem
1377 806 1462 834 regno
1476 806 1527 826 suo
1544 799 1654 827 excidit.

1024 887 1107 916 Vens.
1121 888 1166 915 12.
1190 898 1199 914 ι
1215 887 1413 916 Retribuehant
1429 889 1495 916 mihi
1517 889 1599 916 mala.
1615 899 1624 914 ι

185 936 291 971 Ἐαυτῷ
305 936 359 972 γὰρ
371 937 423 972 τὴν
438 936 493 962 τῶν
507 935 643 962 Ἰουδαίων
653 935 807 971 ἀκαρπίαν,
816 935 854 967 ὡς
865 936 932 963 οικο-

1021 933 1179 961 Judaeorum
1195 934 1267 961 enim
1282 933 1452 961 sterilitatem
1471 933 1522 961 sibi
1550 934 1601 969 ipsi
1613 934 1776 966 ascribeliat.

97 1008 103 1013 _
141 981 275 1016 δεσπότης
288 983 335 1007 καὶ
348 981 483 1017 γεωργὸς,
500 981 649 1015 ἐλογίζετο.

178 1037 188 1053 ι
202 1028 246 1059 Ὠς
259 1027 385 1062 πλησίον,
403 1027 452 1054 καὶ
465 1028 503 1059 ὡς
517 1027 640 1062 ἀδελφόν.
659 1037 668 1053 ι

175 1073 233 1108 Τὴν
250 1075 318 1108 προς
330 1073 376 1099 τον
393 1073 496 1100 Ἰούδαν
512 1073 587 1107 λέγει
602 1073 786 1109 συμπάθειαν,
802 1073 876 1104 ὅπως
889 1073 937 1099 αύ-

139 1118 178 1153 τῷ
195 1119 242 1144 καὶ
255 1119 285 1144 τὺ
296 1118 492 1153 γλωσσόκομον
506 1118 664 1153 βαστάζειν,
680 1119 728 1145 καὶ
742 1118 822 1153 μόνον
835 1118 938 1152 συμϐά-

140 1173 219 1191 πτειν
239 1164 279 1196 είς
297 1163 424 1199 τρυϐλίον
443 1164 606 1199 ἐπέτρεψεν,
622 1164 660 1196 ὡς
674 1164 790 1198 ἀδελφὸν
804 1164 853 1190 καὶ
867 1163 936 1199 πλη-

141 1211 209 1237 σίον.
223 1210 350 1245 ’Δδελφὸς
367 1210 534 1245 εὐαρεστῶν,
556 1211 696 1237 τουτέστιν
712 1211 837 1245 ἀρέσκων
850 1209 934 1245 αὐτῷ,

139 1257 186 1283 καὶ
200 1256 290 1287 καλῶς
303 1257 332 1282 ἐν
345 1255 432 1282 ἆπασι
448 1255 600 1291 χρώμενος.

179 1311 189 1327 ι
209 1301 375 1337 Ἐπείρασάν
402 1310 456 1336 με,
485 1302 706 1338 ὲξεμυκτήρισάν
734 1311 768 1337 με
799 1311 934 1338 μυκτηρι-

141 1348 211 1384 σμῷ.
230 1357 239 1374 ι

176 1396 257 1426 Ἰσως
275 1394 325 1430 μὲν
339 1396 387 1422 καὶ
401 1395 466 1427 τοὺς
482 1395 592 1426 ὀδόντας
606 1394 634 1427 ἐξ
648 1394 792 1430 ὠμότητος
807 1395 932 1430 ἔϐρυχον,

146 1440 288 1476 μονονουχὶ
316 1441 454 1475 μάσασθαι
479 1441 524 1467 τὸν
547 1440 650 1475 Ἰησοῦν
674 1440 842 1476 βουλόμενοι.
862 1441 934 1476 Πλὴν

141 1487 266 1521 βρυγμὸς
288 1486 404 1513 ὀδόντων
426 1487 474 1513 καὶ
496 1487 512 1518 ἡ
529 1487 614 1513 κακία
660 1487 688 1513 ὲν
709 1487 798 1522 λύγοις
814 1487 933 1521 λέγεται.

139 1534 192 1560 Τὺν
207 1532 318 1568 Πατέρα
333 1530 381 1559 οὖν
394 1532 521 1559 ἐϐούλετο
534 1533 662 1568 μάρτυρα
677 1533 748 1560 κατὰ
761 1534 815 1560 τῶν
830 1534 870 1565 είς
886 1535 934 1561 αὑ-

103 1592 108 1596 -
137 1579 184 1606 τὸν
199 1578 435 1613 βλασφημούντων
446 1579 676 1614 ἐσόμενον.”06εν
686 1579 825 1615 ὲπιφέρεν
834 1580 932 1614 Κύριε,
946 1592 967 1621 c

138 1626 213 1652 πότε
233 1624 335 1659 ἐπόψῃ
344 1632 354 1657 ;

424 1679 572 1707 ΨΛΛΜΟΣ
588 1679 651 1707 AE'.

177 1734 186 1750 σ
202 1726 287 1759 Φησὶν
299 1725 314 1751 ό
331 1725 490 1760 παράνομος
502 1726 549 1752 τοῦ
564 1726 745 1762 ἁμαρτάνειν.
763 1736 772 1753 ι

175 1772 232 1806 Ούχ
253 1771 348 1802 ἁπλῶς
372 1772 542 1806 παράνομον,
560 1772 629 1799 ἀλλὰ
652 1772 698 1799 τὸν
722 1772 872 1808 ὑποκριτὴν
888 1773 934 1799 καὶ

137 1817 224 1843 δόλιον
241 1818 254 1844 ό
269 1817 378 1852 ψαλμὸς
394 1817 564 1848 ὑποτίθεται,
576 1818 621 1844 τὸν
643 1817 727 1845 πολὺν
752 1819 780 1845 ὲν
803 1819 836 1854 τῇ
860 1818 933 1854 ψυχῇ

139 1862 272 1898 βόρϐορον
290 1863 465 1898 παρανομίας
478 1863 584 1898 ἔχοντα,
600 1864 647 1890 καὶ
663 1863 707 1890 διὰ
720 1863 799 1890 τοῦτο
819 1863 933 1898 λέγοντα

137 1909 168 1934 ἐν
184 1907 276 1943 ἑαυτῷ
292 1908 339 1934 τοῦ
356 1908 526 1944 ἁμαρτάνειν
546 1909 756 1944 ἀποτιθέμενον.
773 1910 821 1936 Διὰ
844 1910 871 1936 τί
893 1910 932 1942 δὲ,

136 1954 173 1978 ἐν
194 1952 303 1986 ἐαυτῷ,
327 1953 420 1988 λέγεις
453 1953 563 1988 Ἐπειδὴ
588 1953 676 1980 ταῦτα
698 1953 836 1988 λογίζεται
861 1955 933 1991 ειπερ

137 1999 265 2034 φανερῶς
278 2000 365 2026 εἰπεῖν
377 1999 394 2035 ἢ
408 1996 531 2034 φοϐεῖται
555 2000 572 2034 ἢ
591 2000 762 2034 αἰσχύνεται.

176 2101 185 2116 ι
198 2091 426 2126 Μεθυσοήσονται
439 2091 492 2118 ἀπὸ
505 2092 634 2128 πιότητος
646 2092 731 2119 οἴκου.
745 2101 754 2117 τ

173 2135 261 2170 οἶκος
277 2137 324 2163 τοῦ
340 2138 420 2170 θεοῦ,
434 2138 463 2164 τὸ
483 2137 564 2174 σῶμα
575 2138 669 2171 αὐτοῦ,
685 2139 795 2172 πιότης
808 2138 839 2164 τὸ
851 2138 933 2173 ἐκχυ-

136 2182 183 2209 θὲν
196 2183 250 2210 ἀπὸ
263 2183 314 2218 τῆς
329 2184 451 2218 πλευρᾶς
467 2181 537 2219 αἷμα
550 2185 598 2211 καὶ
610 2184 692 2220 ὕδωρ,
708 2185 738 2217 ἐξ
752 2182 837 2219 οὗπερ
851 2185 875 2211 οἱ
886 2193 932 2210 πι-

138 2230 196 2256 στοὶ
212 2230 314 2262 πάντες
330 2230 418 2265 μέθην
437 2231 573 2265 σωτήριον
589 2231 791 2267 ἐμεθύσθημεν.
807 2231 931 2266 Χείμαῤ-

131 2276 188 2308 (Sac
202 2275 258 2311 γὰρ
279 2276 395 2311 τρυφῆς·
416 2277 451 2303 τὰ
474 2278 520 2304 τοῦ
534 2277 652 2313 Χριστοῦ
668 2277 753 2313 πάθη.
774 2278 931 2313 Χείμαρῤος

137 2322 197 2356 μὲν,
223 2322 319 2358 ἐπειδὴ
343 2323 372 2350 ὲν
395 2323 471 2359 ἀκμῇ
496 2324 541 2350 τοῦ
564 2323 700 2359 χειμῶνος
721 2324 770 2359 τῆς
793 2323 932 2359 ἡμετέρας

135 2369 273 2404 ἁμαρτίας
293 2369 455 2404 ἐπράττετο,
486 2370 530 2396 ὅτε
552 2370 626 2396 πᾶσα
647 2370 697 2404 μὲν
715 2369 799 2405 ἁρετὴ
812 2389 819 2401 ,
837 2369 931 2404 ἀγάπη

134 2414 163 2440 δὲ
177 2414 295 2449 μάλιστα
314 2416 330 2450 ἡ
347 2415 415 2449 πρὸς
431 2415 497 2442 Θεὸν
509 2415 657 2450 ψυγήσααα
670 2415 932 2450 ἐνενέκρωτο.Ὣστε

134 2459 181 2485 τὸν
196 2460 342 2496 προφήτην
359 2461 498 2496 Ζαχαρίαν
519 2462 582 2496 περὶ
601 2461 651 2496 τῆς
667 2461 773 2496 ἡμέρας
785 2460 834 2487 τοῦ
851 2470 934 2487 σταυ-

135 2504 183 2539 ροῦ
196 2504 304 2539 λέγειν·
328 2507 379 2533 Ἑν
396 2506 434 2541 τῇ
449 2506 544 2541 ἡμέρῃ
557 2507 660 2541 ἐκείνῃ
678 2508 733 2534 οὐκ
748 2507 834 2534 ἔσται
854 2507 926 2541 φῶς·

133 2551 235 2584 ψύχος
258 2552 307 2578 καὶ
330 2554 459 2587 παγετός
483 2553 570 2580 ἔσται
585 2561 591 2568 ·
605 2552 700 2587 ἡμέρα
712 2552 827 2588 μεγάλη
850 2553 927 2580 ἐστί.

133 2596 249 2632 Τρυφῆς
273 2598 302 2624 δὲ
323 2598 436 2630 εἰκότως
459 2598 577 2632 ἐλέγετο.
596 2597 703 2633 Σφόδρα
715 2597 768 2632 γὰρ
784 2599 798 2624 ὁ
812 2597 928 2632 Χριστὸς

133 2643 271 2677 ζνετρύφα
291 2645 348 2676 τοῖς
371 2644 440 2679 ὑπὲρ
458 2644 536 2680 ἡμῶν
553 2645 676 2678 πάθεσιν,
695 2644 741 2670 τοῦ
760 2652 787 2670 τε
803 2643 927 2670 διαὸίλου

132 2688 324 2722 καταπαίζων,
341 2691 389 2716 καὶ
405 2690 476 2725 ὑπὲρ
488 2690 538 2725 τῆς
555 2690 609 2716 τῶν
627 2689 778 2725 ἀνθρώπων
792 2689 929 2724 σωτηρίας

132 2733 274 2769 ἡδόμενος.
292 2735 394 2762 Τοῦτον
408 2737 483 2771 ἡμᾶς
495 2736 542 2763 τὸν
561 2737 730 2772 χειμάρρουν
752 2736 802 2770 τῆς
824 2736 928 2771 τρυφῆς

133 2781 274 2814 μυστικῶς
291 2782 406 2814 ποτίζει.
416 2783 453 2809 Τὸ
462 2783 517 2819 γὰρ
532 2783 578 2809 τοῦ
594 2784 729 2810 Δεσπότου
744 2783 830 2815 πάθος
857 2791 928 2818 μαρ-

130 2822 227 2857 τύριον
241 2825 298 2856 τοῖς
312 2826 417 2858 δούλοις
431 2827 590 2862 γεγένηται.

169 2892 179 2908 ⁸
193 2893 277 2921 Zaclt.
290 2902 346 2928 XIV,
367 2896 399 2923 16

988 985 1116 1014 tanquam
1133 980 1328 1015 paterfamilias
1342 985 1370 1008 et
1382 981 1509 1016 agricola.

1024 1026 1107 1053 Vsus.
1123 1026 1165 1053 l4.
1190 1035 1199 1051 ‹
1215 1026 1297 1059 Quasi
1315 1027 1480 1061 proximum,
1496 1031 1524 1054 et
1538 1027 1616 1061 quasi
1629 1026 1749 1054 fratrem.
1766 1036 1776 1052 ι

1021 1070 1158 1098 Aﬂ‘ectum
1172 1071 1199 1098 in
1210 1072 1307 1099 ludam
1318 1073 1448 1105 ostendit,
1464 1078 1494 1099 ut
1507 1073 1596 1100 eidem
1608 1073 1777 1108 marsupium

987 1116 1176 1149 concrederet,
1186 1121 1212 1144 et
1222 1124 1283 1144 eum
1302 1117 1391 1156 sol‘um
1409 1125 1520 1144 manum
1534 1118 1669 1153 intingere
1685 1126 1778 1146 secum

987 1161 1015 1188 in
1040 1162 1141 1195 catino,
1156 1170 1206 1190 ceu
1222 1162 1334 1190 fratrem
1358 1167 1386 1190 et
1405 1164 1571 1198 proximum,
1594 1164 1776 1199 permitteret.

988 1207 1082 1234 Frater
1095 1209 1277 1243 complacens,
1304 1209 1331 1236 id
1344 1214 1396 1241 est,
1426 1210 1536 1244 placens
1553 1210 1591 1238 illi
1611 1211 1711 1238 dicitur
1724 1232 1732 1244 ,
1750 1217 1778 1238 et

986 1253 1047 1288 ejus
1060 1261 1144 1288 opera
1161 1254 1188 1280 in
1204 1255 1334 1282 omnibus
1349 1259 1440 1283 utens.

1022 1299 1104 1327 Vens.
1117 1300 1161 1327 l6.
1185 1310 1194 1326 ι
1210 1300 1396 1329 Tentaverunt
1410 1310 1464 1335 me,
1480 1303 1717 1331 subsannaverunt
1731 1311 1776 1330 me

987 1346 1212 1373 snhsannatione.
1231 1356 1241 1372 ι

1022 1391 1157 1419 Fortassis
1171 1393 1254 1420 etiam
1268 1401 1299 1420 ex
1316 1393 1486 1421 immanitate
1505 1395 1632 1422 dentibus
1644 1394 1775 1423 frenduc-

987 1443 1060 1469 runt,
1078 1442 1242 1466 tantumnon
1259 1439 1351 1466 Jesum
1383 1440 1512 1467 mandere
1537 1440 1670 1468 volentes.
1689 1440 1776 1468 ϐαιο-

986 1493 1047 1512 rum
1058 1486 1160 1513 stridor
1175 1487 1299 1513 dentium
1316 1486 1397 1513 etiam
1411 1487 1512 1514 malitia
1530 1495 1688 1515 sermonum
1702 1496 1774 1515 nun-

985 1536 1112 1566 cupatur.
1129 1531 1199 1558 Ilinc
1219 1531 1325 1558 l’alrem
1342 1537 1438 1559 testem
1466 1533 1575 1560 volebat
1601 1541 1662 1560 esse
1681 1539 1774 1560 contra

985 1584 1033 1603 eos
1047 1576 1093 1610 qui
1107 1576 1238 1603 adversus
1253 1576 1342 1610 ipsum
1358 1576 1597 1612 hlasphemabant.
1615 1577 1694 1605 Unde
1707 1578 1774 1605 sub-

981 1621 1073 1656 jungit
1085 1630 1092 1648 :
1108 1621 1228 1655 Domine,
1246 1624 1353 1658 quando
1366 1624 1510 1657 respicies?

1230 1679 1389 1708 PSALMUS
1404 1679 1511 1707 XXXV.

1019 1723 1102 1751 Vens.
1117 1724 1144 1752 2.
1167 1735 1175 1750 ι
1191 1725 1263 1752 Dixit
1276 1725 1393 1760 injustus
1412 1730 1442 1752 ut
1454 1725 1604 1760 delinquat.
1620 1734 1630 1752 ι

1018 1768 1078 1796 Non
1101 1770 1262 1805 simpliciter
1279 1771 1424 1805 injustutn,
1437 1771 1484 1798 sed
1500 1771 1668 1807 hypocritam
1683 1776 1712 1798 et
1726 1771 1774 1799 do-

983 1815 1072 1842 losum
1094 1815 1137 1843 hic
1151 1816 1274 1851 psalmus
1286 1817 1426 1851 proponit,
1441 1824 1506 1844 eum
1523 1817 1629 1844 scilicet
1644 1817 1690 1852 qui
1708 1817 1774 1845 mul-

984 1865 1041 1888 tum
1072 1861 1099 1888 in
1125 1861 1214 1888 anima
1243 1862 1394 1896 iniquitatis
1420 1870 1530 1889 ctenum
1555 1863 1715 1895 contineat;
1746 1867 1775 1889 ct

983 1905 1085 1934 idcirco
1099 1906 1202 1934 inducit
1222 1907 1357 1934 dicentem
1376 1907 1403 1934 in
1419 1907 1576 1942 semetipso,
1598 1908 1670 1942 quod
1684 1908 1773 1935 delin-

982 1960 1066 1987 quere
1079 1956 1191 1979 statuat.
1208 1952 1261 1980 Sed
1275 1961 1323 1980 cur
1333 1953 1410 1985 dixit,
1427 1953 1460 1980 In
1467 1955 1605 1987 semetipso
1614 1955 1627 1981 .9
1639 1954 1772 1987 Quoniam

982 2005 1013 2024 ea
1031 2005 1123 2024 secum
1138 1998 1229 2024 animo
1246 2003 1353 2030 versat,
1380 2007 1441 2033 quae
1465 1999 1553 2034 palam
1585 1999 1706 2034 proferre
1731 2000 1773 2028 vel

985 2043 1061 2070 timet
1089 2043 1131 2070 vel
1146 2043 1294 2070 erubescit.

1020 2088 1100 2115 Vens.
1117 2089 1143 2116 9.
1165 2098 1174 2114 ι
1195 2089 1404 2117 lnebriabuntur
1418 2090 1452 2118 ab
1467 2090 1591 2118 ubertate
1606 2091 1713 2119 domus.
1732 2101 1742 2117 ι

1019 2134 1117 2162 Domus
1134 2135 1192 2167 Dei,
1208 2143 1308 2171 corpus
1328 2136 1388 2171 ejus
1401 2142 1463 2170 est;
1480 2139 1597 2169 ubertas,
1621 2138 1732 2173 sanguis
1745 2143 1774 2165 et

982 2187 1051 2214 aqua
1062 2188 1122 2215 qua:
1131 2188 1146 2208 e
1161 2181 1246 2208 latere
1259 2182 1318 2216 ejus
1328 2182 1443 2216 ell'luxit,
1456 2191 1490 2210 ex
1505 2192 1557 2219 qua
1568 2183 1661 2211 ﬁdeles
1676 2191 1773 2211 omnes

983 2228 1095 2255 salutari
1122 2228 1256 2256 ebrietate
1284 2229 1412 2256 incbriati
1437 2237 1542 2258 smnus.
1569 2231 1679 2258 Torreus
1699 2231 1771 2258 enim

984 2275 1146 2310 voluptatis,
1172 2275 1248 2303 fuere
1267 2276 1367 2304 Christi
1388 2285 1485 2311 paenae.
1505 2277 1625 2305 Torrcns
1650 2278 1771 2313 quidem,

982 2322 1111 2356 quoniam
1138 2321 1166 2348 in
1191 2322 1281 2349 media
1300 2323 1389 2350 hieme
1413 2329 1587 2358 peccatorum
1613 2329 1770 2352 nostrorum

983 2367 1132 2403 contigere,
1151 2368 1261 2403 quando
1277 2369 1366 2397 virtus
1383 2370 1481 2403 omnis,
1508 2375 1536 2398 et
1555 2371 1691 2406 prtccipue
1704 2371 1772 2398 cha-

984 2411 1049 2439 ritas
1065 2412 1092 2438 in
1107 2411 1204 2445 Deum,
1232 2413 1332 2449 frigida
1347 2414 1442 2442 οσοοω
1453 2435 1459 2447 ,
1474 2415 1529 2450 jam
1543 2416 1676 2442 exstincta
1691 2420 1770 2447 erat;

983 2457 1019 2485 ita
1034 2459 1217 2487 utZacharias
1228 2461 1358 2496 propheta
1373 2462 1406 2489 de
1417 2462 1460 2488 die
1475 2462 1565 2490 crucis
1577 2463 1650 2490 dicat
1663 2471 1669 2489 :
1683 2463 1714 2490 In
1729 2463 1772 2491 die

983 2504 1031 2532 illa
1050 2513 1102 2532 non
1122 2505 1172 2532 erit
1200 2505 1267 2538 lux;
1287 2508 1371 2543 frigus
1397 2513 1422 2534 et
1438 2509 1497 2543 gelu
1513 2510 1562 2535 erit
1578 2517 1587 2536 .'
1602 2510 1657 2536 dies
1675 2518 1771 2545 magna

982 2550 1055 2578 est“.
1085 2550 1238 2586 Voluptatis
1264 2557 1355 2580 autent
1381 2554 1478 2581 merito
1508 2554 1650 2582 dicebatur
1670 2564 1677 2582 :
1694 2555 1772 2583 valde

982 2597 1056 2623 enim
1072 2597 1199 2625 Christus
1216 2599 1402 2633 deliciabalur,
1425 2608 1487 2627 cum
1504 2608 1554 2636 pro
1570 2601 1648 2629 nobis
1663 2607 1772 2636 patere-

981 2643 1151 2676 tur,diabolo
1163 2643 1289 2678 illudens,
1305 2650 1332 2672 et
1340 2645 1374 2673 de
1389 2646 1476 2674 salute
1488 2647 1628 2674 hominum
1639 2648 1772 2683 gaudens.

983 2688 1039 2716 Hec
1068 2693 1190 2717 torrente
1216 2691 1364 2726 voluptatis
1389 2692 1504 2728 mystice
1520 2701 1571 2721 nos
1590 2697 1668 2729 potat
1685 2703 1692 2721 :
1708 2701 1770 2721 nant

983 2735 1090 2762 Domini
1109 2737 1258 2771 perpessio,
1277 2738 1435 2774 martyrium
1453 2739 1539 2768 servis
1554 2740 1623 2768 facta
1647 2746 1700 2769 est.
