2056 3148
506 205 666 234 PSALMUS
695 203 819 232 XXXVI.

311 256 394 283 Vsus.
407 254 452 282 29.
480 263 489 279 ε
511 253 608 280 Junior
623 252 672 280 fui.
692 262 701 278 ι

311 299 425 327 Pulchre
436 306 488 326 nos
498 297 593 333 judicii
608 305 744 325 memores
756 296 831 329 facit,
842 304 887 328 ne,
900 303 991 323 rerum
1006 302 1067 330 qua:

276 345 320 372 hic
336 344 414 375 ﬁunt,
432 343 625 371 confusionem
637 343 774 374 videntes.
796 342 925 369 virtutem
946 341 1066 382 negliga-

276 398 348 421 mus.
360 391 420 417 viso
432 390 533 425 probos
548 389 620 417 viros
634 389 706 424 apud
719 389 843 416 homines
853 396 915 416 esse
927 387 1064 423 inglorios,

276 441 303 462 ct
319 435 510 463 aﬁliclionibus
528 435 631 462 vexari.
652 433 712 461 Non
736 434 810 461 enim
830 433 1001 467 derelinquet
1018 440 1065 459 eos

277 481 360 512 Deus.
375 482 428 508 hoc
442 485 494 512 est.
507 488 560 507 non
573 480 705 514 despiciet
717 488 724 512 ;
741 480 789 506 sed
803 479 831 506 in
843 479 966 506 futurum
978 486 1065 506 saecu-

277 527 332 554 lum
346 534 393 554 eos
407 531 508 560 servat,
521 526 566 554 ubi
578 526 684 553 inlinita
703 530 745 553 est
758 526 892 552 bonorum
910 524 1064 552 retributio.

519 616 678 644 PSALMUS
693 615 829 643 XXXVII.

313 663 396 690 Vens.
410 664 436 690 3.
460 672 469 688 ι
484 663 618 696 Quoniam
636 664 742 698 sagitta:
758 667 811 689 tuae
825 661 915 689 inﬁxas
926 665 999 688 sunt.
1018 670 1027 687 ι

312 710 370 736 Non
388 714 490 736 temere
505 717 555 744 pro
568 709 627 744 ipso
640 716 741 744 genere
753 709 874 735 humano
889 707 970 734 etiam
984 706 1065 733 Chri-

276 761 336 782 stus
352 755 411 781 hzec
427 755 495 789 petit
511 763 526 781 a
544 755 628 782 Patre
642 763 702 782 suo.
720 755 774 781 Sed
797 754 924 789 quoniam
937 773 944 786 ,
965 753 1064 788 inquit,

277 805 337 831 quae
355 798 381 823 in
398 805 445 824 eos
466 797 564 824 intorta
576 801 655 824 erant
671 798 770 832 jaeula,
791 799 845 825 hoc
867 802 919 830 est,
938 805 1066 832 quaecun-

277 850 330 877 que
346 843 431 877 plagae
446 847 558 878 propter
573 843 658 870 Adam
682 851 855 871 communem
880 848 1006 870 naturam
1022 843 1065 869 in-

277 893 414 921 vascrant,
434 889 461 915 in
478 897 521 915 me
534 889 623 916 inlixaz
636 894 711 916 sunt.
725 890 791 916 Nam
807 898 868 917 cum
884 897 933 924 ego
955 898 1005 924 pro
1018 897 1066 925 ge-
1081 875 1103 905 Β

279 941 343 960 nere
359 933 479 960 humano
492 938 604 968 peccata
617 935 798 969 susceperim,
812 935 969 962 necessario
984 935 1065 962 etiam

278 987 328 1013 pro
342 979 393 1006 illis
411 980 495 1007 subeo
509 980 692 1014 disciplinam.
712 981 744 1008 Et
763 981 824 1008 ideo
837 981 1004 1008 conﬁrmasti
1021 989 1065 1008 su-

278 1032 327 1059 per
342 1032 384 1052 me
400 1033 510 1052 manuni
525 1030 598 1052 tuam
611 1027 817 1061 correptricem,
834 1027 868 1054 de
883 1035 936 1061 qua
947 1026 997 1054 Job
1007 1026 1045 1053 ait
1058 1033 1065 1052 :

277 1071 370 1098 Manus
386 1071 491 1099 Domini
507 1073 592 1107 tetigit
607 1081 647 1100 me
663 1074 684 1100 ⁸.

511 1163 669 1191 PSALMUS
689 1162 836 1191 XXXVIII.

312 1209 396 1236 Vens.
418 1210 444 1237 Ξ.
468 1219 477 1235 ι
496 1209 554 1236 Dixi
570 1210 746 1236 :Custodiam
763 1209 819 1236 vias
834 1216 918 1236 meas.
932 1218 941 1234 ι

316 1255 397 1282 Decet
415 1255 467 1282 hoc
481 1263 590 1282 omnem
607 1255 767 1290 prophetam
791 1259 818 1282 et
840 1255 978 1282 doctorem
1007 1263 1068 1290 pro-

279 1301 352 1335 prias
363 1300 421 1327 vias
434 1300 581 1332 custodire,
596 1301 700 1328 scilicet
712 1301 852 1327 actionum
867 1308 966 1327 cursus
980 1305 1008 1327 et
1025 1301 1068 1327 in-

279 1355 399 1382 gressus,
415 1347 451 1374 ita
470 1352 566 1374 utnon
579 1346 701 1374 declinet
720 1347 748 1374 in
772 1347 878 1378 vitium,
892 1354 946 1374 non
960 1347 1069 1374 aberret

279 1392 307 1419 in
329 1392 432 1427 lingua,
459 1392 524 1419 dum
549 1392 629 1419 (lictis
659 1396 722 1427 agat
736 1392 885 1419 contraria.
908 1391 978 1420 Vere
994 1393 1068 1420 enim

279 1437 371 1472 lingua
390 1442 504 1472 peccat,
531 1438 577 1472 qui
603 1438 676 1472 quod
704 1438 787 1466 verbo
811 1437 909 1465 vitium
935 1438 1068 1473 coarguit.

279 1491 362 1518 opere
380 1483 497 1517 astruit;
530 1492 563 1511 ex
586 1492 640 1518 quo
664 1484 731 1511 illud
753 1484 943 1518 consequitur,
960 1488 990 1511 ut
1006 1484 1069 1512 vitae

280 1537 336 1556 suae
355 1529 477 1556 instituto
491 1529 643 1557 doctrinam
660 1530 838 1559 ementiatur.
1081 1545 1105 1576 ο

315 1618 397 1645 Vens.
409 1619 435 1645 5.
455 1628 465 1644 ι
479 1618 618 1652 Obmutui,
638 1625 665 1647 et
683 1621 842 1648 humiliatus
858 1628 929 1648 sum.
951 1630 959 1646 I

315 1660 399 1688 Vides
413 1663 550 1697 quomodo
561 1664 677 1697 primum
693 1672 740 1699 per
750 1664 964 1692 inobedientiam
976 1665 1068 1693 obmu-

281 1708 351 1740 tuit,
370 1713 397 1735 et
413 1717 474 1736 cum
490 1709 638 1742 obmutuit,
658 1710 814 1737 humiliatus
830 1716 881 1737 est.
898 1711 971 1738 Nihil
995 1712 1068 1738 enim

280 1760 357 1786 teque
381 1753 519 1780 hominem
545 1754 672 1788 deprimit
696 1762 728 1782 ac
750 1759 846 1790 stupor
869 1763 1016 1787 sensuum.
1041 1760 1068 1783 et

280 1799 378 1826 deinde
405 1799 600 1827 inobedicntia.
624 1800 678 1827 Aut
705 1801 786 1828 etiam
814 1807 955 1836 propterea
983 1803 1067 1835 siluit,

281 1845 409 1880 quoniam
424 1853 439 1871 a
455 1845 540 1878 bonis,
558 1847 609 1873 hoc
626 1852 667 1873 est
683 1854 697 1873 a
718 1847 896 1875 meditatione
911 1848 988 1883 legis,
1007 1857 1068 1884 quae

281 1889 344 1917 boni
367 1892 494 1926 magistra
520 1896 578 1924 est,
606 1892 734 1919 cessavit.
757 1892 833 1920 Unde
858 1901 912 1920 non
931 1894 1068 1921 immerito

281 1942 427 1964 renovatus
450 1941 493 1964 est
521 1937 598 1965 dolor
625 1939 728 1972 peccati
746 1947 752 1965 :
769 1938 903 1973 siquidem
928 1941 1027 1967 vulnus
1053 1948 1068 1967 a

281 1988 392 2018 peccato
401 1983 504 2010 illatum
529 1984 639 2018 gravius
653 1989 705 2018 est,
715 1992 776 2011 cum
788 1993 803 2011 a
813 1985 880 2020 legis
891 1986 1069 2014 meditatione

279 2037 330 2056 nos
345 2030 417 2064 ipsos
435 2030 623 2057 subducturus.
642 2030 685 2057 Fit
699 2038 808 2065 quoque
818 2031 969 2066 depascens
980 2032 1067 2065 ulcus,

281 2079 408 2110 tanquam
429 2077 502 2103 nullo
517 2084 531 2103 a
549 2077 648 2104 divinis
673 2077 816 2112 praeceptis
838 2078 962 2112 apposito
981 2078 1068 2105 medi-

281 2127 416 2148 cantento.
438 2123 470 2149 Et
487 2123 548 2149 ideo
562 2131 616 2150 non
634 2123 709 2150 stetit
730 2123 758 2150 in
773 2124 890 2155 silentio,
903 2124 950 2151 sed
966 2132 1027 2151 cum
1039 2132 1068 2152 se

281 2167 454 2201 collegisset,
480 2169 567 2202 ipsum
596 2169 714 2204 abiecit,
740 2175 868 2205 tanquam
890 2178 947 2197 rem
969 2170 1068 2197 anima:

281 2212 429 2246 perniciem
452 2214 618 2241 aﬂerentem.
638 2214 694 2242 Hoc
714 2215 795 2251 igitur
812 2216 972 2249 ostendens,
998 2216 1064 2244 sub-
1081 2211 1103 2239 Β

279 2258 369 2293 juuxit
385 2268 391 2286 :
409 2259 545 2287 Concaluit
561 2270 606 2288 cor
624 2271 722 2289 meum.

526 2304 682 2334 PSALMUS
703 2306 826 2334 XXXIX.

315 2348 395 2377 Vens.
411 2350 453 2377 10.
476 2361 486 2377 ί
499 2351 822 2387 Annuntiavijustitiam.
839 2363 849 2379 ι

314 2395 437 2431 Magnam
453 2403 531 2425 vocat
545 2398 705 2432 Ecclesiam,
722 2407 776 2426 non
798 2400 886 2427 solum
905 2400 978 2435 quod
995 2399 1066 2427 Inul-

281 2445 369 2468 torum
385 2443 526 2471 hominum
540 2447 779 2481 congregationem
791 2447 988 2481 complectatur
999 2455 1005 2478 ;
1018 2447 1065 2474 sed

280 2488 366 2514 multo
379 2490 473 2523 magisI
487 2491 559 2525 quod
585 2491 637 2518 alta
655 2491 836 2526 sublimiaque
859 2492 1002 2527 theologia:
1019 2492 1066 2519 do-

280 2538 367 2567 gmata
382 2541 478 2568 capere
491 2536 587 2563 valeat.
605 2535 687 2563 Labia
699 2542 790 2564 autem
803 2541 831 2564 et
849 2537 920 2564 oculi
937 2537 1066 2565 Ecclesia:

281 2578 393 2613 ﬁgurate
406 2581 489 2615 accipi
507 2587 619 2617 possunt
636 2583 758 2610 celebres
771 2583 807 2610 illi
820 2583 946 2618 apostoli,
963 2588 991 2610 et
1006 2588 1067 2618 post

281 2624 354 2660 ipsos
367 2634 462 2653 omnes
479 2627 613 2661 doctores,
627 2637 695 2663 quos
712 2629 843 2664 reliquum
855 2637 956 2664 corpus
974 2629 1067 2657 Eccle-

281 2671 327 2698 siae
345 2679 398 2698 non
415 2672 502 2699 solum
518 2681 573 2700 non
588 2675 715 2709 prohibet
732 2676 897 2702 annuntiarc
911 2675 1063 2709 Christum,

279 2716 325 2751 qui
345 2717 515 2752 ipsajustitia
529 2724 586 2752 est;
603 2720 649 2747 sed
666 2721 751 2757 magis
772 2722 882 2756 excitat,
898 2722 1068 2750 convenien-

281 2766 334 2788 tem
352 2762 419 2797 ipsis
436 2770 545 2797 operam
560 2768 703 2799 praestans.

314 2861 324 2876 '
339 2862 389 2890 Job
402 2871 458 2897 xu,
470 2863 514 2892 2!.

876 143 1058 175 HESYCHII
1076 142 1315 175 PRESBYTERI

1081 206 1105 233 Α

1838 141 1909 173 1192

1400 203 1547 230 ΨΔΛΜΟΣ
1565 203 1634 234 AG’.

1158 258 1167 273 ι
1181 248 1324 284 Νεώτερος
1338 249 1485 284 ἐγενόμην.
1501 258 1511 274 ι

1153 293 1252 326 Καλῶς
1275 294 1350 330 ἡμᾶς
1371 294 1576 329 ἀναμιμνήσκει
1593 292 1644 327 τῆς
1661 291 1790 327 κρίσεως,
1807 293 1852 320 ἵνα
1876 294 1915 329 μὴ

1117 338 1187 375 πρὸς
1212 339 1261 375 τὴν
1286 340 1404 367 ἐνταῦθα
1429 339 1615 375 θεωρήσαντες
1640 338 1784 373 σύγχυσιν,
1811 339 1915 374 ἀρετῆς

1116 385 1315 421 ἀμελήσωμεν·
1336 386 1453 421 ὁρῶντες
1465 387 1528 417 τοὺς
1546 387 1574 411 ἐν
1589 386 1713 420 ἀρεταῖς,
1730 385 1759 411 ἐν
1775 385 1869 421 ἀδοξίᾳ
1881 388 1914 420 τῇ

1117 432 1194 468 παρὰ
1207 432 1379 469 ἀνθρώποις,
1396 433 1443 459 καὶ
1462 433 1554 463 πόνοις
1571 432 1768 466 τυγχάνοντας.
1786 433 1844 458 Οὐκ
1866 433 1914 466 ἐγ-

1116 477 1276 512 καταλείψει
1293 478 1346 512 γὰρ
1361 478 1460 509 αὐτοὺς
1476 478 1490 503 ὁ
1505 477 1583 509 Θεὸς,
1601 478 1744 504 τουτέστιν
1759 478 1809 512 οὐχ
1826 478 1915 512 ὑπερ-

1116 522 1227 555 όψεται·
1249 522 1378 556 φυλάττει
1395 523 1424 548 δὲ
1437 523 1536 553 αὐτοὺς
1558 523 1599 553 εἰς
1619 523 1666 548 τὸν
1681 522 1769 549 αἰῶνα
1784 523 1832 549 τὸν
1846 522 1914 557 μέλ-

1115 567 1196 595 λοντα
1206 588 1213 601 ,
1230 567 1293 595 ἔνθα
1308 568 1362 595 τῶν
1377 567 1490 601 ἀγαθῶν
1505 569 1521 603 ἡ
1538 568 1612 599 δόσις
1630 568 1822 603 ἁτελεύτητος.

1403 613 1549 640 ΨΔΛΜΟΣ
1568 612 1630 640 ΛΖ¹.

1154 659 1231 686 α”Οτι
1245 658 1280 685 τὰ
1296 658 1361 694 βέλη
1380 667 1428 685 σου
1444 660 1635 694 ὲνεπάγησαν.
1651 668 1661 684 ι

1153 706 1191 732 Οὐ
1213 705 1304 739 μάτην
1320 705 1334 730 6
1352 705 1470 739 Χριστὸς
1494 704 1541 730 καὶ
1563 703 1651 730 ταῦτα
1667 704 1706 738 τῷ
1723 704 1810 739 Ιιατρὶ
1827 703 1913 730 αὐτοῦ

1117 751 1187 786 ὑπὲρ
1206 751 1251 777 τοῦ
1270 750 1367 785 γένους
1382 750 1438 776 τῶν
1452 750 1605 784 ἀνθρώπων
1626 749 1818 784 προσεύχεται.
1835 749 1914 775 Ἀλλ’

1117 797 1212 831 ἐπειδὴ
1225 797 1260 824 τὰ
1272 797 1331 823 κατ’
1343 797 1433 823 αὐτῶν
1446 796 1526 832 βέλη,
1541 797 1637 830 φησὶν,
1655 796 1720 827 ὅσας
1743 796 1851 830 ’πληγὰς
1867 796 1913 822 διὰ

1116 843 1161 870 τὸν
1181 842 1266 877 Ἀδὰμ
1288 842 1406 878 ἐπῆλθεν
1427 842 1499 869 κατὰ
1521 842 1571 877 τῆς
1594 843 1690 876 κοινῆς
1714 841 1832 876 φύσεως,
1850 842 1912 877 ἐμοὶ

1117 889 1302 924 ἐνεπάγησαν.
1321 888 1430 923 Ἐπειδὴ
1446 888 1501 924 γὰρ
1522 887 1577 922 ἐγὼ
1599 889 1649 919 τὰς
1666 887 1738 923 ὑπὲρ
1752 888 1799 914 τοῦ
1815 889 1912 922 γένους

1116 933 1170 960 τῶν
1192 933 1345 969 ἀνθρώπων
1361 934 1501 968 ἁμαρτίας
1519 933 1668 964 ἀνέλαὸον,
1684 933 1844 966 ἀναγκαίως
1864 934 1913 959 καὶ

1117 980 1165 1011 τὰς
1190 980 1261 1014 ὑπὲρ
1284 979 1374 1006 αὐτῶν
1394 979 1518 1010 παιδείας
1540 979 1703 1013 ὑφίσταμαι.
1718 979 1765 1005 Διὸ
1789 979 1836 1004 καὶ
1859 979 1912 1004 ἑπ-

1117 1026 1263 1061 εστήριξας
1287 1025 1392 1060 ὲπ“ὲμὲ
1409 1026 1458 1060 τὴν
1474 1026 1553 1060 χεῖρὰ
1578 1034 1625 1051 σου
1649 1025 1698 1060 τὴν
1720 1025 1911 1060 παιδευτικὴν,

1118 1070 1183 1105 περὶ
1204 1068 1238 1106 ἦς
1256 1070 1316 1097 Ἰὼϐ
1332 1070 1425 1104 ἔλεγε·
1442 1070 1512 1104 Χεὶρ
1524 1070 1636 1104 Κυρίου
1656 1070 1676 1104 ἡ
1691 1070 1831 1104 ἁψαμένη
1852 1071 1912 1105 μού

1117 1116 1214 1144 ἐστιν.

1393 1162 1541 1189 ΨᾹΛΜΟΣ
1565 1162 1631 1190 AII’.

1157 1216 1166 1232 ι
1182 1205 1255 1234 Εἶπα
1265 1216 1272 1223 ι
1286 1207 1398 1240 Φυλάξω
1412 1207 1460 1239 τὰς
1474 1207 1550 1238 ὁδούς
1565 1216 1627 1242 μου.
1646 1216 1656 1233 ι

1155 1253 1241 1279 Παντὶ
1253 1252 1332 1279 τοῦτο
1348 1254 1477 1288 προφήτῃ
1494 1253 1542 1280 καὶ
1559 1253 1714 1288 διδασκάλῳ
1733 1253 1850 1289 πρέπει“,
1863 1254 1912 1284 τὰς

1118 1298 1222 1329 οἰκείας
1248 1298 1392 1332 φυλάττειν
1409 1298 1502 1330 ὁδοὺς,
1518 1298 1619 1333 δηλαδὴ
1637 1298 1701 1329 τοὺς
1724 1298 1841 1333 δρόμους
1864 1300 1914 1326 καὶ

1119 1344 1168 1376 τὰς
1187 1344 1297 1378 πορείας
1311 1344 1366 1371 τῶν
1385 1344 1523 1380 πράξεων,
1536 1344 1607 1370 ὥστε
1622 1345 1660 1379 μὴ
1674 1343 1797 1370 ἐκκλῖναι
1811 1345 1852 1375 είς
1863 1353 1914 1370 κα-

1120 1390 1192 1423 κίαν,
1207 1391 1268 1425 μηδ’
1280 1391 1447 1426 ἁμαρτάνειν
1463 1391 1493 1417 ὲν
1507 1390 1618 1426 γλώσσῃ
1629 1411 1637 1423 ,
1654 1390 1764 1417 ἐναντία
1776 1391 1834 1421 τοῖς
1847 1391 1914 1417 ἑαυ-

1119 1436 1167 1464 τοῦ
1188 1437 1277 1471 λόγοις
1294 1437 1713 1472 διαπραττόμενον.Ἀμαρτὰνει
1733 1437 1788 1472 γὰρ
1803 1437 1914 1470 ἀληθῶς

1120 1484 1153 1518 τῇ
1170 1482 1277 1518 γλώττῃ
1292 1483 1306 1510 ὁ
1321 1483 1359 1518 τῷ
1373 1483 1445 1518 λόγῳ
1470 1482 1633 1518 κατηγορῶν
1650 1483 1698 1518 τῆς
1713 1483 1824 1516 κακίας,
1840 1484 1914 1518 ἔργῳ

1120 1529 1148 1555 δὲ
1169 1528 1273 1564 ταύτην
1298 1529 1442 1560 συνιστῶν,
1460 1528 1505 1562 ἀφ’
1517 1525 1554 1554 ὦν
1572 1528 1658 1563 αὐτὴν
1677 1529 1852 1563 μετέρχεται,
1867 1529 1916 1554 καὶ

1120 1575 1169 1609 τὴν
1182 1575 1279 1601 ἑαυτοῦ
1293 1575 1468 1602 διδασκαλίαν
1482 1577 1516 1610 τῇ
1531 1575 1654 1610 πολιτείᾳ
1664 1575 1842 1610 ψευδόμενος.

1156 1629 1166 1646 ι
1177 1619 1353 1655 Ἐκωερώθην,
1369 1621 1416 1647 καὶ
1431 1620 1628 1656 ὲταπεινώθην,
1646 1631 1654 1647 ι

1162 1666 1244 1701 Ὁρᾷς
1255 1667 1296 1692 ὅτι
1311 1660 1419 1702 πρῶτον
1431 1666 1478 1692 διὰ·
1489 1666 1631 1701 παρακοῆς
1641 1666 1787 1700 ὲκωφώθη,
1799 1667 1847 1692 καὶ
1861 1675 1916 1692 κω-

1119 1711 1221 1746 φωθεὶς
1247 1711 1426 1746 ἐταπεινώθη.
1444 1712 1527 1738 Οὐδὲν
1550 1712 1603 1747 γὰρ
1629 1712 1699 1738 οὕτω
1719 1714 1846 1738 ταπεινοῖ
1869 1714 1916 1738 τὶν

1119 1758 1262 1793 ἄνθρωπον
1283 1758 1320 1789 ὡς
1334 1758 1508 1792 ἀναισθησία,
1523 1758 1570 1784 καὶ
1594 1758 1721 1794 παρακοὴ
1737 1759 1806 1793 μετὰ
1822 1759 1913 1786 τοῦτο.

1121 1804 1157 1830 ’Ἡ
1171 1804 1218 1830 καὶ
1229 1803 1274 1830 διὰ
1289 1804 1368 1830 τοῦτο
1384 1804 1523 1838 ἐσίγησεν,
1541 1804 1571 1836 ἐξ
1583 1804 1693 1838 ἀγαθῶν
1703 1824 1710 1836 ,
1726 1805 1775 1839 τῆς
1795 1806 1916 1840 μελέτης

1119 1849 1219 1885 δηλαδὴ
1234 1850 1280 1877 τοῦ
1293 1850 1376 1885 νόμου
1389 1870 1396 1882 ,
1419 1850 1466 1876 τοῦ
1483 1849 1588 1883 ἀγαθοῦ
1604 1850 1764 1876 διδασκάλου
1776 1870 1784 1881 ,
1805 1853 1915 1877 παυσα-

1120 1903 1211 1929 μενος.
1224 1895 1303 1921 ’ὐθεν
1329 1894 1506 1929 ἀνεκαινίσθη
1524 1895 1638 1926 εἰκότως
1654 1895 1685 1921 τὸ
1699 1895 1750 1929 τῆς
1772 1896 1914 1930 ἁμαρτίας

1119 1941 1246 1976 ἄλγημα·
1261 1940 1409 1975 βαρύτερον
1420 1940 1473 1974 γὰρ
1486 1940 1517 1966 τὸ
1533 1940 1640 1975 συμῦὰν
1653 1940 1683 1973 ἐξ
1696 1941 1832 1975 ἁμαρτίας
1847 1943 1914 1975 ἡμῖν

1118 1985 1240 2021 τραῦμα,
1256 1986 1319 2012 ὅταν
1334 1987 1384 2022 τῆς
1398 1985 1446 2012 τοῦ
1461 1986 1545 2020 νόμου
1565 1986 1680 2020 μελέτης
1705 1986 1820 2013 ἑαυτοὺς
1843 1988 1914 2012 ἁπο-

1119 2031 1275 2066 στήσωμεν.
1287 2031 1395 2057 Γίνεται
1410 2032 1457 2057 καὶ
1468 2031 1557 2066 νόμων
1570 2030 1665 2066 ὥσπερ
1676 2031 1781 2063 οὐδενὸς
1796 2032 1852 2058 ἀπὸ
1862 2033 1914 2066 τῆς

1120 2076 1195 2108 θείας
1220 2077 1331 2111 ἐντολῆς
1355 2076 1546 2112 ἐπιτιθεμένου
1569 2077 1717 2111 φαρμάκου
1741 2079 1757 2111 ἠ
1786 2078 1915 2112 σηπεδὼν

1120 2122 1275 2157 ὑφίσταται.
1292 2123 1392 2158 Διόπερ
1418 2123 1469 2149 οὐκ
1485 2123 1619 2157 ἐπέμενεν
1645 2123 1694 2158 τὴν
1714 2123 1831 2158 σιωπὴν,
1848 2124 1914 2150 ἀλλ’

1120 2169 1261 2204 ἀνανήψας
1286 2170 1381 2204 αὐτὴν,
1397 2170 1436 2201 ὡς
1461 2169 1632 2205 ψυχοφθόρον
1656 2170 1798 2196 ἀπώσατο.
1817 2170 1914 2205 Δηλῶν

1118 2214 1206 2248 τοῦτο,
1220 2216 1364 2250 τοιγαροῦν
1385 2216 1544 2250 ἐπήγαγεν
1568 2215 1752 2250 Ἔθερμάνθη
1767 2217 1786 2250 ή
1803 2216 1914 2250 καρδία

1116 2269 1185 2295 μου.

1395 2308 1543 2335 ΨΛΛΜΟΣ
1566 2309 1629 2336 AO’.

1157 2362 1166 2378 t
1179 2353 1409 2388 Εὑαγγελισάμην
1428 2353 1612 2390 δικαιοσύνην.
1627 2364 1638 2380 ι

1154 2398 1286 2433 Μεγάλην
1301 2399 1382 2433 φησὶν
1399 2399 1615 2434 Ἐκκλησίαν,οὐ
1630 2400 1710 2435 μόνον
1721 2400 1769 2436 τὴν
1784 2402 1914 2437 σύστημα

1119 2444 1333 2478 πολυάνθρωπον
1350 2445 1466 2480 ἔχουσαν
1476 2465 1484 2477 ,
1501 2446 1568 2473 ἀλλὰ
1585 2447 1632 2473 καὶ
1644 2447 1734 2482 πολλῷ
1751 2448 1850 2482 μᾶλλον
1863 2449 1915 2483 τὴν

1119 2491 1152 2518 τὰ
1167 2490 1256 2526 ὑψηλὰ
1278 2491 1325 2517 καὶ
1347 2492 1547 2527 μεγαλοπρεπῆ
1561 2492 1685 2526 δόγματα
1698 2493 1747 2527 τῆς
1770 2493 1917 2527 θεολογίας

1120 2537 1324 2571 παραδέξασθαι
1345 2537 1508 2573 δυναμένην.
1525 2539 1609 2573 Χεὶλη
1624 2538 1652 2565 δὲ
1667 2539 1718 2573 τῆς
1735 2539 1913 2574 Ἐκκλησίας,

1120 2585 1167 2610 καὶ
1182 2584 1205 2610 οί
1221 2583 1354 2619 ὀφθαλμοὶ
1369 2584 1508 2618 τροπικῶς
1523 2584 1650 2620 ληφθεῖεν
1667 2586 1702 2612 ἂν
1724 2586 1748 2612 οί
1771 2586 1916 2621 πανεὺςρη-

1122 2638 1167 2664 μοι
1182 2629 1338 2662 ἀπόστολοι,
1354 2630 1402 2656 καὶ
1419 2630 1519 2661 πάντες
1534 2631 1558 2656 οι
1578 2631 1635 2666 μετ’
1647 2631 1767 2663 ἐκείνους
1786 2632 1920 2659 διδάσκα-

1121 2675 1172 2706 λοι,
1186 2675 1232 2707 οὓς
1249 2675 1279 2701 τὸ
1293 2675 1386 2702 λοιπὸν
1399 2675 1479 2710 σῶμα
1494 2676 1543 2711 τῆς
1561 2676 1733 2711 Ἐκκλησίας,
1744 2678 1774 2704 οὐ
1792 2675 1874 2713 μόνον
1883 2679 1917 2706 οὐ

1122 2721 1222 2747 κωλύει
1236 2721 1287 2756 τὴν
1298 2722 1540 2758 αὺτοδικαιοσύνην
1554 2722 1780 2758 εὐαγγελίζεσθαι
1791 2724 1838 2751 τὸν
1848 2725 1921 2760 Χρι-

1124 2768 1196 2798 στὸν,
1213 2766 1281 2793 ἀλλὰ
1302 2767 1350 2794 καὶ
1375 2768 1476 2802 μᾶλλον
1492 2770 1620 2804 παρορμᾷ
1639 2767 1686 2804 τὴν
1701 2769 1838 2804 ἀνάλογον
1852 2778 1920 2797 συν-

1123 2812 1219 2849 εργίαν
1233 2813 1326 2845 αὐτοῖς
1340 2814 1543 2850 παρεχόμενον.
