2056 3148
166 187 230 220 1'20!

697 193 927 223 FRAGMENTA
948 193 988 223 IN
1010 192 1188 222 PSALMOS.

1721 188 1789 221 12:32

164 232 299 283 ἐνόμιζεν.
317 247 437 281 ’Λνάξιον
448 248 502 283 γὰρ
512 248 592 276 τοῦτο
603 249 744 285 προφήτου
758 250 804 278 καὶ
817 249 949 285 βασιλέως

1012 249 1084 277 'uisse
1102 254 1241 285 peccatum
1274 249 1408 284 reputavit
1428 253 1538 284 propter
1559 249 1659 285 regiam
1674 249 1787 284 dignita-

164 294 277 326 εἰκότως
291 294 419 326 εὐσεϐοῦς
434 295 592 330 ἐτύγχανεν.
611 295 692 323 Ἀλλὰ
700 296 750 323 σοὶ
761 297 844 330 μόνῳ
856 296 949 331 ἦμαρ-

164 348 228 372 τον,
253 340 362 374 ἐλεγεψ
389 341 482 376 ἐπειδὴ
506 343 579 376 μόνῳ
600 342 639 378 τῷ
653 342 713 378 Θεῷ
728 343 764 377 μὴ
782 343 950 378 ἁμαρτάνειν

165 386 239 421 ήμὶς
262 386 337 420 μέλει
352 386 390 418 ὡς
417 386 578 422 δημιουργῷ
595 387 748 423 φειδομένῳ
760 388 808 414 τοῦ
824 388 947 423 πλάσμα-

165 430 305 462 το,.”Ιτως
318 431 357 463 δὲ,
369 431 421 458 Kal
440 432 472 458 τὸ
489 432 622 465 πονηρὸν
634 433 763 460 ἐνώπιόν
776 442 834 461 σου
848 433 951 467 ἐποίη-

167 483 224 502 σιν
242 476 283 502 ὅτι
304 476 413 502 πάντων
435 477 473 508 ὡς
495 476 600 511 βασιλεί
624 478 822 513 χαριζομένων,
849 479 897 505 καὶ
918 481 951 514 τῇ

168 523 258 557 σιωπῇ
274 521 449 557 κρυπτόντων
465 522 496 548 τὸ
517 523 678 558 ἁμάρτημα,
691 525 705 550 ό
721 524 786 556 Θεὸς
800 525 846 551 τὸν
858 524 952 551 Νάθαν

168 566 273 602 ἔπεμψε
295 567 343 593 καὶ
362 567 485 602 πονηρὰν
504 566 587 595 οὖσαν
610 568 660 604 τὴν
685 569 786 604 πρᾶξιν
806 570 952 605 ἐξήλεγξε,

167 612 218 639 καὶ
241 612 313 644 τινος
339 612 418 639 τοῦτο
445 613 542 649 χάριν,
574 614 608 640 τὰ
633 614 698 650 ἑξῆς
730 615 865 643 ἀκόλουθα
897 616 953 643 δεί-

169 667 274 686 κνυσιν.

206 713 216 729 ι
239 704 306 730 Ἰδοὺ
322 703 376 739 γὰρ
389 704 418 731 ὲν
433 704 559 740 ἀνομίαις
576 705 757 742 συνελήφοην.
775 715 786 733 ι

203 796 297 822 Ταῦτα
315 796 346 822 οὐ
367 796 446 831 μόνον
459 796 504 823 διὰ
524 796 568 823 τὸν
583 796 670 832 ῥύπον
690 797 736 824 τὸν
749 798 782 825 ἐκ
802 798 850 825 τοῦ
870 799 956 834 Ἀδὰμ

170 841 357 876 καταγόμενον
369 841 489 876 λέγεται·
498 842 580 870 αὑτοῦ
593 843 647 878 γὰρ
659 843 739 871 ἕνεκα
748 845 865 879 ῥυπαροὶ
878 853 955 878 νομι-

170 887 274 922 ζόμεθα
288 887 411 922 γίνεσθαι
423 908 430 919 ,
447 887 517 914 ὥστε
531 889 578 915 καὶ
596 890 660 924 πρὶν
675 889 763 916 ἐλθεῖν
778 891 818 921 εις
829 889 886 922 ἕξιν
897 890 957 925 ἠλι-

1003 300 1066 323 tem.
1095 296 1216 330 Namque
1236 296 1287 323 hoc
1300 296 1440 330 indignum
1456 295 1552 323 fuisset
1566 300 1593 323 et
1615 296 1747 330 pit-pheta
1761 298 1789 323 et

1002 349 1074 376 rege,
1100 341 1146 376 qui
1162 342 1259 368 merito
1278 342 1339 376 pius
1357 341 1517 368 habebatur.
1534 340 1586 368 Sed
1603 341 1650 368 tibi
1664 340 1714 368 soli
1728 350 1787 376 pec-

1002 388 1068 418 cari,
1092 387 1233 421 inquiebat
1249 395 1254 413 :
1273 387 1400 422 quoniam
1415 387 1464 413 soli
1482 386 1536 414 Deo
1547 391 1672 421 tanquam
1687 387 1788 422 opiﬁci,

1002 437 1030 460 et
1045 432 1164 467 tigmenti
1185 432 1225 459 sui
1243 433 1395 464 miserenti,
1413 440 1486 460 cura:
1506 437 1548 459 est
1574 440 1608 459 ne
1631 440 1788 467 peccemus.

1003 477 1035 504 Et
1054 477 1094 504 sic
1115 477 1197 504 etiam
1226 477 1302 510 illud,
1320 477 1353 504 Et
1372 477 1472 504 malum
1494 485 1583 503 coram
1599 481 1623 503 te
1635 477 1697 512 feci,
1712 477 1789 503 addi-

1003 523 1062 554 dit,
1093 523 1220 558 quoniam
1244 523 1355 557 reliquis
1376 523 1503 550 omnibus
1526 523 1550 549 ei
1579 526 1705 557 tanqumn
1734 522 1789 557 regi

1004 568 1205 603 indulgentibus
1218 589 1225 600 ,
1242 572 1270 595 et
1285 572 1424 603 peccatum
1447 567 1555 595 silentio
1575 567 1790 602 eontegentibus.

1005 614 1075 640 Deus
1091 614 1166 640 misit
1182 613 1299 643 Nathan.
1314 617 1342 640 et
1361 613 1493 639 nefarium
1517 612 1582 639 illud
1596 611 1684 639 scelus
1703 619 1793 646 repre-

1005 660 1100 687 hendit
1115 668 1122 686 :
1141 663 1169 686 et
1182 667 1231 686 cur
1246 659 1296 686 hoc
1310 659 1405 686 fecerit
1420 658 1561 693 sequentia
1573 657 1720 685 declarant.

1039 705 1120 732 Vens.
1141 704 1168 731 7.
1188 715 1195 730 ι
1214 703 1284 732 Ecce
1304 704 1377 731 enim
1395 704 1424 730 in
1440 703 1631 738 iniquitatibus
1643 706 1791 737 conceptus

1006 759 1077 778 sum.
1096 760 1106 776 )

1042 797 1104 824 lbrc
1132 804 1185 823 non
1219 796 1347 823 dicuntur
1373 796 1460 822 solum
1491 799 1602 830 propter
1632 793 1728 822 sordes
1759 793 1792 819 ab

1008 843 1111 869 Adamo
1137 846 1290 869 contractas
1314 850 1321 868 :
1347 849 1412 868 nam
1438 841 1556 875 pollutos
1571 848 1620 867 nos
1641 839 1793 874 ejus=causa

1009 888 1083 916 nasci
1095 888 1281 923 cognovimus,
1294 888 1329 914 ita
1346 891 1376 914 ut
1389 887 1546 922 priusquam
1560 886 1593 912 ad
1605 889 1712 912 aetatem
1728 883 1791 910 boni

170 933 232 964 κίας
243 933 325 960 καλοῦ
337 933 384 960 καὶ
395 934 479 960 κακοῦ
487 934 635 969 δεχομένης
644 935 789 970 διάκρισιν,
797 935 956 970 καθάρσεως

1012 939 1036 961 et
1049 933 1113 960 mali
1132 932 1316 960 discretricem
1330 931 1533 965 perveniamus.
1550 929 1655 964 quasia
1673 927 1792 963 parenti-

171 980 210 1010 ὡς
223 981 255 1006 ἐκ
273 979 401 1014 πατέρων
420 979 612 1015 ὲρῤυπωμένοι
626 980 776 1016 χρῄσομεν.
801 980 887 1007 Τοῦτο
904 981 958 1016 γὰρ

171 1025 220 1051 καὶ
234 1025 310 1059 παρὰ
324 1024 364 1059 τῷ
381 1025 442 1051 ’1ὼὸ
456 1025 601 1060 εἰρημένον
617 1026 781 1061 εὑρήσομεν·
803 1026 861 1058 Τίς,
880 1027 957 1061 φησὶ.

172 1069 358 1104 καυχήσεται
372 1070 501 1104 καθαρὸς
511 1068 588 1096 εἶναι
601 1071 660 1097 ἀπὸ
667 1071 768 1104 ,ῥύπου
781 1079 790 1102 ;
803 1071 872 1098 ἀλλ’
890 1071 960 1098 οὔτε

170 1116 295 1151 βρέφος,
303 1117 361 1142 κᾶν
367 1114 387 1151 ᾖ
393 1116 447 1150 μία
459 1115 554 1150 ἡμέρα
564 1117 582 1150 ἠ
594 1116 649 1150 (wh
661 1116 764 1144 αὑτοῦ.
777 1117 846 1152 Πρὸς
854 1117 960 1149 τούτοις

175 1163 281 1198 μητέρα
295 1163 344 1197 τῆς
361 1162 498 1197 ἁμαρτίας
509 1162 558 1197 τὴν
571 1162 722 1197 ἐπιθυμίαν
732 1163 749 1198 ἡ
758 1162 853 1198 Γραψὴ
868 1163 960 1189 καλεῖν

174 1209 192 1244 ἡ
205 1208 385 1239 θεόπνευστος
409 1207 517 1235 εἴωθεν.
536 1208 668 1242 Ἐγγονον
684 1208 712 1235 δὲ
732 1209 814 1235 πάλιν
827 1210 960 1244 ἑκατέρας

174 1255 222 1281 τὸν
257 1254 371 1281 θάνατον
401 1255 448 1281 καὶ
488 1256 622 1290 μαρτυρεῖ
647 1256 661 1281 ό
695 1255 822 1288 Ἰάκωϐος
852 1256 959 1290 λέγων’

182 1300 216 1328 Ἠ
238 1301 379 1336 ἐπιθυμία
408 1301 608 1328 συλλαϐοῦσα
634 1301 726 1328 τίκτει
756 1302 910 1336 ἁμαρτίαν,
940 1302 960 1336 ἢ

175 1346 210 1373 δὲ
229 1347 356 1381 ἁμαρτία
385 1346 623 1374 ἀποτελεσθεῖσα
659 1347 784 1374 ἁποκύει
819 1348 960 1375 θάνατον.

178 1393 257 1418 Ὥστε
267 1393 331 1419 ὅταν
343 1392 558 1428 ἁμαρτάνωμεν,
569 1394 598 1420 ὲν
609 1393 760 1429 ἁμαρτίαις
773 1393 961 1430 συλλαμϐανό-

178 1437 258 1472 μεοα.

215 1492 224 1508 ι
249 1483 382 1514 Ῥαντιεῖς
400 1492 431 1518 με
449 1483 578 1518 ὑσσώπῳ.
597 1493 608 1510 ι

212 1528 319 1562 Ὥσπερ
333 1529 381 1555 καὶ
398 1530 479 1564 ἡμεῖς
491 1531 521 1556 ὲν
535 1532 569 1565 τῇ
583 1530 672 1566 δωρεᾷ
686 1531 734 1557 τοῦ
756 1530 960 1566 βαπτίσματος,

1008 978 1060 1005 bus
1087 977 1262 1005 contaminati
1287 976 1448 1012 purgatione
1474 976 1654 1010 indigeamus.
1675 973 1746 1006 Quin
1767 976 1793 999 et

1010 1025 1062 1051 hoc
1076 1024 1110 1051 ab
1127 1024 1186 1058 ipso
1200 1022 1270 1050 Jobo
1281 1023 1386 1050 dictum
1399 1022 1567 1057 reperiemus
1580 1030 1587 1047 :
1604 1020 1678 1053 Quis,
1695 1019 1794 1053 inquits

1009 1069 1165 1104 gloriabitur
1193 1069 1305 1095 mundus
1330 1077 1383 1095 esse
1405 1077 1421 1094 α
1436 1067 1554 1094 sordibus
1568 1067 1580 1093 Ρ
1593 1066 1637 1093 sed
1659 1073 1740 1100 neque
1753 1065 1794 1090 in-

1010 1116 1079 1150 fans,
1101 1115 1149 1142 etsi
1170 1115 1249 1150 fuerit
1282 1116 1358 1142 unius
1379 1115 1431 1142 diei
1454 1114 1507 1141 vita
1530 1114 1587 1148 ejus
1605 1113 1636 1138 ¹“¹.
1662 1111 1795 1139 Praeterea

1011 1157 1112 1192 peccati
1131 1162 1244 1185 matrem
1269 1158 1358 1185 divina
1382 1158 1523 1193 Scriptura
1543 1155 1794 1192 concupiscentiam

1010 1203 1146 1238 appellare
1161 1203 1238 1231 solet:
1259 1203 1363 1231 Rursus
1376 1211 1440 1231 vero
1456 1207 1571 1230 mortem
1592 1202 1731 1236 utriusque
1748 1208 1796 1236 gen

1011 1249 1135 1276 nitricem
1151 1256 1210 1276 esse
1219 1248 1335 1276 Iacobus
1345 1253 1459 1276 testatur
1473 1248 1569 1276 dicens
1585 1256 1594 1275 :
1607 1246 1798 1281 Concupiscet:-

1011 1294 1050 1321 tia
1076 1303 1134 1321 cum
1147 1295 1301 1328 conceperit,
1328 1295 1398 1329 parit
1418 1298 1554 1329 peccatum
1567 1302 1576 1326 ;
1591 1297 1726 1328 peccatum
1737 1299 1797 1318 vero

1012 1348 1069 1367 cum
1086 1345 1294 1367 consummatum
1313 1341 1402 1376 fuerit,
1421 1344 1527 1375 generat
1540 1343 1650 1366 mortem
1659 1337 1692 1364 ".
1708 1337 1798 1370 Quare

1011 1393 1074 1414 eum
1087 1393 1243 1422 peccamus,
1261 1386 1289 1413 in
1306 1386 1424 1422 peccatis
1438 1386 1618 1421 concipimur.

1048 1488 1130 1516 Vens.
1146 1488 1172 1516 9.
1194 1497 1203 1513 ι
1220 1487 1353 1524 Asperges
1367 1495 1409 1515 me
1424 1488 1552 1523 hyssopo.
1571 1496 1580 1512 ι

1048 1533 1281 1567 Quemadmodum
1297 1538 1324 1561 et
1343 1541 1392 1560 nos
1403 1533 1431 1560 in
1451 1532 1576 1568 baptismi
1594 1533 1666 1559 dono
1678 1538 1746 1566 aqua
1760 1529 1797 1556 la-

176 1572 216 1607 τῷ
235 1573 283 1608 μὲν
302 1573 378 1600 ὕδατι
396 1575 565 1610 πλυνόμεθα,
578 1576 617 1611 τῷ
633 1575 661 1602 δὲ
679 1576 817 1612 πνεύματι
832 1576 959 1612 λαμπρυ-

1013 1588 1119 1613 vamur,
1134 1580 1181 1608 sed
1197 1579 1294 1615 spiritu
1307 1579 1369 1607 illus
1376 1583 1489 1607 tramur.

177 1619 292 1654 νόμεθα.

214 1675 225 1691 Ι
250 1666 400 1697 Ἀκοντιεῖς
418 1676 451 1702 με
469 1668 642 1702 ἀγαλλίασιν.
665 1678 674 1695 ι

212 1711 411 1739 Ταπεινοῦνται
428 1713 476 1748 μὲν
489 1714 523 1740 τὰ
537 1714 587 1749 τῆς
602 1714 693 1749 ψυχῆς
712 1715 805 1748 ὀστέα,
823 1716 963 1743 τουτέστιν

175 1757 206 1784 αἱ
233 1757 435 1792 δυνάμεις,ὑπδ
453 1759 503 1793 τῆς
528 1760 676 1795 ἁμαρτίας,
700 1762 746 1787 καὶ
761 1761 962 1796 σύνττρίὸονται⁶

176 1803 246 1830 ἀλλὰ
267 1805 299 1840 τῇ
317 1805 447 1840 μετανοίᾳ
470 1805 591 1833 σωθέντα
609 1807 772 1840 ἀναθάλλει,
789 1807 837 1834 καὶ
857 1809 898 1840 εὶς
915 1808 964 1844 τὴν

176 1850 264 1884 χαρὰν
279 1849 330 1886 τὴν
345 1850 463 1885 ἀρχαίαν
473 1851 667 1887 ἐπανέρχεται.

215 1905 224 1920 ι
248 1895 431 1931 Ἀπόστρεψον
441 1896 470 1922 τὺ
485 1897 634 1931 πρόσωπόν
648 1906 706 1925 σου.
723 1908 733 1924 ι

219 1939 283 1966 Ἐὰν
295 1941 349 1976 γὰρ
363 1941 400 1976 μὴ
417 1941 627 1977 παραόλέιιηται
651 1942 775 1979 ἡμέτερα
791 1945 963 1980 πταίσματα,

178 1985 299 2020 σωθῆναι
322 1987 352 2012 οὐ
374 1986 522 2022 δυνάμεθα.
536 1987 595 2018 Πῶς
615 1988 644 2014 δὲ
664 1987 744 2015 τοῦτο
764 1990 963 2025 κατορθοῦται;

179 2032 264 2058 ὀταν
275 2033 356 2067 ἡμεῖς
366 2033 471 2067 ἀγαθὰς
488 2033 602 2068 πράξεις
614 2034 663 2060 καὶ
674 2035 773 2068 ἀρετὰς
787 2035 964 2071 ἁσκήσωμεν,

179 2077 224 2104 ἵνα
237 2078 285 2104 τοῦ
304 2079 397 2113 κριτοῦ
414 2080 459 2106 τὸν
476 2080 615 2115 ὀφθαλμὸν
635 2081 674 2112 εἰς
688 2081 773 2112 αὑτὰς
797 2082 966 2116 μετενέγχω-

180 2131 240 2158 μεν·
255 2124 328 2151 οὕτω
344 2125 399 2160 γὰρ
416 2125 523 2160 καὶτῆς
534 2126 588 2152 τῶν
598 2126 741 2161 ἡμετέρων
757 2127 966 2163 ἁμαρτημάτων

179 2169 295 2204 Θεωρίας
305 2171 386 2197 αὑτὸν
401 2171 554 2206 ἀποστῆσαι
568 2171 717 2207 δυνάμεθα.

217 2224 226 2241 ι
246 2215 302 2242 Καὶ
321 2216 411 2247 πάσας
428 2216 544 2251 ἀνομίας
562 2225 614 2252 μου
632 2217 785 2253 ὲξάλειψον.
805 2228 814 2244 ›

1049 1669 1131 1697 Vens.
1147 1668 1191 1696 i0.
1206 1677 1215 1694 ι
1236 1668 1336 1696 Audire
1347 1675 1392 1695 me
1403 1667 1486 1695 facies
1497 1666 1636 1702 gaudium.
1653 1675 1662 1692 θ

1048 1713 1346 1749 llumilianturquidem
1357 1713 1454 1740 animae
1465 1712 1566 1745 ossa,id
1576 1716 1618 1739 est
1625 1711 1725 1743 vires,a
1731 1717 1798 1745 pec-

1014 1765 1093 1794 cato;
1111 1764 1298 1787 verumtamen
1315 1759 1394 1787 saluti
1409 1767 1457 1794 per
1471 1758 1660 1794 paenitentiam
1674 1758 1797 1786 restituta

1014 1806 1120 1839 ﬂorent.
1145 1809 1172 1834 et
1186 1805 1214 1833 in
1230 1806 1373 1841 pristinam
1384 1805 1503 1832 laetitiam
1518 1808 1704 1834 revertuntur.

1050 1905 1133 1935 Vens.
1149 1906 1192 1934 Η.
1211 1915 1220 1932 ι
1242 1905 1342 1934 Averte
1359 1905 1456 1933 faciem
1473 1909 1556 1932 tuam.
1577 1915 1586 1931 )

1049 1952 1117 1979 Nam
1141 1952 1193 1979 nisi
1217 1951 1362 1979 eonniveat
1389 1951 1422 1978 ad
1447 1955 1559 1986 peccata
1579 1954 1682 1980 nostra.
1704 1949 1801 1977 sal‘xari
1836 1984 1841 1986 ν

1015 1999 1126 2026 minime
1150 2005 1305 2032 poswmus.
1321 1996 1374 2024 Sed
1389 2004 1444 2032 quo
1459 2000 1537 2032 pacto
1552 1995 1578 2023 id
1601 1995 1738 2022 edicitur?
1752 1992 1802 2022 Ni-

1015 2044 1114 2071 mirunt
1138 2051 1200 2071 cutn
1220 2050 1303 2078 opera
1322 2043 1392 2070 bona
1407 2046 1435 2069 et
1454 2043 1568 2070 virtutes
1582 2040 1802 2074 exercuerimus,

1016 2094 1046 2118 ut
1069 2090 1166 2125 iudicis
1183 2089 1277 2116 oculos
1296 2089 1329 2116 ad
1341 2089 1400 2116 illas
1423 2093 1614 2116 convertamus
1638 2096 1645 2114 :
1672 2087 1708 2114 ita
1729 2086 1802 2114 enim

1017 2137 1090 2163 illutn
1106 2136 1140 2163 ab
1150 2134 1250 2162 intuitu
1260 2134 1420 2162 delictorum
1433 2138 1588 2162 nostrorutn
1605 2137 1728 2160 avertere
1741 2139 1802 2167 pos-

1018 2189 1123 2209 sumus.

1057 2238 1066 2254 ι
1085 2227 1118 2255 Et
1131 2235 1226 2255 omnes
1242 2226 1398 2262 iniquitates
1409 2234 1483 2254 meas
1494 2226 1562 2254 del‘e.
1582 2236 1591 2252 ι

215 2260 252 2286 Οὐ
269 2260 424 2295 μίαν,.ἁλλὰ
441 2262 541 2292 πάσας·
560 2262 640 2297 ἱκανὴ
654 2262 709 2298 γὰρ
720 2263 767 2289 καὶ
782 2263 798 2298 ή
814 2263 864 2298 μία
878 2272 959 2299 παρα-

1053 2273 1113 2300 Non
1129 2280 1221 2305 uuam,
1234 2272 1280 2300 sed
1292 2279 1388 2299 omnes
1402 2280 1408 2298 :
1425 2279 1542 2306 namque
1557 2272 1598 2298 vel
1610 2278 1662 2298 una
1678 2270 1742 2298 satis
1750 2273 1802 2302 est.

180 2305 287 2341 πέμψαι
304 2306 373 2341 πρὸς
393 2307 518 2341 γέενναν.
533 2307 580 2343 Μὴ
604 2308 694 2335 τοίνυν
708 2309 789 2344 ἡμεῖς
806 2310 855 2344 τῆς
868 2309 966 2345 τυχού-

181 2360 231 2386 σης
244 2352 384 2387 ἁμαρτίας
409 2354 602 2389 ἀμελήσωμεν.
620 2355 682 2382 Ἐὰν
695 2357 750 2391 γὰρ
767 2356 964 2392 ὲσπιλωμὲνος,

180 2392 283 2427 οὗτινος
299 2394 334 2432 ἦν
348 2397 559 2433 ρύπου,όχιτὼν
568 2398 668 2434 εὑρεθῆ
679 2400 693 2425 ό
708 2400 850 2436 ἡμέτερος,
866 2402 906 2432 είς
920 2401 967 2427 τὸν

180 2442 313 2476 νυμφῶνα
327 2443 457 2470 εἰσελθεῖν
469 2444 516 2471 τοῦ
534 2445 675 2479 βασιλέως,
691 2446 707 2481 ῆ
726 2447 846 2480 πατῆσαι
857 2448 907 2483 τὴν
919 2449 966 2475 αὑ-

180 2487 229 2522 λὴν
242 2489 273 2515 οὐ
296 2489 446 2524 δυνάμεθα.
469 2490 556 2517 Τοῦτο
581 2492 595 2518 ό
618 2491 724 2525 Παῦλος
757 2494 966 2530 ὲπισφραγίζων

180 2533 273 2568 ἔλεγε’
306 2535 353 2569 Μὴ
376 2535 536 2563 πλανᾶσθε
551 2544 557 2551 ·
578 2537 648 2564 οὔτε
669 2539 785 2573 πόρνοι,
816 2540 886 2567 οὒτε
909 2549 966 2576 μα-

179 2579 277 2612 λακοὶ,
298 2581 368 2608 οὔτε
387 2582 574 2613 πλεονέκται.
590 2583 660 2610 οὔτε
667 2583 804 2618 μέθυσοι,
819 2586 856 2612 οὐ
866 2587 967 2613 ,λοίδο-

177 2633 235 2659 ροι,
257 2627 314 2661 οὐχ
340 2627 473 2662 ἅρπαγες
497 2628 661 2660 βασιλείαν
683 2629 757 2656 Θεοῦ
777 2632 966 2666 κληρονομήο

180 2679 284 2699 σουσι.

220 2727 229 2743 ι
248 2718 372 2753 Καρδίαν
387 2719 511 2756 καθαρὰν
525 2721 616 2747 κτίσον
635 2721 664 2747 ὲν
679 2721 767 2755 ἐμοί.)

216 2763 272 2797 Οὐχ
286 2763 329 2789 ἵνα
343 2763 391 2799 τὴν
405 2765 486 2799 φύσιν
511 2766 622 2800 ἀμείψει
643 2766 730 2801 (οὐδὲν
745 2766 800 2802 γὰρ
815 2767 883 2803 αὕτη
896 2768 966 2801 φαῦ-

182 2807 227 2834 λον
243 2808 406 2845 ἑκέκτητο)·
436 2810 494 2837 ἀλλ’
520 2811 564 2837 ἵνα
587 2811 631 2838 τὶν
653 2811 785 2848 λογισμὸν
803 2813 853 2847 τῆς
876 2814 966 2849 ψυχῆς

220 2897 239 2913 ¹⁷
255 2897 314 2926 Job.
333 2899 424 2930 sti-,5.
465 2899 486 2914 ³⁸
496 2898 552 2926 Jac.
569 2908 586 2932 ι,
604 2899 644 2926 i5.
684 2900 704 2915 "’
722 2898 730 2926 1
745 2900 804 2928 Cor.
819 2908 856 2933 vi,
870 2899 896 2928 9.

1018 2324 1048 2346 ot
1065 2318 1153 2346 mittat
1165 2319 1193 2345 in
1210 2318 1376 2354 gehennam.
1392 2317 1431 2345 Ne
1449 2325 1513 2353 ergo
1533 2325 1584 2344 nos
1603 2317 1646 2344 vel
1662 2316 1802 2343 minimum

1018 2367 1158 2398 peccatum
1179 2362 1347 2398 negligamus
1363 2370 1370 2388 :
1384 2368 1447 2388 nam
1470 2360 1491 2388 si
1503 2360 1546 2388 vel
1566 2359 1618 2387 l‘evi
1636 2358 1742 2386 macula
1756 2365 1802 2384 vc-

1018 2409 1068 2436 stis
1082 2413 1176 2436 nostra
1191 2407 1300 2435 sordida
1324 2407 1434 2434 inventa
1457 2406 1549 2439 fuerit,
1563 2413 1614 2433 nec
1627 2405 1698 2440 regis
1710 2403 1802 2431 thala-

1018 2461 1091 2480 mum
1119 2452 1234 2488 ingredi.
1257 2459 1309 2479 nec
1325 2451 1413 2478 aulam
1437 2450 1542 2478 calcare
1569 2449 1729 2485 poterimus.
1748 2447 1804 2474 Hoc

1018 2499 1117 2526 Paulus
1141 2497 1306 2525 confirmans
1320 2496 1389 2524 dixit
1404 2505 1411 2523 :
1425 2496 1513 2524 Nolite
1526 2503 1616 2522 errare
1629 2502 1638 2521 :
1653 2502 1734 2529 neque
1748 2493 1803 2528 for-

1017 2545 1124 2577 nicarit’,
1140 2553 1220 2579 neque
1232 2543 1332 2576 molles,
1349 2551 1430 2578 neque
1440 2543 1527 2575 avari,
1543 2550 1626 2577 neque
1639 2540 1743 2572 ebriosi,
1759 2547 1803 2565 nc-

1018 2599 1066 2626 qne
1089 2590 1211 2618 maledici
1225 2609 1233 2623 ,
1250 2597 1332 2624 neque
1345 2597 1454 2623 rapaces
1467 2609 1474 2621 ,
1498 2596 1607 2624 regnum
1624 2587 1671 2614 Dei
1689 2586 1803 2620 posside-

1019 2636 1081 2662 bunt
1098 2636 1128 2662 ¹⁹.

1055 2725 1135 2753 Vens.
1157 2725 1200 2752 i8.
1216 2735 1225 2751 ‹
1241 2725 1294 2752 Cor
1311 2725 1442 2751 mundum
1457 2731 1518 2752 crea
1534 2723 1560 2750 in
1580 2730 1633 2750 me.
1649 2731 1659 2747 ι

1055 2770 1112 2805 Ifion
1127 2775 1156 2798 ut
1175 2774 1299 2797 naturam
1323 2773 1408 2797 mutet
1431 2769 1509 2804 (nihil
1521 2769 1593 2796 enitn
1607 2767 1650 2795 illa
1664 2766 1725 2794 mali
1739 2772 1802 2800 pos-

1020 2816 1133 2851 sideral)
1146 2824 1151 2843 :
1164 2816 1211 2843 sed
1229 2821 1258 2843 ut
1269 2815 1447 2850 cogitationes
1458 2814 1540 2842 animi
1556 2814 1678 2846 mundct,
1690 2817 1717 2840 et
1731 2811 1803 2839 cluat
