2056 3148
200 177 273 210 ιξθσ

200 280 384 314 ἐπεδήμησεν.
399 279 504 314 Ὠσπερ
521 280 574 315 γὰρ
588 281 601 306 ὁ
618 280 806 315 παρακύπτων
817 281 864 315 ἀφ’
882 280 986 316 ὑψηλοῦ

200 326 294 356 τόπου,
311 326 367 352 ἄνω
383 325 484 360 μένων,
496 327 572 352 κάτω
586 327 619 361 τῇ
638 327 764 362 ἐνεργείᾳ
776 326 899 360 γίνεται,
917 327 988 354 οὕτω

199 370 247 396 καὶ
267 371 281 396 ό
300 369 416 404 Χριστὸς
433 371 461 396 ὲν
486 371 542 402 τοῖς
557 371 670 402 κόλποις
693 371 739 398 τοῦ
763 371 869 406 Πατρὸς
889 372 988 406 μένων,

201 417 233 450 τῇ
262 417 297 451 γῇ
325 415 369 441 διὰ
390 415 491 451 σαρκὸς
518 416 686 451 ἐπεδήμησε.
707 417 788 448 Τίνος
814 418 915 452 χάριν;
935 418 990 444 Τοῦ

203 462 286 494 ἰδεῖν,
301 463 327 488 ει
340 462 406 488 ἔστι
422 461 548 494 συνιὼν,
563 461 581 495 ἢ
596 461 728 495 ἐκζητῶν
746 463 798 489 τὸν
816 464 901 490 Θειῖν.
920 464 991 490 Dim—

203 508 249 534 οὖν
265 507 296 533 οὐ
315 508 365 539 τὰς
389 507 504 542 πράξεις
523 507 650 534 τοσοῦτον
661 507 714 534 τῶν
729 508 881 543 ἀνθρώπων
893 509 992 544 κατῆλ-

203 553 248 580 θεν
265 552 476 587 ἐπισκέψασθαι,
488 553 550 578 ὅσον
563 552 626 579 ἰδεῖν
642 553 668 579 εἴ
677 561 737 579 τινα
749 553 815 585 ὅλως
827 553 992 588 θεογνωσίαν

209 599 328 634 ἔχουσιν,
358 599 381 624 εἰ
403 599 431 624 ὲν
450 598 541 624 πίστει
561 597 608 624 τὸν
626 598 693 624 θεὸν
707 598 863 634 ὲκζητοῦσι.

243 697 253 713 ι
273 688 341 722 Οὐχ).
353 687 505 722 γνώσονται
522 687 633 719 πάντες.
656 697 664 713 ι

242 734 346 765 Πάντες
364 734 414 768 μὲν
428 734 453 760 οἱ
472 735 534 764 τοὺς
555 734 672 768 πένητας
690 733 856 766 ἀδικοῦντες,
881 733 929 761 καὶ
960 733 995 760 τὰ

206 781 254 808 τοῦ
272 780 386 815 πλησίον
399 780 579 815 ἁρπάζοντες,
598 779 697 815 βρώσει
712 780 794 816 ἄρτου
809 780 854 806 τον
866 780 930 806 λαον
946 780 994 807 τοῦ

208 827 276 854 Θεοῦ
305 826 405 852 ἐσθίειν
435 826 551 857 εἰκότως
566 826 690 859 λέγονται
713 833 720 840 ”
746 826 849 862 τροφὴν
873 826 926 861 γὰρ
947 825 997 860 τῆς

209 872 314 899 ἑαυτῶν
337 871 493 904 πλεονεξίας
517 871 567 906 τὴν
597 871 719 903 ἀδικίαν,
741 871 790 906 τὴν
815 872 855 902 εἰς
874 870 997 902 ἐκείνους

209 917 312 952 ἔχουσι.
324 916 454 952 Neptem;
472 916 500 942 δὲ
527 915 645 950 μάλιστα
668 917 732 946 τοὺς
749 915 926 946 διδασκάλους
942 915 995 941 τῶν
1013 903 1033 932 Β

216 962 351 989 Ἰουδαίων
370 961 509 995 λέγεσθαι.
532 961 618 997 ’Υπὲρ
631 961 685 996 γὰρ
706 961 843 996 ἀγνωσίας
853 962 899 989 τὸν
914 961 996 996 νόμον

211 1010 247 1041 ὡς
266 1009 376 1035 ἐδόκουν
400 1007 574 1039 ἐκδικοῦντες
589 1027 596 1038 ,
611 1009 644 1042 τῇ
656 1007 683 1033 δὲ
699 1007 776 1042 ὕϐρει
791 1007 838 1034 τοῦ
852 1007 997 1042 νομοθέτου

211 1055 327 1090 ἀνομίαν
342 1053 533 1089 ἐργαζόμενοι,
549 1049 621 1080 οὗτοι
633 1053 678 1079 τὸν
688 1053 752 1079 λαὸν
767 1053 813 1080 τοῦ
826 1053 893 1079 Θεοῦ
905 1053 998 1089 ἧσῦιον

213 1100 312 1135 βρώσει
327 1099 422 1135 ἄρτου,
442 1099 523 1125 ἕνεκα
543 1098 701 1133 πλησμονῆς
718 1099 764 1125 καὶ
778 1098 999 1134 γαστριμαργίας

212 1145 520 1182 προσωποληπτιῦντες,
533 1145 580 1171 καὶ
595 1145 640 1171 τὸν
665 1144 744 1179 νόμον
763 1145 790 1171 ἐν
804 1145 842 1180 τῷ
864 1145 1001 1171 διδάσκειν

213 1192 441 1227 παραϐαίνοντες.

249 1237 317 1271 Περὶ
339 1236 393 1262 τῶν
415 1235 549 1262 Ἰουδαίων
568 1235 643 1270 λέγει
657 1245 664 1251 ·
676 1235 721 1262 τὴν
736 1234 790 1270 γὰρ
811 1234 916 1270 ἀληθῶς
935 1235 1001 1262 Θεὸν

214 1283 258 1309 τὸν
276 1282 394 1317 Χριστὸν
408 1283 458 1308 οὐκ
472 1282 685 1313 ἐπεκαλέσαντο,
703 1283 750 1310 καὶ
766 1281 940 1316 εφοϐήθησαν
955 1281 1002 1315 φό-

215 1330 261 1355 6ον
276 1329 413 1363 περιττὸν,
431 1328 494 1355 ἕνυα
510 1329 560 1355 οὐκ
575 1326 608 1363 ἦν
624 1328 715 1363 φόϐος,
729 1329 773 1355 ὅτε
788 1327 856 1361 πρὸς
869 1327 1002 1362 ἀλλήλους

216 1375 308 1408 ἔλεγον
322 1382 329 1390 ·
358 1375 429 1401 Ἐὰν
449 1373 586 1408 ἐάσωμεν
608 1374 662 1401 τὸν
686 1374 843 1407 ἄνθρωπον
871 1373 980 1400 τοῦτον
993 1393 1001 1405 ,

220 1421 348 1454 ἥξουσιν
363 1421 390 1446 οἱ
409 1420 553 1454 Ῥωμαῖοι,
573 1420 622 1447 καὶ
648 1419 776 1454 ἀροῦσιν
789 1419 873 1454 ἡμῶν
889 1419 942 1445 τὸν
956 1420 1004 1446 τό-

217 1474 274 1493 πον
287 1466 336 1493 καὶ
352 1465 385 1492 τὸ
400 1465 497 1498 ἔθνος.
512 1466 608 1493 Καίτοι
624 1467 673 1492 οὐκ
700 1465 732 1492 ἂν
745 1465 822 1492 τοῦτο
842 1465 945 1499 ἐγίνετο
955 1485 962 1495 ,
980 1465 1004 1491 εἰ

217 1511 266 1547 τὴν
289 1512 328 1543 εἰς
362 1512 442 1538 αὐτὸν
469 1511 560 1538 πίστιν
591 1511 736 1545 ἐφύλαξαν.
765 1511 882 1545 Ὁμοίως
904 1510 932 1537 δὲ
957 1510 1006 1538 καὶ

219 1557 318 1589 πάντες
333 1557 471 1592 ἄνῦρωποι
491 1557 547 1583 ὅσοι
562 1557 607 1582 τὸν
623 1556 689 1582 Θεὸν
709 1555 895 1582 ἐπικαλεῖσθαι
920 1556 1004 1592 ρᾳθυ-

221 1602 315 1637 μοῦσιν
325 1622 332 1634 ,
348 1602 378 1628 ὃν
394 1602 443 1637 μὲν
461 1602 502 1628 δεῖ
516 1602 598 1636 φόϐον
617 1602 646 1628 οὺ
669 1600 824 1635 φοϐοῦνται,
838 1602 870 1636 τῇ
886 1601 926 1632 εἰς
938 1599 1003 1627 Θεὸν

220 1649 342 1684 ἀπιστίᾳ.
369 1649 516 1675 Φοῦοῶται
544 1648 571 1674 δὲ
595 1648 683 1683 μάτην
712 1647 758 1679 τὰς
777 1647 832 1673 τῶν
853 1645 1005 1681 ἀνθρώπων

219 1695 344 1726 ἀπειλὰς,
360 1695 406 1721 καὶ
430 1695 478 1725 τὰς
492 1694 545 1720 τῶν
565 1693 672 1729 ἐχθρῶν
687 1692 857 1724 δυναστείας,
873 1692 923 1718 οὐκ
939 1691 1006 1718 εἰδό-

220 1749 265 1772 τες
288 1740 376 1767 ταῦτα
393 1740 475 1775 μηδὲν
488 1741 561 1775 ἡμᾶς
573 1761 580 1772 ,
598 1740 661 1766 ὃταν
676 1739 774 1774 ἔχομεν
789 1738 839 1774 τὴν
862 1738 1006 1773 εὐμένειαν

221 1786 267 1812 τοῦ
283 1785 363 1817 Θεοῖ,
381 1784 621 1820 παριὸλάπτοντα.
640 1783 892 1819 ’Δνθρωπαρέσκων
903 1782 931 1809 δὲ
943 1782 1008 1818 περὶ

221 1831 324 1858 τούτων
352 1831 446 1864 λέγει’
475 1830 519 1856 ἀεὶ
543 1831 597 1864 γὰρ
619 1831 677 1860 τοῖς
699 1828 854 1865 ἀνθρώποις
878 1828 1008 1864 ἀρέσκειν

225 1878 298 1912 παρὰ
313 1877 357 1903 τὸν
369 1876 435 1903 Θεὸν
449 1876 600 1911 βούλονται,
615 1872 652 1902 ὧν
668 1877 682 1902 6
697 1875 762 1907 Θεὸς
772 1875 806 1901 τὰ
817 1875 894 1906 ὀστᾶ,
908 1873 1008 1909 δηλαδὴ

223 1922 271 1954 τὰς
284 1922 368 1956 φυλὰς
386 1922 570 1957 διεσκόρπισε.
584 1921 857 1955 Κατησχύνθησαν.
888 1921 937 1946 Ὃν
955 1919 1010 1953 γὰρ

225 1968 319 2003 νεκρὸν
337 1967 475 2000 καλοῦσιν,
497 1967 549 1994 ὑπὸ
563 1967 660 1994 τούτου
675 1966 827 1993 διώκονται.
843 1965 883 1992 Τὰ
897 1965 925 1991 δὲ
941 1964 1011 1991 αὐτὰ

225 2013 272 2039 καὶ
288 2014 344 2044 τοῖς
372 2012 500 2047 τυχοῦσιν
523 2012 767 2047 ἀνθρωπαρὲσκοις
785 2011 933 2046 ἐπέρχεται
950 2018 957 2025 “
976 2009 1010 2036 τὰ

227 2058 278 2092 γὰρ
296 2058 364 2084 ὀστᾶ
389 2057 490 2089 αὐτῶν,
507 2059 649 2084 τουτέστιν
678 2058 692 2083 ὁ
710 2056 825 2088 πλοῦτος
848 2057 894 2082 καὶ
913 2056 929 2091 ἡ
949 2055 1013 2089 δόξα

228 2105 279 2130 ὑπὸ
297 2103 363 2130 Θειιῦ
379 2103 565 2138 σκορπίξεται.

262 2151 311 2178 Διά
329 2152 355 2176 τί
377 2150 430 2176 ἀπὸ
447 2150 496 2184 τῆς
513 2149 599 2182 Σιὼν,
619 2149 666 2176 καὶ
686 2149 735 2175 οὐκ
758 2148 811 2175 ama
824 2147 870 2174 τοῦ
886 2146 1013 2183 οὐρανοῦ,

228 2197 277 2223 οὔκ
302 2195 356 2222 ἀπὸ
378 2194 426 2221 τοῦ
455 2194 530 2226 ναοῦ,
545 2195 593 2221 οὐκ
607 2194 661 2221 ἀπὸ
679 2194 728 2228 τῆς
748 2190 879 2224 κιϐωτοῦ,
895 2193 946 2219 οὐκ
961 2192 1015 2220 ἀπὸ

230 2243 282 2269 τῶν
299 2241 383 2276 ἁγίων
393 2242 406 2267 6
417 2241 562 2276 Προφήτης
570 2241 600 2267 τὸ
608 2241 741 2275 σωτήριον
755 2239 864 2274 εὔχεται
877 2247 885 2273 ;
906 2239 1015 2272 Ἐπειδὴ
1032 2254 1053 2281 D

232 2289 289 2315 ἐκεῖ
300 2289 365 2322 ἡμῖν
374 2287 512 2312 ἁπέδωσεν
525 2288 538 2313 6
552 2287 668 2321 Χριστος
683 2286 712 2312 τὸ
727 2286 840 2321 ἀρχαῖον
851 2284 1012 2320 ἐμφύσημα.

232 2335 320 2369 Ὅπερ
348 2332 428 2367 δῆλον
445 2332 585 2366 ἐπήγαγεν
600 2339 607 2347 ·
628 2332 679 2358 Ἐν
695 2329 735 2362 τῷ
757 2329 936 2363 ἐπιστρέψαι
957 2329 1017 2355 Κύ-

228 2388 307 2414 ριον.

259 2426 498 2462 ,νῌχμαλώτευσεν
516 2424 570 2458 γὰρ
593 2421 672 2457 ἡμῶν
693 2422 707 2447 ὁ
722 2421 842 2451 Σατανᾶς
855 2419 888 2445 δι’
909 2417 1020 2452 ἀπάτης

234 2473 281 2508 τὴν
296 2472 438 2499 κοινωνίαν
454 2471 500 2498 τοῦ
518 2469 676 2504 Πνεῦματος
693 2476 700 2482 ·
713 2466 770 2493 ἀλλ’
785 2466 799 2492 6
809 2465 926 2500 Χριστὸς
936 2463 1020 2498 αὐτὴν

234 2519 262 2545 ἒν
276 2520 307 2554 τῇ
322 2518 390 2545 Σιὼν
407 2510 529 2544 ἀπέδωκε
545 2515 589 2542 διὰ
599 2514 646 2540 τοῦ
664 2513 718 2539 τῶν
733 2510 888 2538 ἀποστόλων
899 2509 1023 2544 ἐμφυσή-

238 2573 330 2600 ματος.
352 2564 401 2590 Διὰ
418 2564 445 2589 τί
468 2563 496 2589 δὲ
518 2560 616 2588 Ἰακὼὸ
631 2580 638 2589 .
658 2558 853 2592 ἁγαλλιάσετιι
876 2556 1020 2590 πρότερον,

236 2611 284 2637 καὶ
296 2611 356 2637 τότε
374 2608 482 2644 Ἰσραὴλ
498 2605 726 2642 εὐφρανθήσεται,
743 2602 802 2633 ἐνὸς
814 2601 909 2632 ὅντος;
929 2599 1021 2644 Ὶςπειῖ

237 2655 268 2691 δὴ
297 2654 394 2681 Ἰακὼὸ
413 2642 601 2686 ’πτέρνιστὴς
632 2647 832 2684 ἑρμηνεύεται,
857 2643 965 2680 Ἰσραὴλ
992 2642 1021 2668 δὲ

235 2688 310 2734 νοῦς
324 2699 400 2735 ὀρῶν
416 2699 498 2725 Θεόν.
515 2697 661 2733 Χρῄζομεν
680 2695 708 2721 δὲ
723 2691 882 2726 πτερνισταὶ
894 2688 1021 2724 γενέσθαι

240 2734 371 2782 πρότερον
383 2766 390 2777 ,
407 2744 530 2771 τουτέστι
545 2741 667 2768 διαϐόλου
679 2759 686 2772 ,
702 2740 749 2766 καὶ
774 2738 835 2764 τότε
862 2737 940 2772 ἡμῶν
958 2736 971 2761 ὁ
985 2734 1024 2760 δι-

239 2791 374 2826 ωρατικὸς
390 2790 452 2821 νοῦς
462 2790 495 2824 τῇ
510 2787 582 2815 κατὰ
590 2786 638 2821 τὴν
652 2785 767 2819 δύναμιν
778 2782 825 2809 τοῦ
840 2781 908 2808 θεοῦ
922 2779 1024 2814 θεωρίᾳ

240 2837 425 2872 εὐξραῐνεται.

276 2897 296 2912 "
313 2896 388 2923 .loan.
405 2903 441 2927 χι,
458 2894 491 2920 48
540 2892 562 2907 ³⁸
574 2890 651 2918 Jtlan.
666 2896 708 2920 xx,
721 2887 766 2913 '22.

727 181 956 211 FRAGMENTA
978 181 1017 210 IN
1040 181 1207 212 PSALMOS
1213 205 1219 212 .

199 236 230 261 ὲκ
245 234 291 260 τοῦ
314 233 429 269 οὐρανοῦ
446 234 584 268 διέκυψε-ι,
606 235 686 270 ήνίκα
705 237 771 270 ἡμῖν
795 237 864 271 μετὰ
887 236 985 272 σαρκὸς
1001 239 1021 266 Α

1759 182 1825 215 1210

1037 237 1083 272 git,
1100 238 1146 272 qui
1160 238 1193 264 de
1208 238 1277 265 emlo
1290 239 1440 273 prospexit,
1459 240 1569 275 quando
1580 239 1614 266 ad
1630 247 1680 266 nos
1703 239 1730 266 in
1744 247 1826 266 carne

1038 283 1122 309 venit.
1138 282 1372 315 Quemadmodum
1386 287 1458 312 enim
1472 286 1517 321 qui
1534 294 1566 313 ex
1579 286 1633 313 alto
1646 284 1706 311 loco
1720 284 1825 319 prospi~

1038 326 1084 358 cit,
1101 334 1209 353 sursum
1234 335 1357 359 manens,
1374 336 1423 362 per
1437 330 1623 364 operationem
1649 336 1726 356 suam
1744 328 1826 355 deor-

1039 377 1097 396 sum
1112 370 1146 396 sit
1164 379 1170 397 :
1188 370 1226 397 sic
1249 370 1330 397 etiam
1345 370 1469 399 Christus
1485 373 1510 399 in
1521 373 1581 400 sinu
1601 372 1687 399 Patris
1703 378 1826 400 manens.

1001 449 1007 452 _
1040 423 1089 450 per
1112 423 1221 442 carnem
1240 416 1378 444 descendit
1391 417 1418 444 iu
1440 422 1551 445 terram.
1567 419 1651 453 Cujus
1670 417 1708 444 rei
1720 415 1827 452 gratia?

1042 468 1068 489 ut
1083 463 1179 494 videat,
1195 463 1217 489 si
1231 468 1267 490 est
1283 463 1441 499 intelligent,
1455 469 1501 491 aut
1519 465 1652 500 requirens
1666 464 1758 490 Deum.
1776 462 1828 489 lta—

1041 517 1094 543 que
1119 516 1174 535 non
1189 515 1241 536 tam
1264 510 1384 536 actiones
1397 510 1537 537 hominum
1561 510 1731 545 inspecturus
1744 508 1828 535 adve-

1042 555 1104 588 nit,
1138 563 1218 590 quam
1246 559 1276 582 ut
1309 555 1399 582 videat
1437 560 1532 582 utrum
1566 555 1678 582 omnino
1710 554 1827 588 aliquam

1045 600 1089 627 Dei
1112 600 1237 627 notitiam
1251 600 1384 635 '_habeant,
1407 600 1435 627 hi
1453 601 1498 635 qui
1519 600 1546 627 in
1568 600 1620 628 [ide
1634 600 1718 627 Deum
1739 598 1829 634 requi-

1044 649 1119 673 ιύἰὶι.

1080 689 1162 717 Vens.
1182 690 1208 717 5.
1231 699 1239 716 ι
1258 690 1353 718 Nonne
1367 691 1451 718 scient
1466 698 1572 718 omnes.
1596 700 1605 716 ›

1079 735 1181 763 Omnes
1206 735 1251 771 qui
1272 737 1437 771 pauperibus
1458 737 1585 772 injuriam
1607 735 1728 763 inferunt
1746 739 1774 762 et
1787 741 1832 762 res

1045 781 1162 817 proximi
1176 781 1316 816 diripiunt,
1331 782 1392 809 cibo
1404 782 1482 817 panis
1496 781 1625 816 populum
1638 780 1685 807 Dei
1700 781 1833 807 devorare

1046 828 1144 855 merito
1155 828 1282 855 dicuntur
1302 837 1309 854 :
1325 836 1386 854 nam
1401 836 1450 862 pro
1467 827 1588 854 avaritia:
1604 834 1660 854 sua:
1673 825 1773 861 pabulo
1784 825 1834 852 ha-

1048 875 1113 902 bent
1122 874 1282 910 iniustitiam
1294 895 1301 906 ,
1316 881 1396 909 quam
1409 874 1437 900 in
1451 873 1523 908 ipsos
1538 876 1676 900 exercent.
1692 871 1834 900 Existima-

1048 922 1088 949 bis
1103 927 1194 948 autem
1207 921 1379 956 potissimum
1392 921 1449 949 [nec
1463 920 1516 947 dici
1533 920 1566 946 de
1578 917 1715 954 magistris
1726 917 1833 944 Juda-o-

1047 976 1116 995 rum.
1142 968 1210 995 Nam
1234 967 1280 1002 qui
1300 967 1333 994 ab
1360 965 1509 1001 ignorantia
1528 961 1614 999 leger’n
1636 960 1834 998 quodammodo

1048 1014 1187 1041 vindicare
1199 1013 1368 1045 videbantur,
1389 1012 1436 1039 sed
1452 1011 1486 1038 ad
1502 1009 1670 1045 legislatoris
1687 1011 1834 1035 contume-

1048 1059 1111 1086 liam
1136 1058 1319 1094 operabantur
1330 1057 1499 1092 iniquitatem
1511 1076 1518 1088 ,
1534 1055 1562 1082 hi
1575 1055 1635 1082 cibo
1654 1053 1733 1089 panis
1747 1052 1834 1087 legem

1049 1105 1097 1132 Dei
1119 1104 1296 1136 devorabam,
1324 1103 1388 1130 dum
1416 1110 1472 1137 prae
1503 1099 1652 1129 saturitatis
1675 1106 1708 1126 ac
1732 1097 1836 1125 ventris

1050 1150 1141 1178 studio
1171 1156 1302 1184 personas
1328 1148 1492 1183 acciperent,
1516 1150 1544 1174 et
1564 1146 1592 1172 in
1607 1143 1731 1172 docendo
1749 1142 1850 1181 iegem_

1051 1196 1196 1223 violarent.

1087 1241 1125 1267 De
1139 1239 1240 1268 Iudaeis
1263 1238 1393 1274 loquitur,
1415 1238 1461 1273 qui
1480 1236 1620 1264 Christum
1639 1242 1734 1263 verum
1752 1233 1837 1260 Deum

1052 1293 1106 1313 non
1120 1285 1292 1316 invocarunt,
1307 1288 1335 1311 et
1350 1283 1500 1310 timuerunt
1511 1282 1609 1309 timore
1621 1285 1837 1315 supervacaneo,

1053 1331 1099 1358 ubi
1115 1339 1169 1358 non
1186 1334 1245 1357 erat
1269 1329 1358 1362 timor,
1375 1327 1484 1363 quando
1499 1327 1533 1354 ad
1551 1326 1668 1354 invicem
1684 1324 1813 1351 dicebant
1831 1331 1838 1349 :

1054 1378 1084 1406 Si
1098 1378 1253 1405 dimittimus
1268 1377 1335 1403 [tunc
1349 1376 1489 1406 hominem,
1500 1373 1602 1401 venient
1615 1371 1738 1404 Romani,
1754 1373 1778 1396 et
1792 1367 1841 1396 ιρις

1055 1425 1108 1450 tent
1125 1427 1242 1450 nostrum
1262 1421 1347 1448 locum
1372 1425 1396 1447 el
1415 1424 1516 1456 gentem
1527 1418 1559 1445 ".
1576 1417 1769 1445 Verumtamen
1789 1415 1842 1442 hoc

1055 1468 1166 1495 minime
1179 1467 1326 1498 evenisset,
1348 1465 1370 1493 si
1383 1465 1462 1492 [idem
1479 1465 1505 1491 in
1520 1464 1607 1498 ipsum
1620 1460 1841 1490 custodivissent.

1055 1513 1142 1542 Simili
1165 1519 1273 1548 quoque
1293 1512 1396 1538 ratione
1421 1517 1517 1537 omnes
1541 1509 1667 1536 homines
1689 1505 1734 1541 qui
1758 1504 1842 1531 Deum

1057 1560 1184 1587 invocare
1197 1557 1348 1593 negligunt,
1366 1563 1422 1591 pra:
1437 1553 1626 1582 incredulitate
1642 1552 1669 1578 in
1687 1551 1773 1578 Deum
1787 1556 1844 1576 non

1058 1606 1154 1633 timent
1165 1605 1261 1631 timore
1276 1610 1330 1638 quo
1347 1605 1455 1636 oportet
1469 1610 1476 1628 :
1495 1600 1524 1627 in
1539 1606 1639 1627 vanum
1654 1601 1744 1624 autem
1758 1596 1846 1622 minas

1058 1652 1198 1680 hominum
1220 1655 1248 1678 ct
1269 1649 1441 1676 inimicorum
1476 1645 1611 1682 potentias
1634 1646 1780 1673 metuunt,
1796 1647 1846 1667 ne-

1059 1699 1174 1726 scientes
1191 1697 1241 1724 ista
1256 1695 1323 1723 nihil
1341 1694 1421 1722 nobis
1437 1692 1544 1720 oﬂicere
1575 1689 1686 1726 quando
1698 1687 1847 1722 propitium

1060 1744 1192 1772 habemus
1207 1743 1302 1770 Deum.
1319 1740 1451 1776 Loquitur
1466 1742 1554 1766 autem
1570 1737 1604 1764 de
1618 1736 1651 1763 iis
1665 1735 1711 1770 qui
1727 1732 1847 1760 homini-

1060 1790 1111 1817 bus
1128 1789 1235 1824 placere
1256 1787 1382 1818 student,
1399 1785 1532 1820 siquidem
1548 1783 1576 1810 hi
1605 1788 1713 1816 semper
1728 1778 1848 1806 homini-

1061 1836 1112 1863 bus
1134 1843 1188 1870 prze
1213 1834 1268 1861 Deo
1292 1833 1399 1868 placere
1418 1832 1524 1863 volunt;
1542 1835 1658 1864 quorum
1679 1827 1751 1853 Deus
1775 1832 1847 1856 ossa,

1063 1880 1088 1907 id
1103 1869 1144 1907 est
1170 1879 1267 1910 tribus,
1288 1876 1427 1912 dispersit.
1448 1874 1556 1910 Confusi
1582 1876 1653 1899 sunt.
1679 1869 1747 1897 Nam
1767 1875 1848 1902 quem

1063 1929 1199 1952 mortuum
1217 1922 1372 1958 appellant,
1394 1921 1428 1948 ab
1447 1921 1500 1948 hoc
1521 1917 1694 1947 infestantur.
1715 1914 1849 1941 Cmterum

1064 1971 1122 1997 hare
1136 1969 1231 1997 eadem
1251 1975 1357 2003 quoque
1380 1966 1531 2002 quibusvis,
1546 1963 1593 1999 qui
1613 1961 1769 1990 hominibus
1791 1959 1851 1994 pla-

1065 2022 1137 2047 cent,
1166 2016 1296 2043 eveniunt
1316 2024 1322 2041 ε
1341 2021 1402 2041 ossa
1428 2013 1499 2040 enim
1519 2018 1624 2043 eorum,
1639 2009 1665 2036 id
1686 2006 1850 2037 cstdivitia,

1066 2067 1094 2090 et
1107 2061 1192 2098 gloria
1203 2069 1217 2088 a
1230 2060 1286 2087 Deo
1303 2059 1480 2094 dissipantur.

1103 2138 1159 2167 Cur
1172 2145 1206 2165 ex
1229 2136 1305 2168 Sion,
1318 2140 1345 2163 et
1366 2141 1419 2162 non
1439 2141 1454 2160 a
1474 2133 1554 2164 coelo.
1572 2138 1626 2158 non
1642 2137 1657 2156 a
1673 2127 1784 2162 templo,
1798 2132 1852 2152 non

1068 2186 1102 2214 ab
1116 2193 1187 2216 arca,
1211 2191 1266 2210 non
1283 2190 1298 2209 a
1317 2181 1419 2209 sanctis
1437 2179 1569 2215 propheta
1590 2177 1705 2204 salutare
1726 2175 1855 2208 depreca-

1070 2231 1132 2260 tur?
1151 2230 1219 2263 Quia
1239 2228 1368 2256 nimirum
1390 2226 1444 2254 illic
1464 2226 1603 2259 antiquam
1629 2222 1708 2249 nobis
1729 2219 1855 2247 Christus

1068 2276 1273 2312 inspirationem
1288 2273 1408 2301 tradidit.
1419 2271 1495 2304 Quod
1511 2270 1606 2305 utique
1617 2265 1758 2302 subiunxit
1771 2273 1777 2291 :
1791 2263 1856 2291 Cum

1069 2322 1222 2350 converterit
1239 2320 1376 2347 Dominus.

1105 2410 1219 2437 Satanas
1239 2407 1368 2434 nimirum
1387 2413 1435 2440 per
1461 2402 1650 2437 deceptioncm
1675 2399 1860 2434 captivaverat

1071 2461 1192 2484 nostram
1205 2454 1323 2489 Spiritus
1334 2450 1586 2487 participationem;
1603 2447 1649 2474 sed
1661 2446 1785 2472 Christus
1800 2451 1860 2470 eam

1072 2502 1099 2529 in
1132 2501 1198 2528 Sion
1225 2487 1354 2529 restituit,
1375 2496 1484 2532 quando
1511 2492 1641 2529 apostolis
1658 2489 1806 2518 insu1l1avit
1826 2487 1860 2515 “.

1072 2548 1127 2575 Cur
1145 2551 1235 2573 autem
1253 2545 1336 2572 Jacob
1349 2543 1424 2578 prior
1442 2540 1597 2569 exsultabit.
1616 2546 1648 2565 ac
1661 2536 1760 2564 deinde
1780 2534 1862 2561 Israel

1072 2592 1218 2623 laetabitur,
1246 2598 1309 2618 cum
1324 2596 1396 2617 unus
1421 2588 1547 2621 idemque
1573 2584 1629 2611 sit?
1648 2583 1716 2615 Quia
1733 2580 1861 2608 nimirum

1075 2639 1157 2666 Jacob
1172 2637 1355 2672 supplantator
1372 2635 1566 2668 interpretatur
1578 2651 1585 2662 ,
1600 2628 1681 2656 Israel
1701 2634 1768 2654 vero
1791 2632 1862 2652 mens

1079 2685 1172 2711 videns
1188 2671 1284 2709 Deum.
1304 2681 1437 2708 Debemus
1452 2678 1524 2705 enim
1540 2676 1616 2712 prius
1634 2674 1690 2701 ﬁeri
1706 2671 1863 2706 supplanta—

1080 2734 1162 2760 torcs,
1187 2727 1290 2755 scilicet
1315 2723 1433 2755 diaboli;
1465 2730 1496 2749 ac
1528 2725 1594 2748 tunc
1616 2718 1759 2754 perspicax
1784 2719 1863 2740 meus

1079 2779 1171 2802 nostra
1201 2780 1250 2808 pro
1271 2770 1373 2799 viribus
1386 2768 1443 2796 suis
1470 2766 1518 2794 Dci
1538 2761 1768 2799 contemplatione
1791 2759 1865 2786 Luta-

1081 2828 1133 2849 llll‘.
