  <div class='ocr_page' id='page_1' title='image "/cluster/home/n/w/nwhite01/storage/ocr_20150623/93/njp.32101077772836/677.png"; bbox 0 0 2056 3148; ppageno 0'>
   <div class='ocr_carea' id='block_1_1' title="bbox 219 188 286 222">
    <p class='ocr_par' dir='ltr' id='par_1_1' title="bbox 219 188 286 222">
     <span class='ocr_line' id='line_1_1' title="bbox 219 188 286 222; baseline -0.03 0"><span class='ocrx_word' id='word_1_1' title='bbox 219 188 286 222; x_wconf 68' lang='grc' dir='ltr'>ἱείίῦ</span> 
     </span>
    </p>
   </div>
   <div class='ocr_carea' id='block_1_2' title="bbox 812 186 1247 217">
    <p class='ocr_par' dir='ltr' id='par_1_2' title="bbox 812 186 1247 217">
     <span class='ocr_line' id='line_1_2' title="bbox 812 186 1247 217; baseline -0.002 0"><span class='ocrx_word' id='word_1_2' title='bbox 812 187 992 217; x_wconf 77' lang='lat' dir='ltr'><strong>HESYCIIII</strong></span> <span class='ocrx_word' id='word_1_3' title='bbox 1011 186 1247 217; x_wconf 76' lang='lat' dir='ltr'><strong>PRESBYTERI</strong></span> 
     </span>
    </p>
   </div>
   <div class='ocr_carea' id='block_1_3' title="bbox 1778 161 1847 218">
    <p class='ocr_par' dir='ltr' id='par_1_3' title="bbox 1778 161 1847 218">
     <span class='ocr_line' id='line_1_3' title="bbox 1778 161 1847 218; baseline 0.029 -2"><span class='ocrx_word' id='word_1_4' title='bbox 1778 161 1847 218; x_wconf 68' lang='lat' dir='ltr'><strong>teis</strong></span> 
     </span>
    </p>
   </div>
   <div class='ocr_carea' id='block_1_4' title="bbox 217 238 1019 278">
    <p class='ocr_par' dir='ltr' id='par_1_4' title="bbox 217 242 1006 278">
     <span class='ocr_line' id='line_1_4' title="bbox 217 242 1006 278; baseline -0.005 -5"><span class='ocrx_word' id='word_1_5' title='bbox 217 246 275 274; x_wconf 83' lang='lat' dir='ltr'><strong>alas</strong></span> <span class='ocrx_word' id='word_1_6' title='bbox 285 245 425 278; x_wconf 60' lang='lat' dir='ltr'><strong>columbae,</strong></span> <span class='ocrx_word' id='word_1_7' title='bbox 442 244 467 272; x_wconf 90' lang='lat' dir='ltr'><strong>id</strong></span> <span class='ocrx_word' id='word_1_8' title='bbox 484 248 525 274; x_wconf 87' lang='lat' dir='ltr'><strong>est</strong></span> <span class='ocrx_word' id='word_1_9' title='bbox 554 243 672 278; x_wconf 83' lang='lat' dir='ltr'><strong>Spiritus</strong></span> <span class='ocrx_word' id='word_1_10' title='bbox 692 242 780 269; x_wconf 84' lang='lat' dir='ltr'><strong>sancti</strong></span> <span class='ocrx_word' id='word_1_11' title='bbox 802 242 1006 276; x_wconf 75' lang='lat' dir='ltr'><strong>dispensatione</strong></span> 
     </span>
    </p>
   </div>
   <div class='ocr_carea' id='block_1_5' title="bbox 1069 238 1847 278">
    <p class='ocr_par' dir='ltr' id='par_1_5' title="bbox 1072 238 1847 276">
     <span class='ocr_line' id='line_1_5' title="bbox 1072 238 1847 276; baseline -0.003 -8"><span class='ocrx_word' id='word_1_12' title='bbox 1072 250 1159 268; x_wconf 79' lang='grc' dir='ltr'>παυσε</span> <span class='ocrx_word' id='word_1_13' title='bbox 1169 250 1176 257; x_wconf 88' lang='grc'><strong>·</strong></span> <span class='ocrx_word' id='word_1_14' title='bbox 1193 241 1302 273; x_wconf 75' lang='grc' dir='ltr'><strong>τούτοις</strong></span> <span class='ocrx_word' id='word_1_15' title='bbox 1313 238 1357 268; x_wconf 71' lang='grc' dir='ltr'>οἷα</span> <span class='ocrx_word' id='word_1_16' title='bbox 1373 240 1515 276; x_wconf 78' lang='grc' dir='ltr'>πτέρυγας</span> <span class='ocrx_word' id='word_1_17' title='bbox 1528 240 1706 276; x_wconf 79' lang='grc' dir='ltr'>περιστερᾶς,</span> <span class='ocrx_word' id='word_1_18' title='bbox 1723 241 1847 267; x_wconf 73' lang='grc' dir='ltr'>τουτέστι</span> 
     </span>
    </p>
   </div>
   <div class='ocr_carea' id='block_1_6' title="bbox 218 287 1006 326">
    <p class='ocr_par' dir='ltr' id='par_1_6' title="bbox 218 287 1006 326">
     <span class='ocr_line' id='line_1_6' title="bbox 218 287 1006 326; baseline -0.006 -8"><span class='ocrx_word' id='word_1_19' title='bbox 218 291 326 326; x_wconf 82' lang='lat' dir='ltr'><strong>plenas,</strong></span> <span class='ocrx_word' id='word_1_20' title='bbox 366 294 450 326; x_wconf 86' lang='lat' dir='ltr'><strong>optat.</strong></span> <span class='ocrx_word' id='word_1_21' title='bbox 481 289 616 317; x_wconf 83' lang='lat' dir='ltr'><strong>Particula</strong></span> <span class='ocrx_word' id='word_1_22' title='bbox 632 294 723 316; x_wconf 84' lang='lat' dir='ltr'><strong>autent</strong></span> <span class='ocrx_word' id='word_1_23' title='bbox 749 288 806 322; x_wconf 82' lang='lat' dir='ltr'><strong>quis</strong></span> <span class='ocrx_word' id='word_1_24' title='bbox 819 295 873 314; x_wconf 80' lang='lat' dir='ltr'><strong>non</strong></span> <span class='ocrx_word' id='word_1_25' title='bbox 894 292 937 315; x_wconf 84' lang='lat' dir='ltr'><strong>est</strong></span> <span class='ocrx_word' id='word_1_26' title='bbox 961 287 1006 314; x_wconf 91' lang='lat' dir='ltr'><strong>hic</strong></span> 
     </span>
    </p>
   </div>
   <div class='ocr_carea' id='block_1_7' title="bbox 221 333 933 372">
    <p class='ocr_par' dir='ltr' id='par_1_7' title="bbox 221 333 933 372">
     <span class='ocr_line' id='line_1_7' title="bbox 221 333 933 372; baseline -0.008 -7"><span class='ocrx_word' id='word_1_27' title='bbox 221 337 383 370; x_wconf 66' lang='lat' dir='ltr'><strong>haesitantis,</strong></span> <span class='ocrx_word' id='word_1_28' title='bbox 402 336 448 364; x_wconf 85' lang='lat' dir='ltr'><strong>sed</strong></span> <span class='ocrx_word' id='word_1_29' title='bbox 459 336 550 372; x_wconf 89' lang='lat' dir='ltr'><strong>potius</strong></span> <span class='ocrx_word' id='word_1_30' title='bbox 566 334 748 363; x_wconf 90' lang='lat' dir='ltr'><strong>desiderantis</strong></span> <span class='ocrx_word' id='word_1_31' title='bbox 762 338 789 361; x_wconf 93' lang='lat' dir='ltr'><strong>et</strong></span> <span class='ocrx_word' id='word_1_32' title='bbox 802 333 933 368; x_wconf 77' lang='lat' dir='ltr'><strong>urgentis.</strong></span> 
     </span>
    </p>
   </div>
   <div class='ocr_carea' id='block_1_8' title="bbox 255 419 1007 457">
    <p class='ocr_par' dir='ltr' id='par_1_8' title="bbox 255 419 1007 457">
     <span class='ocr_line' id='line_1_8' title="bbox 255 419 1007 457; baseline -0.009 -5"><span class='ocrx_word' id='word_1_33' title='bbox 255 425 336 452; x_wconf 69' lang='lat' dir='ltr'><strong>Vens.</strong></span> <span class='ocrx_word' id='word_1_34' title='bbox 363 424 390 452; x_wconf 87' lang='lat'><strong>9.</strong></span> <span class='ocrx_word' id='word_1_35' title='bbox 418 432 428 450; x_wconf 79' lang='grc' dir='ltr'><strong>ι</strong></span> <span class='ocrx_word' id='word_1_36' title='bbox 462 422 658 457; x_wconf 77' lang='lat' dir='ltr'><strong>Exspectabam</strong></span> <span class='ocrx_word' id='word_1_37' title='bbox 683 429 745 449; x_wconf 90' lang='lat' dir='ltr'><strong>eum</strong></span> <span class='ocrx_word' id='word_1_38' title='bbox 766 421 813 455; x_wconf 93' lang='lat' dir='ltr'><strong>qui</strong></span> <span class='ocrx_word' id='word_1_39' title='bbox 829 419 933 447; x_wconf 77' lang='lat' dir='ltr'><strong>salvum</strong></span> <span class='ocrx_word' id='word_1_40' title='bbox 963 425 1007 446; x_wconf 87' lang='lat' dir='ltr'><strong>me</strong></span> 
     </span>
    </p>
   </div>
   <div class='ocr_carea' id='block_1_9' title="bbox 219 468 934 505">
    <p class='ocr_par' dir='ltr' id='par_1_9' title="bbox 219 468 934 505">
     <span class='ocr_line' id='line_1_9' title="bbox 219 468 934 505; baseline -0.01 -6"><span class='ocrx_word' id='word_1_41' title='bbox 219 471 284 500; x_wconf 78' lang='lat' dir='ltr'><strong>fecit</strong></span> <span class='ocrx_word' id='word_1_42' title='bbox 295 480 310 498; x_wconf 87' lang='lat' dir='ltr'><strong>a</strong></span> <span class='ocrx_word' id='word_1_43' title='bbox 327 470 550 505; x_wconf 87' lang='lat' dir='ltr'><strong>pusillanimitate</strong></span> <span class='ocrx_word' id='word_1_44' title='bbox 560 468 671 502; x_wconf 73' lang='lat' dir='ltr'><strong>spiritus</strong></span> <span class='ocrx_word' id='word_1_45' title='bbox 683 472 710 495; x_wconf 90' lang='lat' dir='ltr'><strong>et</strong></span> <span class='ocrx_word' id='word_1_46' title='bbox 737 470 908 501; x_wconf 90' lang='lat' dir='ltr'><strong>tempestate.</strong></span> <span class='ocrx_word' id='word_1_47' title='bbox 925 474 934 490; x_wconf 79' lang='grc' dir='ltr'><strong>ι</strong></span> 
     </span>
    </p>
   </div>
   <div class='ocr_carea' id='block_1_10' title="bbox 254 513 1008 546">
    <p class='ocr_par' dir='ltr' id='par_1_10' title="bbox 254 513 1008 546">
     <span class='ocr_line' id='line_1_10' title="bbox 254 513 1008 546; baseline -0.012 -2"><span class='ocrx_word' id='word_1_48' title='bbox 254 517 507 545; x_wconf 65' lang='lat' dir='ltr'><strong>Pusillanimitatem</strong></span> <span class='ocrx_word' id='word_1_49' title='bbox 517 517 595 542; x_wconf 77' lang='lat' dir='ltr'><strong>vocat</strong></span> <span class='ocrx_word' id='word_1_50' title='bbox 610 513 811 545; x_wconf 76' lang='lat' dir='ltr'><strong>contumeliam,</strong></span> <span class='ocrx_word' id='word_1_51' title='bbox 829 515 1008 546; x_wconf 75' lang='lat' dir='ltr'><strong>tempestatem</strong></span> 
     </span>
    </p>
   </div>
   <div class='ocr_carea' id='block_1_11' title="bbox 219 557 1008 597">
    <p class='ocr_par' dir='ltr' id='par_1_11' title="bbox 219 557 1008 597">
     <span class='ocr_line' id='line_1_11' title="bbox 219 557 1008 597; baseline -0.011 -7"><span class='ocrx_word' id='word_1_52' title='bbox 219 560 638 597; x_wconf 80' lang='lat' dir='ltr'><strong>verovigorem.etviolentiam,</strong></span> <span class='ocrx_word' id='word_1_53' title='bbox 665 566 696 586; x_wconf 88' lang='lat' dir='ltr'><strong>ac</strong></span> <span class='ocrx_word' id='word_1_54' title='bbox 722 557 920 585; x_wconf 81' lang='lat' dir='ltr'><strong>vehementiam</strong></span> <span class='ocrx_word' id='word_1_55' title='bbox 948 559 1008 582; x_wconf 90' lang='lat' dir='ltr'><strong>ten-</strong></span> 
     </span>
    </p>
   </div>
   <div class='ocr_carea' id='block_1_12' title="bbox 221 602 1007 641">
    <p class='ocr_par' dir='ltr' id='par_1_12' title="bbox 221 602 1007 641">
     <span class='ocr_line' id='line_1_12' title="bbox 221 602 1007 641; baseline -0.009 -7"><span class='ocrx_word' id='word_1_56' title='bbox 221 607 348 640; x_wconf 81' lang='lat' dir='ltr'><strong>tationis;</strong></span> <span class='ocrx_word' id='word_1_57' title='bbox 364 614 380 634; x_wconf 88' lang='lat' dir='ltr'><strong>e</strong></span> <span class='ocrx_word' id='word_1_58' title='bbox 394 614 508 641; x_wconf 88' lang='lat' dir='ltr'><strong>quarum</strong></span> <span class='ocrx_word' id='word_1_59' title='bbox 518 605 641 639; x_wconf 78' lang='lat' dir='ltr'><strong>utrisque</strong></span> <span class='ocrx_word' id='word_1_60' title='bbox 653 612 668 630; x_wconf 79' lang='grc' dir='ltr'><strong>ιι</strong></span> <span class='ocrx_word' id='word_1_61' title='bbox 683 602 737 630; x_wconf 88' lang='lat' dir='ltr'><strong>Deo</strong></span> <span class='ocrx_word' id='word_1_62' title='bbox 745 603 876 630; x_wconf 75' lang='lat' dir='ltr'><strong>auxilium</strong></span> <span class='ocrx_word' id='word_1_63' title='bbox 893 605 1007 636; x_wconf 67' lang='lat' dir='ltr'><strong>praesto-</strong></span> 
     </span>
    </p>
   </div>
   <div class='ocr_carea' id='block_1_13' title="bbox 221 647 1009 684">
    <p class='ocr_par' dir='ltr' id='par_1_13' title="bbox 221 647 1009 684">
     <span class='ocr_line' id='line_1_13' title="bbox 221 647 1009 684; baseline -0.008 -4"><span class='ocrx_word' id='word_1_64' title='bbox 221 653 342 680; x_wconf 90' lang='lat' dir='ltr'><strong>landum.</strong></span> <span class='ocrx_word' id='word_1_65' title='bbox 358 653 484 680; x_wconf 83' lang='lat' dir='ltr'><strong>Christus</strong></span> <span class='ocrx_word' id='word_1_66' title='bbox 499 655 589 678; x_wconf 82' lang='lat' dir='ltr'><strong>autem</strong></span> <span class='ocrx_word' id='word_1_67' title='bbox 603 658 660 677; x_wconf 89' lang='lat' dir='ltr'><strong>non</strong></span> <span class='ocrx_word' id='word_1_68' title='bbox 679 654 805 684; x_wconf 87' lang='lat' dir='ltr'><strong>tanquam</strong></span> <span class='ocrx_word' id='word_1_69' title='bbox 823 648 873 676; x_wconf 83' lang='lat' dir='ltr'><strong>sibi</strong></span> <span class='ocrx_word' id='word_1_70' title='bbox 888 647 938 682; x_wconf 87' lang='lat' dir='ltr'><strong>ipsi</strong></span> <span class='ocrx_word' id='word_1_71' title='bbox 956 647 1009 674; x_wconf 87' lang='lat' dir='ltr'><strong>hoc</strong></span> 
     </span>
    </p>
   </div>
   <div class='ocr_carea' id='block_1_14' title="bbox 222 694 1009 733">
    <p class='ocr_par' dir='ltr' id='par_1_14' title="bbox 222 694 1009 733">
     <span class='ocr_line' id='line_1_14' title="bbox 222 694 1009 733; baseline -0.009 -8"><span class='ocrx_word' id='word_1_72' title='bbox 222 698 300 733; x_wconf 82' lang='lat' dir='ltr'><strong>petit,</strong></span> <span class='ocrx_word' id='word_1_73' title='bbox 325 698 373 724; x_wconf 87' lang='lat' dir='ltr'><strong>sed</strong></span> <span class='ocrx_word' id='word_1_74' title='bbox 399 697 529 732; x_wconf 88' lang='lat' dir='ltr'><strong>apostolis</strong></span> <span class='ocrx_word' id='word_1_75' title='bbox 556 696 646 723; x_wconf 89' lang='lat' dir='ltr'><strong>animo</strong></span> <span class='ocrx_word' id='word_1_76' title='bbox 673 694 861 722; x_wconf 79' lang='lat' dir='ltr'><strong>deficientibus</strong></span> <span class='ocrx_word' id='word_1_77' title='bbox 885 697 1009 727; x_wconf 88' lang='lat' dir='ltr'><strong>tempore</strong></span> 
     </span>
    </p>
   </div>
   <div class='ocr_carea' id='block_1_15' title="bbox 223 737 1009 778">
    <p class='ocr_par' dir='ltr' id='par_1_15' title="bbox 223 737 1009 778">
     <span class='ocr_line' id='line_1_15' title="bbox 223 737 1009 778; baseline -0.01 -7"><span class='ocrx_word' id='word_1_78' title='bbox 223 743 358 778; x_wconf 83' lang='lat' dir='ltr'><strong>passionis</strong></span> <span class='ocrx_word' id='word_1_79' title='bbox 368 765 375 775; x_wconf 88' lang='lat'><strong>,</strong></span> <span class='ocrx_word' id='word_1_80' title='bbox 390 743 426 770; x_wconf 86' lang='lat' dir='ltr'><strong>ita</strong></span> <span class='ocrx_word' id='word_1_81' title='bbox 437 747 466 770; x_wconf 89' lang='lat' dir='ltr'><strong>ut</strong></span> <span class='ocrx_word' id='word_1_82' title='bbox 480 741 646 777; x_wconf 82' lang='lat' dir='ltr'><strong>increpando</strong></span> <span class='ocrx_word' id='word_1_83' title='bbox 658 741 692 769; x_wconf 90' lang='lat' dir='ltr'><strong>ad</strong></span> <span class='ocrx_word' id='word_1_84' title='bbox 718 741 791 776; x_wconf 85' lang='lat' dir='ltr'><strong>ipsos</strong></span> <span class='ocrx_word' id='word_1_85' title='bbox 805 739 903 766; x_wconf 79' lang='lat' dir='ltr'><strong>dixerit</strong></span> <span class='ocrx_word' id='word_1_86' title='bbox 919 746 925 763; x_wconf 95' lang='lat'><strong>:</strong></span> <span class='ocrx_word' id='word_1_87' title='bbox 944 737 1009 765; x_wconf 80' lang='lat' dir='ltr'><strong>Sic?</strong></span> 
     </span>
    </p>
   </div>
   <div class='ocr_carea' id='block_1_16' title="bbox 224 783 1009 823">
    <p class='ocr_par' dir='ltr' id='par_1_16' title="bbox 224 783 1009 823">
     <span class='ocr_line' id='line_1_16' title="bbox 224 783 1009 823; baseline -0.008 -8"><span class='ocrx_word' id='word_1_88' title='bbox 224 788 283 815; x_wconf 84' lang='lat' dir='ltr'><strong>Non</strong></span> <span class='ocrx_word' id='word_1_89' title='bbox 296 788 416 823; x_wconf 71' lang='lat' dir='ltr'><strong>potuisti:</strong></span> <span class='ocrx_word' id='word_1_90' title='bbox 435 796 488 814; x_wconf 82' lang='lat' dir='ltr'><strong>una</strong></span> <span class='ocrx_word' id='word_1_91' title='bbox 501 788 565 814; x_wconf 86' lang='lat' dir='ltr'><strong>ltora</strong></span> <span class='ocrx_word' id='word_1_92' title='bbox 580 787 691 822; x_wconf 82' lang='lat' dir='ltr'><strong>vigilare</strong></span> <span class='ocrx_word' id='word_1_93' title='bbox 709 784 828 813; x_wconf 77' lang='lat' dir='ltr'><strong>mecum?</strong></span> <span class='ocrx_word' id='word_1_94' title='bbox 851 783 972 819; x_wconf 75' lang='lat' dir='ltr'><strong>Vigilale,</strong></span> <span class='ocrx_word' id='word_1_95' title='bbox 985 785 1009 809; x_wconf 82' lang='lat' dir='ltr'><strong>et</strong></span> 
     </span>
    </p>
   </div>
   <div class='ocr_carea' id='block_1_17' title="bbox 224 828 1011 865">
    <p class='ocr_par' dir='ltr' id='par_1_17' title="bbox 224 828 1011 865">
     <span class='ocr_line' id='line_1_17' title="bbox 224 828 1011 865; baseline -0.009 -4"><span class='ocrx_word' id='word_1_96' title='bbox 224 839 310 865; x_wconf 85' lang='lat' dir='ltr'><strong>orate,</strong></span> <span class='ocrx_word' id='word_1_97' title='bbox 320 838 347 860; x_wconf 83' lang='lat' dir='ltr'><strong>ut</strong></span> <span class='ocrx_word' id='word_1_98' title='bbox 361 842 411 860; x_wconf 88' lang='lat' dir='ltr'><strong>non</strong></span> <span class='ocrx_word' id='word_1_99' title='bbox 430 833 532 860; x_wconf 77' lang='lat' dir='ltr'><strong>intretis</strong></span> <span class='ocrx_word' id='word_1_100' title='bbox 547 833 576 859; x_wconf 90' lang='lat' dir='ltr'><strong>in</strong></span> <span class='ocrx_word' id='word_1_101' title='bbox 589 832 759 859; x_wconf 81' lang='lat' dir='ltr'><strong>teutatiouem</strong></span> <span class='ocrx_word' id='word_1_102' title='bbox 773 830 806 857; x_wconf 83' lang='grc'><strong>³¹.</strong></span> <span class='ocrx_word' id='word_1_103' title='bbox 821 829 900 862; x_wconf 94' lang='lat' dir='ltr'><strong>Quod</strong></span> <span class='ocrx_word' id='word_1_104' title='bbox 913 828 935 856; x_wconf 89' lang='lat' dir='ltr'><strong>si</strong></span> <span class='ocrx_word' id='word_1_105' title='bbox 945 835 1011 855; x_wconf 91' lang='lat' dir='ltr'><strong>con-</strong></span> 
     </span>
    </p>
   </div>
   <div class='ocr_carea' id='block_1_18' title="bbox 225 877 1010 914">
    <p class='ocr_par' dir='ltr' id='par_1_18' title="bbox 225 877 1010 914">
     <span class='ocr_line' id='line_1_18' title="bbox 225 877 1010 914; baseline -0.008 -8"><span class='ocrx_word' id='word_1_106' title='bbox 225 879 337 914; x_wconf 86' lang='lat' dir='ltr'><strong>spiratio</strong></span> <span class='ocrx_word' id='word_1_107' title='bbox 353 880 379 906; x_wconf 89' lang='lat' dir='ltr'><strong>in</strong></span> <span class='ocrx_word' id='word_1_108' title='bbox 393 879 463 906; x_wconf 88' lang='lat' dir='ltr'><strong>malo</strong></span> <span class='ocrx_word' id='word_1_109' title='bbox 483 879 551 906; x_wconf 88' lang='lat' dir='ltr'><strong>mala</strong></span> <span class='ocrx_word' id='word_1_110' title='bbox 567 879 610 909; x_wconf 85' lang='lat' dir='ltr'><strong>sit.</strong></span> <span class='ocrx_word' id='word_1_111' title='bbox 637 877 718 904; x_wconf 83' lang='lat' dir='ltr'><strong>etiam</strong></span> <span class='ocrx_word' id='word_1_112' title='bbox 729 885 743 904; x_wconf 89' lang='lat' dir='ltr'><strong>e</strong></span> <span class='ocrx_word' id='word_1_113' title='bbox 762 877 869 903; x_wconf 87' lang='lat' dir='ltr'><strong>diverso</strong></span> <span class='ocrx_word' id='word_1_114' title='bbox 883 880 1010 910; x_wconf 64' lang='lat' dir='ltr'><strong>magnum</strong></span> 
     </span>
    </p>
   </div>
   <div class='ocr_carea' id='block_1_19' title="bbox 1056 286 1848 324">
    <p class='ocr_par' dir='ltr' id='par_1_19' title="bbox 1056 286 1848 324">
     <span class='ocr_line' id='line_1_19' title="bbox 1056 286 1848 324; baseline 0 -10"><span class='ocrx_word' id='word_1_115' title='bbox 1056 288 1170 324; x_wconf 82' lang='grc' dir='ltr'><strong>πλήρεις</strong></span> <span class='ocrx_word' id='word_1_116' title='bbox 1186 288 1236 322; x_wconf 86' lang='grc' dir='ltr'><strong>τῆς</strong></span> <span class='ocrx_word' id='word_1_117' title='bbox 1251 288 1385 323; x_wconf 78' lang='grc' dir='ltr'><strong>χορηγίας</strong></span> <span class='ocrx_word' id='word_1_118' title='bbox 1406 288 1454 314; x_wconf 77' lang='grc' dir='ltr'>τοῦ</span> <span class='ocrx_word' id='word_1_119' title='bbox 1477 287 1646 323; x_wconf 79' lang='grc' dir='ltr'>Πνεύματυς,</span> <span class='ocrx_word' id='word_1_120' title='bbox 1665 286 1799 321; x_wconf 72' lang='grc' dir='ltr'>βούλεται.</span> <span class='ocrx_word' id='word_1_121' title='bbox 1811 287 1848 314; x_wconf 81' lang='grc' dir='ltr'><strong>Τὸ</strong></span> 
     </span>
    </p>
   </div>
   <div class='ocr_carea' id='block_1_20' title="bbox 1056 333 1848 369">
    <p class='ocr_par' dir='ltr' id='par_1_20' title="bbox 1056 333 1848 369">
     <span class='ocr_line' id='line_1_20' title="bbox 1056 333 1848 369; baseline -0.001 -9"><span class='ocrx_word' id='word_1_122' title='bbox 1056 333 1084 360; x_wconf 71' lang='grc' dir='ltr'>δὲ</span> <span class='ocrx_word' id='word_1_123' title='bbox 1098 335 1142 366; x_wconf 76' lang='grc' dir='ltr'><strong>τίς</strong></span> <span class='ocrx_word' id='word_1_124' title='bbox 1155 334 1205 360; x_wconf 75' lang='grc' dir='ltr'>οὐκ</span> <span class='ocrx_word' id='word_1_125' title='bbox 1220 333 1387 369; x_wconf 81' lang='grc' dir='ltr'><strong>ἀποροῦντος</strong></span> <span class='ocrx_word' id='word_1_126' title='bbox 1404 333 1531 366; x_wconf 76' lang='grc' dir='ltr'>ἐνταῦθα,</span> <span class='ocrx_word' id='word_1_127' title='bbox 1547 333 1615 360; x_wconf 81' lang='grc' dir='ltr'>ἀλλὰ</span> <span class='ocrx_word' id='word_1_128' title='bbox 1626 333 1656 359; x_wconf 74' lang='grc' dir='ltr'>τὸ</span> <span class='ocrx_word' id='word_1_129' title='bbox 1672 333 1772 368; x_wconf 78' lang='grc' dir='ltr'>μᾶλλον</span> <span class='ocrx_word' id='word_1_130' title='bbox 1788 334 1848 359; x_wconf 80' lang='grc' dir='ltr'><strong>ἐπι-</strong></span> 
     </span>
    </p>
   </div>
   <div class='ocr_carea' id='block_1_21' title="bbox 1057 378 1500 413">
    <p class='ocr_par' dir='ltr' id='par_1_21' title="bbox 1057 378 1500 413">
     <span class='ocr_line' id='line_1_21' title="bbox 1057 378 1500 413; baseline -0.002 -7"><span class='ocrx_word' id='word_1_131' title='bbox 1057 378 1208 413; x_wconf 76' lang='grc' dir='ltr'>θυμοῦντος</span> <span class='ocrx_word' id='word_1_132' title='bbox 1220 379 1268 405; x_wconf 81' lang='grc' dir='ltr'><strong>καὶ</strong></span> <span class='ocrx_word' id='word_1_133' title='bbox 1281 379 1500 413; x_wconf 83' lang='grc' dir='ltr'>κατεπείγοντος.</span> 
     </span>
    </p>
   </div>
   <div class='ocr_carea' id='block_1_22' title="bbox 1095 422 1849 460">
    <p class='ocr_par' dir='ltr' id='par_1_22' title="bbox 1095 422 1849 460">
     <span class='ocr_line' id='line_1_22' title="bbox 1095 422 1849 460; baseline 0 -11"><span class='ocrx_word' id='word_1_134' title='bbox 1095 433 1104 449; x_wconf 74' lang='grc' dir='ltr'><strong>ι</strong></span> <span class='ocrx_word' id='word_1_135' title='bbox 1122 424 1331 460; x_wconf 74' lang='grc' dir='ltr'>Προσεδεχὸμην</span> <span class='ocrx_word' id='word_1_136' title='bbox 1350 425 1395 451; x_wconf 72' lang='grc' dir='ltr'><strong>τὸν</strong></span> <span class='ocrx_word' id='word_1_137' title='bbox 1415 423 1538 457; x_wconf 82' lang='grc' dir='ltr'>σώζοντά</span> <span class='ocrx_word' id='word_1_138' title='bbox 1556 432 1590 459; x_wconf 85' lang='grc' dir='ltr'><strong>με</strong></span> <span class='ocrx_word' id='word_1_139' title='bbox 1605 423 1658 450; x_wconf 79' lang='grc' dir='ltr'><strong>ἀπὸ</strong></span> <span class='ocrx_word' id='word_1_140' title='bbox 1674 422 1849 458; x_wconf 76' lang='grc' dir='ltr'>ὀλιγοψυχίας</span> 
     </span>
    </p>
   </div>
   <div class='ocr_carea' id='block_1_23' title="bbox 1058 469 1317 503">
    <p class='ocr_par' dir='ltr' id='par_1_23' title="bbox 1058 469 1317 503">
     <span class='ocr_line' id='line_1_23' title="bbox 1058 469 1317 503; baseline 0 -8"><span class='ocrx_word' id='word_1_141' title='bbox 1058 469 1106 496; x_wconf 67' lang='grc' dir='ltr'><strong>καὶ</strong></span> <span class='ocrx_word' id='word_1_142' title='bbox 1119 469 1290 503; x_wconf 80' lang='grc' dir='ltr'>καταιγίδος.</span> <span class='ocrx_word' id='word_1_143' title='bbox 1308 479 1317 496; x_wconf 78' lang='grc' dir='ltr'><strong>ι</strong></span> 
     </span>
    </p>
   </div>
   <div class='ocr_carea' id='block_1_24' title="bbox 1100 515 1848 552">
    <p class='ocr_par' dir='ltr' id='par_1_24' title="bbox 1100 515 1848 552">
     <span class='ocr_line' id='line_1_24' title="bbox 1100 515 1848 552; baseline 0.001 -10"><span class='ocrx_word' id='word_1_144' title='bbox 1100 516 1316 550; x_wconf 70' lang='grc' dir='ltr'>Ὂλιγοψυχίιιν</span> <span class='ocrx_word' id='word_1_145' title='bbox 1328 515 1378 552; x_wconf 83' lang='grc' dir='ltr'>τὴν</span> <span class='ocrx_word' id='word_1_146' title='bbox 1390 515 1524 551; x_wconf 72' lang='grc' dir='ltr'>λοιδορίαν</span> <span class='ocrx_word' id='word_1_147' title='bbox 1539 515 1627 548; x_wconf 83' lang='grc' dir='ltr'>καλεῖ,</span> <span class='ocrx_word' id='word_1_148' title='bbox 1644 515 1802 551; x_wconf 75' lang='grc' dir='ltr'>καταιγὶὃα</span> <span class='ocrx_word' id='word_1_149' title='bbox 1819 515 1848 543; x_wconf 64' lang='grc' dir='ltr'>δὲ</span> 
     </span>
    </p>
   </div>
   <div class='ocr_carea' id='block_1_25' title="bbox 1058 561 1849 597">
    <p class='ocr_par' dir='ltr' id='par_1_25' title="bbox 1058 561 1849 597">
     <span class='ocr_line' id='line_1_25' title="bbox 1058 561 1849 597; baseline 0 -9"><span class='ocrx_word' id='word_1_150' title='bbox 1058 561 1109 597; x_wconf 82' lang='grc' dir='ltr'>τὴν</span> <span class='ocrx_word' id='word_1_151' title='bbox 1122 561 1214 597; x_wconf 80' lang='grc' dir='ltr'>ἀκμὴν</span> <span class='ocrx_word' id='word_1_152' title='bbox 1230 561 1278 588; x_wconf 79' lang='grc' dir='ltr'>τοῦ</span> <span class='ocrx_word' id='word_1_153' title='bbox 1294 561 1450 597; x_wconf 80' lang='grc' dir='ltr'><strong>πειρασμοῦ</strong></span> <span class='ocrx_word' id='word_1_154' title='bbox 1460 581 1468 593; x_wconf 84' lang='grc'>,</span> <span class='ocrx_word' id='word_1_155' title='bbox 1485 562 1532 587; x_wconf 75' lang='grc' dir='ltr'>καὶ</span> <span class='ocrx_word' id='word_1_156' title='bbox 1548 561 1620 596; x_wconf 83' lang='grc' dir='ltr'>βίαν,</span> <span class='ocrx_word' id='word_1_157' title='bbox 1636 561 1684 588; x_wconf 74' lang='grc' dir='ltr'><strong>καὶ</strong></span> <span class='ocrx_word' id='word_1_158' title='bbox 1698 561 1849 597; x_wconf 82' lang='grc' dir='ltr'>σφοδρότη-</span> 
     </span>
    </p>
   </div>
   <div class='ocr_carea' id='block_1_26' title="bbox 1060 603 1850 642">
    <p class='ocr_par' dir='ltr' id='par_1_26' title="bbox 1060 603 1850 642">
     <span class='ocr_line' id='line_1_26' title="bbox 1060 603 1850 642; baseline -0.001 -8"><span class='ocrx_word' id='word_1_159' title='bbox 1060 616 1093 634; x_wconf 86' lang='grc' dir='ltr'>τα</span> <span class='ocrx_word' id='word_1_160' title='bbox 1105 616 1110 622; x_wconf 80' lang='grc'><em>’</em></span> <span class='ocrx_word' id='word_1_161' title='bbox 1123 603 1159 633; x_wconf 82' lang='grc' dir='ltr'><strong>ὧν</strong></span> <span class='ocrx_word' id='word_1_162' title='bbox 1171 606 1200 639; x_wconf 78' lang='grc' dir='ltr'>ἐξ</span> <span class='ocrx_word' id='word_1_163' title='bbox 1211 607 1344 642; x_wconf 76' lang='grc' dir='ltr'><strong>ἑκατέρας</strong></span> <span class='ocrx_word' id='word_1_164' title='bbox 1356 608 1409 642; x_wconf 81' lang='grc' dir='ltr'><strong>χρὴ</strong></span> <span class='ocrx_word' id='word_1_165' title='bbox 1422 607 1497 642; x_wconf 86' lang='grc' dir='ltr'>παρὰ</span> <span class='ocrx_word' id='word_1_166' title='bbox 1511 607 1578 633; x_wconf 79' lang='grc' dir='ltr'>Θεοῦ</span> <span class='ocrx_word' id='word_1_167' title='bbox 1591 607 1790 642; x_wconf 76' lang='grc' dir='ltr'><strong>προσδέξασθαι</strong></span> <span class='ocrx_word' id='word_1_168' title='bbox 1800 607 1850 642; x_wconf 84' lang='grc' dir='ltr'>τὴν</span> 
     </span>
    </p>
   </div>
   <div class='ocr_carea' id='block_1_27' title="bbox 1061 652 1850 688">
    <p class='ocr_par' dir='ltr' id='par_1_27' title="bbox 1061 652 1850 688">
     <span class='ocr_line' id='line_1_27' title="bbox 1061 652 1850 688; baseline 0 -10"><span class='ocrx_word' id='word_1_169' title='bbox 1061 652 1234 687; x_wconf 66' lang='grc' dir='ltr'><strong>βοήθειαν.”0</strong></span> <span class='ocrx_word' id='word_1_170' title='bbox 1252 652 1370 688; x_wconf 68' lang='grc' dir='ltr'>Χριστος</span> <span class='ocrx_word' id='word_1_171' title='bbox 1386 652 1416 678; x_wconf 84' lang='grc' dir='ltr'>δὲ</span> <span class='ocrx_word' id='word_1_172' title='bbox 1431 652 1479 687; x_wconf 74' lang='grc' dir='ltr'>οὐχ</span> <span class='ocrx_word' id='word_1_173' title='bbox 1495 652 1533 684; x_wconf 84' lang='grc' dir='ltr'><strong>ὡς</strong></span> <span class='ocrx_word' id='word_1_174' title='bbox 1555 652 1646 687; x_wconf 83' lang='grc' dir='ltr'>ἑαυτῷ</span> <span class='ocrx_word' id='word_1_175' title='bbox 1662 652 1742 679; x_wconf 75' lang='grc' dir='ltr'>τοῦτο</span> <span class='ocrx_word' id='word_1_176' title='bbox 1764 661 1850 688; x_wconf 84' lang='grc' dir='ltr'>προσ-</span> 
     </span>
    </p>
   </div>
   <div class='ocr_carea' id='block_1_28' title="bbox 1060 697 1851 732">
    <p class='ocr_par' dir='ltr' id='par_1_28' title="bbox 1060 697 1851 732">
     <span class='ocr_line' id='line_1_28' title="bbox 1060 697 1851 732; baseline 0.003 -8"><span class='ocrx_word' id='word_1_177' title='bbox 1060 697 1180 732; x_wconf 72' lang='grc' dir='ltr'>εύχεται,</span> <span class='ocrx_word' id='word_1_178' title='bbox 1196 697 1264 724; x_wconf 73' lang='grc' dir='ltr'>ἀλλὰ</span> <span class='ocrx_word' id='word_1_179' title='bbox 1286 699 1342 730; x_wconf 78' lang='grc' dir='ltr'>τοῖς</span> <span class='ocrx_word' id='word_1_180' title='bbox 1365 698 1523 730; x_wconf 78' lang='grc' dir='ltr'><strong>ἀποστόλοις</strong></span> <span class='ocrx_word' id='word_1_181' title='bbox 1539 698 1701 732; x_wconf 73' lang='grc' dir='ltr'><strong>ὀλιγωροῦσι</strong></span> <span class='ocrx_word' id='word_1_182' title='bbox 1717 700 1788 726; x_wconf 77' lang='grc' dir='ltr'><strong>κατᾶ</strong></span> <span class='ocrx_word' id='word_1_183' title='bbox 1805 699 1851 726; x_wconf 73' lang='grc' dir='ltr'><strong>τὸν</strong></span> 
     </span>
    </p>
   </div>
   <div class='ocr_carea' id='block_1_29' title="bbox 1061 743 1852 780">
    <p class='ocr_par' dir='ltr' id='par_1_29' title="bbox 1061 743 1852 780">
     <span class='ocr_line' id='line_1_29' title="bbox 1061 743 1852 780; baseline 0.003 -10"><span class='ocrx_word' id='word_1_184' title='bbox 1061 744 1157 779; x_wconf 81' lang='grc' dir='ltr'>καιρὸν</span> <span class='ocrx_word' id='word_1_185' title='bbox 1172 743 1221 770; x_wconf 85' lang='grc' dir='ltr'>τοῦ</span> <span class='ocrx_word' id='word_1_186' title='bbox 1237 743 1340 775; x_wconf 78' lang='grc' dir='ltr'><strong>πάθους</strong></span> <span class='ocrx_word' id='word_1_187' title='bbox 1350 752 1357 759; x_wconf 92' lang='grc'>·</span> <span class='ocrx_word' id='word_1_188' title='bbox 1372 743 1443 770; x_wconf 78' lang='grc' dir='ltr'>ὥστε</span> <span class='ocrx_word' id='word_1_189' title='bbox 1456 744 1502 771; x_wconf 77' lang='grc' dir='ltr'>καὶ</span> <span class='ocrx_word' id='word_1_190' title='bbox 1518 744 1586 779; x_wconf 72' lang='grc' dir='ltr'>πρὸς</span> <span class='ocrx_word' id='word_1_191' title='bbox 1599 745 1699 777; x_wconf 74' lang='grc' dir='ltr'>αὐτοὺς</span> <span class='ocrx_word' id='word_1_192' title='bbox 1715 745 1852 780; x_wconf 75' lang='grc' dir='ltr'>ἐπιτιμῶν</span> 
     </span>
    </p>
   </div>
   <div class='ocr_carea' id='block_1_30' title="bbox 1061 786 1852 825">
    <p class='ocr_par' dir='ltr' id='par_1_30' title="bbox 1061 786 1852 825">
     <span class='ocr_line' id='line_1_30' title="bbox 1061 786 1852 825; baseline 0.003 -10"><span class='ocrx_word' id='word_1_193' title='bbox 1061 786 1147 816; x_wconf 79' lang='grc' dir='ltr'>εἶπεν·</span> <span class='ocrx_word' id='word_1_194' title='bbox 1162 789 1277 822; x_wconf 79' lang='grc' dir='ltr'>οῦτως;</span> <span class='ocrx_word' id='word_1_195' title='bbox 1292 790 1347 816; x_wconf 85' lang='grc' dir='ltr'><strong>οὐκ</strong></span> <span class='ocrx_word' id='word_1_196' title='bbox 1368 790 1516 824; x_wconf 79' lang='grc' dir='ltr'>ίσχύσατε</span> <span class='ocrx_word' id='word_1_197' title='bbox 1526 791 1598 824; x_wconf 84' lang='grc' dir='ltr'>μίαν</span> <span class='ocrx_word' id='word_1_198' title='bbox 1609 790 1689 824; x_wconf 80' lang='grc' dir='ltr'>ὥραν</span> <span class='ocrx_word' id='word_1_199' title='bbox 1705 791 1852 825; x_wconf 60' lang='grc' dir='ltr'><strong>πιοηγορῆο</strong></span> 
     </span>
    </p>
   </div>
   <div class='ocr_carea' id='block_1_31' title="bbox 1061 835 1851 872">
    <p class='ocr_par' dir='ltr' id='par_1_31' title="bbox 1061 835 1851 872">
     <span class='ocr_line' id='line_1_31' title="bbox 1061 835 1851 872; baseline 0.006 -13"><span class='ocrx_word' id='word_1_200' title='bbox 1061 841 1132 866; x_wconf 72' lang='lat' dir='ltr'><strong>om;</strong></span> <span class='ocrx_word' id='word_1_201' title='bbox 1149 835 1328 869; x_wconf 74' lang='grc' dir='ltr'><strong>Γρηγορεῖτε</strong></span> <span class='ocrx_word' id='word_1_202' title='bbox 1352 836 1400 862; x_wconf 75' lang='grc' dir='ltr'>καί</span> <span class='ocrx_word' id='word_1_203' title='bbox 1418 837 1640 870; x_wconf 78' lang='grc' dir='ltr'><strong>προσεύχεσθε,</strong></span> <span class='ocrx_word' id='word_1_204' title='bbox 1658 837 1709 864; x_wconf 81' lang='grc' dir='ltr'>ἵνα</span> <span class='ocrx_word' id='word_1_205' title='bbox 1720 837 1764 872; x_wconf 81' lang='grc' dir='ltr'>μὴ</span> <span class='ocrx_word' id='word_1_206' title='bbox 1789 838 1851 864; x_wconf 83' lang='grc' dir='ltr'>εἰσ-</span> 
     </span>
    </p>
   </div>
   <div class='ocr_carea' id='block_1_32' title="bbox 1062 878 1854 917">
    <p class='ocr_par' dir='ltr' id='par_1_32' title="bbox 1062 878 1854 917">
     <span class='ocr_line' id='line_1_32' title="bbox 1062 878 1854 917; baseline 0.004 -12"><span class='ocrx_word' id='word_1_207' title='bbox 1062 878 1168 912; x_wconf 74' lang='grc' dir='ltr'>έλθητε</span> <span class='ocrx_word' id='word_1_208' title='bbox 1183 881 1226 912; x_wconf 81' lang='grc' dir='ltr'>εὶς</span> <span class='ocrx_word' id='word_1_209' title='bbox 1242 881 1419 914; x_wconf 78' lang='grc' dir='ltr'>πειρασμόν.</span> <span class='ocrx_word' id='word_1_210' title='bbox 1436 881 1466 906; x_wconf 79' lang='lat' dir='ltr'><strong>Ei</strong></span> <span class='ocrx_word' id='word_1_211' title='bbox 1483 881 1530 906; x_wconf 72' lang='grc' dir='ltr'><strong>ἐπὶ</strong></span> <span class='ocrx_word' id='word_1_212' title='bbox 1545 881 1624 916; x_wconf 82' lang='grc' dir='ltr'>κακῷ</span> <span class='ocrx_word' id='word_1_213' title='bbox 1639 882 1785 917; x_wconf 77' lang='grc' dir='ltr'><strong>συμφωνία</strong></span> <span class='ocrx_word' id='word_1_214' title='bbox 1799 882 1854 908; x_wconf 81' lang='grc' dir='ltr'>δει-</span> 
     </span>
    </p>
   </div>
   <div class='ocr_carea' id='block_1_33' title="bbox 226 918 1019 962">
    <p class='ocr_par' dir='ltr' id='par_1_33' title="bbox 226 918 1009 959">
     <span class='ocr_line' id='line_1_33' title="bbox 226 918 1009 959; baseline -0.008 -8"><span class='ocrx_word' id='word_1_215' title='bbox 226 925 326 951; x_wconf 89' lang='lat' dir='ltr'><strong>bonum</strong></span> <span class='ocrx_word' id='word_1_216' title='bbox 342 929 394 955; x_wconf 85' lang='lat' dir='ltr'><strong>est,</strong></span> <span class='ocrx_word' id='word_1_217' title='bbox 408 924 549 959; x_wconf 78' lang='lat' dir='ltr'><strong>dissipatio</strong></span> <span class='ocrx_word' id='word_1_218' title='bbox 562 924 588 951; x_wconf 90' lang='lat' dir='ltr'><strong>in</strong></span> <span class='ocrx_word' id='word_1_219' title='bbox 608 923 681 951; x_wconf 87' lang='lat' dir='ltr'><strong>man</strong></span> <span class='ocrx_word' id='word_1_220' title='bbox 706 922 931 957; x_wconf 88' lang='lat' dir='ltr'><strong>conspirantium.</strong></span> <span class='ocrx_word' id='word_1_221' title='bbox 959 918 1009 952; x_wconf 86' lang='lat' dir='ltr'><strong>Qui</strong></span> 
     </span>
    </p>
   </div>
   <div class='ocr_carea' id='block_1_34' title="bbox 1069 918 1854 962">
    <p class='ocr_par' dir='ltr' id='par_1_34' title="bbox 1069 924 1854 962">
     <span class='ocr_line' id='line_1_34' title="bbox 1069 924 1854 962; baseline 0.003 -11"><span class='ocrx_word' id='word_1_222' title='bbox 1069 924 1119 954; x_wconf 78' lang='grc' dir='ltr'>νὸν,</span> <span class='ocrx_word' id='word_1_223' title='bbox 1138 925 1186 951; x_wconf 71' lang='grc' dir='ltr'>καὶ</span> <span class='ocrx_word' id='word_1_224' title='bbox 1202 925 1234 951; x_wconf 76' lang='grc' dir='ltr'><strong>ἐκ</strong></span> <span class='ocrx_word' id='word_1_225' title='bbox 1250 925 1297 951; x_wconf 83' lang='grc' dir='ltr'>τοῦ</span> <span class='ocrx_word' id='word_1_226' title='bbox 1315 925 1437 952; x_wconf 75' lang='grc' dir='ltr'><strong>ἐναντίου</strong></span> <span class='ocrx_word' id='word_1_227' title='bbox 1466 927 1537 961; x_wconf 71' lang='grc' dir='ltr'>μέγα</span> <span class='ocrx_word' id='word_1_228' title='bbox 1554 928 1665 961; x_wconf 42' lang='grc' dir='ltr'>,ἀγαθὸν</span> <span class='ocrx_word' id='word_1_229' title='bbox 1695 928 1712 962; x_wconf 79' lang='grc' dir='ltr'><strong>ἡ</strong></span> <span class='ocrx_word' id='word_1_230' title='bbox 1736 927 1790 953; x_wconf 84' lang='grc' dir='ltr'>τῶν</span> <span class='ocrx_word' id='word_1_231' title='bbox 1806 928 1854 954; x_wconf 72' lang='grc' dir='ltr'><strong>ἐπὶ</strong></span> 
     </span>
    </p>
   </div>
   <div class='ocr_carea' id='block_1_35' title="bbox 227 969 1013 1003">
    <p class='ocr_par' dir='ltr' id='par_1_35' title="bbox 227 969 1013 1003">
     <span class='ocr_line' id='line_1_35' title="bbox 227 969 1013 1003; baseline -0.005 -8"><span class='ocrx_word' id='word_1_232' title='bbox 227 969 356 1003; x_wconf 87' lang='lat' dir='ltr'><strong>itaquein</strong></span> <span class='ocrx_word' id='word_1_233' title='bbox 373 969 455 996; x_wconf 86' lang='lat' dir='ltr'><strong>turris</strong></span> <span class='ocrx_word' id='word_1_234' title='bbox 469 969 676 996; x_wconf 64' lang='lat' dir='ltr'><strong>aediﬁcationem</strong></span> <span class='ocrx_word' id='word_1_235' title='bbox 710 969 916 998; x_wconf 84' lang='lat' dir='ltr'><strong>consenserant,</strong></span> <span class='ocrx_word' id='word_1_236' title='bbox 950 972 1013 992; x_wconf 89' lang='lat' dir='ltr'><strong>cum</strong></span> 
     </span>
    </p>
   </div>
   <div class='ocr_carea' id='block_1_36' title="bbox 227 1010 1014 1043">
    <p class='ocr_par' dir='ltr' id='par_1_36' title="bbox 227 1010 1014 1043">
     <span class='ocr_line' id='line_1_36' title="bbox 227 1010 1014 1043; baseline -0.008 -1"><span class='ocrx_word' id='word_1_237' title='bbox 227 1015 359 1042; x_wconf 83' lang='lat' dir='ltr'><strong>haberent</strong></span> <span class='ocrx_word' id='word_1_238' title='bbox 372 1022 466 1042; x_wconf 78' lang='lat' dir='ltr'><strong>vocem</strong></span> <span class='ocrx_word' id='word_1_239' title='bbox 479 1022 560 1042; x_wconf 87' lang='lat' dir='ltr'><strong>unam</strong></span> <span class='ocrx_word' id='word_1_240' title='bbox 577 1019 605 1042; x_wconf 86' lang='lat' dir='ltr'><strong>et</strong></span> <span class='ocrx_word' id='word_1_241' title='bbox 624 1015 726 1041; x_wconf 88' lang='lat' dir='ltr'><strong>labium</strong></span> <span class='ocrx_word' id='word_1_242' title='bbox 740 1019 836 1043; x_wconf 90' lang='lat' dir='ltr'><strong>unum,</strong></span> <span class='ocrx_word' id='word_1_243' title='bbox 848 1018 944 1038; x_wconf 90' lang='lat' dir='ltr'><strong>omnes</strong></span> <span class='ocrx_word' id='word_1_244' title='bbox 960 1010 1014 1037; x_wconf 91' lang='lat' dir='ltr'><strong>im-</strong></span> 
     </span>
    </p>
   </div>
   <div class='ocr_carea' id='block_1_37' title="bbox 228 1057 1014 1096">
    <p class='ocr_par' dir='ltr' id='par_1_37' title="bbox 228 1057 1014 1096">
     <span class='ocr_line' id='line_1_37' title="bbox 228 1057 1014 1096; baseline -0.008 -8"><span class='ocrx_word' id='word_1_245' title='bbox 228 1061 309 1096; x_wconf 87' lang='lat' dir='ltr'><strong>pediti</strong></span> <span class='ocrx_word' id='word_1_246' title='bbox 319 1061 439 1093; x_wconf 86' lang='lat' dir='ltr'><strong>i&#39;uerunt,</strong></span> <span class='ocrx_word' id='word_1_247' title='bbox 454 1062 571 1088; x_wconf 79' lang='lat' dir='ltr'><strong>maxima</strong></span> <span class='ocrx_word' id='word_1_248' title='bbox 590 1060 730 1095; x_wconf 80' lang='lat' dir='ltr'><strong>impietate</strong></span> <span class='ocrx_word' id='word_1_249' title='bbox 742 1058 857 1090; x_wconf 84' lang='lat' dir='ltr'><strong>confusi,</strong></span> <span class='ocrx_word' id='word_1_250' title='bbox 870 1057 943 1092; x_wconf 88' lang='lat' dir='ltr'><strong>quod</strong></span> <span class='ocrx_word' id='word_1_251' title='bbox 958 1063 1014 1083; x_wconf 90' lang='lat' dir='ltr'><strong>non</strong></span> 
     </span>
    </p>
   </div>
   <div class='ocr_carea' id='block_1_38' title="bbox 226 1105 838 1141">
    <p class='ocr_par' dir='ltr' id='par_1_38' title="bbox 226 1105 838 1141">
     <span class='ocr_line' id='line_1_38' title="bbox 226 1105 838 1141; baseline -0.005 -7"><span class='ocrx_word' id='word_1_252' title='bbox 226 1107 343 1141; x_wconf 84' lang='lat' dir='ltr'><strong>amplius</strong></span> <span class='ocrx_word' id='word_1_253' title='bbox 353 1107 486 1134; x_wconf 87' lang='lat' dir='ltr'><strong>haberan</strong></span> <span class='ocrx_word' id='word_1_254' title='bbox 503 1114 600 1134; x_wconf 80' lang='lat' dir='ltr'><strong>vocum</strong></span> <span class='ocrx_word' id='word_1_255' title='bbox 618 1105 838 1133; x_wconf 83' lang='lat' dir='ltr'><strong>consensionem.</strong></span> 
     </span>
    </p>
   </div>
   <div class='ocr_carea' id='block_1_39' title="bbox 263 1158 1014 1200">
    <p class='ocr_par' dir='ltr' id='par_1_39' title="bbox 263 1158 1014 1200">
     <span class='ocr_line' id='line_1_39' title="bbox 263 1158 1014 1200; baseline -0.012 -6"><span class='ocrx_word' id='word_1_256' title='bbox 263 1166 377 1200; x_wconf 86' lang='lat' dir='ltr'><strong>Quando</strong></span> <span class='ocrx_word' id='word_1_257' title='bbox 397 1167 497 1194; x_wconf 85' lang='lat' dir='ltr'><strong>malitia</strong></span> <span class='ocrx_word' id='word_1_258' title='bbox 513 1166 540 1193; x_wconf 93' lang='lat' dir='ltr'><strong>in</strong></span> <span class='ocrx_word' id='word_1_259' title='bbox 553 1165 698 1200; x_wconf 86' lang='lat' dir='ltr'><strong>semetipsa</strong></span> <span class='ocrx_word' id='word_1_260' title='bbox 714 1163 801 1191; x_wconf 80' lang='lat' dir='ltr'><strong>divisa</strong></span> <span class='ocrx_word' id='word_1_261' title='bbox 817 1162 910 1194; x_wconf 80' lang='lat' dir='ltr'><strong>fuerit,</strong></span> <span class='ocrx_word' id='word_1_262' title='bbox 927 1158 1014 1187; x_wconf 85' lang='lat' dir='ltr'><strong>securi</strong></span> 
     </span>
    </p>
   </div>
   <div class='ocr_carea' id='block_1_40' title="bbox 228 1204 1014 1246">
    <p class='ocr_par' dir='ltr' id='par_1_40' title="bbox 228 1204 1014 1246">
     <span class='ocr_line' id='line_1_40' title="bbox 228 1204 1014 1246; baseline -0.011 -7"><span class='ocrx_word' id='word_1_263' title='bbox 228 1219 324 1240; x_wconf 80' lang='lat' dir='ltr'><strong>sumus</strong></span> <span class='ocrx_word' id='word_1_264' title='bbox 338 1211 387 1246; x_wconf 83' lang='lat' dir='ltr'><strong>qui</strong></span> <span class='ocrx_word' id='word_1_265' title='bbox 399 1212 432 1239; x_wconf 88' lang='lat' dir='ltr'><strong>ab</strong></span> <span class='ocrx_word' id='word_1_266' title='bbox 448 1211 492 1238; x_wconf 83' lang='lat' dir='ltr'><strong>illa</strong></span> <span class='ocrx_word' id='word_1_267' title='bbox 508 1218 699 1246; x_wconf 76' lang='lat' dir='ltr'><strong>oppugnamur</strong></span> <span class='ocrx_word' id='word_1_268' title='bbox 716 1217 722 1235; x_wconf 89' lang='lat'><strong>:</strong></span> <span class='ocrx_word' id='word_1_269' title='bbox 742 1216 795 1235; x_wconf 91' lang='lat' dir='ltr'><strong>non</strong></span> <span class='ocrx_word' id='word_1_270' title='bbox 815 1207 930 1241; x_wconf 85' lang='lat' dir='ltr'><strong>amplius</strong></span> <span class='ocrx_word' id='word_1_271' title='bbox 940 1204 1014 1231; x_wconf 85' lang='lat' dir='ltr'><strong>enim</strong></span> 
     </span>
    </p>
   </div>
   <div class='ocr_carea' id='block_1_41' title="bbox 229 1249 1015 1292">
    <p class='ocr_par' dir='ltr' id='par_1_41' title="bbox 229 1249 1015 1292">
     <span class='ocr_line' id='line_1_41' title="bbox 229 1249 1015 1292; baseline -0.011 -7"><span class='ocrx_word' id='word_1_272' title='bbox 229 1257 336 1285; x_wconf 85' lang='lat' dir='ltr'><strong>insidiis</strong></span> <span class='ocrx_word' id='word_1_273' title='bbox 350 1257 409 1292; x_wconf 83' lang='lat' dir='ltr'><strong>ejus</strong></span> <span class='ocrx_word' id='word_1_274' title='bbox 422 1257 553 1284; x_wconf 89' lang='lat' dir='ltr'><strong>creditur.</strong></span> <span class='ocrx_word' id='word_1_275' title='bbox 566 1255 674 1283; x_wconf 86' lang='lat' dir='ltr'><strong>Etenim</strong></span> <span class='ocrx_word' id='word_1_276' title='bbox 691 1254 801 1282; x_wconf 86' lang='lat' dir='ltr'><strong>Christo</strong></span> <span class='ocrx_word' id='word_1_277' title='bbox 820 1251 950 1279; x_wconf 84' lang='lat' dir='ltr'><strong>miracula</strong></span> <span class='ocrx_word' id='word_1_278' title='bbox 974 1249 1015 1276; x_wconf 81' lang='lat' dir='ltr'><strong>fa-</strong></span> 
     </span>
    </p>
   </div>
   <div class='ocr_carea' id='block_1_42' title="bbox 230 1295 1015 1337">
    <p class='ocr_par' dir='ltr' id='par_1_42' title="bbox 230 1295 1015 1337">
     <span class='ocr_line' id='line_1_42' title="bbox 230 1295 1015 1337; baseline -0.013 -6"><span class='ocrx_word' id='word_1_279' title='bbox 230 1303 319 1331; x_wconf 84' lang='lat' dir='ltr'><strong>ciente</strong></span> <span class='ocrx_word' id='word_1_280' title='bbox 336 1303 492 1330; x_wconf 69' lang='lat' dir='ltr'><strong>Judteorum</strong></span> <span class='ocrx_word' id='word_1_281' title='bbox 507 1302 604 1337; x_wconf 72' lang='lat' dir='ltr'><strong>linguae</strong></span> <span class='ocrx_word' id='word_1_282' title='bbox 633 1300 726 1328; x_wconf 62' lang='lat' dir='ltr'><strong>divisae</strong></span> <span class='ocrx_word' id='word_1_283' title='bbox 752 1303 814 1326; x_wconf 90' lang='lat' dir='ltr'><strong>sunt</strong></span> <span class='ocrx_word' id='word_1_284' title='bbox 834 1307 840 1325; x_wconf 91' lang='lat'>:</span> <span class='ocrx_word' id='word_1_285' title='bbox 864 1301 943 1332; x_wconf 84' lang='lat' dir='ltr'><strong>atque</strong></span> <span class='ocrx_word' id='word_1_286' title='bbox 971 1295 1015 1322; x_wconf 84' lang='lat' dir='ltr'><strong>alii</strong></span> 
     </span>
    </p>
   </div>
   <div class='ocr_carea' id='block_1_43' title="bbox 230 1341 1017 1383">
    <p class='ocr_par' dir='ltr' id='par_1_43' title="bbox 230 1341 1017 1383">
     <span class='ocr_line' id='line_1_43' title="bbox 230 1341 1017 1383; baseline -0.011 -8"><span class='ocrx_word' id='word_1_287' title='bbox 230 1348 340 1383; x_wconf 82' lang='lat' dir='ltr'><strong>quidem</strong></span> <span class='ocrx_word' id='word_1_288' title='bbox 356 1347 506 1375; x_wconf 85' lang='lat' dir='ltr'><strong>dicebant:</strong></span> <span class='ocrx_word' id='word_1_289' title='bbox 523 1346 581 1372; x_wconf 85' lang='grc' dir='ltr'>Νοιι</span> <span class='ocrx_word' id='word_1_290' title='bbox 599 1349 635 1372; x_wconf 73' lang='lat' dir='ltr'><strong>est</strong></span> <span class='ocrx_word' id='word_1_291' title='bbox 657 1345 698 1371; x_wconf 85' lang='lat' dir='ltr'><strong>hic</strong></span> <span class='ocrx_word' id='word_1_292' title='bbox 726 1344 803 1369; x_wconf 86' lang='lat' dir='ltr'><strong>homo</strong></span> <span class='ocrx_word' id='word_1_293' title='bbox 829 1351 845 1368; x_wconf 87' lang='lat' dir='ltr'><strong>a</strong></span> <span class='ocrx_word' id='word_1_294' title='bbox 870 1341 932 1373; x_wconf 82' lang='lat' dir='ltr'><strong>Deo,</strong></span> <span class='ocrx_word' id='word_1_295' title='bbox 955 1341 1017 1376; x_wconf 80' lang='lat' dir='ltr'><strong>quia</strong></span> 
     </span>
    </p>
   </div>
   <div class='ocr_carea' id='block_1_44' title="bbox 230 1386 1016 1421">
    <p class='ocr_par' dir='ltr' id='par_1_44' title="bbox 230 1386 1016 1421">
     <span class='ocr_line' id='line_1_44' title="bbox 230 1386 1016 1421; baseline -0.011 0"><span class='ocrx_word' id='word_1_296' title='bbox 230 1393 374 1421; x_wconf 83' lang='lat' dir='ltr'><strong>Sabbatum</strong></span> <span class='ocrx_word' id='word_1_297' title='bbox 385 1401 436 1420; x_wconf 84' lang='lat' dir='ltr'><strong>non</strong></span> <span class='ocrx_word' id='word_1_298' title='bbox 447 1392 568 1419; x_wconf 78' lang='lat' dir='ltr'><strong>custodit.</strong></span> <span class='ocrx_word' id='word_1_299' title='bbox 588 1391 640 1418; x_wconf 79' lang='lat' dir='ltr'><strong>Alii</strong></span> <span class='ocrx_word' id='word_1_300' title='bbox 652 1394 741 1417; x_wconf 86' lang='lat' dir='ltr'><strong>autem</strong></span> <span class='ocrx_word' id='word_1_301' title='bbox 756 1388 879 1415; x_wconf 80' lang='lat' dir='ltr'><strong>dicebant</strong></span> <span class='ocrx_word' id='word_1_302' title='bbox 906 1395 915 1414; x_wconf 92' lang='lat'><em>:</em></span> <span class='ocrx_word' id='word_1_303' title='bbox 945 1386 1016 1418; x_wconf 79' lang='lat' dir='ltr'><strong>Quo-</strong></span> 
     </span>
    </p>
   </div>
   <div class='ocr_carea' id='block_1_45' title="bbox 230 1430 1017 1474">
    <p class='ocr_par' dir='ltr' id='par_1_45' title="bbox 230 1430 1017 1474">
     <span class='ocr_line' id='line_1_45' title="bbox 230 1430 1017 1474; baseline -0.014 -7"><span class='ocrx_word' id='word_1_304' title='bbox 230 1440 306 1466; x_wconf 84' lang='lat' dir='ltr'><strong>modo</strong></span> <span class='ocrx_word' id='word_1_305' title='bbox 329 1443 411 1474; x_wconf 84' lang='lat' dir='ltr'><strong>potest</strong></span> <span class='ocrx_word' id='word_1_306' title='bbox 423 1439 500 1465; x_wconf 84' lang='lat' dir='ltr'><strong>homo</strong></span> <span class='ocrx_word' id='word_1_307' title='bbox 526 1441 648 1472; x_wconf 73' lang='lat' dir='ltr'><strong>peccator</strong></span> <span class='ocrx_word' id='word_1_308' title='bbox 672 1435 738 1462; x_wconf 82' lang='lat' dir='ltr'><strong>talia</strong></span> <span class='ocrx_word' id='word_1_309' title='bbox 760 1434 834 1469; x_wconf 81' lang='lat' dir='ltr'><strong>signa</strong></span> <span class='ocrx_word' id='word_1_310' title='bbox 860 1432 964 1468; x_wconf 72' lang='lat' dir='ltr'><strong>facere?</strong></span> <span class='ocrx_word' id='word_1_311' title='bbox 984 1430 1017 1457; x_wconf 81' lang='lat' dir='ltr'><strong>Et</strong></span> 
     </span>
    </p>
   </div>
   <div class='ocr_carea' id='block_1_46' title="bbox 230 1483 603 1514">
    <p class='ocr_par' dir='ltr' id='par_1_46' title="bbox 230 1483 603 1514">
     <span class='ocr_line' id='line_1_46' title="bbox 230 1483 603 1514; baseline -0.008 -1"><span class='ocrx_word' id='word_1_312' title='bbox 230 1487 342 1514; x_wconf 71' lang='lat' dir='ltr'><strong>schisma</strong></span> <span class='ocrx_word' id='word_1_313' title='bbox 357 1489 413 1512; x_wconf 77' lang='lat' dir='ltr'><strong>erat</strong></span> <span class='ocrx_word' id='word_1_314' title='bbox 425 1486 493 1512; x_wconf 83' lang='lat' dir='ltr'><strong>inter</strong></span> <span class='ocrx_word' id='word_1_315' title='bbox 511 1492 553 1511; x_wconf 78' lang='lat' dir='ltr'><strong>eos</strong></span> <span class='ocrx_word' id='word_1_316' title='bbox 569 1483 603 1510; x_wconf 82' lang='grc'><strong>⁸¹.</strong></span> 
     </span>
    </p>
   </div>
   <div class='ocr_carea' id='block_1_47' title="bbox 267 1555 1018 1598">
    <p class='ocr_par' dir='ltr' id='par_1_47' title="bbox 267 1555 1018 1598">
     <span class='ocr_line' id='line_1_47' title="bbox 267 1555 1018 1598; baseline -0.013 -6"><span class='ocrx_word' id='word_1_317' title='bbox 267 1565 350 1592; x_wconf 66' lang='lat' dir='ltr'><strong>Vens.</strong></span> <span class='ocrx_word' id='word_1_318' title='bbox 367 1566 425 1593; x_wconf 64' lang='lat'><strong>10.4</strong></span> <span class='ocrx_word' id='word_1_319' title='bbox 441 1564 576 1598; x_wconf 88' lang='lat' dir='ltr'><strong>Quoniam</strong></span> <span class='ocrx_word' id='word_1_320' title='bbox 590 1562 645 1590; x_wconf 81' lang='lat' dir='ltr'><strong>vidi</strong></span> <span class='ocrx_word' id='word_1_321' title='bbox 656 1560 827 1595; x_wconf 78' lang='lat' dir='ltr'><strong>iniquitatem</strong></span> <span class='ocrx_word' id='word_1_322' title='bbox 838 1562 866 1585; x_wconf 89' lang='lat' dir='ltr'><strong>et</strong></span> <span class='ocrx_word' id='word_1_323' title='bbox 879 1555 1018 1585; x_wconf 85' lang='lat' dir='ltr'><strong>contradi-</strong></span> 
     </span>
    </p>
   </div>
   <div class='ocr_carea' id='block_1_48' title="bbox 232 1611 394 1639">
    <p class='ocr_par' dir='ltr' id='par_1_48' title="bbox 232 1611 394 1639">
     <span class='ocr_line' id='line_1_48' title="bbox 232 1611 394 1639; baseline -0.019 0"><span class='ocrx_word' id='word_1_324' title='bbox 232 1611 361 1639; x_wconf 84' lang='lat' dir='ltr'><strong>ctionem.</strong></span> <span class='ocrx_word' id='word_1_325' title='bbox 385 1620 394 1636; x_wconf 81' lang='grc' dir='ltr'><strong>ι</strong></span> 
     </span>
    </p>
   </div>
   <div class='ocr_carea' id='block_1_49' title="bbox 268 1657 1020 1699">
    <p class='ocr_par' dir='ltr' id='par_1_49' title="bbox 268 1657 1020 1699">
     <span class='ocr_line' id='line_1_49' title="bbox 268 1657 1020 1699; baseline -0.015 -5"><span class='ocrx_word' id='word_1_326' title='bbox 268 1668 336 1694; x_wconf 90' lang='lat' dir='ltr'><strong>Dum</strong></span> <span class='ocrx_word' id='word_1_327' title='bbox 348 1666 471 1693; x_wconf 82' lang='lat' dir='ltr'><strong>Christus</strong></span> <span class='ocrx_word' id='word_1_328' title='bbox 486 1665 578 1699; x_wconf 91' lang='lat' dir='ltr'><strong>inique</strong></span> <span class='ocrx_word' id='word_1_329' title='bbox 599 1662 781 1698; x_wconf 83' lang='lat' dir='ltr'><strong>judicabatur,</strong></span> <span class='ocrx_word' id='word_1_330' title='bbox 798 1658 936 1687; x_wconf 88' lang='lat' dir='ltr'><strong>contentio</strong></span> <span class='ocrx_word' id='word_1_331' title='bbox 950 1657 1020 1684; x_wconf 72' lang='lat' dir='ltr'><strong>facta</strong></span> 
     </span>
    </p>
   </div>
   <div class='ocr_carea' id='block_1_50' title="bbox 233 1703 1019 1745">
    <p class='ocr_par' dir='ltr' id='par_1_50' title="bbox 233 1703 1019 1745">
     <span class='ocr_line' id='line_1_50' title="bbox 233 1703 1019 1745; baseline -0.014 -5"><span class='ocrx_word' id='word_1_332' title='bbox 233 1717 285 1745; x_wconf 89' lang='lat' dir='ltr'><strong>est,</strong></span> <span class='ocrx_word' id='word_1_333' title='bbox 300 1711 376 1738; x_wconf 84' lang='lat' dir='ltr'><strong>Pilati</strong></span> <span class='ocrx_word' id='word_1_334' title='bbox 392 1711 496 1738; x_wconf 87' lang='lat' dir='ltr'><strong>scilicet</strong></span> <span class='ocrx_word' id='word_1_335' title='bbox 511 1714 537 1736; x_wconf 87' lang='lat' dir='ltr'><strong>et</strong></span> <span class='ocrx_word' id='word_1_336' title='bbox 549 1707 701 1744; x_wconf 85' lang='lat' dir='ltr'><strong>principum</strong></span> <span class='ocrx_word' id='word_1_337' title='bbox 716 1705 887 1734; x_wconf 86' lang='lat' dir='ltr'><strong>sacerdotum</strong></span> <span class='ocrx_word' id='word_1_338' title='bbox 912 1703 1019 1730; x_wconf 72' lang='lat' dir='ltr'><strong>.ludzco-</strong></span> 
     </span>
    </p>
   </div>
   <div class='ocr_carea' id='block_1_51' title="bbox 233 1748 1021 1791">
    <p class='ocr_par' dir='ltr' id='par_1_51' title="bbox 233 1748 1021 1791">
     <span class='ocr_line' id='line_1_51' title="bbox 233 1748 1021 1791; baseline -0.016 -5"><span class='ocrx_word' id='word_1_339' title='bbox 233 1767 294 1786; x_wconf 81' lang='lat' dir='ltr'><strong>rum</strong></span> <span class='ocrx_word' id='word_1_340' title='bbox 309 1767 316 1785; x_wconf 85' lang='lat'><strong>:</strong></span> <span class='ocrx_word' id='word_1_341' title='bbox 331 1758 376 1784; x_wconf 88' lang='lat' dir='ltr'><strong>illo</strong></span> <span class='ocrx_word' id='word_1_342' title='bbox 387 1757 494 1791; x_wconf 76' lang='lat' dir='ltr'><strong>quidem</strong></span> <span class='ocrx_word' id='word_1_343' title='bbox 517 1756 644 1782; x_wconf 88' lang='lat' dir='ltr'><strong>dicente:</strong></span> <span class='ocrx_word' id='word_1_344' title='bbox 663 1752 736 1780; x_wconf 73' lang='lat' dir='ltr'><strong>Nihil</strong></span> <span class='ocrx_word' id='word_1_345' title='bbox 752 1751 855 1778; x_wconf 80' lang='lat' dir='ltr'><strong>invenio</strong></span> <span class='ocrx_word' id='word_1_346' title='bbox 883 1757 970 1776; x_wconf 65' lang='lat' dir='ltr'><strong>causa!</strong></span> <span class='ocrx_word' id='word_1_347' title='bbox 994 1748 1021 1774; x_wconf 82' lang='lat' dir='ltr'><strong>in</strong></span> 
     </span>
    </p>
   </div>
   <div class='ocr_carea' id='block_1_52' title="bbox 233 1795 1022 1836">
    <p class='ocr_par' dir='ltr' id='par_1_52' title="bbox 233 1795 1022 1836">
     <span class='ocr_line' id='line_1_52' title="bbox 233 1795 1022 1836; baseline -0.015 -4"><span class='ocrx_word' id='word_1_348' title='bbox 233 1805 280 1832; x_wconf 86' lang='lat' dir='ltr'><strong>hoc</strong></span> <span class='ocrx_word' id='word_1_349' title='bbox 292 1804 395 1830; x_wconf 82' lang='lat' dir='ltr'><strong>homine</strong></span> <span class='ocrx_word' id='word_1_350' title='bbox 407 1803 429 1818; x_wconf 74' lang='lat'><em>“</em></span> <span class='ocrx_word' id='word_1_351' title='bbox 442 1811 449 1834; x_wconf 88' lang='lat'><strong>;</strong></span> <span class='ocrx_word' id='word_1_352' title='bbox 464 1802 529 1836; x_wconf 73' lang='lat' dir='ltr'><strong>ipsis</strong></span> <span class='ocrx_word' id='word_1_353' title='bbox 543 1809 607 1828; x_wconf 84' lang='lat' dir='ltr'><strong>vero</strong></span> <span class='ocrx_word' id='word_1_354' title='bbox 617 1798 845 1835; x_wconf 85' lang='lat' dir='ltr'><strong>respondentibus</strong></span> <span class='ocrx_word' id='word_1_355' title='bbox 858 1805 864 1823; x_wconf 92' lang='lat'><strong>:</strong></span> <span class='ocrx_word' id='word_1_356' title='bbox 877 1796 930 1823; x_wconf 74' lang='lat' dir='ltr'><strong>Nos</strong></span> <span class='ocrx_word' id='word_1_357' title='bbox 940 1795 1022 1829; x_wconf 77' lang='lat' dir='ltr'><strong>legem</strong></span> 
     </span>
    </p>
   </div>
   <div class='ocr_carea' id='block_1_53' title="bbox 234 1843 1022 1881">
    <p class='ocr_par' dir='ltr' id='par_1_53' title="bbox 234 1843 1022 1881">
     <span class='ocr_line' id='line_1_53' title="bbox 234 1843 1022 1881; baseline -0.015 -4"><span class='ocrx_word' id='word_1_358' title='bbox 234 1850 372 1881; x_wconf 76' lang='lat' dir='ltr'><strong>habemus;</strong></span> <span class='ocrx_word' id='word_1_359' title='bbox 392 1855 414 1875; x_wconf 81' lang='lat' dir='ltr'><strong>ct</strong></span> <span class='ocrx_word' id='word_1_360' title='bbox 425 1848 520 1874; x_wconf 78' lang='lat' dir='ltr'><strong>scimus</strong></span> <span class='ocrx_word' id='word_1_361' title='bbox 543 1846 605 1881; x_wconf 77' lang='lat' dir='ltr'><strong>quia</strong></span> <span class='ocrx_word' id='word_1_362' title='bbox 639 1845 781 1872; x_wconf 75' lang='lat' dir='ltr'><strong>secundum</strong></span> <span class='ocrx_word' id='word_1_363' title='bbox 797 1843 876 1878; x_wconf 85' lang='lat' dir='ltr'><strong>legem</strong></span> <span class='ocrx_word' id='word_1_364' title='bbox 905 1845 1022 1868; x_wconf 82' lang='lat' dir='ltr'><strong>nostram</strong></span> 
     </span>
    </p>
   </div>
   <div class='ocr_carea' id='block_1_54' title="bbox 235 1895 430 1923">
    <p class='ocr_par' dir='ltr' id='par_1_54' title="bbox 235 1895 430 1923">
     <span class='ocr_line' id='line_1_54' title="bbox 235 1895 430 1923; baseline -0.015 0"><span class='ocrx_word' id='word_1_365' title='bbox 235 1896 306 1923; x_wconf 63' lang='lat' dir='ltr'><strong>debet</strong></span> <span class='ocrx_word' id='word_1_366' title='bbox 323 1895 389 1921; x_wconf 84' lang='lat' dir='ltr'><strong>mori</strong></span> <span class='ocrx_word' id='word_1_367' title='bbox 398 1895 430 1920; x_wconf 60' lang='grc'><strong>³⁸.</strong></span> 
     </span>
    </p>
   </div>
   <div class='ocr_carea' id='block_1_55' title="bbox 268 1945 1022 1979">
    <p class='ocr_par' dir='ltr' id='par_1_55' title="bbox 268 1945 1022 1979">
     <span class='ocr_line' id='line_1_55' title="bbox 268 1945 1022 1979; baseline -0.015 0"><span class='ocrx_word' id='word_1_368' title='bbox 268 1952 351 1979; x_wconf 72' lang='lat' dir='ltr'><strong>Vrsas.</strong></span> <span class='ocrx_word' id='word_1_369' title='bbox 371 1952 411 1977; x_wconf 88' lang='lat' dir='ltr'><strong>ll.</strong></span> <span class='ocrx_word' id='word_1_370' title='bbox 430 1961 438 1977; x_wconf 90' lang='grc'><strong>‹</strong></span> <span class='ocrx_word' id='word_1_371' title='bbox 462 1950 510 1977; x_wconf 91' lang='lat' dir='ltr'><strong>Die</strong></span> <span class='ocrx_word' id='word_1_372' title='bbox 526 1957 558 1976; x_wconf 90' lang='lat' dir='ltr'><strong>ac</strong></span> <span class='ocrx_word' id='word_1_373' title='bbox 574 1951 654 1975; x_wconf 88' lang='lat' dir='ltr'><strong>nocte</strong></span> <span class='ocrx_word' id='word_1_374' title='bbox 673 1945 854 1975; x_wconf 82' lang='lat' dir='ltr'><strong>circumdabit</strong></span> <span class='ocrx_word' id='word_1_375' title='bbox 871 1951 930 1971; x_wconf 91' lang='lat' dir='ltr'><strong>eam</strong></span> <span class='ocrx_word' id='word_1_376' title='bbox 943 1949 1022 1977; x_wconf 89' lang='lat' dir='ltr'><strong>super</strong></span> 
     </span>
    </p>
   </div>
   <div class='ocr_carea' id='block_1_56' title="bbox 234 1991 940 2033">
    <p class='ocr_par' dir='ltr' id='par_1_56' title="bbox 234 1991 940 2033">
     <span class='ocr_line' id='line_1_56' title="bbox 234 1991 940 2033; baseline -0.016 -7"><span class='ocrx_word' id='word_1_377' title='bbox 234 2006 328 2026; x_wconf 87' lang='lat' dir='ltr'><strong>muros</strong></span> <span class='ocrx_word' id='word_1_378' title='bbox 344 1998 404 2033; x_wconf 89' lang='lat' dir='ltr'><strong>ejus</strong></span> <span class='ocrx_word' id='word_1_379' title='bbox 418 1997 550 2031; x_wconf 84' lang='lat' dir='ltr'><strong>iniquitas</strong></span> <span class='ocrx_word' id='word_1_380' title='bbox 564 2000 592 2022; x_wconf 86' lang='lat' dir='ltr'><strong>et</strong></span> <span class='ocrx_word' id='word_1_381' title='bbox 603 1995 682 2022; x_wconf 86' lang='lat' dir='ltr'><strong>labor</strong></span> <span class='ocrx_word' id='word_1_382' title='bbox 694 1993 722 2020; x_wconf 89' lang='lat' dir='ltr'><strong>in</strong></span> <span class='ocrx_word' id='word_1_383' title='bbox 738 1991 829 2019; x_wconf 81' lang='lat' dir='ltr'><strong>medio</strong></span> <span class='ocrx_word' id='word_1_384' title='bbox 841 1991 910 2026; x_wconf 83' lang='lat' dir='ltr'><strong>ejus.</strong></span> <span class='ocrx_word' id='word_1_385' title='bbox 931 1999 940 2015; x_wconf 85' lang='grc' dir='ltr'><strong>ι</strong></span> 
     </span>
    </p>
   </div>
   <div class='ocr_carea' id='block_1_57' title="bbox 269 2046 1022 2088">
    <p class='ocr_par' dir='ltr' id='par_1_57' title="bbox 269 2046 1022 2088">
     <span class='ocr_line' id='line_1_57' title="bbox 269 2046 1022 2088; baseline -0.015 -7"><span class='ocrx_word' id='word_1_386' title='bbox 269 2053 320 2080; x_wconf 81' lang='lat' dir='ltr'><strong>Die</strong></span> <span class='ocrx_word' id='word_1_387' title='bbox 333 2052 454 2088; x_wconf 88' lang='lat' dir='ltr'><strong>quidem,</strong></span> <span class='ocrx_word' id='word_1_388' title='bbox 469 2051 495 2078; x_wconf 94' lang='lat' dir='ltr'><strong>id</strong></span> <span class='ocrx_word' id='word_1_389' title='bbox 507 2054 548 2078; x_wconf 87' lang='lat' dir='ltr'><strong>est</strong></span> <span class='ocrx_word' id='word_1_390' title='bbox 568 2054 692 2084; x_wconf 89' lang='lat' dir='ltr'><strong>tempore</strong></span> <span class='ocrx_word' id='word_1_391' title='bbox 719 2046 826 2078; x_wconf 83' lang='lat' dir='ltr'><strong>crucis;</strong></span> <span class='ocrx_word' id='word_1_392' title='bbox 854 2049 926 2072; x_wconf 84' lang='lat' dir='ltr'><strong>nocte</strong></span> <span class='ocrx_word' id='word_1_393' title='bbox 948 2050 1022 2075; x_wconf 85' lang='lat' dir='ltr'><strong>vero,</strong></span> 
     </span>
    </p>
   </div>
   <div class='ocr_carea' id='block_1_58' title="bbox 235 2091 1025 2134">
    <p class='ocr_par' dir='ltr' id='par_1_58' title="bbox 235 2091 1025 2134">
     <span class='ocr_line' id='line_1_58' title="bbox 235 2091 1025 2134; baseline -0.016 -6"><span class='ocrx_word' id='word_1_394' title='bbox 235 2100 262 2128; x_wconf 90' lang='lat' dir='ltr'><strong>id</strong></span> <span class='ocrx_word' id='word_1_395' title='bbox 275 2105 318 2127; x_wconf 88' lang='lat' dir='ltr'><strong>est</strong></span> <span class='ocrx_word' id='word_1_396' title='bbox 329 2104 450 2134; x_wconf 89' lang='lat' dir='ltr'><strong>tempore</strong></span> <span class='ocrx_word' id='word_1_397' title='bbox 464 2095 626 2132; x_wconf 87' lang='lat' dir='ltr'><strong>proditionis</strong></span> <span class='ocrx_word' id='word_1_398' title='bbox 639 2104 646 2129; x_wconf 89' lang='lat'><strong>;</strong></span> <span class='ocrx_word' id='word_1_399' title='bbox 659 2103 737 2128; x_wconf 79' lang='lat' dir='ltr'><strong>super</strong></span> <span class='ocrx_word' id='word_1_400' title='bbox 749 2100 848 2124; x_wconf 71' lang='lat' dir='ltr'><strong>muros,</strong></span> <span class='ocrx_word' id='word_1_401' title='bbox 859 2091 886 2118; x_wconf 92' lang='lat' dir='ltr'><strong>id</strong></span> <span class='ocrx_word' id='word_1_402' title='bbox 895 2095 1025 2124; x_wconf 88' lang='lat' dir='ltr'><strong>estsupcr</strong></span> 
     </span>
    </p>
   </div>
   <div class='ocr_carea' id='block_1_59' title="bbox 236 2135 1025 2178">
    <p class='ocr_par' dir='ltr' id='par_1_59' title="bbox 236 2135 1025 2178">
     <span class='ocr_line' id='line_1_59' title="bbox 236 2135 1025 2178; baseline -0.016 -5"><span class='ocrx_word' id='word_1_403' title='bbox 236 2145 391 2173; x_wconf 82' lang='lat' dir='ltr'><strong>sacerdotes</strong></span> <span class='ocrx_word' id='word_1_404' title='bbox 418 2152 425 2170; x_wconf 84' lang='lat'><strong>:</strong></span> <span class='ocrx_word' id='word_1_405' title='bbox 450 2143 501 2178; x_wconf 89' lang='lat' dir='ltr'><strong>ipsi</strong></span> <span class='ocrx_word' id='word_1_406' title='bbox 526 2142 600 2170; x_wconf 90' lang='lat' dir='ltr'><strong>enim</strong></span> <span class='ocrx_word' id='word_1_407' title='bbox 626 2145 690 2168; x_wconf 86' lang='lat' dir='ltr'><strong>sunt</strong></span> <span class='ocrx_word' id='word_1_408' title='bbox 718 2138 789 2166; x_wconf 91' lang='lat' dir='ltr'><strong>muri</strong></span> <span class='ocrx_word' id='word_1_409' title='bbox 805 2137 896 2172; x_wconf 80' lang='lat' dir='ltr'><strong>populi</strong></span> <span class='ocrx_word' id='word_1_410' title='bbox 915 2145 921 2163; x_wconf 87' lang='lat'>:</span> <span class='ocrx_word' id='word_1_411' title='bbox 941 2135 1025 2162; x_wconf 79' lang='lat' dir='ltr'><strong>fortes</strong></span> 
     </span>
    </p>
   </div>
   <div class='ocr_carea' id='block_1_60' title="bbox 236 2181 1024 2226">
    <p class='ocr_par' dir='ltr' id='par_1_60' title="bbox 236 2181 1024 2226">
     <span class='ocr_line' id='line_1_60' title="bbox 236 2181 1024 2226; baseline -0.015 -8"><span class='ocrx_word' id='word_1_412' title='bbox 236 2190 357 2226; x_wconf 84' lang='lat' dir='ltr'><strong>quidem,</strong></span> <span class='ocrx_word' id='word_1_413' title='bbox 373 2189 438 2217; x_wconf 87' lang='lat' dir='ltr'><strong>dum</strong></span> <span class='ocrx_word' id='word_1_414' title='bbox 466 2187 615 2216; x_wconf 90' lang='lat' dir='ltr'><strong>secundum</strong></span> <span class='ocrx_word' id='word_1_415' title='bbox 636 2187 723 2221; x_wconf 78' lang='lat' dir='ltr'><strong>legem</strong></span> <span class='ocrx_word' id='word_1_416' title='bbox 748 2182 894 2212; x_wconf 87' lang='lat' dir='ltr'><strong>sacerdotii</strong></span> <span class='ocrx_word' id='word_1_417' title='bbox 916 2181 1024 2213; x_wconf 80' lang='lat' dir='ltr'><strong>vivunt;</strong></span> 
     </span>
    </p>
   </div>
   <div class='ocr_carea' id='block_1_61' title="bbox 236 2226 1025 2268">
    <p class='ocr_par' dir='ltr' id='par_1_61' title="bbox 236 2226 1025 2268">
     <span class='ocr_line' id='line_1_61' title="bbox 236 2226 1025 2268; baseline -0.014 -5"><span class='ocrx_word' id='word_1_418' title='bbox 236 2235 334 2263; x_wconf 84' lang='lat' dir='ltr'><strong>cariosi</strong></span> <span class='ocrx_word' id='word_1_419' title='bbox 344 2242 408 2262; x_wconf 82' lang='lat' dir='ltr'><strong>vero</strong></span> <span class='ocrx_word' id='word_1_420' title='bbox 424 2241 456 2261; x_wconf 86' lang='lat' dir='ltr'><strong>ac</strong></span> <span class='ocrx_word' id='word_1_421' title='bbox 468 2233 582 2265; x_wconf 85' lang='lat' dir='ltr'><strong>ruinosi,</strong></span> <span class='ocrx_word' id='word_1_422' title='bbox 596 2231 705 2268; x_wconf 90' lang='lat' dir='ltr'><strong>quando</strong></span> <span class='ocrx_word' id='word_1_423' title='bbox 717 2238 732 2257; x_wconf 89' lang='lat' dir='ltr'><strong>a</strong></span> <span class='ocrx_word' id='word_1_424' title='bbox 740 2229 871 2265; x_wconf 81' lang='lat' dir='ltr'><strong>dignitate</strong></span> <span class='ocrx_word' id='word_1_425' title='bbox 880 2234 927 2255; x_wconf 86' lang='lat' dir='ltr'><strong>sua</strong></span> <span class='ocrx_word' id='word_1_426' title='bbox 936 2226 1025 2253; x_wconf 83' lang='lat' dir='ltr'><strong>aliena</strong></span> 
     </span>
    </p>
   </div>
   <div class='ocr_carea' id='block_1_62' title="bbox 1063 969 1855 1006">
    <p class='ocr_par' dir='ltr' id='par_1_62' title="bbox 1063 969 1855 1006">
     <span class='ocr_line' id='line_1_62' title="bbox 1063 969 1855 1006; baseline 0.003 -10"><span class='ocrx_word' id='word_1_427' title='bbox 1063 969 1141 1005; x_wconf 85' lang='grc' dir='ltr'><strong>κακῷ</strong></span> <span class='ocrx_word' id='word_1_428' title='bbox 1157 971 1398 1005; x_wconf 74' lang='grc' dir='ltr'><strong>συμφωνησάντων</strong></span> <span class='ocrx_word' id='word_1_429' title='bbox 1409 971 1539 1002; x_wconf 68' lang='grc' dir='ltr'>διάλυσις.</span> <span class='ocrx_word' id='word_1_430' title='bbox 1549 972 1604 998; x_wconf 67' lang='grc' dir='ltr'>Καὶ</span> <span class='ocrx_word' id='word_1_431' title='bbox 1615 974 1638 998; x_wconf 84' lang='grc' dir='ltr'><strong>οἱ</strong></span> <span class='ocrx_word' id='word_1_432' title='bbox 1655 973 1855 1006; x_wconf 75' lang='grc' dir='ltr'>ὀμονοῆσαντες</span> 
     </span>
    </p>
   </div>
   <div class='ocr_carea' id='block_1_63' title="bbox 1056 1013 1855 1050">
    <p class='ocr_par' dir='ltr' id='par_1_63' title="bbox 1056 1013 1855 1050">
     <span class='ocr_line' id='line_1_63' title="bbox 1056 1013 1855 1050; baseline 0.003 -11"><span class='ocrx_word' id='word_1_433' title='bbox 1056 1013 1128 1048; x_wconf 77' lang='grc' dir='ltr'>,γοῦν</span> <span class='ocrx_word' id='word_1_434' title='bbox 1144 1014 1190 1040; x_wconf 78' lang='grc' dir='ltr'><strong>ἐπὶ</strong></span> <span class='ocrx_word' id='word_1_435' title='bbox 1207 1015 1239 1049; x_wconf 83' lang='grc' dir='ltr'>τῇ</span> <span class='ocrx_word' id='word_1_436' title='bbox 1257 1014 1434 1050; x_wconf 80' lang='grc' dir='ltr'>πυργοποιίᾳ,</span> <span class='ocrx_word' id='word_1_437' title='bbox 1453 1015 1483 1041; x_wconf 76' lang='grc' dir='ltr'>τὸ</span> <span class='ocrx_word' id='word_1_438' title='bbox 1506 1015 1579 1050; x_wconf 74' lang='grc' dir='ltr'>ἔχειν</span> <span class='ocrx_word' id='word_1_439' title='bbox 1599 1015 1690 1049; x_wconf 79' lang='grc' dir='ltr'>φωνὴν</span> <span class='ocrx_word' id='word_1_440' title='bbox 1717 1016 1781 1050; x_wconf 84' lang='grc' dir='ltr'>μίαν</span> <span class='ocrx_word' id='word_1_441' title='bbox 1805 1016 1855 1042; x_wconf 74' lang='grc' dir='ltr'><strong>καὶ</strong></span> 
     </span>
    </p>
   </div>
   <div class='ocr_carea' id='block_1_64' title="bbox 1063 1059 1856 1097">
    <p class='ocr_par' dir='ltr' id='par_1_64' title="bbox 1063 1059 1856 1097">
     <span class='ocr_line' id='line_1_64' title="bbox 1063 1059 1856 1097; baseline 0.003 -12"><span class='ocrx_word' id='word_1_442' title='bbox 1063 1059 1152 1094; x_wconf 82' lang='grc' dir='ltr'>χεῖλος</span> <span class='ocrx_word' id='word_1_443' title='bbox 1165 1059 1205 1092; x_wconf 81' lang='grc' dir='ltr'>ἓν,</span> <span class='ocrx_word' id='word_1_444' title='bbox 1223 1059 1323 1091; x_wconf 81' lang='grc' dir='ltr'>πάντες</span> <span class='ocrx_word' id='word_1_445' title='bbox 1338 1060 1558 1096; x_wconf 83' lang='grc' dir='ltr'>ὲνεποδίσθησαν,</span> <span class='ocrx_word' id='word_1_446' title='bbox 1580 1061 1696 1096; x_wconf 77' lang='grc' dir='ltr'>μεγίστῃ</span> <span class='ocrx_word' id='word_1_447' title='bbox 1708 1061 1856 1097; x_wconf 69' lang='grc' dir='ltr'>δυσσεϐείᾳ</span> 
     </span>
    </p>
   </div>
   <div class='ocr_carea' id='block_1_65' title="bbox 1065 1104 1695 1140">
    <p class='ocr_par' dir='ltr' id='par_1_65' title="bbox 1065 1104 1695 1140">
     <span class='ocr_line' id='line_1_65' title="bbox 1065 1104 1695 1140; baseline 0.005 -11"><span class='ocrx_word' id='word_1_448' title='bbox 1065 1104 1258 1139; x_wconf 77' lang='grc' dir='ltr'>συγχυθέντες,</span> <span class='ocrx_word' id='word_1_449' title='bbox 1273 1104 1310 1135; x_wconf 85' lang='grc' dir='ltr'>ὡς</span> <span class='ocrx_word' id='word_1_450' title='bbox 1326 1104 1424 1139; x_wconf 79' lang='grc' dir='ltr'><strong>μηκέτι</strong></span> <span class='ocrx_word' id='word_1_451' title='bbox 1438 1105 1596 1139; x_wconf 72' lang='grc' dir='ltr'>ὁμοφωνίαν</span> <span class='ocrx_word' id='word_1_452' title='bbox 1613 1105 1695 1140; x_wconf 76' lang='grc' dir='ltr'>ἔχειν.</span> 
     </span>
    </p>
   </div>
   <div class='ocr_carea' id='block_1_66' title="bbox 1102 1157 1857 1195">
    <p class='ocr_par' dir='ltr' id='par_1_66' title="bbox 1102 1157 1857 1195">
     <span class='ocr_line' id='line_1_66' title="bbox 1102 1157 1857 1195; baseline 0.003 -11"><span class='ocrx_word' id='word_1_453' title='bbox 1102 1157 1186 1184; x_wconf 82' lang='grc' dir='ltr'>Ὅταν</span> <span class='ocrx_word' id='word_1_454' title='bbox 1208 1158 1224 1193; x_wconf 87' lang='grc' dir='ltr'>ἠ</span> <span class='ocrx_word' id='word_1_455' title='bbox 1250 1157 1334 1184; x_wconf 80' lang='grc' dir='ltr'>κακία</span> <span class='ocrx_word' id='word_1_456' title='bbox 1358 1158 1419 1185; x_wconf 76' lang='grc' dir='ltr'><strong>καθ’</strong></span> <span class='ocrx_word' id='word_1_457' title='bbox 1432 1159 1533 1194; x_wconf 74' lang='grc' dir='ltr'>ἑαυτὴν</span> <span class='ocrx_word' id='word_1_458' title='bbox 1558 1159 1692 1195; x_wconf 76' lang='grc' dir='ltr'>μερισθῇ,</span> <span class='ocrx_word' id='word_1_459' title='bbox 1710 1159 1810 1194; x_wconf 78' lang='grc' dir='ltr'>ἔχομεν</span> <span class='ocrx_word' id='word_1_460' title='bbox 1826 1158 1857 1186; x_wconf 77' lang='grc' dir='ltr'><strong>τὸ</strong></span> 
     </span>
    </p>
   </div>
   <div class='ocr_carea' id='block_1_67' title="bbox 1065 1203 1856 1239">
    <p class='ocr_par' dir='ltr' id='par_1_67' title="bbox 1065 1203 1856 1239">
     <span class='ocr_line' id='line_1_67' title="bbox 1065 1203 1856 1239; baseline 0.003 -11"><span class='ocrx_word' id='word_1_461' title='bbox 1065 1203 1184 1236; x_wconf 69' lang='grc' dir='ltr'>ἀσφαλὲς</span> <span class='ocrx_word' id='word_1_462' title='bbox 1195 1203 1219 1229; x_wconf 86' lang='grc' dir='ltr'>οἱ</span> <span class='ocrx_word' id='word_1_463' title='bbox 1233 1204 1298 1238; x_wconf 78' lang='grc' dir='ltr'>παρ’</span> <span class='ocrx_word' id='word_1_464' title='bbox 1313 1204 1398 1238; x_wconf 76' lang='grc' dir='ltr'>αὐτῆς</span> <span class='ocrx_word' id='word_1_465' title='bbox 1413 1204 1612 1239; x_wconf 77' lang='grc' dir='ltr'>πολεμούμενοι</span> <span class='ocrx_word' id='word_1_466' title='bbox 1622 1213 1629 1220; x_wconf 75' lang='grc'><em>’</em></span> <span class='ocrx_word' id='word_1_467' title='bbox 1649 1205 1743 1231; x_wconf 76' lang='grc' dir='ltr'>οὐκέτι</span> <span class='ocrx_word' id='word_1_468' title='bbox 1758 1206 1813 1238; x_wconf 70' lang='grc' dir='ltr'><strong>γὰρ</strong></span> <span class='ocrx_word' id='word_1_469' title='bbox 1826 1205 1856 1230; x_wconf 84' lang='grc' dir='ltr'><strong>αἱ</strong></span> 
     </span>
    </p>
   </div>
   <div class='ocr_carea' id='block_1_68' title="bbox 1065 1247 1858 1285">
    <p class='ocr_par' dir='ltr' id='par_1_68' title="bbox 1065 1247 1858 1285">
     <span class='ocr_line' id='line_1_68' title="bbox 1065 1247 1858 1285; baseline 0.003 -12"><span class='ocrx_word' id='word_1_470' title='bbox 1065 1247 1094 1279; x_wconf 70' lang='grc' dir='ltr'><strong>ἐξ</strong></span> <span class='ocrx_word' id='word_1_471' title='bbox 1107 1248 1191 1283; x_wconf 67' lang='grc' dir='ltr'>αὐτῆς</span> <span class='ocrx_word' id='word_1_472' title='bbox 1205 1248 1348 1275; x_wconf 71' lang='grc' dir='ltr'>ἐπιϐουλαὶ</span> <span class='ocrx_word' id='word_1_473' title='bbox 1363 1249 1549 1275; x_wconf 79' lang='grc' dir='ltr'>πιστεύονται.</span> <span class='ocrx_word' id='word_1_474' title='bbox 1564 1249 1715 1285; x_wconf 75' lang='grc' dir='ltr'><strong>Τοιγαροῦν</strong></span> <span class='ocrx_word' id='word_1_475' title='bbox 1732 1249 1778 1275; x_wconf 84' lang='grc' dir='ltr'>τοῦ</span> <span class='ocrx_word' id='word_1_476' title='bbox 1791 1250 1858 1284; x_wconf 88' lang='grc' dir='ltr'>Χρι-</span> 
     </span>
    </p>
   </div>
   <div class='ocr_carea' id='block_1_69' title="bbox 1067 1293 1858 1330">
    <p class='ocr_par' dir='ltr' id='par_1_69' title="bbox 1067 1293 1858 1330">
     <span class='ocr_line' id='line_1_69' title="bbox 1067 1293 1858 1330; baseline 0.004 -11"><span class='ocrx_word' id='word_1_477' title='bbox 1067 1293 1130 1320; x_wconf 81' lang='grc' dir='ltr'>στοῦ</span> <span class='ocrx_word' id='word_1_478' title='bbox 1157 1293 1430 1330; x_wconf 78' lang='grc' dir='ltr'>θαυματουργοῦντος</span> <span class='ocrx_word' id='word_1_479' title='bbox 1457 1295 1510 1322; x_wconf 86' lang='grc' dir='ltr'>τῶν</span> <span class='ocrx_word' id='word_1_480' title='bbox 1527 1295 1661 1322; x_wconf 68' lang='grc' dir='ltr'>Ἰουδαίων</span> <span class='ocrx_word' id='word_1_481' title='bbox 1685 1297 1712 1321; x_wconf 88' lang='grc' dir='ltr'>αἱ</span> <span class='ocrx_word' id='word_1_482' title='bbox 1735 1295 1858 1330; x_wconf 75' lang='grc' dir='ltr'><strong>γλῶσσαι</strong></span> 
     </span>
    </p>
   </div>
   <div class='ocr_carea' id='block_1_70' title="bbox 1066 1339 1860 1376">
    <p class='ocr_par' dir='ltr' id='par_1_70' title="bbox 1066 1339 1860 1376">
     <span class='ocr_line' id='line_1_70' title="bbox 1066 1339 1860 1376; baseline 0.003 -11"><span class='ocrx_word' id='word_1_483' title='bbox 1066 1339 1243 1375; x_wconf 57' lang='grc' dir='ltr'>διῃρέθησαν</span> <span class='ocrx_word' id='word_1_484' title='bbox 1267 1339 1316 1366; x_wconf 76' lang='grc' dir='ltr'><strong>καὶ</strong></span> <span class='ocrx_word' id='word_1_485' title='bbox 1328 1342 1356 1366; x_wconf 84' lang='grc' dir='ltr'>οι</span> <span class='ocrx_word' id='word_1_486' title='bbox 1370 1340 1429 1375; x_wconf 77' lang='grc' dir='ltr'>μὲν</span> <span class='ocrx_word' id='word_1_487' title='bbox 1443 1340 1549 1376; x_wconf 66' lang='grc' dir='ltr'><strong>ἕλει-ον</strong></span> <span class='ocrx_word' id='word_1_488' title='bbox 1564 1348 1570 1355; x_wconf 90' lang='grc'>·</span> <span class='ocrx_word' id='word_1_489' title='bbox 1599 1342 1660 1367; x_wconf 74' lang='grc' dir='ltr'><strong>Οὐκ</strong></span> <span class='ocrx_word' id='word_1_490' title='bbox 1685 1341 1751 1368; x_wconf 76' lang='grc' dir='ltr'>ἐστι</span> <span class='ocrx_word' id='word_1_491' title='bbox 1778 1341 1860 1374; x_wconf 76' lang='grc' dir='ltr'>παρὰ</span> 
     </span>
    </p>
   </div>
   <div class='ocr_carea' id='block_1_71' title="bbox 1068 1383 1857 1420">
    <p class='ocr_par' dir='ltr' id='par_1_71' title="bbox 1068 1383 1857 1420">
     <span class='ocr_line' id='line_1_71' title="bbox 1068 1383 1857 1420; baseline -0.001 -8"><span class='ocrx_word' id='word_1_492' title='bbox 1068 1386 1141 1413; x_wconf 84' lang='grc' dir='ltr'><strong>Θεοῦ</strong></span> <span class='ocrx_word' id='word_1_493' title='bbox 1154 1386 1331 1420; x_wconf 76' lang='grc' dir='ltr'>όᾶνθρωπος</span> <span class='ocrx_word' id='word_1_494' title='bbox 1346 1383 1446 1420; x_wconf 82' lang='grc' dir='ltr'>οὗτος,</span> <span class='ocrx_word' id='word_1_495' title='bbox 1458 1386 1502 1413; x_wconf 80' lang='grc' dir='ltr'>ὅτι</span> <span class='ocrx_word' id='word_1_496' title='bbox 1513 1387 1549 1413; x_wconf 85' lang='grc' dir='ltr'>οὑ</span> <span class='ocrx_word' id='word_1_497' title='bbox 1565 1386 1687 1420; x_wconf 76' lang='grc' dir='ltr'>τηρεῖτὺ</span> <span class='ocrx_word' id='word_1_498' title='bbox 1696 1386 1857 1414; x_wconf 74' lang='grc' dir='ltr'>Σὰἴϐιιτον·</span> 
     </span>
    </p>
   </div>
   <div class='ocr_carea' id='block_1_72' title="bbox 1067 1430 1860 1466">
    <p class='ocr_par' dir='ltr' id='par_1_72' title="bbox 1067 1430 1860 1466">
     <span class='ocr_line' id='line_1_72' title="bbox 1067 1430 1860 1466; baseline 0 -9"><span class='ocrx_word' id='word_1_499' title='bbox 1067 1431 1155 1457; x_wconf 68' lang='grc' dir='ltr'>ἄλλοι</span> <span class='ocrx_word' id='word_1_500' title='bbox 1183 1432 1303 1466; x_wconf 70' lang='grc' dir='ltr'>ἔλεγον·</span> <span class='ocrx_word' id='word_1_501' title='bbox 1319 1430 1385 1464; x_wconf 85' lang='grc' dir='ltr'><strong>Πῶς</strong></span> <span class='ocrx_word' id='word_1_502' title='bbox 1413 1431 1537 1458; x_wconf 80' lang='grc' dir='ltr'>δύναται</span> <span class='ocrx_word' id='word_1_503' title='bbox 1553 1432 1709 1465; x_wconf 78' lang='grc' dir='ltr'>ἅνθρωπος</span> <span class='ocrx_word' id='word_1_504' title='bbox 1725 1432 1860 1465; x_wconf 76' lang='grc' dir='ltr'>ἁμαρτω-</span> 
     </span>
    </p>
   </div>
   <div class='ocr_carea' id='block_1_73' title="bbox 1067 1477 1862 1514">
    <p class='ocr_par' dir='ltr' id='par_1_73' title="bbox 1067 1477 1862 1514">
     <span class='ocr_line' id='line_1_73' title="bbox 1067 1477 1862 1514; baseline 0 -10"><span class='ocrx_word' id='word_1_505' title='bbox 1067 1477 1122 1510; x_wconf 77' lang='grc' dir='ltr'><strong>λὸς</strong></span> <span class='ocrx_word' id='word_1_506' title='bbox 1138 1477 1258 1505; x_wconf 82' lang='grc' dir='ltr'>τοιαῦτα</span> <span class='ocrx_word' id='word_1_507' title='bbox 1277 1477 1387 1512; x_wconf 85' lang='grc' dir='ltr'>σημεῖα</span> <span class='ocrx_word' id='word_1_508' title='bbox 1409 1478 1524 1510; x_wconf 80' lang='grc' dir='ltr'>ποιεῐν;</span> <span class='ocrx_word' id='word_1_509' title='bbox 1548 1478 1603 1505; x_wconf 72' lang='grc' dir='ltr'><strong>Καὶ</strong></span> <span class='ocrx_word' id='word_1_510' title='bbox 1623 1479 1741 1514; x_wconf 74' lang='grc' dir='ltr'>σχίσμα</span> <span class='ocrx_word' id='word_1_511' title='bbox 1764 1477 1804 1514; x_wconf 80' lang='grc' dir='ltr'>ἦν</span> <span class='ocrx_word' id='word_1_512' title='bbox 1826 1478 1862 1504; x_wconf 80' lang='grc' dir='ltr'>ἐν</span> 
     </span>
    </p>
   </div>
   <div class='ocr_carea' id='block_1_74' title="bbox 1069 1523 1180 1556">
    <p class='ocr_par' dir='ltr' id='par_1_74' title="bbox 1069 1523 1180 1556">
     <span class='ocr_line' id='line_1_74' title="bbox 1069 1523 1180 1556; baseline 0 -7"><span class='ocrx_word' id='word_1_513' title='bbox 1069 1523 1180 1556; x_wconf 79' lang='grc' dir='ltr'>αὐτοῖς.</span> 
     </span>
    </p>
   </div>
   <div class='ocr_carea' id='block_1_75' title="bbox 1109 1566 1678 1606">
    <p class='ocr_par' dir='ltr' id='par_1_75' title="bbox 1109 1566 1678 1606">
     <span class='ocr_line' id='line_1_75' title="bbox 1109 1566 1678 1606; baseline 0.004 -12"><span class='ocrx_word' id='word_1_514' title='bbox 1109 1569 1185 1596; x_wconf 64' lang='grc' dir='ltr'>«Ὅτι</span> <span class='ocrx_word' id='word_1_515' title='bbox 1202 1566 1272 1598; x_wconf 82' lang='grc' dir='ltr'>εἶδον</span> <span class='ocrx_word' id='word_1_516' title='bbox 1289 1570 1405 1606; x_wconf 78' lang='grc' dir='ltr'>ἀνομίαν</span> <span class='ocrx_word' id='word_1_517' title='bbox 1421 1570 1468 1597; x_wconf 74' lang='grc' dir='ltr'><strong>καὶ</strong></span> <span class='ocrx_word' id='word_1_518' title='bbox 1484 1570 1650 1605; x_wconf 79' lang='grc' dir='ltr'>ἀντιλογίαν.</span> <span class='ocrx_word' id='word_1_519' title='bbox 1667 1579 1678 1596; x_wconf 77' lang='grc' dir='ltr'><strong>ι</strong></span> 
     </span>
    </p>
   </div>
   <div class='ocr_carea' id='block_1_76' title="bbox 1106 1655 1862 1693">
    <p class='ocr_par' dir='ltr' id='par_1_76' title="bbox 1106 1655 1862 1693">
     <span class='ocr_line' id='line_1_76' title="bbox 1106 1655 1862 1693; baseline 0.001 -11"><span class='ocrx_word' id='word_1_520' title='bbox 1106 1655 1160 1683; x_wconf 79' lang='grc' dir='ltr'><strong>Τοὗ</strong></span> <span class='ocrx_word' id='word_1_521' title='bbox 1177 1657 1297 1691; x_wconf 83' lang='grc' dir='ltr'><strong>Χριστοῦ</strong></span> <span class='ocrx_word' id='word_1_522' title='bbox 1320 1658 1483 1693; x_wconf 79' lang='grc' dir='ltr'>κρινομένου</span> <span class='ocrx_word' id='word_1_523' title='bbox 1506 1658 1630 1693; x_wconf 80' lang='grc' dir='ltr'>ἀνόμως,</span> <span class='ocrx_word' id='word_1_524' title='bbox 1646 1657 1786 1691; x_wconf 74' lang='grc' dir='ltr'>ἀντιλογία</span> <span class='ocrx_word' id='word_1_525' title='bbox 1806 1656 1862 1684; x_wconf 83' lang='grc' dir='ltr'><strong>τῶν</strong></span> 
     </span>
    </p>
   </div>
   <div class='ocr_carea' id='block_1_77' title="bbox 1071 1700 1863 1738">
    <p class='ocr_par' dir='ltr' id='par_1_77' title="bbox 1071 1700 1863 1738">
     <span class='ocr_line' id='line_1_77' title="bbox 1071 1700 1863 1738; baseline 0.003 -12"><span class='ocrx_word' id='word_1_526' title='bbox 1071 1700 1228 1735; x_wconf 78' lang='grc' dir='ltr'>κρινόντων,</span> <span class='ocrx_word' id='word_1_527' title='bbox 1246 1701 1362 1728; x_wconf 79' lang='grc' dir='ltr'><strong>Πιλάτου</strong></span> <span class='ocrx_word' id='word_1_528' title='bbox 1379 1702 1480 1738; x_wconf 84' lang='grc' dir='ltr'>δηλαδὴ</span> <span class='ocrx_word' id='word_1_529' title='bbox 1502 1703 1549 1730; x_wconf 78' lang='grc' dir='ltr'><strong>καὶ</strong></span> <span class='ocrx_word' id='word_1_530' title='bbox 1570 1702 1625 1729; x_wconf 86' lang='grc' dir='ltr'>τῶν</span> <span class='ocrx_word' id='word_1_531' title='bbox 1654 1701 1790 1729; x_wconf 79' lang='grc' dir='ltr'>Ἰουδαίων</span> <span class='ocrx_word' id='word_1_532' title='bbox 1811 1703 1863 1737; x_wconf 82' lang='grc' dir='ltr'><strong>ἀρ-</strong></span> 
     </span>
    </p>
   </div>
   <div class='ocr_carea' id='block_1_78' title="bbox 1071 1747 1864 1783">
    <p class='ocr_par' dir='ltr' id='par_1_78' title="bbox 1071 1747 1864 1783">
     <span class='ocr_line' id='line_1_78' title="bbox 1071 1747 1864 1783; baseline 0.003 -11"><span class='ocrx_word' id='word_1_533' title='bbox 1071 1747 1185 1782; x_wconf 81' lang='grc' dir='ltr'>χιερέων</span> <span class='ocrx_word' id='word_1_534' title='bbox 1209 1748 1330 1782; x_wconf 75' lang='grc' dir='ltr'>ἐγένετο·</span> <span class='ocrx_word' id='word_1_535' title='bbox 1348 1747 1396 1774; x_wconf 69' lang='grc' dir='ltr'>τοῦ</span> <span class='ocrx_word' id='word_1_536' title='bbox 1425 1748 1475 1783; x_wconf 79' lang='grc' dir='ltr'>μὲν</span> <span class='ocrx_word' id='word_1_537' title='bbox 1498 1748 1636 1783; x_wconf 82' lang='grc' dir='ltr'>λέγοντος,</span> <span class='ocrx_word' id='word_1_538' title='bbox 1654 1748 1750 1774; x_wconf 73' lang='grc' dir='ltr'>Οὐδὲν</span> <span class='ocrx_word' id='word_1_539' title='bbox 1766 1748 1864 1774; x_wconf 77' lang='grc' dir='ltr'>αἴτιον</span> 
     </span>
    </p>
   </div>
   <div class='ocr_carea' id='block_1_79' title="bbox 1071 1793 1864 1828">
    <p class='ocr_par' dir='ltr' id='par_1_79' title="bbox 1071 1793 1864 1828">
     <span class='ocr_line' id='line_1_79' title="bbox 1071 1793 1864 1828; baseline 0 -9"><span class='ocrx_word' id='word_1_540' title='bbox 1071 1793 1199 1826; x_wconf 80' lang='grc' dir='ltr'><strong>εὑρίσκω</strong></span> <span class='ocrx_word' id='word_1_541' title='bbox 1213 1793 1248 1819; x_wconf 81' lang='grc' dir='ltr'><strong>ἐν</strong></span> <span class='ocrx_word' id='word_1_542' title='bbox 1259 1793 1300 1826; x_wconf 79' lang='grc' dir='ltr'>τῷ</span> <span class='ocrx_word' id='word_1_543' title='bbox 1312 1793 1456 1828; x_wconf 80' lang='grc' dir='ltr'><strong>ἀνθρώπῳ</strong></span> <span class='ocrx_word' id='word_1_544' title='bbox 1468 1794 1561 1826; x_wconf 83' lang='grc' dir='ltr'>τούτῳ</span> <span class='ocrx_word' id='word_1_545' title='bbox 1569 1803 1575 1810; x_wconf 88' lang='grc'>·</span> <span class='ocrx_word' id='word_1_546' title='bbox 1593 1794 1705 1820; x_wconf 76' lang='grc' dir='ltr'><strong>ἐκείνων</strong></span> <span class='ocrx_word' id='word_1_547' title='bbox 1719 1794 1758 1820; x_wconf 79' lang='grc' dir='ltr'><strong>δέ’</strong></span> <span class='ocrx_word' id='word_1_548' title='bbox 1767 1793 1864 1827; x_wconf 79' lang='grc' dir='ltr'>Ἡμεῖς</span> 
     </span>
    </p>
   </div>
   <div class='ocr_carea' id='block_1_80' title="bbox 1071 1839 1866 1874">
    <p class='ocr_par' dir='ltr' id='par_1_80' title="bbox 1071 1839 1866 1874">
     <span class='ocr_line' id='line_1_80' title="bbox 1071 1839 1866 1874; baseline 0 -9"><span class='ocrx_word' id='word_1_549' title='bbox 1071 1839 1165 1873; x_wconf 82' lang='grc' dir='ltr'>νόμον</span> <span class='ocrx_word' id='word_1_550' title='bbox 1181 1839 1299 1874; x_wconf 77' lang='grc' dir='ltr'>ἔχομεν,</span> <span class='ocrx_word' id='word_1_551' title='bbox 1317 1839 1365 1865; x_wconf 82' lang='grc' dir='ltr'>καί</span> <span class='ocrx_word' id='word_1_552' title='bbox 1391 1839 1523 1874; x_wconf 75' lang='grc' dir='ltr'>οἴδαμεν,</span> <span class='ocrx_word' id='word_1_553' title='bbox 1541 1839 1586 1866; x_wconf 83' lang='grc' dir='ltr'>ὅτι</span> <span class='ocrx_word' id='word_1_554' title='bbox 1599 1839 1674 1867; x_wconf 82' lang='grc' dir='ltr'><strong>κατὰ</strong></span> <span class='ocrx_word' id='word_1_555' title='bbox 1697 1839 1750 1866; x_wconf 74' lang='grc' dir='ltr'>τὸν</span> <span class='ocrx_word' id='word_1_556' title='bbox 1769 1839 1866 1873; x_wconf 77' lang='grc' dir='ltr'>νόμον</span> 
     </span>
    </p>
   </div>
   <div class='ocr_carea' id='block_1_81' title="bbox 1072 1883 1479 1918">
    <p class='ocr_par' dir='ltr' id='par_1_81' title="bbox 1072 1883 1479 1918">
     <span class='ocr_line' id='line_1_81' title="bbox 1072 1883 1479 1918; baseline 0.002 -9"><span class='ocrx_word' id='word_1_557' title='bbox 1072 1883 1157 1918; x_wconf 74' lang='grc' dir='ltr'>ἡμῶν</span> <span class='ocrx_word' id='word_1_558' title='bbox 1176 1884 1289 1918; x_wconf 66' lang='grc' dir='ltr'>ὀφείλει</span> <span class='ocrx_word' id='word_1_559' title='bbox 1305 1884 1479 1911; x_wconf 79' lang='grc' dir='ltr'><strong>ἀποθανεῖν.</strong></span> 
     </span>
    </p>
   </div>
   <div class='ocr_carea' id='block_1_82' title="bbox 1111 1940 1864 1982">
    <p class='ocr_par' dir='ltr' id='par_1_82' title="bbox 1111 1940 1864 1982">
     <span class='ocr_line' id='line_1_82' title="bbox 1111 1940 1864 1982; baseline 0 -17"><span class='ocrx_word' id='word_1_560' title='bbox 1111 1949 1120 1964; x_wconf 90' lang='grc'><strong><em>‹</em></strong></span> <span class='ocrx_word' id='word_1_561' title='bbox 1132 1940 1254 1976; x_wconf 76' lang='grc' dir='ltr'>Ἡμέρας</span> <span class='ocrx_word' id='word_1_562' title='bbox 1265 1941 1312 1966; x_wconf 74' lang='grc' dir='ltr'><strong>καὶ</strong></span> <span class='ocrx_word' id='word_1_563' title='bbox 1323 1940 1419 1971; x_wconf 71' lang='grc' dir='ltr'>νυκτὸς</span> <span class='ocrx_word' id='word_1_564' title='bbox 1432 1940 1571 1966; x_wconf 77' lang='grc' dir='ltr'>κυκλώσει</span> <span class='ocrx_word' id='word_1_565' title='bbox 1581 1940 1666 1982; x_wconf 74' lang='grc' dir='ltr'>αὐτὴν</span> <span class='ocrx_word' id='word_1_566' title='bbox 1683 1941 1729 1967; x_wconf 71' lang='grc' dir='ltr'><strong>ἐπὶ</strong></span> <span class='ocrx_word' id='word_1_567' title='bbox 1741 1940 1774 1967; x_wconf 73' lang='grc' dir='ltr'><strong>τὰ</strong></span> <span class='ocrx_word' id='word_1_568' title='bbox 1786 1940 1864 1975; x_wconf 76' lang='grc' dir='ltr'>τείχη</span> 
     </span>
    </p>
   </div>
   <div class='ocr_carea' id='block_1_83' title="bbox 1073 1985 1721 2020">
    <p class='ocr_par' dir='ltr' id='par_1_83' title="bbox 1073 1985 1721 2020">
     <span class='ocr_line' id='line_1_83' title="bbox 1073 1985 1721 2020; baseline 0 -9"><span class='ocrx_word' id='word_1_569' title='bbox 1073 1985 1170 2019; x_wconf 71' lang='grc' dir='ltr'><strong>αὐτῆς,</strong></span> <span class='ocrx_word' id='word_1_570' title='bbox 1191 1986 1294 2020; x_wconf 81' lang='grc' dir='ltr'>ἀνομία</span> <span class='ocrx_word' id='word_1_571' title='bbox 1309 1986 1356 2012; x_wconf 80' lang='grc' dir='ltr'><strong>καὶ</strong></span> <span class='ocrx_word' id='word_1_572' title='bbox 1371 1985 1451 2017; x_wconf 68' lang='grc' dir='ltr'>πόνος</span> <span class='ocrx_word' id='word_1_573' title='bbox 1469 1987 1497 2012; x_wconf 82' lang='grc' dir='ltr'>ὲν</span> <span class='ocrx_word' id='word_1_574' title='bbox 1515 1985 1591 2020; x_wconf 65' lang='grc' dir='ltr'><strong>μέσῴ</strong></span> <span class='ocrx_word' id='word_1_575' title='bbox 1605 1986 1698 2020; x_wconf 81' lang='grc' dir='ltr'>αὐτῆς.</span> <span class='ocrx_word' id='word_1_576' title='bbox 1712 1995 1721 2011; x_wconf 80' lang='grc' dir='ltr'><strong>ι</strong></span> 
     </span>
    </p>
   </div>
   <div class='ocr_carea' id='block_1_84' title="bbox 1117 2040 1867 2078">
    <p class='ocr_par' dir='ltr' id='par_1_84' title="bbox 1117 2040 1867 2078">
     <span class='ocr_line' id='line_1_84' title="bbox 1117 2040 1867 2078; baseline 0 -10"><span class='ocrx_word' id='word_1_577' title='bbox 1117 2040 1239 2076; x_wconf 84' lang='grc' dir='ltr'>Ἡμέρας</span> <span class='ocrx_word' id='word_1_578' title='bbox 1256 2042 1305 2077; x_wconf 78' lang='grc' dir='ltr'>μὲν</span> <span class='ocrx_word' id='word_1_579' title='bbox 1315 2063 1321 2075; x_wconf 88' lang='grc'><strong>,</strong></span> <span class='ocrx_word' id='word_1_580' title='bbox 1340 2041 1410 2069; x_wconf 76' lang='grc' dir='ltr'>κατὰ</span> <span class='ocrx_word' id='word_1_581' title='bbox 1424 2042 1469 2069; x_wconf 83' lang='grc' dir='ltr'><strong>τὸν</strong></span> <span class='ocrx_word' id='word_1_582' title='bbox 1484 2041 1579 2078; x_wconf 80' lang='grc' dir='ltr'>καιρὸν</span> <span class='ocrx_word' id='word_1_583' title='bbox 1593 2041 1639 2068; x_wconf 82' lang='grc' dir='ltr'>τοῦ</span> <span class='ocrx_word' id='word_1_584' title='bbox 1657 2041 1774 2076; x_wconf 78' lang='grc' dir='ltr'>σταυροῦ</span> <span class='ocrx_word' id='word_1_585' title='bbox 1787 2049 1794 2057; x_wconf 90' lang='grc'><strong>·</strong></span> <span class='ocrx_word' id='word_1_586' title='bbox 1811 2049 1867 2068; x_wconf 82' lang='grc' dir='ltr'>νυ-</span> 
     </span>
    </p>
   </div>
   <div class='ocr_carea' id='block_1_85' title="bbox 1075 2086 1868 2124">
    <p class='ocr_par' dir='ltr' id='par_1_85' title="bbox 1075 2086 1868 2124">
     <span class='ocr_line' id='line_1_85' title="bbox 1075 2086 1868 2124; baseline -0.001 -10"><span class='ocrx_word' id='word_1_587' title='bbox 1075 2087 1145 2120; x_wconf 74' lang='grc' dir='ltr'>κτὸς</span> <span class='ocrx_word' id='word_1_588' title='bbox 1161 2087 1199 2118; x_wconf 76' lang='grc' dir='ltr'>δὲ,</span> <span class='ocrx_word' id='word_1_589' title='bbox 1216 2086 1284 2114; x_wconf 76' lang='grc' dir='ltr'>κατὰ</span> <span class='ocrx_word' id='word_1_590' title='bbox 1297 2088 1343 2114; x_wconf 81' lang='grc' dir='ltr'>τὸν</span> <span class='ocrx_word' id='word_1_591' title='bbox 1356 2088 1451 2124; x_wconf 76' lang='grc' dir='ltr'>καιρὸν</span> <span class='ocrx_word' id='word_1_592' title='bbox 1466 2088 1514 2122; x_wconf 86' lang='grc' dir='ltr'>τῆς</span> <span class='ocrx_word' id='word_1_593' title='bbox 1525 2087 1671 2123; x_wconf 76' lang='grc' dir='ltr'>προδοσίας</span> <span class='ocrx_word' id='word_1_594' title='bbox 1680 2095 1686 2102; x_wconf 82' lang='lat'><strong>&#39;</strong></span> <span class='ocrx_word' id='word_1_595' title='bbox 1699 2087 1748 2114; x_wconf 78' lang='grc' dir='ltr'><strong>ἐπὶ</strong></span> <span class='ocrx_word' id='word_1_596' title='bbox 1762 2087 1798 2114; x_wconf 80' lang='grc' dir='ltr'>τὰ</span> <span class='ocrx_word' id='word_1_597' title='bbox 1811 2087 1868 2114; x_wconf 78' lang='grc' dir='ltr'>τεί-</span> 
     </span>
    </p>
   </div>
   <div class='ocr_carea' id='block_1_86' title="bbox 1076 2131 1867 2170">
    <p class='ocr_par' dir='ltr' id='par_1_86' title="bbox 1076 2131 1867 2170">
     <span class='ocr_line' id='line_1_86' title="bbox 1076 2131 1867 2170; baseline 0 -11"><span class='ocrx_word' id='word_1_598' title='bbox 1076 2142 1125 2168; x_wconf 73' lang='grc' dir='ltr'><strong>χη,</strong></span> <span class='ocrx_word' id='word_1_599' title='bbox 1137 2133 1235 2168; x_wconf 84' lang='grc' dir='ltr'>δηλαδὴ</span> <span class='ocrx_word' id='word_1_600' title='bbox 1247 2134 1293 2160; x_wconf 78' lang='grc' dir='ltr'><strong>ἐπὶ</strong></span> <span class='ocrx_word' id='word_1_601' title='bbox 1302 2134 1366 2166; x_wconf 81' lang='grc' dir='ltr'>τοὺς</span> <span class='ocrx_word' id='word_1_602' title='bbox 1383 2135 1466 2170; x_wconf 75' lang='grc' dir='ltr'>ἱερεῖς</span> <span class='ocrx_word' id='word_1_603' title='bbox 1476 2143 1482 2149; x_wconf 70' lang='grc'><strong><em>⁵</em></strong></span> <span class='ocrx_word' id='word_1_604' title='bbox 1494 2134 1572 2161; x_wconf 70' lang='grc' dir='ltr'>αὐτοὶ</span> <span class='ocrx_word' id='word_1_605' title='bbox 1584 2133 1638 2169; x_wconf 79' lang='grc' dir='ltr'><strong>γὰρ</strong></span> <span class='ocrx_word' id='word_1_606' title='bbox 1651 2133 1728 2168; x_wconf 81' lang='grc' dir='ltr'>τείχη</span> <span class='ocrx_word' id='word_1_607' title='bbox 1740 2133 1787 2159; x_wconf 85' lang='grc' dir='ltr'>τοῦ</span> <span class='ocrx_word' id='word_1_608' title='bbox 1800 2131 1867 2159; x_wconf 76' lang='grc' dir='ltr'>λαοῦ</span> 
     </span>
    </p>
   </div>
   <div class='ocr_carea' id='block_1_87' title="bbox 1075 2179 1869 2215">
    <p class='ocr_par' dir='ltr' id='par_1_87' title="bbox 1075 2179 1869 2215">
     <span class='ocr_line' id='line_1_87' title="bbox 1075 2179 1869 2215; baseline -0.001 -10"><span class='ocrx_word' id='word_1_609' title='bbox 1075 2179 1254 2214; x_wconf 82' lang='grc' dir='ltr'>τυγχάνουσιν</span> <span class='ocrx_word' id='word_1_610' title='bbox 1264 2187 1272 2196; x_wconf 88' lang='grc'><strong>·</strong></span> <span class='ocrx_word' id='word_1_611' title='bbox 1289 2179 1388 2215; x_wconf 76' lang='grc' dir='ltr'>ἰσχυρὰ</span> <span class='ocrx_word' id='word_1_612' title='bbox 1402 2180 1461 2215; x_wconf 80' lang='grc' dir='ltr'>μὲν,</span> <span class='ocrx_word' id='word_1_613' title='bbox 1474 2179 1545 2206; x_wconf 85' lang='grc' dir='ltr'>κατὰ</span> <span class='ocrx_word' id='word_1_614' title='bbox 1560 2180 1605 2206; x_wconf 76' lang='grc' dir='ltr'>τὸν</span> <span class='ocrx_word' id='word_1_615' title='bbox 1622 2179 1704 2214; x_wconf 88' lang='grc' dir='ltr'>νόμον</span> <span class='ocrx_word' id='word_1_616' title='bbox 1719 2179 1769 2213; x_wconf 84' lang='grc' dir='ltr'>τῆς</span> <span class='ocrx_word' id='word_1_617' title='bbox 1788 2180 1869 2214; x_wconf 82' lang='grc' dir='ltr'>ἱερω-</span> 
     </span>
    </p>
   </div>
   <div class='ocr_carea' id='block_1_88' title="bbox 1064 2224 1870 2266">
    <p class='ocr_par' dir='ltr' id='par_1_88' title="bbox 1064 2224 1870 2266">
     <span class='ocr_line' id='line_1_88' title="bbox 1064 2224 1870 2266; baseline -0.002 -15"><span class='ocrx_word' id='word_1_618' title='bbox 1064 2225 1160 2266; x_wconf 31' lang='grc' dir='ltr'>νσύνης</span> <span class='ocrx_word' id='word_1_619' title='bbox 1174 2224 1274 2257; x_wconf 84' lang='grc' dir='ltr'>ζῶντες</span> <span class='ocrx_word' id='word_1_620' title='bbox 1284 2233 1291 2240; x_wconf 91' lang='grc'><strong>·</strong></span> <span class='ocrx_word' id='word_1_621' title='bbox 1309 2225 1397 2260; x_wconf 86' lang='grc' dir='ltr'>σαθρὰ</span> <span class='ocrx_word' id='word_1_622' title='bbox 1413 2226 1441 2252; x_wconf 81' lang='grc' dir='ltr'>δὲ</span> <span class='ocrx_word' id='word_1_623' title='bbox 1456 2226 1631 2257; x_wconf 78' lang='grc' dir='ltr'>πεπτωκότα,</span> <span class='ocrx_word' id='word_1_624' title='bbox 1655 2225 1718 2251; x_wconf 74' lang='grc' dir='ltr'>ὅταν</span> <span class='ocrx_word' id='word_1_625' title='bbox 1741 2224 1870 2258; x_wconf 75' lang='grc' dir='ltr'>ἀλλότρια</span> 
     </span>
    </p>
   </div>
   <div class='ocr_carea' id='block_1_89' title="bbox 237 2268 1019 2315">
    <p class='ocr_par' dir='ltr' id='par_1_89' title="bbox 237 2272 1019 2315">
     <span class='ocr_line' id='line_1_89' title="bbox 237 2272 1019 2315; baseline -0.014 -6"><span class='ocrx_word' id='word_1_626' title='bbox 237 2285 363 2309; x_wconf 85' lang='lat' dir='ltr'><strong>tractant.</strong></span> <span class='ocrx_word' id='word_1_627' title='bbox 380 2279 554 2315; x_wconf 84' lang='lat' dir='ltr'><strong>lniquitatem</strong></span> <span class='ocrx_word' id='word_1_628' title='bbox 570 2286 635 2306; x_wconf 80' lang='lat' dir='ltr'><strong>vero</strong></span> <span class='ocrx_word' id='word_1_629' title='bbox 648 2282 676 2305; x_wconf 87' lang='lat' dir='ltr'><strong>et</strong></span> <span class='ocrx_word' id='word_1_630' title='bbox 690 2277 812 2304; x_wconf 86' lang='lat' dir='ltr'><strong>laborem</strong></span> <span class='ocrx_word' id='word_1_631' title='bbox 825 2275 852 2302; x_wconf 91' lang='lat' dir='ltr'><strong>in</strong></span> <span class='ocrx_word' id='word_1_632' title='bbox 866 2273 956 2300; x_wconf 89' lang='lat' dir='ltr'><strong>medio</strong></span> <span class='ocrx_word' id='word_1_633' title='bbox 966 2272 1019 2306; x_wconf 68' lang='lat' dir='ltr'><strong>ejus</strong></span> 
     </span>
    </p>
   </div>
   <div class='ocr_carea' id='block_1_90' title="bbox 1069 2268 1870 2315">
    <p class='ocr_par' dir='ltr' id='par_1_90' title="bbox 1080 2270 1870 2307">
     <span class='ocr_line' id='line_1_90' title="bbox 1080 2270 1870 2307; baseline -0.003 -10"><span class='ocrx_word' id='word_1_634' title='bbox 1080 2271 1125 2298; x_wconf 79' lang='grc' dir='ltr'><strong>τοῦ</strong></span> <span class='ocrx_word' id='word_1_635' title='bbox 1140 2271 1332 2307; x_wconf 81' lang='grc' dir='ltr'>προσχήματος</span> <span class='ocrx_word' id='word_1_636' title='bbox 1347 2271 1660 2307; x_wconf 72' lang='grc' dir='ltr'>πράττουσιν.⁹Ανομίαν</span> <span class='ocrx_word' id='word_1_637' title='bbox 1676 2271 1704 2297; x_wconf 79' lang='grc' dir='ltr'>δὲ</span> <span class='ocrx_word' id='word_1_638' title='bbox 1724 2270 1771 2297; x_wconf 71' lang='grc' dir='ltr'>καὶ</span> <span class='ocrx_word' id='word_1_639' title='bbox 1785 2270 1870 2296; x_wconf 80' lang='grc' dir='ltr'>κόπον</span> 
     </span>
    </p>
   </div>
   <div class='ocr_carea' id='block_1_91' title="bbox 236 2319 1026 2363">
    <p class='ocr_par' dir='ltr' id='par_1_91' title="bbox 236 2319 1026 2363">
     <span class='ocr_line' id='line_1_91' title="bbox 236 2319 1026 2363; baseline -0.015 -7"><span class='ocrx_word' id='word_1_640' title='bbox 236 2334 262 2355; x_wconf 86' lang='lat' dir='ltr'><strong>et</strong></span> <span class='ocrx_word' id='word_1_641' title='bbox 278 2327 437 2363; x_wconf 85' lang='lat' dir='ltr'><strong>injustitiam</strong></span> <span class='ocrx_word' id='word_1_642' title='bbox 452 2330 530 2353; x_wconf 86' lang='lat' dir='ltr'><strong>vocat</strong></span> <span class='ocrx_word' id='word_1_643' title='bbox 540 2324 699 2352; x_wconf 81' lang='lat' dir='ltr'><strong>servitutem</strong></span> <span class='ocrx_word' id='word_1_644' title='bbox 712 2322 809 2349; x_wconf 66' lang='lat' dir='ltr'><strong>litterae</strong></span> <span class='ocrx_word' id='word_1_645' title='bbox 825 2329 831 2347; x_wconf 92' lang='lat'>:</span> <span class='ocrx_word' id='word_1_646' title='bbox 845 2319 1026 2354; x_wconf 84' lang='lat' dir='ltr'><strong>iniquitatem,</strong></span> 
     </span>
    </p>
   </div>
   <div class='ocr_carea' id='block_1_92' title="bbox 237 2365 1027 2410">
    <p class='ocr_par' dir='ltr' id='par_1_92' title="bbox 237 2365 1027 2410">
     <span class='ocr_line' id='line_1_92' title="bbox 237 2365 1027 2410; baseline -0.015 -8"><span class='ocrx_word' id='word_1_647' title='bbox 237 2374 299 2410; x_wconf 88' lang='lat' dir='ltr'><strong>quia</strong></span> <span class='ocrx_word' id='word_1_648' title='bbox 311 2374 396 2409; x_wconf 75' lang='lat' dir='ltr'><strong>legem</strong></span> <span class='ocrx_word' id='word_1_649' title='bbox 412 2371 572 2408; x_wconf 86' lang='lat' dir='ltr'><strong>spiritaliter</strong></span> <span class='ocrx_word' id='word_1_650' title='bbox 584 2378 638 2397; x_wconf 88' lang='lat' dir='ltr'><strong>non</strong></span> <span class='ocrx_word' id='word_1_651' title='bbox 651 2373 797 2397; x_wconf 79' lang='lat' dir='ltr'><strong>servarunt</strong></span> <span class='ocrx_word' id='word_1_652' title='bbox 821 2377 828 2394; x_wconf 73' lang='grc' dir='ltr'>ε</span> <span class='ocrx_word' id='word_1_653' title='bbox 852 2365 1027 2401; x_wconf 87' lang='lat' dir='ltr'><strong>injustitiam,</strong></span> 
     </span>
    </p>
   </div>
   <div class='ocr_carea' id='block_1_93' title="bbox 237 2411 1028 2454">
    <p class='ocr_par' dir='ltr' id='par_1_93' title="bbox 237 2411 1028 2454">
     <span class='ocr_line' id='line_1_93' title="bbox 237 2411 1028 2454; baseline -0.015 -7"><span class='ocrx_word' id='word_1_654' title='bbox 237 2419 300 2454; x_wconf 85' lang='lat' dir='ltr'><strong>quia</strong></span> <span class='ocrx_word' id='word_1_655' title='bbox 312 2418 422 2446; x_wconf 84' lang='lat' dir='ltr'><strong>tantisa</strong></span> <span class='ocrx_word' id='word_1_656' title='bbox 438 2417 518 2444; x_wconf 79' lang='lat' dir='ltr'><strong>Patre</strong></span> <span class='ocrx_word' id='word_1_657' title='bbox 546 2414 686 2443; x_wconf 84' lang='lat' dir='ltr'><strong>beneﬁciis</strong></span> <span class='ocrx_word' id='word_1_658' title='bbox 706 2411 805 2444; x_wconf 74' lang='lat' dir='ltr'><strong>adecti,</strong></span> <span class='ocrx_word' id='word_1_659' title='bbox 833 2411 968 2439; x_wconf 87' lang='lat' dir='ltr'><strong>medicum</strong></span> <span class='ocrx_word' id='word_1_660' title='bbox 1000 2412 1028 2436; x_wconf 89' lang='lat' dir='ltr'><strong>et</strong></span> 
     </span>
    </p>
   </div>
   <div class='ocr_carea' id='block_1_94' title="bbox 237 2456 1027 2492">
    <p class='ocr_par' dir='ltr' id='par_1_94' title="bbox 237 2456 1027 2492">
     <span class='ocr_line' id='line_1_94' title="bbox 237 2456 1027 2492; baseline -0.015 0"><span class='ocrx_word' id='word_1_661' title='bbox 237 2466 350 2492; x_wconf 88' lang='lat' dir='ltr'><strong>altorem</strong></span> <span class='ocrx_word' id='word_1_662' title='bbox 369 2471 448 2490; x_wconf 90' lang='lat' dir='ltr'><strong>suum</strong></span> <span class='ocrx_word' id='word_1_663' title='bbox 461 2462 535 2490; x_wconf 88' lang='lat' dir='ltr'><strong>cruci</strong></span> <span class='ocrx_word' id='word_1_664' title='bbox 551 2460 732 2488; x_wconf 88' lang='lat' dir='ltr'><strong>tradiderunt.</strong></span> <span class='ocrx_word' id='word_1_665' title='bbox 746 2458 806 2486; x_wconf 85' lang='lat' dir='ltr'><strong>Non</strong></span> <span class='ocrx_word' id='word_1_666' title='bbox 826 2456 920 2492; x_wconf 74' lang='lat' dir='ltr'><strong>defecit</strong></span> <span class='ocrx_word' id='word_1_667' title='bbox 934 2458 1027 2482; x_wconf 84' lang='lat' dir='ltr'><strong>autem</strong></span> 
     </span>
    </p>
   </div>
   <div class='ocr_carea' id='block_1_95' title="bbox 238 2501 1027 2544">
    <p class='ocr_par' dir='ltr' id='par_1_95' title="bbox 238 2501 1027 2544">
     <span class='ocr_line' id='line_1_95' title="bbox 238 2501 1027 2544; baseline -0.013 -8"><span class='ocrx_word' id='word_1_668' title='bbox 238 2511 270 2537; x_wconf 82' lang='lat' dir='ltr'><strong>de</strong></span> <span class='ocrx_word' id='word_1_669' title='bbox 280 2509 374 2544; x_wconf 73' lang='lat' dir='ltr'><strong>pluteis</strong></span> <span class='ocrx_word' id='word_1_670' title='bbox 384 2510 442 2543; x_wconf 71' lang='lat' dir='ltr'><strong>ejus</strong></span> <span class='ocrx_word' id='word_1_671' title='bbox 455 2517 536 2535; x_wconf 76' lang='lat' dir='ltr'><strong>usura</strong></span> <span class='ocrx_word' id='word_1_672' title='bbox 551 2513 575 2535; x_wconf 81' lang='lat' dir='ltr'><strong>et</strong></span> <span class='ocrx_word' id='word_1_673' title='bbox 586 2507 671 2534; x_wconf 71' lang='lat' dir='ltr'><strong>dolus.</strong></span> <span class='ocrx_word' id='word_1_674' title='bbox 681 2504 815 2533; x_wconf 86' lang='lat' dir='ltr'><strong>Fortassis</strong></span> <span class='ocrx_word' id='word_1_675' title='bbox 827 2503 937 2539; x_wconf 90' lang='lat' dir='ltr'><strong>quidem</strong></span> <span class='ocrx_word' id='word_1_676' title='bbox 947 2501 1027 2528; x_wconf 83' lang='lat' dir='ltr'><strong>etiam</strong></span> 
     </span>
    </p>
   </div>
   <div class='ocr_carea' id='block_1_96' title="bbox 238 2545 1029 2587">
    <p class='ocr_par' dir='ltr' id='par_1_96' title="bbox 238 2545 1029 2587">
     <span class='ocr_line' id='line_1_96' title="bbox 238 2545 1029 2587; baseline -0.013 -6"><span class='ocrx_word' id='word_1_677' title='bbox 238 2554 394 2582; x_wconf 70' lang='grc' dir='ltr'>Ιιιώιιοι-ιιιιι</span> <span class='ocrx_word' id='word_1_678' title='bbox 408 2553 549 2581; x_wconf 88' lang='lat' dir='ltr'><strong>avaritiam</strong></span> <span class='ocrx_word' id='word_1_679' title='bbox 560 2557 649 2585; x_wconf 80' lang='lat' dir='ltr'><strong>taxat;</strong></span> <span class='ocrx_word' id='word_1_680' title='bbox 666 2551 723 2587; x_wconf 80' lang='lat' dir='ltr'><strong>qui,</strong></span> <span class='ocrx_word' id='word_1_681' title='bbox 742 2550 806 2577; x_wconf 94' lang='lat' dir='ltr'><strong>dum</strong></span> <span class='ocrx_word' id='word_1_682' title='bbox 824 2549 866 2575; x_wconf 78' lang='lat' dir='ltr'><strong>lex</strong></span> <span class='ocrx_word' id='word_1_683' title='bbox 888 2548 963 2582; x_wconf 88' lang='lat' dir='ltr'><strong>ipsos</strong></span> <span class='ocrx_word' id='word_1_684' title='bbox 987 2545 1029 2572; x_wconf 78' lang='lat' dir='ltr'><strong>l‘e-</strong></span> 
     </span>
    </p>
   </div>
   <div class='ocr_carea' id='block_1_97' title="bbox 240 2594 1029 2634">
    <p class='ocr_par' dir='ltr' id='par_1_97' title="bbox 240 2594 1029 2634">
     <span class='ocr_line' id='line_1_97' title="bbox 240 2594 1029 2634; baseline -0.011 -7"><span class='ocrx_word' id='word_1_685' title='bbox 240 2599 330 2628; x_wconf 81' lang='lat' dir='ltr'><strong>nerari</strong></span> <span class='ocrx_word' id='word_1_686' title='bbox 346 2600 519 2634; x_wconf 81' lang='lat' dir='ltr'><strong>prohiberet,</strong></span> <span class='ocrx_word' id='word_1_687' title='bbox 534 2599 597 2626; x_wconf 89' lang='lat' dir='ltr'><strong>dolo</strong></span> <span class='ocrx_word' id='word_1_688' title='bbox 613 2605 711 2625; x_wconf 87' lang='lat' dir='ltr'><strong>usuras</strong></span> <span class='ocrx_word' id='word_1_689' title='bbox 723 2596 783 2623; x_wconf 84' lang='lat' dir='ltr'><strong>aliis</strong></span> <span class='ocrx_word' id='word_1_690' title='bbox 795 2594 919 2621; x_wconf 86' lang='lat' dir='ltr'><strong>artiiiciis</strong></span> <span class='ocrx_word' id='word_1_691' title='bbox 934 2596 1029 2619; x_wconf 76' lang='lat' dir='ltr'><strong>extor-</strong></span> 
     </span>
    </p>
   </div>
   <div class='ocr_carea' id='block_1_98' title="bbox 240 2638 1028 2682">
    <p class='ocr_par' dir='ltr' id='par_1_98' title="bbox 240 2638 1028 2682">
     <span class='ocr_line' id='line_1_98' title="bbox 240 2638 1028 2682; baseline -0.014 -8"><span class='ocrx_word' id='word_1_692' title='bbox 240 2647 370 2682; x_wconf 85' lang='lat' dir='ltr'><strong>quebant.</strong></span> <span class='ocrx_word' id='word_1_693' title='bbox 383 2645 516 2673; x_wconf 64' lang='lat' dir='ltr'><strong>Caeterum</strong></span> <span class='ocrx_word' id='word_1_694' title='bbox 535 2643 704 2679; x_wconf 86' lang='lat' dir='ltr'><strong>deceptionis</strong></span> <span class='ocrx_word' id='word_1_695' title='bbox 722 2642 802 2670; x_wconf 83' lang='lat' dir='ltr'><strong>fenus</strong></span> <span class='ocrx_word' id='word_1_696' title='bbox 817 2644 859 2668; x_wconf 90' lang='lat' dir='ltr'><strong>est</strong></span> <span class='ocrx_word' id='word_1_697' title='bbox 868 2638 1028 2675; x_wconf 64' lang='lat' dir='ltr'><strong>hypocrisis:</strong></span> 
     </span>
    </p>
   </div>
   <div class='ocr_carea' id='block_1_99' title="bbox 242 2684 1030 2724">
    <p class='ocr_par' dir='ltr' id='par_1_99' title="bbox 242 2684 1030 2724">
     <span class='ocr_line' id='line_1_99' title="bbox 242 2684 1030 2724; baseline -0.013 -5"><span class='ocrx_word' id='word_1_698' title='bbox 242 2693 300 2721; x_wconf 64' lang='lat' dir='ltr'><strong>hinc</strong></span> <span class='ocrx_word' id='word_1_699' title='bbox 313 2699 367 2719; x_wconf 91' lang='lat' dir='ltr'><strong>una</strong></span> <span class='ocrx_word' id='word_1_700' title='bbox 381 2699 443 2718; x_wconf 91' lang='lat' dir='ltr'><strong>cum</strong></span> <span class='ocrx_word' id='word_1_701' title='bbox 459 2690 522 2718; x_wconf 82' lang='lat' dir='ltr'><strong>dolo</strong></span> <span class='ocrx_word' id='word_1_702' title='bbox 537 2690 570 2717; x_wconf 92' lang='lat' dir='ltr'><strong>de</strong></span> <span class='ocrx_word' id='word_1_703' title='bbox 581 2689 774 2724; x_wconf 73' lang='lat' dir='ltr'><strong>iiierosolymae</strong></span> <span class='ocrx_word' id='word_1_704' title='bbox 801 2685 897 2721; x_wconf 88' lang='lat' dir='ltr'><strong>plateis</strong></span> <span class='ocrx_word' id='word_1_705' title='bbox 916 2684 1030 2712; x_wconf 87' lang='lat' dir='ltr'><strong>minime</strong></span> 
     </span>
    </p>
   </div>
   <div class='ocr_carea' id='block_1_100' title="bbox 242 2730 1032 2769">
    <p class='ocr_par' dir='ltr' id='par_1_100' title="bbox 242 2730 1032 2769">
     <span class='ocr_line' id='line_1_100' title="bbox 242 2730 1032 2769; baseline -0.014 -3"><span class='ocrx_word' id='word_1_706' title='bbox 242 2738 344 2766; x_wconf 65' lang='lat' dir='ltr'><strong>deft-cit</strong></span> <span class='ocrx_word' id='word_1_707' title='bbox 362 2747 368 2764; x_wconf 74' lang='grc' dir='ltr'>ε</span> <span class='ocrx_word' id='word_1_708' title='bbox 386 2737 414 2764; x_wconf 82' lang='grc' dir='ltr'><strong>ίιι</strong></span> <span class='ocrx_word' id='word_1_709' title='bbox 430 2737 462 2764; x_wconf 93' lang='lat' dir='ltr'><strong>iis</strong></span> <span class='ocrx_word' id='word_1_710' title='bbox 477 2736 549 2763; x_wconf 88' lang='lat' dir='ltr'><strong>enim</strong></span> <span class='ocrx_word' id='word_1_711' title='bbox 572 2740 700 2769; x_wconf 87' lang='lat' dir='ltr'><strong>tanquam</strong></span> <span class='ocrx_word' id='word_1_712' title='bbox 719 2734 745 2761; x_wconf 90' lang='lat' dir='ltr'><strong>in</strong></span> <span class='ocrx_word' id='word_1_713' title='bbox 778 2732 924 2760; x_wconf 80' lang='lat' dir='ltr'><strong>virtutibus</strong></span> <span class='ocrx_word' id='word_1_714' title='bbox 953 2730 1032 2756; x_wconf 67' lang='lat' dir='ltr'><strong>valde</strong></span> 
     </span>
    </p>
   </div>
   <div class='ocr_carea' id='block_1_101' title="bbox 244 2776 1032 2819">
    <p class='ocr_par' dir='ltr' id='par_1_101' title="bbox 244 2776 1032 2819">
     <span class='ocr_line' id='line_1_101' title="bbox 244 2776 1032 2819; baseline -0.009 -10"><span class='ocrx_word' id='word_1_715' title='bbox 244 2783 432 2819; x_wconf 79' lang='lat' dir='ltr'><strong>pra-lidebant.</strong></span> <span class='ocrx_word' id='word_1_716' title='bbox 449 2781 644 2809; x_wconf 78' lang='lat' dir='ltr'><strong>Verumtamen</strong></span> <span class='ocrx_word' id='word_1_717' title='bbox 659 2784 686 2807; x_wconf 88' lang='lat' dir='ltr'><strong>et</strong></span> <span class='ocrx_word' id='word_1_718' title='bbox 702 2787 753 2806; x_wconf 87' lang='lat' dir='ltr'><strong>nos</strong></span> <span class='ocrx_word' id='word_1_719' title='bbox 770 2785 924 2809; x_wconf 75' lang='lat' dir='ltr'><strong>caveamus,</strong></span> <span class='ocrx_word' id='word_1_720' title='bbox 937 2784 972 2803; x_wconf 90' lang='lat' dir='ltr'><strong>nc</strong></span> <span class='ocrx_word' id='word_1_721' title='bbox 989 2776 1032 2802; x_wconf 88' lang='lat' dir='ltr'><strong>die</strong></span> 
     </span>
    </p>
   </div>
   <div class='ocr_carea' id='block_1_102' title="bbox 283 2868 829 2905">
    <p class='ocr_par' dir='ltr' id='par_1_102' title="bbox 283 2868 829 2905">
     <span class='ocr_line' id='line_1_102' title="bbox 283 2868 829 2905; baseline -0.013 -4"><span class='ocrx_word' id='word_1_722' title='bbox 283 2874 302 2888; x_wconf 82' lang='grc'><strong>¹¹</strong></span> <span class='ocrx_word' id='word_1_723' title='bbox 320 2872 413 2901; x_wconf 76' lang='lat' dir='ltr'><strong>Matth.</strong></span> <span class='ocrx_word' id='word_1_724' title='bbox 427 2881 499 2905; x_wconf 68' lang='lat' dir='ltr'><strong>nrt,</strong></span> <span class='ocrx_word' id='word_1_725' title='bbox 519 2872 560 2901; x_wconf 68' lang='grc' dir='ltr'>ιίῡ.</span> <span class='ocrx_word' id='word_1_726' title='bbox 601 2872 621 2887; x_wconf 79' lang='grc'><strong>³³</strong></span> <span class='ocrx_word' id='word_1_727' title='bbox 636 2871 714 2898; x_wconf 81' lang='lat' dir='ltr'><strong>.Ioan.</strong></span> <span class='ocrx_word' id='word_1_728' title='bbox 732 2879 768 2900; x_wconf 61' lang='grc' dir='ltr'><strong>ιτ,</strong></span> <span class='ocrx_word' id='word_1_729' title='bbox 791 2868 829 2895; x_wconf 81' lang='lat' dir='ltr'><strong>l6.</strong></span> 
     </span>
    </p>
   </div>
   <div class='ocr_carea' id='block_1_103' title="bbox 1077 2313 1870 2352">
    <p class='ocr_par' dir='ltr' id='par_1_103' title="bbox 1077 2313 1870 2352">
     <span class='ocr_line' id='line_1_103' title="bbox 1077 2313 1870 2352; baseline -0.004 -10"><span class='ocrx_word' id='word_1_730' title='bbox 1077 2317 1106 2342; x_wconf 80' lang='grc' dir='ltr'>ὲν</span> <span class='ocrx_word' id='word_1_731' title='bbox 1123 2317 1197 2352; x_wconf 76' lang='grc' dir='ltr'>μέσῳ</span> <span class='ocrx_word' id='word_1_732' title='bbox 1214 2317 1315 2352; x_wconf 75' lang='grc' dir='ltr'>αὐτῆς,</span> <span class='ocrx_word' id='word_1_733' title='bbox 1334 2318 1380 2343; x_wconf 75' lang='grc' dir='ltr'><strong>καὶ</strong></span> <span class='ocrx_word' id='word_1_734' title='bbox 1394 2317 1500 2343; x_wconf 82' lang='grc' dir='ltr'>ἀδικίαν</span> <span class='ocrx_word' id='word_1_735' title='bbox 1514 2316 1589 2350; x_wconf 81' lang='grc' dir='ltr'>λέγει</span> <span class='ocrx_word' id='word_1_736' title='bbox 1605 2316 1655 2347; x_wconf 77' lang='grc' dir='ltr'>τὴν</span> <span class='ocrx_word' id='word_1_737' title='bbox 1675 2315 1798 2342; x_wconf 78' lang='grc' dir='ltr'>δουλείαν</span> <span class='ocrx_word' id='word_1_738' title='bbox 1822 2313 1870 2340; x_wconf 72' lang='grc' dir='ltr'>τοῦ</span> 
     </span>
    </p>
   </div>
   <div class='ocr_carea' id='block_1_104' title="bbox 1078 2360 1871 2398">
    <p class='ocr_par' dir='ltr' id='par_1_104' title="bbox 1078 2360 1871 2398">
     <span class='ocr_line' id='line_1_104' title="bbox 1078 2360 1871 2398; baseline -0.004 -10"><span class='ocrx_word' id='word_1_739' title='bbox 1078 2362 1255 2398; x_wconf 81' lang='grc' dir='ltr'>γράμματος·</span> <span class='ocrx_word' id='word_1_740' title='bbox 1271 2362 1395 2397; x_wconf 74' lang='grc' dir='ltr'>ἀνομίαν,</span> <span class='ocrx_word' id='word_1_741' title='bbox 1409 2362 1450 2388; x_wconf 82' lang='grc' dir='ltr'>ὅτι</span> <span class='ocrx_word' id='word_1_742' title='bbox 1463 2362 1509 2389; x_wconf 76' lang='grc' dir='ltr'><strong>τὸν</strong></span> <span class='ocrx_word' id='word_1_743' title='bbox 1519 2362 1600 2397; x_wconf 87' lang='grc' dir='ltr'>νόμον</span> <span class='ocrx_word' id='word_1_744' title='bbox 1616 2360 1809 2396; x_wconf 81' lang='grc' dir='ltr'>πνευματικῶς</span> <span class='ocrx_word' id='word_1_745' title='bbox 1821 2360 1871 2386; x_wconf 70' lang='grc' dir='ltr'>οὐκ</span> 
     </span>
    </p>
   </div>
   <div class='ocr_carea' id='block_1_105' title="bbox 1079 2405 1871 2443">
    <p class='ocr_par' dir='ltr' id='par_1_105' title="bbox 1079 2405 1871 2443">
     <span class='ocr_line' id='line_1_105' title="bbox 1079 2405 1871 2443; baseline -0.003 -9"><span class='ocrx_word' id='word_1_746' title='bbox 1079 2408 1227 2443; x_wconf 79' lang='grc' dir='ltr'>ἐφύλαττον</span> <span class='ocrx_word' id='word_1_747' title='bbox 1239 2415 1246 2423; x_wconf 89' lang='grc'><strong>·</strong></span> <span class='ocrx_word' id='word_1_748' title='bbox 1264 2408 1381 2440; x_wconf 80' lang='grc' dir='ltr'>ἀδικίαν,</span> <span class='ocrx_word' id='word_1_749' title='bbox 1404 2408 1444 2435; x_wconf 82' lang='grc' dir='ltr'>ὅτι</span> <span class='ocrx_word' id='word_1_750' title='bbox 1460 2408 1594 2439; x_wconf 81' lang='grc' dir='ltr'>τοσαύτας</span> <span class='ocrx_word' id='word_1_751' title='bbox 1610 2408 1685 2443; x_wconf 80' lang='grc' dir='ltr'><strong>παρὰ</strong></span> <span class='ocrx_word' id='word_1_752' title='bbox 1699 2407 1747 2433; x_wconf 83' lang='grc' dir='ltr'><strong>τοῦ</strong></span> <span class='ocrx_word' id='word_1_753' title='bbox 1765 2405 1871 2440; x_wconf 64' lang='grc' dir='ltr'>Πατρὶς</span> 
     </span>
    </p>
   </div>
   <div class='ocr_carea' id='block_1_106' title="bbox 1080 2453 1873 2490">
    <p class='ocr_par' dir='ltr' id='par_1_106' title="bbox 1080 2453 1873 2490">
     <span class='ocr_line' id='line_1_106' title="bbox 1080 2453 1873 2490; baseline -0.004 -9"><span class='ocrx_word' id='word_1_754' title='bbox 1080 2455 1239 2490; x_wconf 82' lang='grc' dir='ltr'>εὐεργεσίας</span> <span class='ocrx_word' id='word_1_755' title='bbox 1251 2454 1402 2489; x_wconf 79' lang='grc' dir='ltr'>δεξάμενοι,</span> <span class='ocrx_word' id='word_1_756' title='bbox 1417 2454 1526 2490; x_wconf 82' lang='grc' dir='ltr'>σταυρῷ</span> <span class='ocrx_word' id='word_1_757' title='bbox 1536 2455 1581 2481; x_wconf 75' lang='grc' dir='ltr'>τὸν</span> <span class='ocrx_word' id='word_1_758' title='bbox 1596 2454 1686 2489; x_wconf 69' lang='grc' dir='ltr'>ἰατρὸν</span> <span class='ocrx_word' id='word_1_759' title='bbox 1698 2455 1745 2480; x_wconf 72' lang='grc' dir='ltr'><strong>καὶ</strong></span> <span class='ocrx_word' id='word_1_760' title='bbox 1755 2453 1799 2479; x_wconf 74' lang='grc' dir='ltr'><strong>τον</strong></span> <span class='ocrx_word' id='word_1_761' title='bbox 1810 2460 1873 2486; x_wconf 81' lang='grc' dir='ltr'>τρο-</span> 
     </span>
    </p>
   </div>
   <div class='ocr_carea' id='block_1_107' title="bbox 1082 2496 1875 2536">
    <p class='ocr_par' dir='ltr' id='par_1_107' title="bbox 1082 2496 1875 2536">
     <span class='ocr_line' id='line_1_107' title="bbox 1082 2496 1875 2536; baseline -0.005 -9"><span class='ocrx_word' id='word_1_762' title='bbox 1082 2501 1135 2536; x_wconf 83' lang='grc' dir='ltr'><strong>φέα</strong></span> <span class='ocrx_word' id='word_1_763' title='bbox 1149 2500 1322 2535; x_wconf 83' lang='grc' dir='ltr'>παρέδωκαν.</span> <span class='ocrx_word' id='word_1_764' title='bbox 1335 2501 1394 2527; x_wconf 80' lang='grc' dir='ltr'><strong>Οὐκ</strong></span> <span class='ocrx_word' id='word_1_765' title='bbox 1406 2500 1543 2532; x_wconf 67' lang='grc' dir='ltr'>ἐξέλειπε</span> <span class='ocrx_word' id='word_1_766' title='bbox 1559 2500 1587 2527; x_wconf 79' lang='grc' dir='ltr'>δὲ</span> <span class='ocrx_word' id='word_1_767' title='bbox 1602 2500 1636 2527; x_wconf 71' lang='grc' dir='ltr'>ἑιι</span> <span class='ocrx_word' id='word_1_768' title='bbox 1650 2499 1711 2526; x_wconf 81' lang='grc' dir='ltr'>τῶν</span> <span class='ocrx_word' id='word_1_769' title='bbox 1724 2496 1875 2525; x_wconf 73' lang='grc' dir='ltr'>πλατειῶν</span> 
     </span>
    </p>
   </div>
   <div class='ocr_carea' id='block_1_108' title="bbox 1082 2543 1875 2580">
    <p class='ocr_par' dir='ltr' id='par_1_108' title="bbox 1082 2543 1875 2580">
     <span class='ocr_line' id='line_1_108' title="bbox 1082 2543 1875 2580; baseline -0.008 -7"><span class='ocrx_word' id='word_1_770' title='bbox 1082 2545 1178 2579; x_wconf 84' lang='grc' dir='ltr'>αὐτῆς</span> <span class='ocrx_word' id='word_1_771' title='bbox 1190 2545 1278 2578; x_wconf 80' lang='grc' dir='ltr'>τόκος</span> <span class='ocrx_word' id='word_1_772' title='bbox 1293 2545 1342 2572; x_wconf 80' lang='grc' dir='ltr'>καί</span> <span class='ocrx_word' id='word_1_773' title='bbox 1359 2545 1547 2578; x_wconf 80' lang='grc' dir='ltr'>δόλος.’1σως</span> <span class='ocrx_word' id='word_1_774' title='bbox 1559 2545 1609 2580; x_wconf 80' lang='grc' dir='ltr'>μὲν</span> <span class='ocrx_word' id='word_1_775' title='bbox 1620 2545 1666 2571; x_wconf 70' lang='grc' dir='ltr'><strong>καὶ</strong></span> <span class='ocrx_word' id='word_1_776' title='bbox 1678 2544 1727 2579; x_wconf 84' lang='grc' dir='ltr'>τὴν</span> <span class='ocrx_word' id='word_1_777' title='bbox 1742 2543 1797 2569; x_wconf 78' lang='grc' dir='ltr'>τῶν</span> <span class='ocrx_word' id='word_1_778' title='bbox 1809 2543 1875 2568; x_wconf 82' lang='grc' dir='ltr'>Ἰου-</span> 
     </span>
    </p>
   </div>
   <div class='ocr_carea' id='block_1_109' title="bbox 1082 2587 1875 2626">
    <p class='ocr_par' dir='ltr' id='par_1_109' title="bbox 1082 2587 1875 2626">
     <span class='ocr_line' id='line_1_109' title="bbox 1082 2587 1875 2626; baseline -0.006 -8"><span class='ocrx_word' id='word_1_779' title='bbox 1082 2592 1163 2619; x_wconf 83' lang='grc' dir='ltr'>δαίων</span> <span class='ocrx_word' id='word_1_780' title='bbox 1175 2590 1357 2626; x_wconf 77' lang='grc' dir='ltr'>φιλαργυρίαν</span> <span class='ocrx_word' id='word_1_781' title='bbox 1368 2590 1508 2617; x_wconf 80' lang='grc' dir='ltr'>διαϐάλλει</span> <span class='ocrx_word' id='word_1_782' title='bbox 1518 2599 1526 2607; x_wconf 73' lang='grc' dir='ltr'><strong>ι</strong></span> <span class='ocrx_word' id='word_1_783' title='bbox 1542 2591 1651 2622; x_wconf 74' lang='grc' dir='ltr'>οἵτινες,</span> <span class='ocrx_word' id='word_1_784' title='bbox 1661 2590 1781 2621; x_wconf 77' lang='grc' dir='ltr'>τοκίζειν</span> <span class='ocrx_word' id='word_1_785' title='bbox 1792 2587 1875 2614; x_wconf 75' lang='grc' dir='ltr'>αὑτοῦ</span> 
     </span>
    </p>
   </div>
   <div class='ocr_carea' id='block_1_110' title="bbox 1083 2632 1876 2671">
    <p class='ocr_par' dir='ltr' id='par_1_110' title="bbox 1083 2632 1876 2671">
     <span class='ocr_line' id='line_1_110' title="bbox 1083 2632 1876 2671; baseline -0.008 -8"><span class='ocrx_word' id='word_1_786' title='bbox 1083 2636 1130 2663; x_wconf 80' lang='grc' dir='ltr'>τοῦ</span> <span class='ocrx_word' id='word_1_787' title='bbox 1145 2636 1228 2671; x_wconf 85' lang='grc' dir='ltr'>νόμου</span> <span class='ocrx_word' id='word_1_788' title='bbox 1246 2635 1408 2667; x_wconf 79' lang='grc' dir='ltr'>κωλύοντος,</span> <span class='ocrx_word' id='word_1_789' title='bbox 1426 2635 1495 2670; x_wconf 83' lang='grc' dir='ltr'>δόλῳ</span> <span class='ocrx_word' id='word_1_790' title='bbox 1511 2635 1574 2666; x_wconf 76' lang='grc' dir='ltr'>τοὺς</span> <span class='ocrx_word' id='word_1_791' title='bbox 1589 2634 1685 2665; x_wconf 78' lang='grc' dir='ltr'>τύχους</span> <span class='ocrx_word' id='word_1_792' title='bbox 1699 2633 1733 2659; x_wconf 82' lang='grc' dir='ltr'>δι’</span> <span class='ocrx_word' id='word_1_793' title='bbox 1748 2632 1876 2658; x_wconf 72' lang='grc' dir='ltr'>ἐπινοιῶν</span> 
     </span>
    </p>
   </div>
   <div class='ocr_carea' id='block_1_111' title="bbox 1084 2677 1877 2718">
    <p class='ocr_par' dir='ltr' id='par_1_111' title="bbox 1084 2677 1877 2718">
     <span class='ocr_line' id='line_1_111' title="bbox 1084 2677 1877 2718; baseline -0.006 -10"><span class='ocrx_word' id='word_1_794' title='bbox 1084 2683 1185 2718; x_wconf 75' lang='grc' dir='ltr'>ἑτέρων</span> <span class='ocrx_word' id='word_1_795' title='bbox 1197 2681 1362 2717; x_wconf 78' lang='grc' dir='ltr'>ἐκέρδαινον.</span> <span class='ocrx_word' id='word_1_796' title='bbox 1378 2681 1451 2716; x_wconf 86' lang='grc' dir='ltr'>Πλὴν</span> <span class='ocrx_word' id='word_1_797' title='bbox 1460 2681 1538 2711; x_wconf 77' lang='grc' dir='ltr'>τόκος</span> <span class='ocrx_word' id='word_1_798' title='bbox 1550 2680 1599 2715; x_wconf 87' lang='grc' dir='ltr'>τῆς</span> <span class='ocrx_word' id='word_1_799' title='bbox 1611 2679 1718 2714; x_wconf 83' lang='grc' dir='ltr'>ἀπάτης</span> <span class='ocrx_word' id='word_1_800' title='bbox 1732 2679 1748 2713; x_wconf 83' lang='grc' dir='ltr'>ὴ</span> <span class='ocrx_word' id='word_1_801' title='bbox 1763 2677 1877 2711; x_wconf 80' lang='grc' dir='ltr'>ὑπόκρι-</span> 
     </span>
    </p>
   </div>
   <div class='ocr_carea' id='block_1_112' title="bbox 1087 2720 1877 2762">
    <p class='ocr_par' dir='ltr' id='par_1_112' title="bbox 1087 2720 1877 2762">
     <span class='ocr_line' id='line_1_112' title="bbox 1087 2720 1877 2762; baseline -0.01 -8"><span class='ocrx_word' id='word_1_802' title='bbox 1087 2735 1144 2759; x_wconf 86' lang='grc' dir='ltr'>σις·</span> <span class='ocrx_word' id='word_1_803' title='bbox 1162 2726 1232 2762; x_wconf 77' lang='grc' dir='ltr'>αὓτη</span> <span class='ocrx_word' id='word_1_804' title='bbox 1251 2726 1319 2762; x_wconf 76' lang='grc' dir='ltr'>μετὰ</span> <span class='ocrx_word' id='word_1_805' title='bbox 1333 2726 1409 2752; x_wconf 80' lang='grc' dir='ltr'>δόλου</span> <span class='ocrx_word' id='word_1_806' title='bbox 1424 2726 1472 2757; x_wconf 76' lang='grc' dir='ltr'><strong>τὰς</strong></span> <span class='ocrx_word' id='word_1_807' title='bbox 1486 2725 1534 2759; x_wconf 77' lang='grc' dir='ltr'>τῆς</span> <span class='ocrx_word' id='word_1_808' title='bbox 1553 2723 1732 2759; x_wconf 82' lang='grc' dir='ltr'>Ἰερουσαλὴμ</span> <span class='ocrx_word' id='word_1_809' title='bbox 1746 2720 1877 2752; x_wconf 81' lang='grc' dir='ltr'>πλατείας</span> 
     </span>
    </p>
   </div>
   <div class='ocr_carea' id='block_1_113' title="bbox 1087 2768 1877 2806">
    <p class='ocr_par' dir='ltr' id='par_1_113' title="bbox 1087 2768 1877 2806">
     <span class='ocr_line' id='line_1_113' title="bbox 1087 2768 1877 2806; baseline -0.009 -7"><span class='ocrx_word' id='word_1_810' title='bbox 1087 2774 1136 2800; x_wconf 74' lang='grc' dir='ltr'>οὐκ</span> <span class='ocrx_word' id='word_1_811' title='bbox 1151 2772 1293 2799; x_wconf 71' lang='grc' dir='ltr'>ἐπέλειπε·</span> <span class='ocrx_word' id='word_1_812' title='bbox 1314 2772 1416 2806; x_wconf 63' lang='grc' dir='ltr'>σφόδρα</span> <span class='ocrx_word' id='word_1_813' title='bbox 1430 2771 1483 2806; x_wconf 76' lang='grc' dir='ltr'><strong>γὰρ</strong></span> <span class='ocrx_word' id='word_1_814' title='bbox 1497 2770 1541 2796; x_wconf 76' lang='grc' dir='ltr'><strong>ἐπ’</strong></span> <span class='ocrx_word' id='word_1_815' title='bbox 1555 2770 1646 2801; x_wconf 80' lang='grc' dir='ltr'>αὐτοῖς</span> <span class='ocrx_word' id='word_1_816' title='bbox 1658 2768 1695 2801; x_wconf 83' lang='grc' dir='ltr'><strong>ὡς</strong></span> <span class='ocrx_word' id='word_1_817' title='bbox 1712 2768 1754 2796; x_wconf 80' lang='grc' dir='ltr'><strong>ἐπ’</strong></span> <span class='ocrx_word' id='word_1_818' title='bbox 1766 2768 1877 2802; x_wconf 69' lang='grc' dir='ltr'>ἀρεταῖς</span> 
     </span>
    </p>
   </div>
   <div class='ocr_carea' id='block_1_114' title="bbox 872 2861 1378 2897">
    <p class='ocr_par' dir='ltr' id='par_1_114' title="bbox 872 2861 1378 2897">
     <span class='ocr_line' id='line_1_114' title="bbox 872 2861 1378 2897; baseline -0.014 -3"><span class='ocrx_word' id='word_1_819' title='bbox 872 2868 893 2883; x_wconf 78' lang='grc'><strong>³³</strong></span> <span class='ocrx_word' id='word_1_820' title='bbox 907 2867 971 2893; x_wconf 81' lang='lat' dir='ltr'><strong>Luc.</strong></span> <span class='ocrx_word' id='word_1_821' title='bbox 987 2873 1065 2897; x_wconf 66' lang='lat' dir='ltr'><strong>“In,</strong></span> <span class='ocrx_word' id='word_1_822' title='bbox 1084 2864 1109 2896; x_wconf 66' lang='grc' dir='ltr'>Δ,</span> <span class='ocrx_word' id='word_1_823' title='bbox 1147 2864 1168 2879; x_wconf 55' lang='grc' dir='ltr'><strong>ελ</strong></span> <span class='ocrx_word' id='word_1_824' title='bbox 1183 2861 1260 2889; x_wconf 74' lang='lat' dir='ltr'><strong>Juan.</strong></span> <span class='ocrx_word' id='word_1_825' title='bbox 1281 2869 1335 2893; x_wconf 75' lang='lat' dir='ltr'><strong>xix,</strong></span> <span class='ocrx_word' id='word_1_826' title='bbox 1353 2861 1378 2888; x_wconf 79' lang='lat'><strong>7.</strong></span> 
     </span>
    </p>
   </div>
  </div>
