2056 3148
212 199 277 232 2217
308 187 312 191 '

755 198 988 229 FRAGMENTA
1007 197 1048 228 IN
1069 197 1250 229 PSALMOS.

1772 201 1840 234 1218

209 257 455 294 ιπαῤῥησιάςοντο.
471 257 545 294 Πλὴν
565 259 614 285 καὶ
637 257 718 294 ἡμεῖς
742 257 936 292 φυΜξώμεΘα,
954 256 1000 283 καὶ

1052 263 1140 290 neque
1153 261 1236 283 nocte
1248 263 1331 292 super
1345 264 1439 285 muros
1452 261 1570 292 nostros,
1589 266 1688 294 nempe
1713 259 1840 293 virtutes,

210 305 282 340 μήτε
298 303 406 340 ἡμέρας
422 304 493 340 μήτε
504 304 602 336 νυκτὸς
614 305 660 330 ἐπὶ
675 304 709 331 τὰ
719 304 840 339 ἡμέτερα
854 303 942 338 τείχη,
955 302 1002 338 δη-

209 350 275 386 λαδὴ
296 350 348 382 τὰς
371 351 483 386 ἀρετὰς,
500 350 616 385 ἀνομίαν
631 349 704 385 ἔχειν
730 350 746 385 ἦ
762 351 830 381 ὅλως
847 349 1001 384 ἀντιλογίαν

210 397 427 432 καρτερήσωμεν
438 404 445 411 ·
458 396 526 423 ἀλλὰ
537 397 604 432 μηδὲ
615 397 695 424 τόκον
705 397 721 431 ἢ
733 397 807 423 δόλον
818 397 847 422 ὲν
859 396 1001 428 πλατείαις

209 443 270 474 ταῖς
287 443 438 478 ⁴ἡμετέραις
459 442 577 478 ἔχωμεν.
597 443 726 469 Πλατείαι
743 442 798 477 γὰρ
814 442 862 469 καὶ
873 442 1002 469 εὐθυνοῦ-

211 497 256 515 σαι
266 488 368 521 αίὸδοὶ,
378 489 408 515 ὲν
418 486 462 520 αἷς
472 488 507 515 τὰ
519 489 745 524 πλημμελήματα
758 489 788 515 οὐ
800 489 853 524 μὴν
865 489 904 520 είς
917 488 1000 524 ζωὴν,

209 533 268 561 ἀλλ’
279 534 320 566 είς
334 533 475 560 ἀπώλειαν
489 533 611 567 ἄγουσιν.

244 580 325 608 (Ὅτι
340 581 364 607 εί
378 580 474 616 ἐχθρὸς
489 580 611 607 ὠνείδισέ
629 588 674 615 με.
687 590 697 606 ι

245 667 353 704 φορητὰ
366 666 401 693 τὰ
411 665 486 702 παρὰ
495 665 549 693 τῶν
560 665 665 700 ὲχθρῶν
672 664 945 700 ἁποκεκαλνμμένων
955 663 1000 690 διὰ

208 714 289 740 τοῦτο
308 713 467 748 νομίζεται,
486 711 636 747 ἐπειδήπερ
655 710 766 746 εὐχερὲς
780 709 867 736 ταῦτα
885 709 1001 744 φυλάξα-

211 759 285 786 σθαι·
298 760 322 785 οἱ
333 759 361 786 δὲ
377 759 450 792 φίλοι
462 757 657 789 δοκοῦντε;,τὰ
667 756 722 782 τῶν
737 755 844 790 ἐχθρῶν
857 755 1001 790 λογιζόμε-

210 815 260 836 νοι1
276 805 327 831 οὐκ
345 805 398 831 εἰσὶ
416 802 549 839 φορητοί*
569 801 657 837 μέλιτι
671 801 724 837 γὰρ
739 801 786 828 τὸν
806 800 845 827 ἰὸν
866 800 1001 834 κεράσαν-

209 859 254 882 τες
268 850 443 878 λανθάνοντα,
460 847 697 879 κατασκευάζουσι
711 847 840 874 θάνατον.
856 846 941 873 Τοῦτο
954 846 1002 873 καὶ

209 896 247 931 τῷ
264 895 348 931 Ἰούδᾳ
370 897 385 922 ὁ
407 895 524 930 Χριστὸς
540 895 585 921 διὰ
603 896 651 929 τῆς
668 893 809 928 παρούσης
833 891 1000 928 προφητείας

1053 302 1203 330 habeamus
1220 303 1403 337 iniquitatem,
1413 305 1455 332 vel
1469 306 1581 332 omnino
1595 306 1840 334 contradictionem

1053 349 1217 377 toleremus:
1235 350 1282 377 sed
1299 357 1388 385 neque
1402 358 1512 378 usuram
1536 351 1578 379 vel
1594 351 1686 379 dolum
1701 352 1727 379 in
1744 353 1842 388 plateis

1052 396 1153 424 nostris
1168 395 1327 423 habeamus.
1346 395 1446 424 Platea:
1456 396 1530 424 enim
1544 401 1570 424 et
1598 397 1659 425 lam
1688 397 1739 425 via'.
1764 402 1839 431 sunt,

1053 441 1080 468 in
1099 441 1198 476 quibus
1210 441 1307 470 delicta
1322 450 1376 469 non
1388 443 1423 470 ad
1438 442 1533 476 vitam,
1560 443 1609 471 sed
1636 443 1669 470 ad
1698 443 1839 471 interitum

1051 485 1164 513 ducunt.

1088 575 1226 603 VanJI').
1241 584 1251 601 ί
1274 575 1409 609 Quoniam
1438 576 1462 604 si
1492 576 1621 605 inimicus
1648 579 1840 613 exprobrasset

1051 629 1106 649 me.
1126 631 1135 648 Ι

1087 667 1123 695 Ea
1137 677 1198 704 qum
1214 677 1229 696 a
1244 668 1399 697 manifestis
1413 668 1530 697 inimicis
1555 668 1712 696 inferuntur
1738 669 1839 697 idcirco

1053 713 1202 742 tolerabilia
1217 719 1375 748 censentur,
1405 715 1468 750 quia
1491 714 1571 742 facile
1593 719 1636 742 est
1650 717 1701 743 ista
1719 723 1838 743 cavere:

1051 764 1079 787 at
1089 760 1146 795 qui,
1161 769 1222 788 cum
1234 761 1315 789 amici
1325 761 1480 795 videantur,
1504 761 1614 789 hostilia
1634 761 1838 794 machinantur,

1052 806 1238 834 intolerabiles
1250 807 1407 836 exsistunt:
1433 807 1568 842 siquidem
1589 808 1670 834 melle
1702 815 1837 835 venenum

1051 851 1208 884 miscentes,
1241 852 1439 880 clandestinam
1473 858 1590 880 mortem
1624 853 1756 880 inferunt.
1782 852 1840 880 Hoc

1051 897 1133 925 etiam
1148 897 1225 926 Iuda:
1235 898 1362 926 Christus
1377 899 1503 934 praesenti
1517 899 1644 927 vaticinio
1653 900 1838 934 exprobravit.

208 938 409 969 ὼνεὶδισεν,Ὠν
421 941 463 967 ἵνα
474 940 640 976 παραστήσῃ
651 939 831 974 σαφέστερον,
838 938 872 965 τὰ
881 938 998 973 ἐχόμενα

1052 942 1125 976 Quae,
1142 948 1173 970 ut
1186 943 1318 979 propheta
1332 930 1432 972 clarius
1445 949 1607 980 exponeret,
1619 930 1761 979 sequentia
1772 944 1838 972 sub-

208 989 223 1015 ὀ
236 988 380 1024 Προφήτης
395 987 546 1022 ἐπήγαγενι

247 1044 256 1060 ε
272 1035 308 1061 Σὺ
322 1033 362 1066 δὲ,
381 1034 510 1069 ἄνθρωπε
529 1032 652 1067 Ξσόψυχε.
671 1041 680 1058 ι

244 1079 382 1114 Ἰσὸψυχε,
400 1078 446 1105 διὰ
459 1079 508 1114 τὴν
526 1078 637 1113 ἀγάπην
648 1097 655 1110 ,
673 1078 706 1113 ἧν
728 1076 792 1112 περὶ
815 1076 878 1108 τοὺς
902 1075 999 1103 ἑαυτοῦ

211 1125 334 1162 μαθητὰς
342 1126 356 1152 ὁ
367 1125 466 1161 Κύριος
479 1124 662 1155 ἐπεδείκνυτο,
670 1123 740 1150 ὥπε
754 1122 793 1158 τῷ
802 1122 888 1158 [Ia-cpi.
899 1122 999 1156 λέγειν’

210 1171 305 1205 Πάτερ
319 1171 393 1206 ἅγιε.
407 1170 542 1204 τήρησον
555 1169 666 1202 αὐτοὺς
681 1169 714 1196 ἐν
728 1168 769 1201 τῷ
786 1168 910 1203 ὀνόματι
929 1175 998 1199 σου,

211 1216 265 1250 οὓς
277 1215 409 1248 δέδωκάς
423 1224 475 1250 μοι
485 1224 491 1230 ·
507 1215 557 1243 ἵνα
570 1213 647 1242 ὦσιν
661 1213 707 1246 ἓν,
723 1213 821 1246 καθὼς
836 1213 885 1240 καί
903 1213 999 1248 ἡμεῖς.

218 1262 356 1297 Ἡγεμὼν,
374 1262 468 1297 ἐπειδὴ
493 1261 524 1287 τὺ
547 1260 742 1295 γλωσσόκομον
769 1259 825 1286 τῶν
852 1258 1001 1294 χρημάτων

213 1307 356 1345 βαστάζων
375 1307 474 1338 αὐτὸς,
498 1307 561 1338 ἴσως
582 1305 630 1340 τὴν
648 1305 771 1337 ἐξουσίαν
784 1305 833 1339 τῆς
846 1304 1002 1339 οἰκονομίας

212 1355 354 1389 luem/nso.
369 1353 503 1384 Γνωστὲ,
517 1353 606 1379 πάντα
619 1352 673 1387 γὰρ
689 1351 726 1382 ὡς
742 1351 848 1386 μαθητῇ
866 1350 1002 1378 ἀπεκάλυ-

211 1401 331 1436 ψεν.Ὂς
340 1399 389 1426 ἐπὶ
408 1399 442 1426 τὸ
460 1400 533 1426 αὐτὸ
549 1397 720 1433 ἐγλύκιννάς
733 1406 780 1433 μοι
795 1399 830 1425 τὰ
841 1397 1000 1432 ἐδέσματα.

212 1447 300 1477 Μόνος
324 1445 378 1482 γὰρ
404 1444 472 1479 μετὰ
495 1444 542 1471 τοῦ
561 1443 650 1479 Ἰησοῦ
676 1443 823 1470 ἐνέὸαπτεν
839 1443 879 1475 εἰς
893 1443 924 1469 τὸ
935 1450 1001 1478 τρυ-

212 1491 352 1519 6λίον.⁹εν
367 1491 406 1524 τῷ
422 1491 495 1524 οῑκῳ
508 1490 561 1518 τοῦ
578 1489 652 1517 Θεοῦ
671 1489 875 1523 ἐπορεύθημεν
883 1488 919 1515 ὲν
931 1489 1002 1522 dyo-

211 1539 288 1573 νοίᾳ.
307 1536 387 1565 Οἷκον
407 1537 474 1564 Θεοῦ
493 1538 543 1572 τὴν
559 1536 628 1564 Σιὼν
643 1536 732 1570 λέγει·
752 1537 809 1562 ἐκεῖ
825 1535 877 1570 γὰρ
894 1536 922 1562 ὲν
935 1537 1002 1570 ὀμο-

1047 987 1137 1023 junin
1148 996 1156 1015 :

1087 1033 1168 1062 Vens.
1186 1035 1229 1063 Η.
1249 1044 1259 1061 ι
1277 1035 1318 1062 Tu
1326 1043 1390 1063 vero
1405 1035 1488 1063 homo
1501 1036 1646 1064 unanimis.
1667 1047 1676 1064 ι

1089 1079 1235 1114 Unanimia,
1252 1085 1364 1116 propter
1378 1081 1562 1115 dilectionem,
1589 1090 1670 1118 quam
1681 1091 1745 1119 erga
1761 1083 1840 1111 disci-

1051 1125 1130 1160 pulos
1145 1133 1210 1153 suos
1225 1125 1356 1154 Dominus
1371 1126 1501 1160 ostendit,
1531 1135 1592 1154 cum
1612 1127 1685 1155 Patri
1715 1129 1837 1156 diceret:

1051 1170 1133 1197 Pater
1146 1176 1246 1204 sancte,
1270 1179 1345 1198 serva
1362 1180 1404 1199 eos
1416 1172 1443 1198 in
1458 1173 1562 1200 nomine
1591 1178 1645 1205 tuo.
1658 1181 1722 1209 quos
1745 1174 1839 1201 dedisti

1051 1216 1115 1242 mihi
1131 1224 1140 1242 :
1154 1221 1182 1242 ut
1195 1216 1247 1243 sint
1258 1225 1348 1249 unum.
1358 1218 1425 1244 sicut
1435 1222 1460 1245 et
1475 1226 1520 1245 nos
1531 1217 1563 1247 ³⁵.
1593 1218 1666 1252 Dux,
1693 1219 1756 1254 quia
1776 1227 1838 1247 cum

1053 1260 1112 1294 ipse
1123 1261 1291 1295 marsupium
1307 1262 1486 1296 pecuniarum
1501 1263 1594 1295 ferret,
1609 1263 1726 1291 fortasse
1742 1264 1782 1291 rei
1801 1264 1840 1291 fa-

1052 1305 1165 1333 miliaris
1178 1305 1296 1334 habebat
1311 1311 1483 1342 potestatem.
1502 1309 1596 1342 Notus,
1630 1309 1693 1344 quia
1711 1314 1839 1344 tanquatn

1052 1351 1185 1386 discipulo
1197 1353 1222 1379 ei
1237 1353 1329 1379 omnia
1359 1354 1537 1382 rcvelaverat.
1561 1355 1612 1387 Qui
1633 1355 1715 1382 simul
1738 1364 1839 1382 mecum

1052 1396 1142 1423 dulces
1158 1397 1280 1431 cupiebas
1291 1398 1361 1425 cibos
1372 1398 1403 1424 '°.
1422 1399 1502 1426 Solus
1517 1399 1590 1426 enim
1606 1407 1666 1426 cum
1677 1400 1740 1426 Jesu
1754 1400 1840 1426 intin-

1052 1444 1132 1479 gebat
1145 1452 1255 1476 manum
1273 1445 1299 1471 in
1311 1444 1412 1471 catino.
1430 1443 1463 1471 In
1478 1445 1555 1472 domo
1580 1444 1629 1472 Dei
1649 1445 1840 1472 ambulavimus

1053 1497 1111 1515 cum
1123 1489 1290 1516 consensu".
1306 1489 1420 1515 Domum
1435 1488 1481 1515 Dei
1510 1492 1589 1516 vocat
1610 1488 1721 1515 Sionem
1745 1495 1752 1514 :
1786 1488 1841 1515 illic

1052 1535 1125 1562 enim
1142 1542 1203 1562 eum
1218 1542 1354 1562 consensu
1368 1542 1474 1563 comam
1489 1533 1599 1561 Pascha:
1614 1542 1676 1562 cum
1699 1534 1841 1569 discipulis

211 1586 272 1620 νοίᾳ
284 1585 316 1611 τὸ
332 1584 438 1610 δεῖπνον
447 1582 495 1609 τοῦ
512 1582 608 1616 Πάσχα
621 1582 689 1616 μετὰ
703 1581 757 1607 τῶν
773 1579 902 1616 μαθητῶν
912 1580 926 1606 ό
938 1580 1000 1615 Χρι-

1055 1580 1178 1608 Christus
1196 1580 1328 1615 perfecit;
1345 1588 1439 1608 verum
1468 1580 1552 1607 Judas
1567 1588 1653 1608 coenae
1679 1581 1839 1615 mysterium

213 1630 273 1661 στὸς
284 1629 442 1656 ἐπετέλεσεν
453 1636 460 1643 ·
472 1627 502 1653 οὐ
518 1627 571 1662 μὴν
586 1626 700 1661 ἐφύλαξε
719 1625 817 1657 Ἰούδας
831 1624 878 1652 τοῦ
892 1625 998 1652 δείπνου

211 1678 241 1703 τὸ
259 1677 426 1712 μυστήριον·
442 1674 549 1702 ἐκεῖθεν
572 1673 626 1709 γὰρ
648 1672 764 1704 ἐξελθὼν
786 1673 835 1707 τὴν
856 1671 1000 1707 προδοσίαν

212 1721 340 1758 ἔπραξεν.
356 1723 437 1749 Ὥστε
453 1721 539 1748 ταῦτα
562 1719 601 1755 τῷ
625 1719 742 1754 προδότῃ
762 1719 792 1745 τὸ
813 1719 925 1754 Πνεῦμα
951 1717 999 1744 τοῦ

212 1769 278 1795 8εοῦ
294 1769 342 1795 καὶ
357 1767 410 1801 πρδ
424 1766 530 1793 πολλῶν
544 1765 648 1800 γενεῶν
661 1765 798 1797 ὀνειδίζων
811 1764 970 1799 ἐφθέγγετο.

251 1824 259 1840 ι
272 1813 388 1840 Ἐλθέτω
404 1813 436 1847 δὴ
453 1812 567 1844 θάνατος
582 1811 625 1838 ἐπ’
637 1811 744 1842 αὐτούς.
762 1820 770 1836 ι

247 1860 333 1886 Τοῦτο
358 1859 537 1894 πεπλήρωται
561 1858 611 1894 μὲν
637 1857 683 1884 ἐπὶ
708 1856 747 1892 τῷ
763 1855 864 1891 Ἰούδᾳ·
880 1855 929 1890 τὴν
945 1854 1000 1890 γὰρ

213 1906 358 1941 προδοσίαν
372 1905 474 1941 ἀγχόνῃ
488 1904 634 1937 διεδέξατο.
654 1902 829 1937 πεπλήρωται
844 1901 872 1928 δὲ
886 1900 932 1927 καὶ
954 1900 1000 1926 ἐπὶ

213 1951 267 1978 τῶν
293 1951 381 1978 ἄλλων
406 1949 556 1977 Ἰουδαίων·
573 1949 692 1984 Χριστὸν
706 1947 760 1982 γὰρ
779 1946 828 1982 τὴν
852 1945 924 1980 ζωὴν
949 1944 999 1980 τὴν

213 1994 343 2030 ἀληθινὴν
360 1994 478 2029 ἔχοντες,
496 1992 683 2028 ἀσεϐήσαντες
706 1991 746 2022 είς
767 1991 859 2023 αὑτὸν,
875 1990 927 2016 ὑπὸ
950 1989 999 2024 τὴν

213 2040 330 2075 φοϐερὰν
345 2039 392 2067 τοῦ
404 2039 521 2066 θανάτου
538 2039 661 2073 κατάραν
677 2036 810 2071 Ξγὲνοντο.
826 2035 959 2071 Πιροικία
972 2034 1000 2061 δὲ

213 2087 226 2113 ὁ
240 2086 295 2122 βίος
305 2087 320 2113 ὁ
331 2085 501 2122 ἀνθρώπινος
512 2084 632 2119 λέγεται.
645 2083 712 2110 Οὐδὲ
724 2083 777 2118 γὰρ
787 2083 871 2110 οἰκεῖν
884 2080 1000 2108 ἐνταῦθα

215 2133 295 2167 μέχρι
311 2131 412 2158 πολλοῦ
428 2130 578 2166 δυνάμεθα,
601 2129 659 2157 ἀλλ’
670 2129 706 2161 ὡς
727 2129 865 2164 πάροικοι,
882 2127 946 2153 ὅταν
963 2127 1001 2153 οἰ-

213 2179 380 2214 κοδεσπότης
409 2178 569 2214 προστάξῃ,
597 2176 767 2212 παραχρῆμα
803 2173 999 2209 ὲχὸαλλόμεθα.

219 2225 329 2261 Ἐπειδὴ
345 2225 373 2252 δὲ
387 2223 534 2260 παροικίας
550 2224 564 2250 ό
578 2223 725 2258 Προφήτης
741 2218 920 2252 πολλὰςάντὶ
937 2221 1001 2255 μιᾶς

1054 1635 1107 1654 nou
1123 1627 1296 1654 observavit:
1313 1627 1376 1654 inde
1410 1626 1484 1654 enim
1508 1634 1637 1662 egressus
1659 1626 1841 1661 proditionem

1052 1673 1204 1700 adornavit.
1238 1671 1301 1699 Haec
1338 1672 1430 1707 itaque
1454 1672 1502 1699 Dei
1530 1671 1648 1706 Spiritus
1679 1677 1743 1699 ante
1780 1672 1842 1707 plu-

1051 1718 1135 1746 rimas
1153 1719 1354 1754 generationes,
1382 1718 1514 1752 proditori
1541 1718 1743 1753 exprobrando,
1773 1718 1842 1745 insi-

1050 1764 1156 1792 nuavit.

1087 1809 1167 1837 Vens.
1182 1809 1225 1837 16.
1243 1819 1252 1836 ι
1271 1809 1368 1837 Veniat
1384 1817 1458 1836 mors
1477 1817 1559 1844 super
1567 1810 1637 1837 illos.
1655 1819 1665 1835 ι

1087 1855 1144 1883 lloc
1154 1855 1264 1891 quidem
1281 1855 1307 1882 in
1322 1855 1392 1883 Iuda
1410 1855 1551 1890 impletum
1579 1860 1622 1882 est
1637 1863 1643 1881 :
1659 1855 1843 1890 proditionem

1051 1902 1124 1929 enim
1136 1901 1373 1936 laqueusexcepit.
1388 1899 1461 1933 Quin
1477 1905 1504 1928 et
1529 1900 1557 1927 in
1574 1901 1634 1927 aliis
1656 1899 1759 1928 ludatis
1792 1901 1844 1928 im-

1050 1946 1153 1982 pletum
1168 1949 1227 1972 est:
1241 1953 1302 1973 cum
1320 1945 1393 1972 enim
1420 1945 1558 1972 Christum
1581 1945 1663 1972 vitam
1680 1953 1772 1972 veram
1795 1946 1844 1972 ha-

1051 1994 1158 2027 berent,
1181 2001 1244 2029 erga
1267 1993 1357 2028 ipsum
1387 1993 1471 2028 impie
1497 2001 1527 2020 se
1554 1998 1692 2028 gerentes,
1722 1994 1843 2020 terribile

1051 2040 1147 2068 mortis
1166 2039 1342 2067 maledictum
1361 2039 1548 2066 incurrerunt.
1578 2039 1662 2066 Porro
1679 2039 1844 2066 tabernacu-

1051 2087 1107 2114 lum
1122 2086 1239 2113 humana
1255 2086 1309 2113 vita
1327 2086 1437 2113 dicitur.
1466 2085 1595 2112 Habitare
1612 2085 1685 2112 enim
1706 2085 1751 2112 hic
1764 2085 1844 2120 longo

1052 2138 1174 2168 tempore
1189 2141 1242 2160 non
1255 2133 1375 2160 valemus
1387 2140 1394 2165 ;
1405 2131 1453 2159 sed
1468 2137 1598 2166 tanquam
1616 2132 1723 2165 incolae,
1734 2132 1843 2167 quando

1053 2178 1186 2206 Dominus
1219 2179 1318 2207 domus
1341 2178 1511 2214 praeceperit,
1526 2178 1598 2206 illico
1609 2179 1744 2214 ejicimur.
1773 2179 1842 2207 Cum

1053 2231 1143 2253 autem
1158 2225 1295 2260 Propheta
1311 2225 1395 2252 multa
1407 2225 1585 2252 tabernacula
1605 2233 1654 2260 pro
1665 2233 1720 2252 uno
1731 2225 1841 2258 dixerit,

213 2268 283 2302 εἶπε,
303 2270 353 2301 τὰς
369 2268 470 2300 πολλὰς
483 2268 538 2295 τῶν
551 2266 704 2302 ἀνθρώπων
718 2266 790 2293 κατὰ
810 2265 856 2292 τὸν
870 2266 927 2300 βίον
942 2265 1000 2292 δια-

1055 2271 1184 2306 plurimas
1195 2271 1338 2298 hominum
1351 2272 1377 2297 in
1394 2271 1446 2297 hac
1461 2271 1517 2298 vita
1528 2271 1698 2298 dilIerentias
1711 2271 1841 2298 insinuat.

214 2316 297 2351 φορὰς
319 2314 479 2342 αἰνίττεται.
497 2314 529 2340 Οἱ
551 2313 600 2348 μὲν
619 2313 673 2348 γὰρ
688 2312 769 2347 τυχὶν
789 2311 915 2346 ἀπορίαν,
933 2311 958 2337 οί
973 2310 1002 2337 δὲ

213 2362 359 2397 γεωργίαν,
376 2361 400 2387 οἱ
416 2361 444 2387 δὲ
457 2361 505 2396 τὴν
531 2360 560 2386 ὲν
574 2360 630 2390 τοῖς
653 2358 736 2390 θείοις
749 2357 920 2392 λειτουργίαν
939 2366 1004 2392 μετ-

214 2407 349 2442 έρχονται.
359 2405 428 2432 Ἀλλ’
441 2407 469 2431 ὲν
484 2405 552 2430 πᾶσι
566 2403 674 2433 τούτοις
690 2402 714 2428 οἱ
726 2403 779 2428 τῶν
797 2401 929 2427 Ἰουδαίων
940 2402 1004 2427 παῖ-

213 2452 254 2482 δες
270 2451 479 2486 ἑπονηρεύοντο·
495 2449 524 2476 οὺ
541 2449 596 2484 γὰρ
614 2449 693 2483 μόνον
707 2449 721 2474 ὁ
735 2447 813 2479 ἄλλος
828 2447 924 2482 δῆμος,
938 2446 1005 2473 ἀλλὰ

213 2498 258 2524 καὶ
277 2498 303 2523 οἱ
317 2498 377 2523 κατ’
395 2496 490 2531 ἐξοχὴν
503 2495 603 2526 αὐτῶν,
620 2495 675 2521 εἴτε
686 2494 824 2529 ἄρχοντες,
838 2493 892 2519 εἴτε
909 2493 1001 2527 ἱερεῖς,

213 2543 261 2577 τὴν
286 2542 419 2577 πονηρίαν
460 2542 544 2577 μέσην
571 2540 660 2567 αὐτῶν
687 2539 781 2574 ὥσπερ
809 2538 1001 2571 ἀπολαϐόντες,

215 2590 282 2625 μετή
287 2597 392 2624 ρχοντο.

251 2645 261 2661 ι
272 2635 344 2668 Ἐγὼ
361 2634 428 2670 πρὶς
441 2633 487 2660 τὸν
503 2633 570 2659 Θεὸν
586 2631 733 2666 ἐκέκραξα.
751 2641 761 2657 ι

253 2681 284 2708 '0
299 2680 417 2716 Χριστὸς
436 2679 484 2706 καὶ
498 2678 584 2706 ταῦτα
608 2679 698 2712 λέγει’
719 2677 786 2710 προς
807 2677 861 2713 γὰρ
877 2677 923 2703 τὸν
937 2677 1004 2703 θεὸν

213 2726 312 2754 ἑαυτοῦ
331 2726 440 2761 Πατέρα
455 2724 597 2758 ἐκέκραξε,
614 2725 662 2750 καὶ
686 2724 700 2749 ὁ
724 2723 826 2758 Κύριος
842 2723 1002 2758 είσήκουσεν

213 2772 306 2800 αὑτοῦ.
315 2772 377 2798 Εἴτε
388 2772 417 2798 τὸ
428 2770 540 2805 Πνεῦμα
551 2770 639 2804 λέγοις
655 2769 679 2805 (ὁ
692 2769 747 2804 γὰρ
762 2769 864 2804 Κύριος
876 2769 907 2796 τὸ
920 2769 1002 2796 Πνεῦο

214 2819 253 2855 μά
271 2819 343 2845 ἐστιν
355 2818 375 2851 ),
391 2817 446 2843 εἴτε
470 2816 516 2843 τὸν
538 2816 639 2852 Κύριον
655 2815 735 2843 αὑτὸν
754 2815 851 2842 ἑαυτοῦ
874 2816 1000 2842 εἰσακού-

256 2931 279 2947 ⁸¹
292 2931 371 2958 Juan.
387 2938 453 2965 ml,
470 2931 512 2958 Η.
551 2931 574 2946 ’θ
590 2930 682 2958 Matth.
699 2938 768 2962 XXV],
784 2930 829 2957 25.

1053 2317 1192 2352 Siquidem
1205 2317 1259 2349 alii,
1273 2317 1347 2344 verbi
1354 2316 1480 2352 gratia,in
1496 2320 1664 2351 paupertate,
1678 2316 1723 2343 alii
1735 2316 1761 2342 in
1773 2317 1845 2351 agri-

1052 2363 1169 2392 cultura.
1180 2362 1225 2389 alii
1242 2362 1269 2388 in
1282 2362 1374 2389 divino
1385 2362 1458 2388 cultu
1471 2365 1643 2388 exercentur.
1657 2360 1756 2388 Verum
1767 2361 1793 2388 in
1803 2361 1846 2388 his

1052 2408 1179 2435 omnibus
1189 2407 1278 2434 Juda‘i
1295 2407 1422 2442 nequiter
1437 2414 1467 2434 sc
1479 2412 1633 2442 gesserunt,
1664 2415 1718 2434 non
1755 2408 1843 2434 solum

1053 2453 1130 2488 plebs
1139 2453 1304 2485 communis,
1318 2453 1364 2480 sed
1376 2453 1457 2480 etiam
1486 2453 1634 2487 primicerii
1646 2461 1752 2485 eorum,
1781 2461 1844 2481 cum

1052 2499 1200 2534 principes,
1221 2503 1277 2526 tum
1291 2499 1449 2526 sacerdotes
1465 2498 1627 2533 nequitiam,
1639 2499 1717 2534 quasi
1734 2499 1760 2526 in
1785 2507 1844 2527 me-

1052 2544 1098 2572 dio
1113 2544 1155 2572 sui
1166 2544 1346 2579 excipientes,
1358 2544 1454 2571 sectati
1474 2548 1547 2572 sunt.

1088 2633 1168 2660 Vens.
1185 2633 1228 2660 l7.
1248 2642 1257 2658 α
1272 2632 1328 2667 Ego
1340 2633 1373 2660 ad
1384 2633 1469 2660 Deum
1480 2632 1604 2660 clamavi.
1623 2642 1632 2658 ι

1093 2679 1218 2706 Christus
1228 2679 1310 2706 etiam
1325 2679 1383 2706 haec
1398 2679 1465 2706 dicit
1480 2688 1487 2706 :
1509 2679 1643 2713 siquidem
1655 2679 1689 2706 ad
1699 2678 1782 2706 Deum
1795 2677 1842 2704 Pa-

1057 2730 1126 2753 trem
1143 2732 1222 2752 suum
1235 2725 1372 2757 clamavit,
1387 2729 1415 2752 ct
1442 2724 1575 2752 Dominus
1600 2725 1736 2752 exaudivit
1769 2731 1842 2750 eum.

1056 2771 1120 2798 Sive
1132 2770 1263 2805 Spiritum
1280 2770 1382 2797 dixeris
1399 2770 1542 2805 (Dominus
1562 2770 1634 2797 enim
1652 2769 1768 2805 Spiritus
1779 2768 1844 2802 est),

1056 2816 1113 2843 sive
1140 2815 1229 2850 ipsum
1259 2815 1403 2843 Dominum
1442 2816 1620 2851 semetipsum
1644 2814 1845 2846 exaudientem,

870 2931 890 2946 ”
910 2931 991 2959 Marc.
1007 2939 1061 2965 xn‘,
1074 2932 1118 2959 ‘20.
