2056 3148
161 203 225 234 1225

727 197 960 229 FRAGMENTA
978 197 1018 226 IN
1038 196 1219 227 PSALMOS.

1718 199 1783 231 1226

152 272 229 299 γετο⁸
245 263 342 295 Αὐτός
354 269 412 289 σου
427 262 550 296 τηρήσει
564 259 712 295 κεφαλὴν,
725 258 775 286 καὶ
794 258 834 285 σὺ
850 257 940 291 τηρή-

1002 256 1185 283 ταιεαηεκῃιδθ.
1207 254 1262 282 Nos
1286 260 1377 283 autem
1393 256 1453 290 ejus
1466 262 1565 291 caput,
1583 264 1681 293 nempe
1698 258 1784 286 idolo-

152 319 216 341 σεις
231 308 325 336 αὐτοῦ
341 307 587 342 πτέρναν.Ἣμεῖς
600 305 628 332 δὲ
642 303 725 331 αὑτοῦ
744 304 792 338 τὴν
810 303 943 338 κεφαλὴν,

153 355 254 391 δηλαδὴ
277 354 328 387 τὴν
349 352 569 386 είδωλολατρίαν,
583 352 678 385 τηρεῖν
695 350 748 385 πρὸ
763 350 874 376 πάντων
899 357 945 374 κε-

153 399 300 436 λευόμεθα.
317 398 502 432 φυλάττεσθαι
520 397 548 424 δὲ
561 397 636 431 ὅμως
650 396 696 423 καὶ
709 396 743 422 τὰ
758 395 838 421 λοιπὰ
854 395 944 429 ἀμαρ-

154 448 276 481 τήματα,
289 444 340 471 κᾶν
352 444 455 478 ἔσχατα
467 443 600 477 τυγχάνῃ,
614 441 665 468 κᾶν
675 441 774 492 εὐτελῆ
786 437 857 466 εἶναι
867 439 948 492 δοκῇί

155 492 225 519 ὥστε
256 491 377 525 πτέρναν
403 488 580 524 νομίζεσθαι·
611 487 762 522 ἐπειδήπερ
790 487 946 521 παρατηρεῐ

155 538 242 564 ταῦτα
255 537 270 562 ὁ
285 535 392 570 ἐχθρὸς,
412 534 565 561 διαϐάλλειν
583 534 656 568 ἡμᾶς
671 532 710 566 τῷ
727 532 818 567 κριτῇ,
839 531 887 558 καὶ
902 529 947 556 διὰ

157 583 212 610 τῶν
223 581 359 616 τυχόντων
374 580 547 615 βουλόμενος.
563 578 668 605 Οὐκοῦν
684 578 714 604 οὐ
728 578 793 612 περῖ
808 579 864 602 τῶν
881 576 947 602 Ἰου-

157 629 241 656 δαίων
257 627 358 662 μόνων,
374 626 442 653 ἀλλά
456 626 503 652 καὶ
521 624 652 660 περὶτῶν
664 624 749 655 ὅντως
771 622 875 658 ἐχθρῶν
892 622 946 648 τῶν

157 672 292 707 δαιμόνων
316 670 411 698 τοῦτον
433 670 566 705 ἁρμόττει
592 669 637 695 τὸν
664 668 753 702 στίχον
779 667 947 701 ἐκλαμϐάνε-

159 719 220 745 σθαι
231 726 239 733 ·
257 717 318 744 καθ’
328 717 358 743 ὃν
371 716 502 751 ἁρμόττει
518 716 563 742 καὶ
578 715 612 741 τὰ
626 714 689 749 ἑξῆς
704 713 892 748 ἐπιφέρεσθαι.

198 764 297 791 «Ἔθου
315 763 349 789 τὰ
365 762 472 798 δάκρυά
489 770 540 796 μου
555 760 670 787 ἐνώπιόν
683 768 742 786 σου,
757 769 765 785 ι

193 852 333 885 Μακάριοι
351 847 389 878 ὧν
403 852 417 878 ὁ
434 850 502 882 Θεὸς
528 849 563 876 τὰ
585 849 692 885 δάκρυα
714 848 835 883 δέχεται·
856 856 946 882 παρα-

159 898 237 925 καλεῖ
250 897 304 932 γὰρ
318 896 408 922 αὐτῶν
424 897 459 922 τά
476 895 562 931 πάθη,
578 894 705 929 καθάπερ
719 894 763 920 διὰ
775 894 824 928 τῆς
842 893 946 924 οἰκείας

995 299 1113 331 latriam,
1130 299 1278 327 observare
1294 305 1358 327 ante
1371 301 1462 328 omnia
1474 301 1619 335 jubcmur;
1648 303 1728 330 simul
1743 308 1785 330 ta~

995 353 1057 372 men
1073 345 1154 372 etiam
1170 353 1267 373 cavere
1281 346 1385 381 reliqua
1398 352 1518 381 peccata,
1532 349 1708 382 quantumvis
1732 350 1784 377 mi-

996 392 1068 418 nima
1092 393 1235 424 exsistam,
1249 393 1425 427 quantumvis
1442 393 1510 420 levia
1527 394 1681 427 videantur,
1700 397 1735 424 ita
1757 403 1786 425 ut

996 437 1153 465 ealeancum
1181 441 1359 472 reputentur;
1375 440 1594 475 quandoquidem
1619 442 1706 470 hostis
1729 444 1786 471 inec

996 483 1141 515 observet,
1155 483 1250 511 volens
1264 484 1299 511 ob
1311 492 1478 520 qumcunque
1496 486 1578 513 etiam
1593 495 1644 514 nos
1659 489 1730 523 apud
1741 489 1786 523 ju—

996 529 1084 556 dicem
1103 529 1256 558 traducere.
1275 529 1369 565 Itaque
1390 538 1446 557 non
1469 531 1495 558 in
1517 532 1625 560 Iudaeos
1641 534 1722 566 solos,
1739 535 1786 562 sed

997 575 1024 602 in
1049 575 1175 603 inimicos
1196 583 1291 603 revera
1306 577 1445 604 dmmones
1459 578 1610 605 versiculus
1631 580 1712 607 etiam
1736 581 1786 608 iste

997 621 1132 655 quadrare
1147 622 1285 656 putandus
1305 627 1364 654 est;
1393 623 1437 649 cui
1466 630 1617 651 consonum
1646 626 1786 660 sequentia

997 673 1105 699 quoque
1121 665 1261 701 subjungi.

1032 754 1112 781 Vens.
1130 755 1157 782 9.
1181 765 1190 780 ι
1209 755 1325 784 Posuisti
1348 757 1481 793 lacrymas
1504 767 1578 786 meas
1595 760 1621 787 in
1639 767 1788 796 conspectu

997 802 1054 825 tuo.
1069 808 1078 825 ι

1033 845 1108 872 Beati
1134 854 1249 881 quorum
1268 847 1402 883 lacrymas
1416 849 1488 877 Deus
1507 851 1625 879 admittit
1641 862 1648 879 :
1662 854 1789 881 consola-

999 896 1043 918 tur
1056 893 1130 920 enim
1144 901 1238 921 eorum
1254 895 1406 930 passiones,
1419 899 1648 931 quemadmodum
1665 907 1714 934 per
1726 909 1789 935 pro-

160 927 327 976 ἐπαγγελίας
341 942 485 976 ὑπέσχετο.
504 927 553 971 Τίς
574 940 603 966 δὲ
628 941 644 975 ἡ
662 927 829 974 ἐπαγγελία;
847 937 949 965 Μακά-

1002 937 1087 971 priam
1103 927 1312 972 promissionem
1324 941 1461 976 pollicitus
1475 942 1535 970 fuit.
1549 943 1615 975 Quae
1628 948 1719 971 autem
1733 945 1790 972 haec

157 997 216 1023 ριοι
229 989 258 1015 οι
270 987 466 1019 πενθοῦντες,
492 986 537 1012 ὅτι
551 985 638 1012 αὐτοὶ
651 983 947 1018 παρακληθήσονται.

444 1066 592 1093 ΨΑΛΜΟΣ
607 1065 664 1093 ΞΝ.

200 1125 210 1140 ι
224 1115 390 1149 Εὑλογήσεις
404 1113 448 1140 τδν
463 1113 595 1148 στέφανον
609 1111 656 1138 τοῦ
677 1110 811 1138 ἐνιαυτοῦ.
828 1120 836 1136 ι

198 1160 298 1187 Ἰστέον
312 1160 351 1192 δὲ,
369 1159 406 1190 ὦς
420 1167 492 1190 τινες
507 1158 560 1185 τῶν
577 1157 758 1193 συγγραφέων
775 1156 846 1191 μετά
859 1156 906 1190 τήν
920 1156 951 1181 ἐκ

164 1207 323 1237 Βαϐυλῶνος
347 1205 477 1232 ἐπάνοδον
503 1204 648 1240 εὐετηρίαν
669 1203 774 1237 ἔφασαν
798 1202 950 1237 γεγονέναι,

164 1254 210 1279 καὶ
224 1252 326 1286 πλῆθος
337 1252 461 1287 ὄμϐρων,
475 1251 524 1278 καὶ
539 1251 621 1278 πολὺν
634 1250 730 1286 ῥεῦσαι
741 1250 788 1276 τὸν
805 1249 950 1284 Ἰορδάνην,

165 1300 192 1325 ὃν
207 1299 311 1332 ἔφασαν
324 1298 451 1332 εἰρῆσθαι
465 1297 512 1323 τοῦ
527 1296 594 1323 Θεοῦ
609 1296 732 1330 ποταμόν
742 1303 748 1310 ·
768 1294 856 1321 καίτοι
872 1302 952 1328 γεγο-

166 1345 249 1371 νότων
268 1345 297 1370 ὲν
318 1343 433 1378 πλείστῃ
455 1342 546 1377 πενίᾳ,
561 1341 688 1376 καθάπερ
701 1340 817 1375 Ἔσδρας
838 1339 952 1370 ἐδίδαξε,

166 1391 212 1416 καὶ
230 1390 280 1424 τῆς
296 1389 350 1415 τῶν
366 1388 451 1414 ἐθνῶν
468 1387 591 1421 κλήσεως
606 1385 793 1420 ἀπαιτούσης,
818 1383 954 1411 ἀκόλουθα

165 1435 200 1462 ’τὰ
215 1435 297 1461 λοιπὰ
313 1434 360 1460 τοῦ
375 1432 495 1468 ψαλμοῦ.
512 1433 544 1458 0i.
561 1432 589 1458 δὲ
606 1431 727 1467 μυθικῶς
743 1439 824 1465 φασιν
843 1429 954 1456 ἔσεσθαι

166 1481 253 1509 ταῦτα
271 1481 339 1516 μετὰ
356 1481 406 1514 τὴν
423 1478 559 1505 Ἰουδαίων
572 1479 600 1504 ἒν
615 1478 739 1512 ἐσχάτοις
755 1476 905 1511 ἀνάκλησιν
916 1476 955 1503 οι-

168 1525 339 1561 κοόομηθησο
344 1524 427 1559 μένης
441 1524 490 1558 τῆς
508 1523 591 1557 Ὶερου
597 1521 696 1557 σαλήμ.

446 1633 593 1660 ΨΑΛΜΟΣ
611 1633 671 1659 EE’.

206 1692 216 1707 ‹
231 1682 332 1708 Εἴπατε
345 1680 384 1715 τῷ
399 1679 473 1714 Θεῷ·
490 1679 534 1711 Ὠς
549 1679 661 1713 φοϐερά.
675 1687 685 1704 ι

203 1729 282 1756 Οὕτω
307 1729 362 1764 γὰρ
385 1728 424 1762 τῷ
448 1727 560 1762 μεγέθει
580 1726 634 1753 τῶν
661 1726 725 1761 περὶ
741 1725 789 1752 σοῦ
804 1725 954 1761 γινομένων

168 1774 366 1809 περιϐλέπτους
389 1774 538 1807 ἀποφανεῖς
559 1772 622 1804 τούς
644 1781 685 1798 σοι
703 1772 901 1806 προσήκοντας,
916 1771 954 1802 ὡς

168 1819 283 1850 πολλοὺς
294 1819 342 1845 καὶ
356 1818 410 1845 τῶν
426 1818 555 1844 ἐναντίων
567 1817 762 1852 ὑποκρίνεσθαι
773 1816 953 1852 ψευδομένους

166 1865 216 1900 τὴν
233 1864 282 1899 σὴν
305 1864 440 1891 δουλείανε
457 1863 536 1890 τοῦτο
551 1863 579 1889 δὲ
593 1863 715 1897 γέγονεν,
733 1864 776 1890 ὅτε
802 1863 849 1889 καὶ
874 1871 953 1898 περι-

166 1911 304 1946 τμηθῆναι
320 1910 413 1936 πολλοὶ
427 1909 481 1936 τῶν
495 1909 625 1936 ἐναντίων
641 1909 796 1943 ἠνέσχοντο,
809 1908 953 1943 ὐποκρινό-

168 1965 244 1992 μενοι
252 1957 299 1982 τὸν
320 1956 494 1991 Ἰουδαῖοιμόν.
516 1957 570 1982 Καὶ
582 1955 676 1982 τούτου
690 1954 954 1990 μάρτυςἸώσηππος

165 2005 196 2029 ὲν
208 2005 241 2039 τῇ
259 2005 294 2030 ια’
309 2003 358 2037 τῆς
381 2002 616 2037 Ἀρχαιολογίας,
642 2002 677 2028 τὰ
705 2001 776 2028 κατὰ
790 2001 836 2028 τὸν
850 2000 955 2035 Μαρδο-

165 2051 241 2085 χαῖον
256 2049 447 2084 διηγούμενος,
465 2050 513 2075 καὶ
526 2049 613 2082 λέγων
629 2048 731 2080 οὕτως·
744 2049 774 2074 Οἰ
792 2048 841 2082 μὲν
854 2045 900 2074 οὖν
915 2048 955 2073 ἱπ-

166 2096 228 2126 πεῖς
243 2096 268 2121 οῐ
282 2095 331 2126 τὰς
346 2094 490 2126 ἐπιστολὰς
506 2094 722 2129 διακομίζοντες,
742 2094 822 2125 εὖθὺς
838 2093 954 2129 ἐξορμή-

166 2149 273 2172 σαντες,
280 2141 329 2174 τὴν
340 2140 524 2175 προκειμένην
534 2139 593 2166 ὁδὸν
601 2140 682 2175 ἦνυον
691 2147 698 2154 ⁸
707 2140 721 2165 ὁ
733 2139 760 2165 δὲ
770 2139 954 2174 Μαρδοχαῖος,

166 2185 310 2212 ἀναλαϐὼν
319 2185 369 2220 τὴν
381 2184 524 2220 βασιλικὴν
537 2185 643 2220 στολὴν,
653 2185 700 2212 καὶ
711 2185 756 2212 τὸν
768 2185 898 2218 στέφανον
909 2185 955 2211 τὸν

166 2230 294 2265 χρυσοῦν,
311 2232 358 2257 καὶ
378 2231 423 2256 τὸν
443 2230 576 2265 στρεπτὸν
594 2230 782 2264 περιθέμενος,
800 2230 952 2265 προῆλθεν·

999 984 1168 1017 promissio?
1183 985 1260 1012 Beati
1276 987 1320 1021 qui
1335 987 1442 1022 lugent,
1461 990 1584 1023 quoniam
1607 990 1658 1024 ipsi
1672 991 1790 1018 consola-

1002 1029 1137 1056 buntur“.

1265 1066 1422 1096 PSALMUS
1442 1069 1532 1095 LXIV.

1039 1111 1117 1138 Vens.
1135 1111 1176 1138 1'2.
1201 1122 1210 1137 ε
1227 1112 1374 1141 Benedices
1389 1123 1496 1143 corozne
1510 1117 1584 1143 anni.
1604 1127 1612 1142 ι

1038 1156 1123 1184 Porro
1145 1158 1306 1190 sciendum.
1329 1162 1467 1194 quomodo
1493 1165 1616 1191 nonnulli
1645 1166 1791 1201 scriptorcs

1003 1207 1065 1236 post
1079 1203 1196 1230 reditum
1221 1213 1237 1232 e
1260 1205 1396 1240 Babylone
1412 1215 1524 1236 narrent
1544 1210 1712 1239 uberrimum
1727 1213 1790 1240 anni

1003 1254 1166 1282 proventum
1194 1251 1345 1282 exstitisse.
1369 1257 1396 1280 et
1426 1255 1599 1284 abundantes
1628 1256 1741 1291 imbres,
1765 1264 1791 1286 et

1004 1301 1129 1328 magnam
1147 1294 1274 1323 Jordanis
1287 1297 1504 1334 inundationem,
1521 1310 1602 1336 quem
1622 1303 1668 1331 Dei
1691 1303 1791 1332 ﬂumen

1004 1340 1095 1366 vocari
1123 1341 1294 1369 tradiderunt
1317 1352 1323 1370 :
1348 1351 1535 1374 verumtamen
1558 1356 1619 1376 cum
1644 1349 1671 1376 in
1695 1358 1792 1385 magna

1005 1385 1121 1418 penuria
1135 1388 1234 1414 versati
1252 1388 1365 1421 fuerint,
1385 1391 1422 1417 uti
1438 1391 1537 1420 Esdras
1562 1393 1664 1426 docuit,
1679 1400 1706 1422 et
1728 1404 1794 1432 gen-

1006 1429 1074 1456 tium
1087 1431 1192 1458 vocatio
1208 1438 1356 1467 appeteret,
1373 1435 1438 1463 huic
1456 1437 1560 1472 reliqua
1574 1447 1680 1474 quoque
1697 1429 1792 1475 psalmi

1005 1478 1233 1505 accommodanda
1260 1485 1333 1506 sunt.
1355 1481 1489 1510 Caeterum
1515 1489 1579 1511 sunt
1604 1486 1649 1520 qui
1670 1486 1792 1515 fabulose

1006 1521 1098 1549 dicant
1124 1523 1262 1560 forepost
1275 1526 1333 1555 haec
1345 1527 1500 1556 Judatorum
1519 1531 1570 1557 sub
1588 1537 1707 1560 extrema
1723 1538 1792 1561 tem-

1007 1575 1072 1602 pora
1085 1571 1286 1599 revocationem
1302 1577 1330 1600 et
1347 1573 1540 1610 ilierosolymze
1555 1577 1789 1608 instaurationem.

1272 1627 1429 1656 PSALMUS
1448 1630 1527 1657 LXV.

1041 1668 1121 1696 Vens.
1139 1670 1166 1697 5.
1190 1680 1199 1695 ι
1215 1670 1299 1699 Dicite
1314 1673 1369 1701 Deo
1387 1683 1392 1701 :
1411 1675 1497 1708 Quam
1516 1678 1656 1706 terribilia.
1673 1689 1682 1705 ι

1039 1714 1115 1743 Adeo
1135 1717 1208 1745 enim
1224 1720 1411 1755 magnitudine
1426 1730 1516 1750 rerum
1535 1732 1550 1751 a
1566 1729 1591 1751 te
1606 1731 1742 1761 gestarum
1760 1728 1792 1756 il-

1006 1759 1104 1788 lustres
1119 1763 1258 1791 reddidisti
1276 1772 1322 1794 eos
1338 1767 1383 1801 qui
1400 1772 1425 1794 te
1441 1759 1651 1804 contingebant,
1667 1778 1696 1800 ut
1713 1775 1790 1802 multi

1005 1805 1086 1832 etiam
1112 1807 1329 1838 adversariorum
1352 1812 1514 1842 simularent
1536 1820 1608 1844 tuam
1634 1819 1791 1848 servitutem

1006 1853 1170 1895 mentientes
1188 1864 1195 1882 :
1213 1856 1266 1884 hoc
1287 1862 1379 1885 autem
1405 1861 1535 1896 contigit,
1549 1864 1659 1896 quando
1683 1866 1790 1899 plurimi

1005 1897 1224 1928 adversariorum
1237 1910 1265 1930 se
1278 1903 1436 1932 circumcidi
1451 1907 1522 1940 passi
1537 1914 1611 1941 sunt,
1622 1909 1790 1938 Judaismum

1005 1942 1174 1972 simulantes.
1190 1947 1279 1982 Atque
1296 1949 1377 1983 hujus
1393 1951 1431 1977 rei
1450 1952 1527 1979 testis
1548 1958 1590 1980 est
1605 1954 1740 1989 .loscphus
1761 1957 1791 1983 li-

1005 1988 1055 2015 bro
1078 1991 1222 2018 undecimo
1240 1994 1443 2030 Antiquitatum,
1460 1996 1620 2026 Mardochzei
1637 1988 1695 2028 acta
1716 2009 1791 2029 com-

1006 2042 1171 2069 memorans,
1188 2042 1215 2065 et
1228 2039 1322 2067 dicens
1347 2042 1374 2068 in
1399 2042 1474 2070 hunc
1497 2044 1607 2072 modum
1625 2055 1631 2072 :
1651 2045 1790 2075 Vcredarii

1006 2081 1109 2116 itaque,
1125 2084 1170 2118 qui
1193 2085 1242 2112 has
1259 2087 1389 2121 epistolas
1406 2089 1574 2123 deferebant,
1594 2092 1666 2120 illico
1681 2095 1791 2129 prolici-

1006 2132 1125 2162 sccntes,
1138 2131 1307 2165 propositum
1324 2133 1376 2160 iter
1390 2135 1585 2170 coniecerunt;
1607 2138 1791 2168 Mardoclneus

1006 2181 1082 2207 vero,
1098 2182 1240 2203 assumens
1253 2178 1356 2205 stolam.
1370 2179 1469 2214 regiam
1485 2185 1512 2208 et
1524 2189 1651 2210 coronam
1668 2192 1789 2217 auream,

1007 2227 1038 2246 ac
1055 2224 1177 2255 torquem
1190 2222 1414 2258 circumponens,
1431 2227 1564 2260 processit
1583 2237 1590 2255 :
1609 2229 1732 2258 videntes
1745 2238 1792 2258 au-

168 2276 268 2306 ἰδόντες
283 2275 312 2301 δὲ
327 2275 407 2301 αὐτὸν
421 2274 492 2302 οὕτω
501 2276 683 2310 τετιμημένον
698 2275 750 2301 ὑπὸ
762 2274 809 2301 τοῦ
823 2275 951 2310 βασιλέως

1008 2270 1060 2293 tem
1075 2266 1163 2302 ipsulm
1180 2269 1247 2296 adeo
1264 2270 1427 2299 honoratum
1442 2280 1457 2299 a
1474 2281 1535 2309 rege
1556 2275 1582 2301 hi
1607 2276 1652 2310 qui
1669 2276 1694 2302 in
1715 2277 1792 2303 Susis

166 2320 191 2346 οἱ
212 2321 240 2346 ὲν
266 2319 377 2352 Σούσοις
399 2320 475 2350 ὄντες
490 2320 621 2352 Ἰουδαῖοι,
638 2320 729 2355 κοινὴν
754 2320 888 2346 ὑπέλαϐον
905 2321 953 2355 τὴν

166 2365 330 2400 εὐπραγίαν.
345 2365 440 2399 Χαρὰν
452 2365 480 2391 δὲ
494 2366 541 2391 καὶ
553 2366 687 2401 σωτήριον
699 2365 800 2400 φέγγος
814 2366 956 2400 ἐκτιθεμέ-

163 2419 219 2437 νων
236 2411 291 2437 τῶν
310 2410 356 2437 τοῦ
376 2411 508 2445 βασιλέως
522 2411 705 2446 γραμμάτων,
723 2411 771 2437 καὶ
796 2412 859 2442 τοὺς
883 2411 954 2437 κατά

166 2457 244 2483 πόλιν
259 2457 315 2483 τῶν
332 2457 466 2484 Ἰουδαίων
482 2457 529 2483 καὶ
543 2457 606 2488 τοὺς
621 2457 691 2483 κατά
704 2456 796 2492 χώραν
812 2457 952 2492 κατέσχον·

166 2502 203 2532 ὡς
214 2501 300 2528 πολλὰ
312 2502 360 2528 καὶ
371 2501 425 2528 τῶν
436 2502 523 2528 ἄλλων
532 2502 617 2528 ἐθνῶν
628 2501 741 2538 stum]
752 2502 806 2528 τῶν
819 2502 954 2529 Ἰουδαίων

166 2546 248 2580 φᾶϐον
263 2547 484 2582 περιτεμνόμενα
498 2547 548 2582 τὴν
561 2547 638 2580 αἰδὼ,
660 2548 690 2574 τὸ
707 2547 848 2574 ἀκίνδυνον
862 2548 954 2579 αὐτοῖς

165 2593 197 2618 ὲκ
210 2593 306 2618 τούτου
320 2593 582 2628 πραγματευόμενα.

205 2638 279 2664 (Ott
295 2638 459 2673 ἐδοκίμασας
478 2639 562 2674 ἡμᾶς.
577 2640 591 2665 ὁ
605 2638 680 2670 Θεός.
697 2648 705 2664 ι

203 2683 349 2719 Βουληθεὶς
364 2685 419 2718 γὰρ
436 2685 503 2711 πᾶσι
514 2684 599 2717 δεῖξαι
614 2686 644 2711 τὸ
659 2686 708 2718 τῆς
725 2684 804 2719 ἡμῶν
813 2684 954 2717 εὐσεϐείας

164 2729 319 2764 ἀκίϐδηλον,
337 2729 425 2756 ταῦτα
439 2730 535 2757 παθεῖν
555 2730 758 2766 συνεχώρησας.

444 2786 589 2813 Immo:
605 2787 672 2820 Ξσιι.

203 2840 214 2857 ι
225 2830 254 2858 '0
271 2831 338 2862 Θεὸς
351 2832 523 2868 οἱχτειρήσαι
538 2833 620 2867 ἡμᾶς.
639 2843 648 2858 ι

201 2908 223 2924 ⁸⁸
238 2908 307 2936 Gen.
327 2917 367 2940 Ill,
382 2909 426 2936 15.
465 2910 486 2925 ⁸⁷
500 2909 596 2937 Matth.
612 2918 638 2942 v,
651 2911 677 2937 5.

348 2957 481 2987 I'ATROL.
504 2947 562 2988 ea.
586 2957 692 2988 xcnl.

1005 2317 1084 2340 crant
1104 2314 1201 2348 Judaei,
1218 2315 1375 2344 felicitatem
1394 2326 1453 2346 eam
1469 2319 1521 2346 sibi
1545 2328 1717 2348 communem
1732 2330 1792 2349 esse

1004 2358 1127 2385 arbitrati
1142 2365 1216 2388 sunt.
1231 2361 1328 2397 ingens
1341 2368 1471 2398 praeterea
1485 2365 1623 2400 gaudium,
1633 2367 1709 2401 quasi
1722 2375 1791 2394 nova

1004 2403 1098 2431 salutis
1111 2405 1172 2432 luce
1184 2406 1363 2439 oborta,dum
1377 2410 1456 2444 regite
1471 2410 1568 2438 littem
1584 2412 1790 2445 exhiberentur,

1004 2448 1112 2476 Judaaos
1135 2458 1240 2484 omnes,
1257 2457 1389 2488 quotquot
1414 2455 1455 2482 vel
1480 2456 1575 2483 urbem
1588 2457 1630 2484 vel
1654 2456 1791 2493 region'em

1008 2493 1176 2527 incolebant,
1193 2499 1354 2532 occupavit;
1371 2499 1407 2526 ita
1433 2505 1462 2527 ut
1487 2502 1564 2528 multi
1589 2503 1704 2530 aliarum
1729 2511 1793 2539 gen-

1009 2540 1076 2567 tium
1092 2545 1166 2568 metu
1188 2549 1282 2570 eorum
1298 2543 1526 2574 circumcidentes
1544 2549 1673 2582 verenda,
1690 2550 1792 2577 securi-

1009 2589 1090 2613 tatem
1109 2587 1159 2614 sibi
1174 2588 1226 2616 hoc
1238 2593 1316 2623 pacto
1331 2597 1494 2625 quaererent.

1043 2631 1123 2659 Vens.
1141 2633 1184 2661 10.
1209 2643 1218 2659 ε
1234 2634 1367 2668 Quoniam
1388 2638 1509 2671 probasti
1522 2647 1582 2672 nos,
1602 2639 1681 2667 Deus.
1694 2649 1703 2666 ι

1043 2677 1111 2706 Cum
1136 2680 1208 2707 enim
1231 2681 1357 2709 omnibus
1381 2683 1518 2718 religionis
1536 2690 1637 2713 nostras
1651 2686 1793 2713 sincerita-

1010 2729 1062 2752 tem
1083 2726 1271 2755 demonstrare
1290 2729 1384 2761 velles,
1400 2729 1458 2757 hec
1472 2739 1522 2759 nos
1534 2733 1588 2767 pati
1608 2732 1764 2768 permisisti.

1264 2786 1425 2815 PSAIMUS
1445 2787 1535 2816 LXVI.

1046 2831 1125 2858 \‘Ens.
1141 2833 1167 2859 2.
1193 2843 1202 2858 ί
1217 2833 1288 2860 Deus
1304 2834 1465 2861 miSrrratur
1479 2835 1572 2862 nostri.
1589 2845 1597 2860 ι

1579 2970 1616 2999 30
