2056 3148
286 200 352 233 122³1

319 261 386 288 Eam
412 266 492 294 quam
519 258 853 292 pmnoveratSalvatoris
876 260 1075 294 apparitionem

285 306 352 341 petit
366 305 421 332 cito
434 304 501 333 ﬁeri.
514 309 543 330 ut
559 303 777 331 benedictionem
792 312 826 332 ex
840 305 898 339 ipsa
916 305 1074 332 referamus.

285 353 403 387 Apparet
424 354 515 377 autem
532 349 622 377 vultus
638 349 762 376 omnium
775 349 947 383 Conditoris,
964 351 1010 385 qui
1031 358 1076 378 re-

283 398 339 433 plet
360 404 411 424 nos
430 396 622 423 benedictione
640 403 671 422 ac
685 395 928 429 miserationibus,
945 397 1009 424 dum
1025 405 1076 432 ap-

281 449 360 479 paret
382 443 462 471 nobis
484 443 570 479 ﬁgura
596 443 756 470 substantiae
770 443 840 478 ejus,
856 448 883 471 et
905 444 1075 472 demonstrat

282 490 461 525 semetipsum
476 489 508 517 iis
524 489 570 524 qui
587 488 659 524 digni
673 493 738 516 sunt
753 499 760 517 :
776 498 838 518 cum
851 491 924 518 enim
941 491 1026 526 ﬁgura
1039 491 1075 519 sit

283 536 330 564 Dei
357 536 513 568 invisibilis,
529 535 575 570 qui
599 540 692 562 mente
707 543 774 570 pura
791 536 824 563 ad
844 536 933 572 ipsum
956 537 1072 570 accudit,

282 583 305 609 is
318 582 390 609 videt
407 581 524 609 Patrem.
541 580 592 613 Qui
605 580 689 612 enim,
707 581 806 616 inquit,
821 582 890 609 videt
903 591 952 615 me,
967 582 1034 609 videt
1047 586 1073 609 et

282 627 428 654 Patrem".
453 627 532 654 Tunc
557 625 698 653 beneﬂciis
724 627 836 655 allectos
860 628 1015 660 miseretur,
1039 635 1072 656 ac

280 673 417 700 Benedicit
441 674 511 700 omni
535 671 710 699 benedictione
729 674 865 707 spirituali
882 674 910 700 in
927 674 1071 701 ccelestibus

260 719 425 750 JuChrislo
438 719 498 746 Jcsu
508 719 540 747 ".

316 810 355 836 Te
368 809 440 836 enim
454 809 556 836 vultum
573 809 755 839 illuminante.
765 809 941 844 cognoscitur
954 809 996 837 via
1009 817 1068 844 qua:

280 855 355 883 ducit
371 855 403 882 ad
416 855 533 887 Patrem.
551 863 612 882 cum
630 855 722 883 dicat:
736 855 791 890 Ego
806 863 864 882 sum
880 856 922 882 via
937 860 980 883 :et
993 863 1067 882 nemo

280 902 350 929 venit
365 901 399 928 ad
412 901 531 934 Patrem,
544 901 595 928 nisi
608 909 653 935 per
667 902 750 928 me".
766 899 838 928 Idem
853 901 935 928 etiam
948 902 1068 929 salutare

281 947 332 974 erit
357 947 384 974 in
403 947 530 974 omnibus
548 947 685 982 gentibus,
701 954 762 973 cum
777 947 918 982 impletum
933 946 1015 974 fuerit
1037 947 1070 974 il-

279 993 325 1019 lud
339 1002 346 1019 :
360 991 460 1019 Videbit
476 993 560 1019 omnis
575 1001 637 1019 raro
651 992 772 1019 salutare
787 992 875 1019 Dei".
887 993 992 1020 Dixeris
1001 1001 1070 1028 quo-

278 1045 330 1073 que
356 1038 426 1064 viam
452 1045 511 1065 esse
538 1042 672 1073 prrccepta
697 1039 772 1072 ejus,
788 1038 865 1072 juxta
891 1038 1069 1066 illud:Viam

278 1084 465 1110 mandatorum
482 1088 586 1110 tuorum
604 1084 707 1112 cucurri
715 1084 736 1100 "
749 1092 757 1116 ;
772 1087 799 1110 et
813 1087 1015 1118 consequenter
1025 1091 1069 1111 sa-

277 1130 371 1162 lutem,
389 1136 469 1164 quam
487 1129 563 1155 venit
584 1129 726 1161 exhibere,
748 1132 778 1156 ut
803 1133 848 1156 tua
871 1129 898 1156 in
923 1136 974 1156 nos
997 1129 1069 1156 salus

277 1175 404 1202 omnibus
423 1174 470 1201 iiat
484 1174 640 1201 manifesta.

532 1262 691 1290 PSALMUS
710 1263 812 1292 LXVII.

309 1312 393 1339 Vens.
410 1311 438 1339 5.
462 1319 472 1336 ι
487 1310 565 1337 Sicut
582 1309 674 1336 deﬁcit
688 1309 788 1336 fumus.
800 1319 811 1336 θ

311 1357 409 1383 Facilis
427 1359 468 1383 est
484 1358 657 1390 peccatorum
672 1354 774 1389 lapsus,
790 1355 897 1382 tametsi
924 1355 976 1382 sibi
1001 1355 1067 1390 ipsis

273 1402 444 1431 conﬁdentes
463 1401 617 1429 videantur.
637 1401 708 1433 Quid
724 1401 796 1428 enim
823 1401 897 1429 futuo
921 1405 949 1428 ut
968 1402 1067 1430 dissol-

277 1454 356 1477 vatur
374 1447 526 1476 cariosius?
547 1447 612 1483 quid
639 1447 703 1474 item
729 1454 802 1479 cera,
826 1447 936 1482 quando
954 1455 969 1474 a
984 1450 1066 1476 vehe-

276 1495 360 1522 menti
377 1495 438 1530 igne
456 1493 564 1521 caieﬂt?
587 1493 668 1520 Hisce
691 1493 772 1519 rebus
787 1492 923 1528 Propheta
938 1497 1065 1528 peceato-

277 1548 320 1568 res
335 1539 502 1574 comparavit
519 1548 527 1566 :
543 1539 653 1574 quando
674 1539 746 1565 enim
770 1538 840 1573 ignis
856 1539 988 1574 gehennae
1003 1547 1066 1566 suc-

876 201 1057 231 HESYCHII
1080 202 1316 234 PRESBYTERI

1853 208 1920 242 1238

1090 263 1114 292 Α
1165 261 1216 288 Ἦν
1233 262 1360 297 προέγνω
1376 261 1424 289 τοῦ
1441 263 1568 299 Σωτῆρος
1583 263 1744 298 ιπιφάνειαν
1764 265 1839 294 αἰτεῖ
1853 268 1919 295 θᾶτ-

1126 313 1172 332 τον
1186 306 1323 339 γενέσθαι,
1340 307 1390 342 τὴν
1405 307 1436 334 ὲκ
1452 307 1555 344 ταύτης
1569 308 1644 340 ὅπως
1667 309 1794 344 εὐλογίαν
1812 313 1920 348 τρυγήο

1126 356 1228 382 σωμεν.
1239 349 1428 384 Ἐπιφαίνεται
1441 351 1469 377 δὲ
1483 351 1513 378 τὸ
1527 352 1674 387 πρόσωπον
1683 355 1731 380 τοῦ
1744 355 1854 382 πάντων
1865 358 1919 393 Δη-

1127 392 1269 427 μιουργοῦ,
1284 393 1314 421 τὸ
1327 394 1449 429 πληροῦν
1463 396 1537 431 ἡμᾶς
1552 397 1679 431 εὐλογίας
1692 399 1740 425 καὶ
1753 400 1916 436 οἰκτιρμῶν,

1124 438 1304 472 ἐπιφανέντος
1327 441 1395 475 ἡμῖν
1411 441 1459 468 τοῦ
1475 442 1650 477 χαρακτῆρος
1664 444 1714 478 τῆς
1739 445 1916 478 ὑποστάσεως

1123 483 1217 518 αὑτοῦ,
1235 485 1283 512 καὶ
1300 486 1499 521 ἐμφανίσαντος
1523 487 1622 514 ἑαυτὸν
1647 490 1703 520 τοῖς
1725 488 1829 522 ἀξίοις·
1853 492 1916 517 ἐπεὶ

1123 529 1177 565 γὰρ
1194 530 1276 557 εἰκών
1293 532 1352 558 ἐστι
1367 532 1416 558 τοῦ
1430 532 1498 559 Θεοῦ
1514 532 1562 559 τοῦ
1578 534 1708 569 ἀοράτου,
1722 536 1736 562 ο
1749 535 1788 570 νῷ
1801 536 1916 572 καθαρῷ

1121 575 1285 611 προσϐαλὼν
1301 577 1387 612 αὐτῷ,
1401 579 1453 614 ὁρᾷ
1467 578 1514 605 τὸν
1531 579 1652 615 Πατέρα,
1661 580 1688 607 '0
1696 580 1749 616 ἐμὲ
1762 581 1921 619 γὰρ,φησὶν,

1121 622 1256 658 ἑωρακὼς
1266 643 1274 656 ,
1287 624 1398 658 ἑώρακε
1413 625 1467 653 τὸν
1483 626 1609 661 Πατέρα.
1627 627 1695 654 Τότε
1713 629 1780 660 τοὺς
1800 629 1915 664 εὐεργε-

1120 669 1269 704 τουμένους
1289 671 1438 706 οῑκτείρει,
1463 673 1510 698 καὶ
1535 673 1662 708 Eii/lore?
1686 673 1770 707 πάσῃ
1791 675 1916 708 εὐλογίᾳ.

1120 714 1308 750 πνευματικῇ
1329 716 1364 743 ἐν
1386 717 1449 750 τοῖς
1473 717 1662 752 ἐπουρανίοις
1679 719 1715 746 ἐν
1727 719 1844 753 Χριστῷ
1863 720 1916 754 Ἰη-

1119 767 1190 787 σου.

1154 805 1352 840 Ἐπιφάναντος
1369 807 1424 844 γάρ
1440 816 1488 835 σου
1504 808 1534 835 τὺ
1547 809 1706 844 πρόσωπον,
1716 809 1911 845 γινώσκεταιή

1119 849 1178 881 ὁδὸς
1191 851 1207 885 ή
1224 852 1293 886 πρὸς
1315 853 1344 879 σὲ
1368 853 1473 886 ἄγουσα
1496 854 1542 880 τὸν
1557 855 1681 890 Πατέρα.
1695 856 1710 882 ό
1727 855 1814 882 εἰπών
1825 865 1833 872 ·
1843 855 1914 890 Ὲτώ

1118 896 1177 929 ειμι
1197 896 1215 929 ἡ
1226 896 1312 929 ὀδόςο
1327 898 1375 924 καί
1392 898 1493 931 οὐδεὶς
1503 899 1621 933 ἔρχεται
1635 900 1711 934 πρὸς
1725 901 1779 927 τὸν
1786 900 1913 935 Πατέρα,

1084 929 1106 958 Β
1119 941 1146 966 ει
1166 941 1209 975 μὴ
1230 941 1400 977 δι’ὲμοῦ.”0
1423 943 1451 970 δὲ
1575 929 1714 972 έσταιῐκαὶ
1733 929 1870 982 σωτήριον
1883 929 1914 973 ἐν

1119 986 1203 1013 πᾶσιν
1216 987 1317 1020 ἔθνεσι,
1334 989 1524 1024 πληρωθέντος
1534 991 1724 1026 τοῠ,”οψεται
1739 992 1824 1020 πᾶσα
1832 994 1912 1026 σὰρξ

1120 1031 1154 1058 τὸ
1181 1033 1331 1067 curruum!
1352 1035 1405 1062 τοῦ
1425 1035 1509 1063 Θεοῦ.
1533 1036 1631 1071 Λέγοις
1645 1037 1667 1063 δ’
1678 1037 1712 1065 ἂν
1727 1038 1787 1064 ὁδὸν
1801 1039 1851 1065 καὶ
1863 1039 1915 1071 τὰς

1119 1076 1232 1109 ἐντολὰς
1246 1078 1341 1111 αὐτοῦ,
1357 1080 1428 1106 κατὰ
1441 1081 1472 1107 τό
1483 1089 1490 1097 ·
1508 1081 1595 1108 ὀδὸν
1605 1082 1739 1110 ἐντολῶν
1752 1091 1812 1111 σου
1827 1083 1915 1117 ἕδρα-

1116 1131 1191 1156 μον·
1210 1124 1258 1149 καὶ
1280 1125 1456 1160 καταλλήλως
1479 1127 1629 1162 σωτηρίαν,
1644 1129 1678 1164 ἢν
1694 1129 1809 1164 ἐλήλυθε
1824 1138 1913 1166 παρα-

1120 1170 1203 1203 σχεῖν,
1221 1169 1292 1196 an:
1308 1171 1374 1198 πᾶσι
1393 1172 1443 1208 τὴν
1459 1173 1500 1204 είς
1514 1173 1590 1208 ἡμᾶς
1613 1181 1660 1200 σου
1681 1174 1820 1210 σωτηρίαν
1837 1174 1913 1211 σαφῆ

1118 1214 1258 1247 γενέσθαι.

1401 1263 1548 1290 ΨΑΔΜΟΣ
1568 1263 1629 1291 ΞΖ’.

1157 1307 1221 1340 «Ὧς
1238 1308 1361 1336 ἐκλείπει
1378 1310 1495 1341 καπνός.
1511 1319 1522 1335 ι

1154 1352 1277 1388 Εὑχερὴς
1291 1353 1345 1380 τῶν
1359 1354 1530 1390 ἁμαρτωλῶν
1545 1356 1560 1390 ἠ
1578 1355 1693 1389 πτῶσις,
1709 1356 1733 1382 εί
1747 1357 1793 1384 καὶ
1806 1357 1911 1394 σφόδρα

1118 1397 1224 1430 ἑαυτοῖς
1248 1399 1409 1427 πεποιθέναι
1432 1400 1584 1434 νομίξουσι.
1600 1402 1633 1429 Τί
1646 1404 1698 1439 γὰρ
1713 1404 1818 1431 καπνοῦ
1840 1405 1910 1440 πρὸς

1117 1443 1148 1470 τὸ
1162 1443 1275 1479 λυθῆναι
1292 1445 1474 1482 σαθρότερον;
1495 1447 1522 1473 τί
1544 1448 1573 1474 δὲ
1596 1450 1644 1476 καὶ
1662 1450 1758 1485 κηροῦ,
1776 1451 1841 1478 ὅταν
1856 1451 1909 1478 ὑπὸ

1118 1491 1204 1525 πυρὸς
1219 1490 1401 1526 σφοδροτέρου
1412 1492 1592 1529 θερμαίνηται
1602 1503 1609 1528 ;
1619 1496 1733 1528 Τούτοις
1743 1497 1806 1528 τοὺς
1820 1498 1909 1533 ἁμαρ-

1116 1535 1220 1566 τωλοὺς
1231 1536 1244 1562 6
1259 1536 1405 1572 Προφήτης
1414 1539 1575 1573 συνέκρινεν
1584 1547 1592 1555 ·
1609 1541 1673 1567 ὅταν
1682 1543 1737 1577 γὰρ
1750 1542 1780 1569 τὸ
1790 1543 1845 1578 πῦρ
1856 1543 1909 1579 τῆς

276 1593 377 1614 census
394 1585 485 1618 fuerit,
503 1585 575 1612 illico
598 1585 688 1611 omnis
704 1585 738 1612 de
752 1584 818 1619 ipsis
834 1584 991 1620 imaginatio
1004 1592 1066 1612 eva-

1117 1581 1228 1616 γεέννης
1244 1582 1372 1618 ριπισοῇ,
1393 1585 1469 1611 πᾶσα
1483 1585 1499 1620 ἡ
1518 1586 1583 1621 περὶ
1599 1587 1698 1620 αὐτοὺς
1712 1589 1847 1622 φαντασία
1859 1590 1910 1618 εὖ·

275 1632 374 1660 nescit.

311 1677 393 1704 Vens.
414 1677 440 1704 5.
464 1686 472 1702 ι
487 1676 601 1704 Cantate
617 1676 683 1703 Deo.
701 1685 709 1701 ι

307 1722 386 1750 Solet
411 1722 541 1749 nimirum
566 1722 692 1749 Christus
716 1722 743 1749 in
770 1722 912 1757 prophetis
936 1723 1069 1758 appellari

276 1767 374 1795 Oriens
390 1776 396 1794 :
413 1768 480 1794 Ecce
493 1768 543 1801 vir,
552 1767 646 1795 Oriens
661 1776 753 1794 nomen
768 1768 825 1802 ejus
840 1777 849 1795 .'
865 1773 888 1796 et
903 1769 990 1796 subter
1007 1777 1065 1796 eum

276 1814 376 1840 orietur
385 1814 416 1841 ".
436 1814 470 1842 Et
494 1815 593 1842 iterum
612 1824 618 1841 :
638 1813 744 1842 Orietur
764 1814 834 1841 vobis
850 1816 1000 1842 timentibus
1019 1824 1066 1842 no-

273 1867 335 1885 men
350 1867 435 1885 meum
449 1858 497 1886 Sol
508 1859 621 1893 justitia:
636 1866 644 1885 :
663 1863 686 1884 et
701 1859 804 1886 sanitas
817 1859 845 1885 in
858 1860 950 1894 pennis
964 1860 1021 1894 ejus
1031 1860 1065 1887 ".

272 1904 411 1932 Caeterum
428 1905 490 1932 licet
508 1913 555 1940 per
570 1905 709 1940 propriam
725 1904 814 1932 lucem
838 1906 929 1932 oriens
944 1907 1065 1939 exsistat,

275 1950 400 1977 ascendit
422 1954 513 1977 tamen
527 1957 608 1984 supra
624 1957 763 1983 occasum,
777 1957 827 1984 pro
841 1957 923 1977 curru
936 1950 986 1977 sibi
1002 1951 1066 1978 ada-

276 2001 356 2031 ptans
372 2000 531 2030 peccatores
546 1995 592 2030 qui
610 1999 825 2027 convertuntur;
841 1995 874 2022 ad
897 2003 966 2030 quos
976 1995 1043 2022 dixit
1058 2004 1064 2022 :

275 2041 368 2069 Tollite
380 2042 477 2077 jugum
491 2050 577 2068 meum
604 2049 683 2075 super
706 2049 760 2073 vos,
783 2041 908 2076 quoniam
935 2050 1024 2074 suave,
1041 2047 1064 2068 et

275 2097 340 2116 onus
352 2097 450 2120 meum,
468 2089 531 2123 quia
546 2087 600 2114 leve
608 2088 642 2114 ".
658 2087 712 2114 Hos
729 2088 855 2114 hortatur
867 2087 963 2120 David,
975 2093 1003 2114 ut
1014 2087 1066 2114 iter

277 2135 332 2161 Deo
347 2134 446 2160 faciant
461 2142 510 2168 per
526 2133 715 2168 pwnitentiam
731 2141 738 2160 :
755 2133 889 2168 siquidem
908 2134 935 2160 in
950 2141 1064 2168 conspe-

276 2183 320 2205 ctu
339 2179 397 2212 ejus
412 2186 466 2205 non
490 2184 595 2205 tantum
613 2179 719 2206 veniam
735 2184 952 2214 consequentur,
970 2189 1063 2208 verum

275 2225 356 2251 etiam
370 2225 518 2252 Luniliares
536 2225 643 2258 redditi,
660 2225 818 2252 exsultaturi
832 2230 904 2252 sunt.

309 2355 391 2382 Vsus.
407 2355 452 2382 27.
475 2365 483 2381 ι
498 2356 529 2383 In
548 2356 671 2383 ecclesiis
687 2356 839 2384 benedicite
855 2357 919 2385 Deo.
934 2367 943 2383 ι

311 2399 433 2428 Ecclesia
458 2409 567 2436 quoque
590 2401 690 2428 dicitur
717 2402 865 2430 domestica
892 2404 1064 2439 congregatio

271 2445 400 2480 piorum;
422 2448 653 2481 quemadmodum
681 2452 710 2475 et
735 2449 835 2475 Paulus
859 2449 896 2476 ait
915 2458 922 2476 :
938 2449 1063 2476 Salutant

275 2497 321 2517 vos
337 2491 365 2516 in
383 2490 495 2518 Domino
511 2493 623 2519 multum
637 2492 735 2527 Aquila
751 2498 775 2520 et
799 2492 932 2525 Priscilla,
948 2501 1008 2520 cum
1020 2498 1066 2520 do-

276 2535 384 2560 mestica
407 2543 455 2561 sua
481 2536 599 2564 Ecclesia
609 2537 642 2564 ".
669 2538 755 2564 Porro
783 2537 817 2564 de
838 2538 959 2565 fontibus
983 2537 1064 2565 Israel

276 2579 473 2613 prophetarum
499 2585 526 2607 et
552 2583 737 2616 apostolorum
761 2583 904 2610 Dominmn
925 2592 956 2610 ac
980 2583 1064 2611 Deum

275 2623 377 2651 laudari
391 2626 484 2660 cupit;
499 2630 529 2652 ut
542 2634 577 2653 eo
591 2627 671 2654 modo
686 2635 740 2662 quo
755 2628 807 2663 ipsi
818 2634 1014 2663 exposuerunt,
1024 2629 1064 2657 sic

274 2673 304 2697 et
316 2677 368 2697 nos
381 2678 431 2705 pro
445 2671 500 2698 Deo
514 2672 694 2700 celebremus.

312 2754 390 2783 Vens.
405 2756 450 2783 56.
475 2767 483 2782 ι
498 2756 568 2785 Deus
582 2758 664 2787 Israel
677 2759 735 2795 ipse
753 2760 827 2787 dabit
843 2761 984 2788 virtutem.
998 2771 1007 2788 ι

310 2856 336 2893 ‘_'_
348 2856 425 2885 Joau.
438 2866 492 2890 xxv,
509 2859 534 2886 9.
576 2859 596 2874 δ’
612 2859 713 2893 Lpltes.
730 2867 749 2891 ι,
768 2860 795 2886 5.
833 2860 856 2876 '°
870 2860 949 2888 Joan.
964 2869 1019 2893 xw.
1036 2862 1061 2889 6.

1119 1626 1186 1658 θέως
1201 1627 1352 1655 διαλύεται.

1156 1671 1274 1707 ιᾊσατε
1288 1672 1327 1707 τῷ
1344 1672 1414 1708 Θεῷ,
1431 1683 1440 1700 ι

1153 1716 1207 1743 Καὶ
1225 1717 1278 1752 μὴν
1294 1717 1424 1753 ’Δνατολὴ
1441 1719 1622 1754 χρηματίζειν
1633 1721 1663 1748 ὲν
1678 1722 1734 1754 τοῖς
1751 1723 1911 1760 προφήταις

1118 1761 1132 1788 ὁ
1145 1762 1262 1798 Χριστδς
1278 1763 1373 1790 εῐωθεν
1383 1771 1390 1779 ·
1407 1764 1479 1791 Ἰδοὺ
1493 1765 1581 1800 ἀνὴρ,
1600 1766 1740 1801 Ἀνατολὴ
1752 1768 1847 1803 ὄνομα
1856 1770 1910 1797 οὐ·

1118 1807 1158 1840 τῷ
1167 1815 1173 1822 '
1189 1808 1238 1835 καὶ
1261 1809 1454 1837 ὑποκάτωθεν
1466 1811 1559 1838 αὐτοῦ
1577 1811 1726 1840 ἁνατελεῖ.
1739 1812 1795 1840 Καὶ
1809 1813 1906 1840 πάλινο

1124 1854 1273 1882 Ἀνατελεῖ
1295 1855 1367 1889 ὑμῖν
1385 1856 1449 1888 τοῖς
1472 1857 1670 1891 φοϐουμένοις
1692 1858 1725 1885 τὸ
1741 1858 1836 1893 ὄνομα
1848 1867 1907 1894 μου

1118 1900 1223 1932 Ἥλιος·
1237 1900 1450 1935 δικαιοσύνης·
1466 1902 1515 1929 καί
1531 1902 1615 1935 ἴασις
1632 1903 1667 1930 ἐν
1686 1904 1750 1937 ταῖς
1764 1904 1908 1938 πτέρυξιν

1116 1945 1220 1974 αὑτοῦ.
1230 1946 1299 1973 Ἀλλ’
1312 1948 1337 1974 εὶ
1356 1948 1403 1974 καὶ
1416 1948 1532 1984 ἀνατολὴ
1547 1950 1678 1984 τυγχάνει
1694 1950 1738 1977 διὰ
1753 1951 1786 1978 τὸ
1803 1952 1904 1979 οἰκεῖον

1117 1992 1185 2026 φῶς,
1203 1992 1289 2028 ἐπέϐη
1313 1993 1361 2019 ἐπὶ
1383 1993 1504 2029 δυσμῶν,
1519 1995 1611 2029 ὄχημα
1636 1995 1699 2027 τοὺς
1724 1996 1904 2032 ἁμαρτωλοὺς

1116 2038 1213 2064 ἑαυτοῦ
1225 2039 1288 2070 τοὺς
1299 2039 1367 2073 πρὸς
1377 2040 1460 2066 αὑτὸν
1469 2040 1686 2075 ἐπιστρέψαντας
1695 2041 1823 2076 θέμενοςι
1837 2043 1904 2078 πρὸς

1116 2083 1161 2115 οὒς
1176 2082 1374 2119 εἶπεν-’Λρατε
1385 2084 1438 2112 τὸν
1450 2085 1538 2120 ζυγόν
1549 2095 1610 2121 μου
1624 2087 1764 2122 ἐφ’ὐμᾱς,
1776 2088 1821 2115 ὅτι
1835 2097 1903 2123 χρη-

1116 2130 1200 2163 στὸς,
1219 2130 1268 2158 καὶ
1287 2130 1320 2158 τὸ
1338 2132 1462 2165 φορτίον
1481 2140 1555 2166 μου,
1570 2132 1614 2158 ὅτι
1632 2132 1775 2167 ἐλαφρόν.
1788 2133 1904 2165 Τούτους

1115 2176 1272 2210 ὁδοποιῆσαι
1284 2176 1324 2211 τῷ
1335 2176 1394 2213 Θεῷ
1407 2177 1421 2203 ὁ
1434 2177 1515 2203 Δασιδ
1525 2177 1569 2204 διὰ
1581 2177 1727 2212 μετανοίας
1736 2178 1905 2206 ἐντέλλεται·

1115 2218 1187 2248 οὗτοι
1212 2221 1266 2256 γὰρ
1288 2221 1403 2248 ἐνώπιον
1423 2222 1507 2249 αὑτοῦ
1520 2223 1552 2249 οὐ
1569 2223 1649 2258 μόνον
1670 2223 1838 2258 συγγνώμης
1858 2231 1907 2250 τυ·

1081 2257 1101 2284 D
1116 2267 1222 2301 χόντες,
1235 2266 1304 2294 ἀλλὰ
1324 2268 1371 2294 καὶ
1388 2267 1586 2301 οίκειωθέντες,
1598 2269 1780 2303 ἀγαλλιᾶσοαι

1115 2319 1167 2338 σιν.

1152 2365 1162 2381 ί
1174 2356 1217 2382 Ἐν
1234 2356 1394 2393 ἐκκλησίαις
1407 2357 1545 2391 εὐλογεῖτε
1558 2358 1604 2385 τὸν
1621 2358 1697 2386 Θεόν.
1713 2368 1723 2385 ι

1153 2402 1302 2435 Ἐκκλησία
1319 2403 1366 2429 καὶ
1384 2403 1400 2438 ἠ
1419 2403 1480 2430 κατ’
1492 2401 1566 2430 οἶκον
1588 2405 1733 2438 συναγωγὴ
1748 2405 1803 2431 τῶν
1825 2405 1904 2433 εὗσε-

1115 2447 1234 2474 6ούντων
1249 2448 1373 2482 λέγεται·
1399 2448 1470 2475 ὥστε
1494 2451 1541 2476 καὶ
1558 2451 1663 2482 Παῦλος
1684 2452 1902 2485 φησινᾋσκά-

1116 2491 1216 2522 (artat.
1239 2493 1319 2527 ὑμᾶς
1337 2494 1374 2521 ἐν
1390 2495 1488 2527 Κυρίῳ
1503 2497 1603 2522 πολλὰ
1620 2495 1749 2528 Ἀκύλας
1770 2496 1820 2522 καὶ
1836 2498 1907 2531 11p!-

1116 2539 1240 2570 σκιλλα,
1253 2539 1314 2565 σὺν
1328 2538 1366 2572 τῇ
1380 2540 1444 2566 κατ’
1459 2537 1545 2566 aliter
1561 2540 1661 2567 αὐτῶν
1676 2541 1908 2574 Ἐκκλησίᾳ.”Εκ

1116 2584 1213 2618 πηγῶν
1230 2584 1258 2611 δὲ
1269 2585 1378 2620 Ἰσραὴλ
1395 2585 1449 2611 τῶν
1465 2585 1615 2621 προφητῶν
1631 2587 1678 2613 καὶ
1693 2587 1852 2613 ἀποστόλων
1864 2587 1909 2612 τὸν

1115 2629 1218 2663 Κύριον
1230 2630 1278 2656 καὶ
1293 2630 1361 2656 Θεὸν
1376 2630 1575 2664 δοξολογεῖσθαι
1588 2631 1714 2666 βούλεται
1723 2640 1731 2647 ο
1747 2631 1792 2657 ἴνα
1805 2631 1868 2657 καθ⁴
1879 2632 1915 2657 ὃν·

1116 2675 1216 2710 τρόπον
1232 2676 1331 2704 ἐκεῖνοι
1346 2676 1481 2710 ἐξέθεντο,
1495 2676 1567 2704 οὕτω
1585 2678 1633 2705 καὶ
1649 2679 1727 2714 ἡμεῖς
1750 2679 1817 2713 περὶ
1838 2676 1909 2704 θεοῦ

1116 2719 1284 2754 δοξάζωμεν.

1156 2775 1165 2790 ι
1176 2765 1205 2791 '0
1223 2765 1289 2797 Θεὸς
1305 2767 1414 2803 Ἰσραὴλ
1427 2768 1508 2795 δώσει
1523 2768 1650 2803 δύναμιν.
1665 2777 1675 2794 ι

1101 2862 1122 2878 ⁶¹
1138 2863 1205 2891 Luc.
1221 2871 1263 2896 In,
1280 2864 1306 2892 6.
1346 2865 1368 2881 "
1383 2864 1454 2893 Psal.
1471 2872 1564 2899 cxvtn,
1581 2866 1626 2894 52.
1672 2866 1695 2882 "
1708 2865 1790 2894 Zach.
1807 2874 1845 2897 rt.
1864 2866 1912 2895 ιε-

271 2891 298 2909 “
311 2891 426 2920 Malach.
440 2901 477 2924 Iv,
491 2893 520 2920 2.
558 2893 580 2908 ⁸⁸
595 2891 692 2920 Matth.
709 2901 746 2924 si.
763 2894 807 2922 29.
845 2895 868 2911 "
885 2895 972 2923 lCor.
988 2891 1044 2930 xvi,
1061 2897 1104 2924 i9.
