2056 3148
181 192 250 225 ῙΞΞΞ)

708 191 938 222 FRAGMENTA
959 191 1000 223 IN
1020 191 1198 221 PSAIMOS.

1739 192 1804 225 1230

219 251 248 277 '0
262 249 329 282 Θεδς
343 249 390 277 τοῦ
408 249 518 285 Ἰσραὴλ
541 249 555 276 ὁ
578 249 712 284 Χριστός·
732 249 796 285 περὶ
811 249 864 285 γὰρ
884 247 966 275 αὑτοῦ

1055 247 1125 275 Deus
1141 248 1222 275 lsrael
1235 253 1277 276 est
1290 248 1434 276 Christus:
1449 249 1483 277 de
1498 249 1557 284 ipso
1568 249 1641 276 enim
1653 248 1736 276 Isaias
1746 250 1781 276 ait
1797 258 1803 275 :

179 305 263 332 φησιν
279 296 407 327 Ἡσαΐας·
428 296 493 322 Ὅτι
519 296 561 322 σὺ
581 297 597 323 d
625 294 696 328 Θεὸς
717 294 811 329 ἡμῶν,
836 294 885 320 καί
911 294 966 320 οὐκ

179 343 319 378 ῇδειμεν¹
350 343 366 368 d
393 341 465 374 Θεὸς
489 340 542 367 τοῦ
559 340 684 375 Ἰσραὴλ
708 341 724 367 ὁ
748 339 859 373 Σωτήρ.
882 335 967 369 Οὗτος

181 389 258 423 ἰσχὺν
273 388 321 414 καὶ
335 387 450 421 δύναμιν
464 386 503 421 τῷ
524 385 580 421 λαῷ
605 386 643 421 τῷ
665 385 696 418 ἐξ
718 384 812 417 ἐθνῶν,
827 383 897 410 ὥστε
917 384 967 418 τῆς

179 435 284 468 πλάνης
296 433 458 467 ἀποστῆναι,
472 432 519 458 καὶ
536 432 602 467 πρὸς
620 431 699 457 αὑτὸν
717 429 878 464 ἐπιστρέψαι
891 428 969 464 χαρί-

180 478 257 512 ζεται
267 488 274 495 ·
291 480 389 512 οῖτινες
401 479 438 511 ὡς
449 478 512 510 λαὸς
522 477 604 505 αὑτοῦ
615 476 785 510 Χριστιανοὶ
797 475 841 501 διὰ
852 474 968 510 Χριστὸν

179 524 368 560 ὀνομάζονται.

462 567 609 593 ΨΑΛΜΟΣ
623 566 686 598 EH’,

219 612 336 640 ιἬλΘον
351 612 391 644 είς
403 611 438 639 τὰ
454 611 524 647 βάθη
538 612 588 646 τῆς
603 611 752 646 θαλάσσης.
769 620 778 636 ι

214 660 272 687 Καὶ
285 659 342 690 πῶς
356 668 398 690 τις
413 658 529 689 ἐλπίζων
541 658 587 684 ἐπὶ
599 658 646 684 τὸν
660 657 726 684 Θεὸν
740 657 803 688 τοὺς
813 656 968 691 ὀφθαλμοὺς

181 705 313 735 ἐκλείπει,
327 704 375 730 καὶ
389 705 449 739 οὐχὶ
462 704 561 738 μᾶλλον
573 702 714 738 νευροῦται
731 702 778 729 καὶ
795 702 969 737 ἰσχυρότερος

181 751 301 784 γίνεται;
332 749 402 776 Ἀλλ’
422 749 578 784 ὀφθαλμοὺς
601 748 697 775 ἑαυτοῦ
719 749 781 780 τοὺς
806 748 970 779 ἀποστόλους

181 797 272 830 λέγει·
289 795 353 830 περὶ
369 792 406 822 ὧν
421 796 449 821 ἐν
466 795 587 830 ᾊσμασι
604 795 677 828 λέγει
692 795 740 821 ὀἱ
756 794 903 829 ὀφθαλμοί
911 802 969 821 σου

182 839 374 874 περιστερᾶς,
391 840 439 866 ἐπὶ
455 839 637 874 πληρώματα
654 839 779 871 ὑδάτων,
799 840 838 870 είς
855 838 903 873 τὴν
917 839 969 865 δω-

184 886 248 921 ρεὰν
266 885 313 912 τοῦ
333 886 535 920 βαπτίσματοςο
548 886 607 912 ἐκεῖ
620 885 675 920 γὰρ
693 885 742 919 τὴν
758 884 903 920 μετουσίαν
921 883 968 910 τοῦ

1018 292 1149 326 Quoniam
1165 298 1192 320 tu
1207 294 1275 321 Deus
1287 299 1416 327 noster,et
1430 295 1608 322 nesciebamus
1620 302 1629 321 .'
1643 294 1712 322 Deus
1721 294 1806 321 Israel

1019 339 1180 367 Salvator".
1196 339 1247 367 llic
1272 339 1460 368 fortitudinem
1487 348 1518 368 ac
1541 340 1669 368 virtutem
1694 340 1807 375 largitur

1004 385 1119 420 .populo
1145 393 1177 412 ex
1204 386 1340 420 gentibus,
1360 391 1389 414 ut
1414 386 1449 413 ab
1468 394 1563 414 errore
1575 387 1689 418 resiliat,
1715 391 1743 413 et
1773 386 1807 413 ad

1018 431 1106 466 ipsum
1122 436 1296 459 convertatur
1310 440 1316 457 :
1332 433 1377 466 qui
1391 437 1518 468 tanquam
1535 433 1650 467 populus
1661 434 1720 468 ejus
1731 432 1808 459 Cliri~

1019 478 1101 504 διὶαηὶ
1117 481 1228 513 propter
1243 478 1381 506 Christum
1399 483 1601 513 nuncupantur.

1267 565 1425 594 PSALMUS
1446 566 1562 593 LXVIII.

1055 611 1134 639 VEIS.
1150 612 1176 639 5.
1203 621 1211 637 ι
1229 611 1295 639 Veni
1310 613 1337 639 in
1352 612 1524 640 altitudinem
1539 612 1651 640 maris.»

1055 657 1088 684 Et
1098 657 1235 692 quomodo
1247 658 1308 693 quis
1320 665 1433 692 sperans
1444 658 1471 685 in
1487 658 1572 685 Deum
1588 659 1674 685 oculis
1688 658 1805 690 deliciat,

1020 707 1049 730 et
1064 711 1119 730 non
1135 704 1226 738 potius
1241 704 1433 731 corroboretur
1457 711 1489 731 ac
1511 703 1609 731 fortior
1623 704 1738 731 evadat?
1756 703 1808 731 Ve—

1021 757 1080 776 rum
1095 749 1188 776 oculos
1203 757 1268 777 suos
1279 754 1358 777 vocat
1370 751 1524 785 apostolos;
1538 750 1571 777 de
1588 750 1687 785 quibus
1701 750 1727 776 in
1736 749 1808 777 Can—

1021 794 1082 822 ticis
1104 795 1141 822 ait
1166 803 1172 822 :
1199 795 1276 822 Oculi
1301 796 1339 822 tui
1361 796 1509 827 columbae,
1532 804 1612 830 super
1634 795 1811 830 plenitudine:

1021 848 1151 875 aquarum
1160 840 1192 873 ⁸⁸,
1210 839 1354 876 [alludens]
1379 840 1412 867 ad
1437 840 1538 867 donum
1560 840 1732 875 baptismatis
1748 849 1754 866 :
1773 839 1810 867 ibi

1020 885 1095 911 enim
1110 884 1227 920 Spiritus
1242 884 1478 920 participationem
1491 883 1606 919 praebuit
1624 883 1808 911 credentibus.

183 918 339 967 λινεύματος
355 918 476 967 παρέσχε
489 932 545 963 τοῖς
558 918 740 958 πιστεύουσιν.
752 918 831 957 ὀῦτω
844 931 914 957 κατὰ
923 930 968 957 τὸν

1022 930 1065 958 Sic
1078 918 1199 965 tempore
1212 918 1349 965 passionis
1362 918 1533 963 defecerunt,
1554 934 1582 957 et
1599 929 1720 964 dissipati
1736 933 1809 958 sunt.

183 977 276 1013 καιρὸν
293 975 339 1003 τοῦ
357 976 461 1008 πάθους
475 976 599 1009 ἐξέλιπόν
614 984 642 1002 τε
669 975 716 1002 καὶ
738 975 968 1011 ἐσκορπίσθησαν,

182 1022 298 1058 ὁρῶντες
313 1022 429 1057 Χριστὸν
444 1021 492 1048 ὲπὶ
505 1021 550 1048 τὸν
562 1021 628 1048 Θεὸν
637 1021 683 1048 τὸν
694 1021 801 1056 Πατέρα
814 1020 860 1047 τὸν
871 1021 970 1047 οἰκεῖον

183 1069 333 1100 ἐλπίζοντα,
348 1069 394 1094 καὶ
419 1067 533 1102 λέγοντα
543 1074 550 1082 ·
571 1066 667 1099 Ἐλωῒ,
683 1066 777 1099 Ἐλωτ,
794 1067 970 1101 λαμασασα-

183 1114 280 1149 χθανή
291 1122 299 1130 ο
319 1114 433 1149 ἠγνόουν
448 1114 502 1149 γὰρ
516 1113 558 1140 ὃτι
575 1113 624 1149 τὴν
646 1113 761 1148 δύναμιν
776 1113 825 1148 τὴν
839 1112 942 1139 οίκείαν
957 1113 970 1139 ὁ

183 1160 249 1192 θεὸς
266 1160 450 1193 συνέστελλεν,
468 1159 538 1186 ὥστε
553 1159 647 1195 καιρὸν
662 1159 787 1193 γενέσθαι
806 1159 860 1190 τοῖς
882 1157 969 1193 παθή-

185 1214 277 1242 μασιν.

221 1262 230 1278 ι
241 1250 463 1287 Ὲπληθύνθησαν
476 1250 545 1286 ὑπὲρ
559 1250 608 1282 τὰς
622 1250 728 1285 τρίχας.
746 1259 756 1276 ι

219 1298 322 1333 Τρίχας
342 1297 438 1325 ἑαυτοῦ
459 1296 523 1328 τοὺς
546 1297 657 1328 πιστοὺς
671 1296 867 1332 λέγει.”Ωσπερ
885 1297 938 1332 γὰρ
954 1297 970 1332 ἠ

185 1344 290 1379 κεφαλὴ
306 1343 353 1371 ἐπὶ
364 1344 423 1374 ταῖς
438 1342 535 1378 θριξὶν,
549 1341 620 1369 οὓτω
634 1342 680 1369 καὶ
695 1343 709 1369 ὁ
723 1342 839 1378 Χριστὸς
855 1343 901 1369 ἐπὶ
916 1344 971 1376 τοῖς

187 1391 291 1421 πιστοῖς
305 1398 334 1417 σε
338 1389 477 1424 μνύνεται.

223 1445 232 1460 ι
245 1435 510 1470 Ἀπηλλοτριωμένος
527 1434 669 1471 ἐγενήθην.
685 1443 694 1460 ι

219 1480 299 1512 Ξένιος
312 1481 408 1516 γέγονε
425 1480 497 1508 κατὰ
509 1480 554 1507 τὸν
566 1480 661 1516 καιρὸν
671 1479 718 1506 τοῦ
729 1479 842 1511 πάθους,
851 1480 895 1506 ὅτε
905 1479 972 1506 πάν-

185 1534 229 1556 τες
245 1526 270 1552 οἱ
287 1526 404 1560 μαθηταὶ
417 1525 498 1552 αὑτοῦ
515 1525 628 1559 ἀφέντες
640 1525 721 1551 αὑτὸν
737 1525 848 1558 ἔφυγον,
859 1524 972 1560 Μητέρα

185 1571 214 1598 δὲ
231 1571 337 1606 νοήσεις
351 1571 400 1606 τὴν
414 1571 621 1601 τῶν,Ἰουδαίων
633 1570 805 1606 Συναγωγὴν,
818 1571 865 1597 καὶ
882 1572 972 1597 πᾶσαν

186 1617 235 1652 τὴν
245 1617 316 1644 κατὰ
328 1617 416 1652 σάρκα
430 1617 588 1651 συγγένειαν
602 1616 656 1643 τῶν
669 1617 700 1643 ὲκ
714 1618 865 1652 περιτομῆς
875 1625 883 1632 ⁸
897 1617 972 1648 υἱοὺς

187 1662 214 1688 δὲ
233 1662 343 1696 ταύτης,
361 1663 423 1693 τοὺς
435 1663 640 1697 ἀρνησαμένους
652 1662 742 1695 αὐτὸν,
759 1662 804 1689 καὶ
819 1658 972 1698 είρηκότάς·

190 1710 211 1734 Τ
209 1708 300 1735 miror
311 1708 344 1734 δὲ
357 1709 412 1735 οὐκ
427 1708 550 1742 οἴδαμεν
561 1708 652 1735 πόθεν
664 1708 740 1735 ἐστι.
756 1707 837 1735 Ξένον
852 1708 880 1735 δὲ
893 1708 974 1735 πάλιν

188 1753 302 1789 ἡγοῦντο
325 1753 450 1788 λέγοντες
461 1762 467 1768 ·
484 1754 525 1780 Oi)
543 1752 643 1786 καλῶς
659 1753 796 1788 λέγομεν,
817 1753 862 1780 ὅτι
878 1755 974 1790 Σαμα-

183 1800 286 1833 ρείτης
300 1797 335 1831 εἴ,
354 1800 402 1827 καί
418 1799 572 1833 δαιμόνιον
587 1799 680 1835 sxw,-
701 1799 779 1826 Οὕτω
792 1799 867 1833 ξένος
879 1800 973 1833 γέγονε

188 1847 243 1877 τοῖς
258 1846 325 1877 υἱοῖς
339 1847 389 1881 τῆς
406 1845 509 1881 μητρὸς
526 1845 621 1872 αὐτοῦ.

225 1945 236 1962 ι
250 1936 305 1962 Καὶ
319 1936 419 1971 ἐθέμην
435 1936 465 1963 τὸ
481 1935 583 1970 ἔνδυμά.
598 1944 648 1970 μου
662 1935 772 1962 σάκκον.
785 1944 794 1961 ›

224 1982 329 2009 Σάκκον
344 1983 398 2018 γὰρ
412 1982 520 2018 ἀληθῶς
534 1983 564 2009 τὸ
574 1982 660 2017 τραχὺ
674 1983 723 2017 τῆς
736 1981 872 2018 ἡμετέρας
886 1982 974 2018 ἁμαρ-

190 2028 248 2059 τίας
266 2028 421 2055 ἐνεδύσατο.

227 2083 236 2099 ι
250 2073 318 2099 Κατ’
331 2066 580 2108 ὲμοῖἡδολέσχουν.
596 2081 605 2098 ι

224 2119 294 2151 Τοὺς
311 2119 473 2151 ’Ῑουδαῖκοὺς
487 2119 621 2154 ἄρχοντας
635 2118 718 2153 λέγει.
728 2119 771 2145 Ἐν
787 2120 818 2155 τῇ
834 2118 904 2154 πύλῃ
919 2117 974 2153 γὰρ

189 2165 247 2197 Ξθος
262 2163 296 2201 ἦν
307 2166 355 2200 τὴν
364 2166 418 2191 τῶν
435 2165 570 2192 Ἰουδαίων
583 2165 726 2200 γερουσίαν
742 2164 907 2198 καθέζεσθαι
916 2173 922 2180 ”
936 2165 974 2196 ὡς

188 2212 220 2237 ὲκ
237 2213 286 2246 τῆς
304 2211 424 2246 ἱστορίας
442 2211 490 2245 τῆς
513 2210 582 2239 κατὰ
602 2210 651 2246 τὴν
667 2210 743 2238 Ῥοὺθ
765 2211 812 2238 καὶ
836 2210 881 2237 τὸν
906 2210 973 2243 Bob;

189 2257 318 2293 κειμένης
336 2257 498 2292 εὑρήσομεν.

227 2311 237 2327 ι
253 2302 306 2328 Καὶ
321 2303 360 2333 εἰς
375 2302 425 2338 ἐμὲ
442 2302 555 2337 ἔψαλλον
570 2303 593 2328 οί
607 2302 739 2334 πίνοντες.
757 2312 766 2328 ι

225 2349 304 2375 Ποῖον
320 2346 390 2375 οἶνον
402 2357 409 2381 ;
422 2348 473 2375 Τὸν
494 2348 636 2382 μυστικόν.
646 2349 759 2375 Ἐκεῖνοι
779 2348 832 2383 γὰρ
848 2349 899 2375 οὐκ
915 2348 975 2383 ἡδο-

186 2393 311 2428 )έσχουν,
327 2393 384 2420 ἀλλ’
397 2393 524 2427 ἔψαλλον·
549 2393 587 2425 ὡς
611 2394 677 2428 περὶ
699 2393 765 2420 Θεοῦ
791 2394 836 2421 τοῦ
856 2394 973 2430 Χριστοῦ

187 2440 251 2470 τοὺς
268 2439 370 2475 ὖμνους
384 2441 448 2472 τοὺς
462 2440 648 2475 προφητικοὺς
664 2440 798 2474 λέγοντες.

226 2485 286 2512 Ἔτι
304 2487 366 2520 περὶ
382 2486 437 2512 τῶν
453 2486 587 2513 Ἰουδαίων
602 2485 685 2520 λέγει,
703 2486 800 2517 οἵτινες
818 2486 898 2512 αὐτὸν
914 2486 974 2521 ἐμί-

190 2539 263 2563 σουν,
274 2531 312 2562 ὡς
327 2532 366 2562 εἰς
383 2531 527 2566 πρόσωπον
540 2531 628 2559 αὐτῶν
642 2531 786 2566 ἐλέγχοντα
800 2531 848 2566 τὴν
863 2531 977 2566 ὑπόκρι-

189 2585 231 2602 σιν
241 2586 249 2593 ο
264 2578 292 2602 ἐν
307 2576 384 2612 βάθει
394 2577 422 2604 δὲ
430 2577 460 2604 τὸ
475 2577 546 2613 ὕδωρ
560 2577 610 2612 τῆς
626 2577 723 2608 κακίας
738 2576 895 2612 ἐκέκτηντο,
905 2577 976 2604 ὥστε

189 2623 254 2649 ποτὲ
278 2623 328 2657 μὲν
343 2623 422 2651 αὐτὸν
436 2623 540 2657 Ῥα66ὶ,
555 2623 619 2650 ποτὲ
633 2623 662 2649 δὲ
675 2622 761 2658 ἀληθῆ
779 2622 826 2649 καὶ
841 2622 893 2649 ἀπὸ
909 2622 976 2650 Θεοῦ

189 2669 403 2704 προσαγορεύειν
417 2669 558 2704 ἄνθρωπον
568 2688 575 2702 ,
592 2669 640 2705 τὴν
656 2669 788 2704 πονηρίαν
803 2670 833 2696 ἐν
847 2668 886 2704 τῷ
899 2669 976 2704 βάθει

187 2715 238 2750 τῆς
253 2716 368 2751 καρδίας
381 2715 613 2751 ἀποκρύπτοντες.

224 2862 246 2876 ⁸⁷
264 2860 315 2886 lsa.
332 2867 391 2892 xcv,
410 2861 452 2887 15.
492 2860 513 2875 ⁵³
527 2859 604 2887 Cant.
627 2867 654 2893 ν,
683 2859 724 2886 Η..
763 2858 785 2874 "
795 2857 876 2885 Marc.
898 2865 942 2890 xv,
964 2857 971 2884 ξ

1049 2858 1070 2874 ⁸ο
1082 2858 1159 2886 Joan.
1175 2866 1210 2892 ix,
1228 2858 1272 2885 ‘29.
1301 2859 1410 2886 "Joan.
1425 2867 1484 2891 vlll,
1504 2858 1546 2885 48.

190 2896 213 2911 ⁸³
236 2895 328 2922 \Iallh.
346 2903 410 2928 nu,
431 2895 470 2922 l6.

1019 976 1143 1004 videntes
1156 976 1294 1004 Christum
1309 976 1336 1003 in
1350 976 1433 1004 Deum
1445 975 1552 1003 Patrem
1564 983 1644 1004 suum
1655 979 1809 1010 sperantem

1019 1026 1046 1048 et
1056 1021 1192 1049 dicentem
1208 1031 1214 1048 :
1227 1021 1286 1049 Elei
1298 1043 1304 1055 ,
1317 1022 1388 1054 Eloi,
1408 1021 1508 1048 lemma
1521 1021 1726 1048 suboriri/lani"
1740 1029 1747 1047 :
1761 1027 1810 1046 nev

1020 1067 1142 1095 sciebant
1161 1075 1260 1101 nempe
1285 1069 1368 1094 Deum
1394 1067 1523 1094 virtutem
1540 1066 1677 1102 propriam
1701 1071 1811 1093 contra-

1021 1113 1103 1147 xisse,
1119 1119 1147 1141 ut
1161 1113 1351 1150 opportunitas
1367 1113 1479 1141 daretur
1494 1113 1623 1148 patiendi.

1058 1243 1137 1271 Vens.
1153 1243 1178 1271 5.
1203 1253 1212 1269 ι
1228 1243 1395 1278 Multiplicati
1411 1248 1475 1271 sunt
1488 1252 1571 1279 super
1583 1244 1706 1278 capillos.
1720 1253 1729 1269 ι

1055 1290 1172 1325 Capillos
1195 1298 1259 1319 suos
1271 1294 1351 1318 vocat
1367 1290 1469 1317 ﬁdeles.
1486 1290 1563 1317 Sicut
1585 1290 1658 1316 enim
1679 1294 1761 1324 caput
1782 1289 1809 1316 in

1021 1335 1134 1371 capillis,
1147 1336 1183 1362 ita
1197 1337 1278 1363 etiam
1289 1335 1414 1363 Christus
1428 1336 1455 1363 in
1474 1335 1601 1363 ﬁdelibus
1615 1335 1790 1371 gloriﬁcatur.

1056 1424 1136 1451 Vaas.
1152 1424 1178 1452 9.
1203 1434 1211 1450 ι
1224 1424 1363 1452 Alieniuus
1376 1424 1464 1452 factus
1480 1433 1551 1452 sum.
1571 1435 1580 1450 ›

1055 1471 1217 1507 Peregrinus
1239 1472 1326 1499 factus
1339 1476 1381 1500 est
1394 1477 1518 1507 tempore
1534 1472 1680 1507 passionis,
1701 1473 1810 1507 quando

1021 1526 1118 1546 omnes
1138 1519 1265 1553 discipuli
1289 1519 1348 1553 ejus
1368 1519 1541 1547 dimittentes
1565 1518 1654 1554 ipsum
1671 1519 1808 1555 fugerunt.

1024 1564 1134 1591 Matrem
1155 1569 1244 1591 autem
1259 1564 1394 1600 intelliges
1407 1563 1575 1600 Synagogam
1595 1564 1749 1592 Iudaeorum
1760 1584 1767 1595 ,
1783 1569 1812 1591 et

1025 1617 1133 1636 omnem
1148 1610 1296 1637 secundum
1311 1617 1424 1643 carnem
1447 1610 1638 1644 cognationem
1654 1617 1748 1638 eorum
1764 1611 1809 1645 qui

1024 1659 1088 1682 sunt
1110 1655 1144 1682 de
1164 1655 1387 1688 circumcisione;
1414 1655 1483 1682 ﬁlios
1499 1663 1564 1682 vero
1580 1656 1672 1690 hujus,
1691 1656 1750 1683 illos
1765 1657 1811 1690 qui

1025 1700 1112 1735 ipsum
1136 1705 1304 1736 negaverunt
1317 1705 1345 1728 et
1359 1701 1487 1729 dixerunt
1505 1710 1510 1727 ι
1528 1701 1603 1728 Hum:
1617 1707 1705 1729 autem
1728 1702 1811 1729 uesci-

1025 1755 1082 1774 mtu
1096 1747 1167 1774 unde
1181 1747 1214 1775 sit
1224 1748 1257 1774 ⁶⁰.
1270 1747 1374 1775 Rursus
1390 1752 1482 1775 autem
1496 1749 1673 1785 peregrinum
1690 1748 1811 1775 arbitrati

1025 1797 1088 1819 sunt
1105 1792 1228 1820 dicentes
1244 1803 1250 1820 :
1267 1793 1360 1820 Nonne
1376 1793 1439 1821 bene
1451 1794 1570 1825 dicimus,
1586 1794 1647 1828 quia
1660 1793 1812 1821 Samarita-

1025 1846 1072 1864 nus
1087 1846 1112 1865 es
1126 1843 1153 1865 tu
1166 1858 1173 1870 ,
1188 1843 1211 1865 et
1226 1839 1385 1866 damouium
1401 1839 1530 1865 habet“?
1546 1839 1584 1866 Ita
1597 1839 1757 1874 peregrinus
1772 1840 1812 1866 l'a-

1024 1889 1084 1911 ctus
1099 1889 1141 1912 est
1155 1885 1216 1912 ﬁliis
1231 1885 1325 1912 matris
1340 1892 1406 1912 ευςε.

1060 1929 1139 1957 Vens.
1153 1930 1196 1957 I2.
1209 1930 1257 1957 «Et
1270 1930 1347 1964 posui
1356 1930 1548 1957 vestimentum
1565 1937 1654 1958 meum
1665 1931 1808 1958 cilicium.»

1059 1975 1182 2003 Cilicium
1198 1983 1263 2004 vere
1280 1984 1407 2011 asperum
1426 1975 1530 2011 peccati
1549 1976 1634 2003 nostri
1648 1976 1747 2003 induit.

1060 2067 1141 2095 Vens.
1160 2068 1202 2095 15.
1226 2077 1234 2092 ι
1250 2068 1397 2094 Adversum
1414 2075 1456 2094 me
1468 2067 1657 2102 loquebantur.
1676 2077 1685 2092 ι

1058 2111 1202 2146 Principes
1216 2111 1343 2139 Iudaicos
1360 2111 1435 2139 dicit.
1452 2111 1593 2146 Siquidem
1606 2113 1690 2139 moris
1704 2117 1763 2139 erat
1782 2119 1809 2140 ut

1023 2159 1179 2186 Iudaeorum
1198 2158 1320 2186 seniores
1336 2158 1363 2185 in
1385 2162 1462 2192 porta
1485 2158 1622 2192 sederent,
1642 2158 1712 2186 sicut
1729 2159 1756 2186 iu
1771 2159 1812 2187 hi-

1025 2204 1107 2233 storia
1121 2203 1195 2232 Ruth
1210 2209 1237 2231 et
1250 2203 1320 2231 Booz
1333 2203 1511 2238 reperiemus.

1034 2325 1038 2329 .
1061 2302 1141 2330 Vens.
1158 2302 1200 2329 15.
1220 2310 1229 2328 ι
1244 2301 1277 2328 Et
1289 2301 1315 2328 in
1334 2309 1376 2328 me
1389 2302 1543 2337 psallebant
1558 2303 1603 2337 qui
1619 2303 1757 2335 bibebant.
1775 2314 1783 2331 ν

1061 2348 1146 2382 Quale
1161 2348 1254 2376 vinum
1266 2349 1277 2375 ?
1290 2347 1440 2384 Mysticum.
1457 2348 1496 2375 Illi
1509 2350 1583 2376 enim
1600 2357 1653 2376 non
1673 2351 1814 2385 uagaban-

1027 2400 1080 2428 tur,
1094 2395 1141 2422 sed
1162 2395 1314 2430 psallebant
1328 2404 1335 2422 :
1353 2403 1452 2430 nempe
1463 2395 1499 2422 de
1515 2395 1568 2422 Deo
1578 2395 1688 2423 Christo
1698 2396 1813 2432 hymnos

1027 2441 1202 2476 propheticos
1215 2441 1372 2470 recitantes.

1062 2487 1159 2514 Adhuc
1183 2487 1217 2514 de
1241 2486 1342 2513 Judaeis
1355 2486 1418 2521 agit,
1431 2486 1475 2520 qui
1502 2487 1590 2521 ipsum
1609 2487 1731 2520 oderant,
1754 2491 1814 2514 tan-

1026 2540 1107 2567 quam
1124 2532 1169 2567 qui
1185 2532 1213 2559 in
1233 2532 1330 2562 {aciem
1347 2532 1467 2566 ipsorum
1496 2532 1648 2568 hypocrisin
1669 2533 1814 2569 redargue-

1026 2577 1073 2605 bat
1091 2587 1098 2604 :
1116 2577 1142 2604 in
1160 2577 1295 2612 profundo
1316 2581 1407 2607 autem
1431 2585 1528 2612 aquam
1554 2578 1664 2606 malitiae
1683 2580 1815 2607 reconde-

1026 2624 1109 2656 bant,
1128 2624 1162 2652 ita
1179 2628 1209 2652 ut
1222 2631 1417 2659 nonnunquam
1441 2624 1550 2658 quidem
1572 2623 1659 2657 ipsum
1683 2625 1769 2652 Rabbi
1781 2625 1814 2656 ".

1027 2670 1171 2704 aliquando
1183 2677 1247 2697 vero
1260 2677 1384 2697 νοηθείη
1397 2673 1423 2696 et
1437 2669 1574 2699 hominem
1594 2677 1609 2697 ιι
1625 2669 1680 2697 Deo
1699 2670 1815 2697 missum

1029 2715 1191 2746 dicerent",
1213 2715 1408 2751 malignitatem
1433 2715 1461 2742 in
1481 2714 1566 2742 fundo
1590 2715 1680 2743 cordis
1699 2715 1815 2742 abscon-

1029 2761 1135 2789 dentes.

1599 2858 1620 2875 ⁸³
1635 2857 1715 2885 Joan.
1728 2865 1770 2891 tn,
1785 2856 1812 2885 2.
