2056 3148
251 219 315 252 1231

286 278 362 304 Vens.
379 277 419 303 l7.
444 285 453 300 ι
471 273 572 302 Exaudi
584 281 640 305 me,
660 273 783 300 Domine.
801 284 810 299 ι

285 323 316 350 [Ct
337 322 401 356 quid
424 328 492 355 opus
509 319 654 354 Unigenito
670 319 855 351 exauditione,
881 327 942 346 cum
966 318 1038 345 Patri

248 377 297 404 par
312 365 389 394 sit‘et
404 365 535 400 aequalis?
556 365 672 400 Ipsemet
688 373 797 391 causam
815 364 933 392 reddidit
949 364 1039 396 πρηθ-

249 415 320 440 nium
338 413 448 445 benigna
467 415 504 437 est
519 409 700 436 misericordia
718 414 773 435 tua.
790 407 817 435 ld
835 413 886 439 est.
900 408 963 435 Ideo
974 414 1055 441 opus-

248 460 337 486 babeo
365 457 498 489 exaudiri,
514 456 577 491 quia
604 461 716 490 propter
743 454 940 489 benignitatem
968 458 1040 480 tuam

248 506 330 531 homo
354 504 442 530 factus
467 510 537 533 sum,
552 507 579 529 et
594 509 642 536 pro
654 501 783 528 omnibus
798 499 964 531 hominibus,
980 507 1041 526 cum

246 552 306 586 jure
322 551 392 577 Deus
412 557 512 581 essem,
527 549 586 575 haec
602 548 684 575 etiam
701 547 830 582 suscipio.

286 599 365 625 Vens.
384 597 426 624 l9.
451 606 460 622 ‹
473 596 587 623 lntende
603 595 701 622 animae
717 602 794 621 meae.
812 603 820 619 ι

283 643 353 676 Quid
367 647 409 669 est
424 641 545 669 intende?
558 640 635 672 Vide,
655 639 753 674 inquit,
769 639 873 673 ipsam,.
889 637 962 673 quod
988 644 1042 664 non

249 690 283 716 sit
299 688 386 716 solum
400 687 530 718 hominis,
553 685 599 712 sed
620 685 703 712 etiam
727 684 774 711 Dei
800 683 936 711 incarnati
955 692 960 710 :
976 691 1044 718 quo-

249 735 323 762 niam
338 741 392 760 non
409 741 458 768 pro
475 740 535 763 sua,
550 731 597 758 sed
616 739 666 766 pro
687 730 826 758 communi
841 729 968 756 libertate
983 736 1045 764 pas-

249 779 341 806 siones
365 778 522 812 assumpsit.
549 776 618 809 Quia
641 780 796 810 potestatem
822 775 904 801 habeo
931 774 1046 809 ponendi

250 833 308 851 eam
319 845 325 857 ,
348 828 371 851 et
387 827 540 858 potestatem
555 821 636 848 habeo
653 822 749 847 iterum
764 820 882 847 sumendi
896 819 995 845 eam“.
1007 818 1046 846 Te

250 875 339 898 autem
357 869 435 896 simul
451 876 501 903 pro
517 869 576 903 ipsa
592 868 724 902 deprecor
739 869 852 901 propter
874 865 964 892 carnis
979 865 1046 892 sub—

247 915 409 950 jcetionem.

284 961 418 994 Quoniam
441 967 496 988 non
519 967 570 995 pro
586 959 691 994 meipso
703 960 765 991 ista,
782 959 828 986 sed
846 967 895 994 pro
912 963 967 986 tota
991 965 1040 984 na-

250 1013 310 1035 tura
331 1007 451 1034 humana
474 1006 610 1039 sustinui;
638 1007 717 1041 cujus
734 1013 795 1032 cum
813 1010 923 1040 peccata
939 1012 1041 1040 geram,

250 1053 405 1081 necessario
422 1054 504 1080 etiam
518 1052 678 1080 eorumdem
694 1053 826 1087 pudorem
841 1052 971 1079 sustinui.

286 1099 369 1127 Vens.
386 1099 431 1126 22.
455 1109 464 1124 ι
480 1099 512 1126 Et
526 1098 661 1126 dederunt
677 1098 809 1125 ili/eseam
829 1105 918 1125 meam
930 1096 976 1124 fel.
995 1107 1003 1122 ι

287 1146 342 1173 lloe
352 1146 435 1172 etiam
447 1145 536 1172 crucis
546 1149 668 1179 tempore
677 1144 818 1179 impletum
827 1142 1041 1178 reperiemus":

250 1199 313 1218 nam
331 1190 417 1218 Judaei
431 1194 496 1217 tunc
509 1189 534 1217 ei
548 1194 655 1217 acetum
671 1193 698 1216 et
712 1189 748 1216 fel
764 1188 935 1216 obtulerunt.

287 1281 370 1309 Vens.
384 1281 429 1308 29.
452 1289 462 1306 ι
478 1279 625 1306 Delcantnr
637 1278 671 1305 de
683 1278 754 1305 libro
767 1277 928 1305 viventium.
943 1286 951 1302 ι

286 1327 342 1354 Etsi
359 1327 442 1358 enim,
459 1325 557 1360 inquit,
574 1324 696 1358 inscripti
713 1324 769 1351 sint
781 1324 862 1358 primi
875 1327 986 1358 propter
997 1330 1045 1357 pa-

253 1380 308 1402 tres
327 1381 391 1401 suos
407 1373 452 1407 qui
470 1371 541 1407 apud
564 1371 649 1398 Deum
664 1370 762 1398 vivunt
784 1370 868 1405 (unde
881 1370 963 1397 etiam
979 1368 1045 1403 ipsis

253 1422 331 1447 facta:
353 1423 417 1446 sunt
440 1417 657 1453 promissiones),
673 1424 768 1444 verum
784 1424 845 1444 cum
865 1416 927 1442 talia
946 1415 1046 1442 fuerint

253 1468 321 1499 ausi,
339 1466 491 1497 deleantur,
504 1471 593 1499 neque
617 1471 632 1490 a
655 1463 720 1494 Deo,
743 1462 842 1497 inquit,
861 1461 1046 1488 inscribuntur

254 1519 315 1539 cum
327 1511 408 1546 juslis
420 1509 526 1540 electis,
536 1512 562 1535 et
575 1501 621 1542 qui
633 1507 704 1542 apud
714 1506 803 1542 ipsum
817 1506 871 1532 vita
884 1504 957 1540 digni
970 1507 1044 1537 sunt,

255 1562 348 1592 utpote
361 1556 406 1591 qni
423 1560 562 1583 auctorem
580 1553 675 1580 salutis
689 1552 845 1588 rejecerint.

289 1646 369 1672 Vens.
386 1643 430 1670 50.
454 1652 463 1668 ι
476 1642 583 1676 Pauper
596 1645 623 1668 ct
640 1641 735 1668 dolens
752 1648 811 1667 sum
829 1648 888 1675 ego.
903 1650 912 1666 ι

287 1690 410 1717 tandem
424 1692 504 1715 vocat
515 1686 711 1716 laudationem.
730 1694 790 1720 qua:
805 1686 855 1721 ipsi
870 1686 903 1713 ab
919 1685 1045 1713 universa

255 1739 380 1763 creatura
395 1733 566 1760 naturalibus
579 1731 698 1759 motibus
721 1731 809 1765 ipsum
833 1732 961 1760 laudante
984 1740 1046 1767 pro-

257 1781 353 1808 fertur.
372 1779 493 1806 Eeclesia
510 1778 591 1813 igitur
609 1785 664 1804 non
681 1777 769 1804 solum
785 1785 957 1805 communem
973 1778 1045 1805 illam

257 1834 319 1854 cum
336 1829 459 1853 creatura
472 1823 659 1851 laudationem
674 1826 703 1850 se
716 1823 870 1850 oblaturam
890 1823 1044 1859 pollicetur,

257 1873 303 1900 sed
318 1879 380 1899 cum
395 1870 501 1898 cantico
516 1870 725 1901 celebraturam,
739 1869 765 1896 id
780 1874 831 1900 est,
841 1869 989 1904 spiritalem
1005 1875 1047 1897 at-

256 1916 529 1954 queintellectualem
544 1915 718 1951 hymnodiam
728 1915 891 1943 oblaturam.
906 1915 963 1943 lioc
972 1917 1046 1944 enim

256 1963 366 2000 proprie
382 1967 424 1990 est
442 1966 554 1989 cantare
569 1962 640 1989 Deo.

234 2019 238 2027 -
292 2009 371 2036 Vens.
387 2009 431 2036 51.
455 2017 465 2034 ‹
478 2008 607 2035 Laudabo
626 2016 725 2035 nomen
742 2009 787 2036 Dei
802 2017 864 2037 eum
880 2014 996 2037 cantico.
1009 2019 1018 2036 ›

293 2054 443 2082 Rationalis
455 2054 528 2081 enim
543 2053 662 2081 laudatio
673 2061 729 2088 prae
740 2055 815 2082 cultu
829 2055 909 2091 legali
923 2056 978 2082 Deo
989 2055 1047 2090 pla-

257 2110 288 2129 CC
293 2107 310 2129 Ι..

514 2143 672 2172 PSALMUS
685 2143 787 2181 ‘thx,

291 2192 375 2219 ’Vizns.
388 2191 518 2223 2;:Deus,
534 2191 562 2217 in
576 2191 739 2226 adjutovitnn
760 2198 861 2218 meum.
875 2201 884 2217 ι

295 2238 406 2265 Beatum
419 2242 459 2264 est
467 2245 528 2264 eum
540 2241 613 2264 tanta
624 2237 722 2264 ﬁ'ducia
731 2237 815 2264 Deum
825 2245 914 2268 orare,
923 2241 951 2265 ut
962 2237 1045 2265 etiam

840 217 1022 248 HESYCHII
1050 217 1287 247 PRESBYTER]

884 274 892 280 ¹
1054 275 1075 302 Α
1129 282 1138 298 ι
1155 273 1325 300 Είσάκουσόν
1341 282 1402 308 μου.
1419 273 1514 308 Κύριε.
1533 281 1543 299 ι

1819 213 1886 246 1932

1127 319 1183 346 Kal
1197 319 1224 345 τί
1249 318 1346 355 χρῄζει
1369 320 1383 345 ὁ
1410 319 1566 354 Μονογενὴς
1580 317 1803 353 εἰσακουσθῆναι,
1829 317 1887 349 ἴσος

1091 364 1128 391 ὣν
1141 365 1180 399 τῷ
1192 365 1280 400 Πατρὶ
1298 365 1346 392 καὶ
1362 365 1510 399 ὁμότιμος,
1528 365 1612 396 Αὐτὸς
1629 366 1677 402 τὴν
1691 364 1783 392 αίτῑαν
1794 364 1886 398 λέγει-

1092 414 1153 440 "Ott
1177 413 1314 448 χρηστὸν
1337 414 1371 440 τὸ
1393 413 1481 446 ἔλεός
1505 414 1730 444 σου.Τουτέστι,
1747 412 1797 438 Διὰ
1810 411 1889 437 τοῦτ)

1092 459 1303 494 εἰσακουσθῆναι
1317 459 1423 494 χρῄζω,
1444 459 1538 494 ἐπειδὴ
1553 459 1696 494 ἄνθρωπος
1713 458 1758 484 διὰ
1774 463 1822 492 την
1839 456 1888 491 σὴν

1093 504 1300 539 φιλανθρωπίαν
1315 506 1427 538 γέγονα,
1446 505 1493 530 καὶ
1508 504 1579 539 ὑπὲρ
1595 503 1705 530 πάντων
1722 501 1887 537 ἀνθρώπων»

1093 551 1207 583 εἰκότως
1219 550 1286 582 Θεὸς
1303 549 1351 582 ὢν,
1366 551 1414 576 καὶ
1430 549 1516 577 ταῦτα
1532 549 1709 585 ἀναδέχομαι.

1133 605 1143 622 ι
1158 597 1279 631 Πρόσχες
1295 597 1328 632 τῇ
1344 596 1416 631 ψυχῇ
1437 605 1499 631 μου.
1514 605 1522 621 ι

1131 642 1180 674 Τί,
1195 642 1347 676 πρόσχες;
1361 642 1425 675 Ἴδε,
1441 642 1532 677 φησὶν,
1546 642 1642 676 αὐτὴν,
1653 641 1693 668 ὅτι
1708 641 1758 668 οὑκ
1770 640 1827 667 ἐστι
1842 640 1890 676 μό-

1093 695 1139 713 νον
1152 686 1296 722 ἀνθρώπου
1307 707 1314 719 ,
1332 687 1400 713 ἀλλὰ
1418 688 1465 714 καὶ
1481 687 1668 724 σαρκωθέντος
1685 685 1753 713 Θεοῦ
1765 695 1772 702 ⁵
1787 687 1829 713 ὃτι
1841 687 1890 721 οὐχ

1095 733 1164 768 ὑπὲρ
1188 733 1285 767 αὐτῆς,
1301 733 1358 759 ἀλλ’
1375 734 1445 768 ὑπὲρ
1471 734 1563 768 κοινῆς
1589 733 1747 768 ἐλευθερίας
1764 731 1799 758 τὰ
1815 732 1889 766 πάθη

1095 778 1332 811 κατεδέξατο.”οτι
1348 778 1512 810 Ἐξουσίαν
1528 778 1586 812 ἔχω
1607 778 1701 806 θεῖναι
1715 778 1828 810 αὑτήν·
1840 777 1890 804 καὶ

1095 824 1241 855 ἐξουσίαν
1256 824 1315 858 ἔχω
1327 824 1431 850 λαϐεῖν
1445 824 1552 856 αὐτὴν,
1567 825 1613 850 Σοὶ
1630 824 1658 850 δὲ
1671 824 1746 858 ὅμως
1759 823 1830 858 ὑπὲρ
1840 823 1891 850 αὖ-

1096 868 1146 903 τῆς
1162 868 1206 895 διὰ
1223 868 1272 904 τὴν
1288 869 1426 904 ὑποταγὴν
1440 870 1489 904 τῇς
1506 869 1606 905 σαρκὸς
1618 868 1818 904 προσεύχομαι.

1130 954 1190 981 Ὀτι
1210 955 1259 989 οὐχ
1282 954 1354 989 ὑπὲρ
1377 954 1498 989 ἐμαυτοῦ
1513 955 1611 987 ταῦτα,
1633 954 1704 990 ὑπὲρ
1720 954 1748 980 δὲ
1761 953 1825 988 ὅλης
1841 955 1891 989 τῆς

1094 1000 1269 1037 ἀνθρωπίνης
1279 1000 1416 1036 ὑπέμεινα
1426 1000 1534 1034 φύσεως
1542 1009 1548 1016 ·
1559 998 1593 1036 ἦς
1604 1000 1651 1032 τὰς
1664 999 1800 1035 ἁμαρτίας
1810 1000 1890 1034 ἔχων,

1094 1046 1252 1081 ἀναγκαίως
1271 1046 1318 1072 καὶ
1335 1046 1383 1082 τὴν
1400 1046 1544 1072 ὑπἀὑτῶν
1559 1046 1692 1081 αἰσχύνην
1710 1044 1871 1077 ἐϐάσταζον.

1133 1101 1142 1117 ι
1158 1091 1213 1118 Καὶ
1228 1091 1333 1118 ἔδωκαν
1346 1093 1386 1122 εἰς
1399 1091 1429 1117 τὸ
1446 1091 1545 1126 βρῶμά
1559 1100 1610 1126 μου
1626 1091 1718 1126 χολήν,
1734 1100 1743 1116 ι

1129 1137 1209 1164 Κατὰ
1227 1138 1273 1164 ἰὸν
1288 1137 1385 1173 καιρὸν
1400 1138 1447 1164 καὶ
1464 1138 1543 1164 τοῦτο
1564 1138 1610 1164 τοῦ
1633 1137 1751 1173 σταυροῦ
1773 1137 1892 1171 εὑρήσο-

1096 1191 1146 1218 μεν
1168 1177 1401 1218 πεπληρωμένον·
1417 1183 1477 1216 ὅξος
1497 1184 1552 1218 γὰρ
1574 1185 1620 1210 καὶ
1636 1183 1717 1218 χολὴν
1741 1183 1816 1218 αὺτῷ
1829 1183 1892 1209 τότε

1095 1229 1291 1265 προσήνεγκαν
1304 1230 1330 1256 οἱ
1347 1229 1480 1256 Ἰουδαῖοι.

1132 1284 1142 1300 ι
1153 1274 1407 1310 Ἐξαλειιρθήτωσαν
1422 1276 1454 1302 ὲκ
1472 1274 1563 1310 βίϐλου
1580 1274 1702 1307 ζώντων,
1717 1285 1727 1301 ι

1133 1321 1162 1347 Εἰ
1177 1320 1231 1356 γὰρ
1245 1321 1292 1347 καὶ
1307 1321 1425 1356 πρῶτοι,
1444 1321 1526 1355 φησὶν
1539 1321 1753 1357 ,ἐνεγράφησαν
1770 1321 1813 1348 διὰ
1828 1321 1893 1353 τοὺς

1095 1367 1172 1402 παρὰ
1199 1367 1257 1403 Θεῷ
1276 1367 1381 1399 ζῶντας
1404 1368 1528 1403 πατέρας
1546 1367 1653 1394 αὐτῶν·
1671 1367 1709 1399 ὼς
1730 1368 1778 1394 καὶ
1799 1368 1893 1398 αὐτοῖς

1095 1413 1218 1440 δεδόσθαι
1234 1413 1283 1444 τὰς
1298 1413 1483 1447 ἐπαγγελίας·
1501 1412 1558 1439 ἀλλ’
1574 1408 1622 1439 οὖν
1634 1412 1747 1439 τοιαῦτα
1756 1413 1892 1448 τετολμη-

1096 1455 1185 1493 κότεξ,
1200 1459 1451 1494 ὲξαλειφθήτωσαν,
1470 1458 1537 1494 μηδὲ
1553 1458 1629 1494 παρὰ
1646 1459 1716 1494 Θεῷ,
1734 1459 1829 1494 φησὶν,
1844 1459 1893 1492 ὲγ-

1096 1506 1282 1541 γραφήτωσαν
1311 1504 1383 1540 μετὰ
1407 1503 1462 1531 τῶν
1483 1503 1689 1539 ἐκλελεγμένων
1703 1504 1826 1536 δικαίων,
1844 1505 1893 1531 καὶ

1095 1551 1145 1582 τῆς
1159 1551 1222 1585 παρ’
1235 1549 1308 1585 αὐτῷ
1321 1549 1394 1584 ζωῆς
1405 1549 1490 1576 ὄντων
1502 1549 1597 1583 ἀξίων,
1606 1550 1644 1581 ὡς
1653 1549 1698 1576 τὸν
1708 1551 1830 1586 ἀρχηγὸν
1844 1551 1893 1585 τῆς

1099 1597 1235 1632 σωτηρίας
1251 1596 1499 1632 παραιτησάμενοι.

1137 1652 1146 1668 ε
1161 1642 1273 1677 Πτωχὸς
1289 1642 1336 1669 καὶ
1349 1641 1441 1676 ἀλγῶν
1454 1643 1512 1676 εἰμι
1529 1641 1595 1676 ἐγώ.
1611 1651 1620 1667 ι

1131 1685 1211 1715 Αἶνον
1234 1688 1283 1723 τὴν
1307 1687 1460 1722 δοξολογίαν
1476 1687 1563 1719 καλεῖ,
1579 1688 1640 1723 ἦτις
1656 1688 1730 1722 αὕτῷ
1744 1689 1821 1723 παρὰ
1842 1688 1894 1723 τῆς

1097 1734 1212 1766 κτίσεως
1227 1734 1293 1770 ὅλης
1307 1735 1432 1768 φυσικοῖς
1445 1733 1597 1768 κινήμασιν
1607 1733 1688 1761 αὐτὸν
1700 1734 1894 1769 δοξολογοὺσης

1097 1780 1292 1815 προσφέρεται.
1302 1780 1336 1806 Ἦ
1353 1780 1501 1815 Ἐκκλησία
1512 1780 1601 1806 τοίνυν
1617 1780 1648 1807 οὑ
1662 1780 1742 1815 μόνον
1754 1780 1803 1816 τὴν
1823 1781 1894 1815 μετά

1097 1824 1147 1860 τῆς
1163 1825 1279 1856 κτίσεως
1304 1824 1459 1859 δοξολογίαν
1486 1824 1653 1860 προσφέρειν
1679 1825 1890 1859 ἐπαγγέλλεται,

1098 1871 1165 1897 ἀλλὰ
1184 1871 1243 1906 μετ’
1252 1870 1325 1906 ᾠδῆς
1345 1870 1486 1904 δοξάζειν,
1504 1871 1628 1897 τουτέστι
1644 1871 1832 1906 πνευματικὴν
1847 1872 1893 1897 καὶ

1097 1917 1192 1953 νοερΞιν
1217 1914 1355 1951 ὑμνῳδίαν
1378 1916 1557 1951 προσφέρειν.
1572 1916 1657 1943 Τοῦτο
1679 1917 1732 1952 γάρ
1754 1918 1828 1943 ἐστιν
1845 1918 1893 1944 ἐπὶ

1097 1962 1165 1990 Θεοῦ
1183 1963 1285 1998 κυρίως
1302 1963 1332 1988 τὺ
1346 1963 1430 1998 ᾄδειν.

1136 2019 1145 2036 ι
1159 2009 1264 2036 Αῑνέσω
1277 2008 1307 2035 τό
1321 2008 1408 2044 ὄνομα
1422 2007 1471 2035 τοῦ
1484 2008 1553 2035 Θεοῦ
1568 2017 1619 2044 μου
1637 2009 1696 2044 μετ’
1707 2009 1788 2045 ᾠδῆς.
1803 2018 1813 2035 ι

1137 2055 1169 2081 'H
1187 2055 1241 2090 γὰρ
1253 2054 1349 2090 λογικῆ
1363 2056 1466 2086 ατνεσις
1483 2055 1554 2091 ὑπὲρ
1570 2055 1619 2091 τὴν
1632 2057 1747 2092 νομικὴν
1765 2055 1893 2092 λατρείαν

1097 2101 1208 2137 ἀρέσκει
1220 2102 1258 2136 τῷ
1271 2100 1342 2136 Θεῷ.

1246 2182 1250 2186 ,
1379 2147 1526 2175 ΨΑΛΜΟΣ
1543 2147 1603 2174 ΞΘι.

1136 2203 1144 2219 ι
1156 2192 1187 2221 Ὀ
1203 2194 1278 2225 Θεὸς,
1294 2194 1335 2225 εἰς
1351 2193 1400 2227 τὴν
1417 2194 1572 2228 βοήθειαν.)

1133 2241 1277 2275 Μακάρων
1291 2240 1340 2267 σὺν
1353 2240 1474 2276 τοσαύτῃ
1493 2240 1635 2276 παρρησίᾳ
1647 2240 1685 2276 τῷ
1701 2240 1761 2276 Θεῷ
1772 2241 1893 2276 προσεύ-

259 2283 347 2319 ipsutu
368 2289 512 2318 urgeamus
526 2283 559 2309 ad
573 2282 652 2310 nobis
661 2282 860 2317 opitulandum.
870 2283 990 2310 Primum
1001 2291 1044 2311 au-

1099 2287 1205 2322 χεσθαι,
1223 2286 1295 2314 ὥστε
1317 2287 1365 2314 καὶ
1386 2287 1560 2321 κατεπείγειν
1584 2288 1665 2314 αὑτὸν
1690 2288 1729 2319 είς
1749 2288 1893 2323 ἡμετέραν

259 2337 312 2359 tem
327 2330 410 2357 Deum
429 2334 458 2357 ut
472 2329 629 2356 intenderet
641 2350 648 2362 ,
662 2333 689 2355 et
704 2329 877 2363 postmodum
895 2334 925 2357 ut
940 2330 1046 2357 accele-

258 2381 346 2407 raret.
363 2375 468 2411 rogavit
485 2383 492 2402 :
511 2375 533 2402 si
551 2374 624 2401 enim
638 2374 750 2401 omnino
766 2375 915 2402 intenderit
928 2383 1045 2410 quanam

259 2423 299 2449 vel
313 2423 385 2456 quali
404 2429 455 2456 ope
475 2421 655 2456 indigemus,
670 2420 743 2447 illico
758 2421 980 2455 commiseretur;
995 2421 1047 2448 mi-

258 2471 347 2495 sertus
361 2471 453 2494 autem
467 2466 611 2499 accelerat,
627 2471 654 2493 et
665 2474 718 2493 non
732 2466 832 2494 differt.

292 2554 375 2583 th-zns.
387 2556 414 2583 5.
437 2564 447 2581 ‹
461 2555 678 2588 Confltndantur,
694 2561 722 2583 et
740 2561 948 2585 revereantur.-)

294 2600 346 2633 Qui
362 2600 468 2627 animas
476 2604 585 2626 nostras
595 2602 709 2634 perdere
716 2607 851 2636 quaerunt,
859 2607 923 2630 sunt
932 2603 1048 2631 maxime

258 2646 396 2674 daemones
410 2654 417 2672 :
432 2649 497 2672 sunt
512 2650 601 2672 tamen
617 2647 698 2673 etiam
723 2648 848 2675 homines
862 2650 981 2683 perversi
1000 2650 1049 2676 ali-

257 2691 316 2725 qui.
329 2690 375 2725 qui
392 2691 424 2717 ad
440 2698 537 2725 pravas
551 2692 672 2719 actiones
694 2697 721 2720 et
744 2693 874 2721 absurdus
895 2695 1048 2729 voluptates

258 2744 309 2764 nos
323 2741 486 2771 provocent;
499 2745 593 2764 verum
608 2739 696 2766 neutri
712 2739 901 2774 praedictorum
923 2744 1046 2775 possunt.

258 2782 309 2810 nisi
326 2791 341 2809 a
355 2782 443 2814 nobis,
460 2783 531 2810 unde
547 2792 597 2811 nos
612 2785 738 2818 prodant.
759 2786 923 2819 acceperint,
938 2786 989 2813 nisi
1014 2786 1048 2813 li-

257 2828 327 2864 gatis
343 2828 440 2856 animae
465 2830 590 2858 manibus
615 2830 736 2856 obsecuti
758 2830 822 2865 ipsis
837 2831 979 2859 fuerimus.
995 2833 1049 2868 Ipsi

294 2918 316 2934 “
328 2917 408 2946 Joan.
425 2919 512 2952 x,18.
551 2920 572 2936 ⁵⁸
587 2919 680 2945 Matth.
696 2927 778 2952 xxvii,
792 2921 836 2948 5t.

1101 2332 1237 2368 βοήθειανζ
1255 2332 1368 2368 Πρῶτον
1387 2333 1414 2359 δὲ
1432 2333 1577 2368 προσέχειν
1595 2333 1640 2359 τίιν
1660 2332 1743 2365 Θεὸν,
1757 2334 1803 2359 καὶ
1821 2334 1894 2367 μετὰ

1099 2377 1178 2404 τοῦτο
1199 2377 1324 2412 ταχῦναι,
1347 2376 1539 2413 προσηύξατο·
1556 2377 1605 2403 ἐὰν
1622 2377 1676 2413 γὰρ
1693 2377 1760 2409 ὅλως
1782 2378 1892 2413 πρόσχῃ

1100 2423 1172 2455 τίνος
1184 2423 1200 2459 ἦ
1217 2423 1296 2455 ποίας
1309 2422 1433 2458 βοηθείας
1443 2423 1592 2458 χρῄζομεν,
1607 2421 1777 2458 παραχρῆμα
1786 2422 1893 2456 σπλαγ-

1100 2469 1237 2504 χνίζεται*
1254 2469 1464 2504 σπλαγχνισθεὶς
1481 2469 1509 2494 δὲ
1524 2468 1699 2504 ταχύνει,καὶ
1710 2469 1760 2494 οὐκ
1770 2467 1893 2495 ἀναθάλ-

1099 2515 1185 2541 λεται.

1138 2570 1147 2586 ι
1161 2560 1400 2596 Αἰσχυνθήτωσαν,
1418 2559 1465 2587 καὶ
1476 2559 1698 2594 ὲντραπήτωσαν.
1715 2568 1725 2584 ν

1135 2606 1167 2632 Ol
1185 2605 1331 2640 ζητοῦντες
1346 2604 1425 2640 ἡμῶν
1443 2605 1493 2636 τὰς
1507 2603 1596 2638 ψυχὰς
1616 2603 1782 2638 διαφθεῖραι,
1797 2604 1821 2630 οἱ
1835 2604 1894 2630 δαῖ-

1101 2652 1180 2686 μονές
1195 2652 1250 2677 εἰσι
1267 2651 1400 2686 μάλισταο
1412 2651 1523 2686 ζητοῦσι
1537 2651 1565 2677 δὲ
1580 2651 1627 2677 καὶ
1642 2651 1709 2686 πρὴς
1722 2651 1770 2682 τὰς
1786 2651 1893 2685 (paulo;

1100 2696 1225 2731 πράξεις,
1241 2697 1337 2732 ἡδονάς
1349 2705 1378 2723 τε
1389 2697 1506 2728 ἀτόπους
1519 2697 1592 2731 ἡμᾶς
1608 2696 1774 2732 ἐρεθίζοντες
1787 2696 1894 2731 ἄνθρω-

1101 2751 1161 2769 πον
1179 2743 1237 2770 ἀλλ’
1249 2743 1384 2777 οὐδέτεροι
1399 2742 1452 2769 τῶν
1466 2743 1620 2778 εἰρημένων
1633 2742 1770 2775 δύνανται,
1786 2742 1834 2768 ὲὰν
1855 2741 1894 2778 μὴ

1100 2789 1166 2824 παρ’
1190 2789 1268 2825 ἡμῶν
1287 2790 1338 2825 τὴν
1354 2789 1504 2824 καθ’ήμῶν
1519 2788 1666 2824 προδοσίαν
1684 2788 1892 2824 παραλάὸωσιν,

1103 2835 1150 2862 ἐὰν
1165 2836 1202 2871 μὴ
1217 2837 1266 2868 τὰς
1279 2837 1374 2871 χεῖρας
1388 2836 1437 2872 τῆς
1446 2835 1534 2870 ψυχῆς
1547 2834 1687 2871 δήσαντες,
1700 2837 1786 2867 οὕτως
1797 2834 1895 2866 αὐτοῖς
