2056 3148
194 185 262 220 1233

767 192 1001 223 FRAGMENTA
1021 193 1062 224 IN
1081 193 1260 225 PSALMOS.

1753 196 1821 230 1234

191 243 432 280 άκολουθήσωμςν.
441 241 522 273 οὗτοι
533 247 623 274 τοίνυν
635 247 819 283 αἰσχύνονται,
830 250 894 277 ὅταν
906 250 978 285 ἡμᾶς

1031 251 1121 286 itaque
1134 252 1349 285 confunduntur,
1363 253 1471 288 quando
1485 262 1534 282 nos
1548 255 1654 284 insidiis
1672 256 1728 283 suis
1742 256 1820 290 longe

190 289 373 326 ὑψηλοτέρους
385 292 450 319 πολὺ
464 293 514 328 τῆς
524 295 590 329 παρ’
600 295 689 322 αὐτῶν
700 295 848 331 ἐπιϐουλῆς
861 296 908 323 καὶ
917 303 982 323 κατ-

189 336 338 372 ορθοῦντας
353 337 516 368 θεάσωνται.

228 391 238 408 ι
251 382 503 419 Ἀποστραφείησαν
519 395 557 413 πα
563 387 689 422 ραυτίκα.
703 396 713 413 ι

225 424 566 462 Παραυτίκα,’τουτέστιν
581 432 694 464 εὐθέως,
711 431 760 458 καὶ
775 431 910 466 ἁναὸολῆς
926 440 981 466 χω-

190 472 242 507 pic.
250 473 331 505 Τίνας
346 474 374 500 δὲ
385 476 414 501 ἐν
423 476 500 510 τάχει
511 478 744 512 καταιοχυνθῆναι
756 477 881 513 βούλεται
891 485 899 509 ;
911 477 982 508 Τοὺς

188 517 331 552 λέγοντας·
349 517 438 555 Εὖγε,
452 518 540 556 εὖγε·
562 524 684 550 τουτέστι
709 524 772 555 τοὺς
797 523 979 557 ὲγγελῶντας,

188 565 251 596 τοὺς
273 565 481 600 κολακεύοντας,
498 569 562 600 τοὺς
580 570 755 602 ἀπατῶντας,
771 570 835 601 τοὺς
849 569 980 603 ἀποδεχος

189 611 287 643 μένους
301 610 339 642 ὡς
353 611 443 645 ἀγαθὰ
457 613 492 639 τὰ
504 612 624 649 βλαϐερὰ
634 615 682 641 καὶ
692 614 841 648 θανάσιμα.
855 612 928 647 Πλὴν
939 612 980 638 ὅτι

187 655 251 686 τοὺς
267 656 317 690 μὲν
330 658 443 692 νοητοὺς
460 658 574 694 ἐχθροὺς
588 660 823 695 καταισχυνθῐψαι
843 659 891 686 καὶ
912 658 980 685 ἁπο-

189 701 342 736 στραφῆναι
355 702 447 738 μόνον,
459 705 522 736 τοὺς
535 705 564 732 δὲ
578 705 723 739 αἰσθητοὺς
733 705 778 732 διὰ
788 705 887 740 τάχους
897 711 981 738 προσ-

187 745 298 780 εύχεται
308 754 315 761 ·
327 747 506 784 εὐκολώτεροι
516 749 570 784 γὰρ
580 746 664 783 οὗτοι,
674 750 711 782 ὡς
723 749 833 784 ἀδελφοὶ
842 750 875 784 τῇ
888 747 978 783 φύσει,

187 791 235 817 καὶ
248 791 401 826 ὁμογενεῖς,
414 794 461 820 καὶ
474 795 617 830 ὁμόφυλοι.

225 846 234 862 ι
247 837 485 871 Ἀγαλλιάσθωσαν
502 841 550 867 καὶ
569 841 810 876 εὐφρανοήτωσαν.
827 849 836 866 ι

222 882 359 918 Σωτήριον
376 884 423 911 τοῦ
448 885 556 920 Harpe;
578 887 593 912 6
613 887 731 921 Χριστὸς
755 886 929 922 ὀνομάζεται·
948 884 978 910 ὲν

187 929 263 963 αὐτῷ
285 929 341 964 γὰρ
367 931 416 957 τοῦ
444 919 542 965 γένους
554 932 608 958 τῶν
629 919 782 967 ὁινθρὼταυν
851 930 974 965 σωτηρία
992 919 1012 947 Β

188 974 445 1010 ιέπρακται.’¹0οεν
460 978 507 1004 καὶ
518 977 632 1013 Συμεὼν
645 977 790 1005 ἀπολαϐὼν
801 977 846 1004 τὸν
855 975 974 1011 Χριστὸν

189 1022 217 1047 ὲν
232 1023 292 1053 ταῖς
306 1023 440 1056 ἀγκάλαις
453 1024 529 1058 ἔλεγε
539 1031 546 1039 ³
564 1025 628 1051 Νῦν
642 1024 786 1057 ἀπολύεις
797 1024 849 1051 τὸν
862 1022 975 1050 δοῦλόν

189 1073 256 1098 σου,
275 1067 421 1100 Δέσποτα,
435 1069 510 1096 κατὰ
524 1068 557 1095 τὸ
568 1068 652 1103 ῥῆμά
664 1077 733 1102 σου,
743 1069 778 1095 ἐν
790 1067 904 1102 εἰρήνῃ·
930 1067 974 1093 ὅτι

188 1110 270 1138 algor
282 1114 310 1138 οι
325 1114 472 1148 ὀφθαλμοί
480 1123 540 1149 μου
549 1114 581 1141 τὸ
593 1114 742 1148 Σωτήριόν
755 1122 824 1141 σου.
841 1114 873 1140 Οἱ
885 1113 975 1140 τοίνυν

189 1156 268 1183 τοῦτο
285 1158 449 1192 ἀγαπῶντες
467 1159 498 1186 τὸ
519 1160 664 1195 σωτήριον,
683 1161 829 1191 διαπαντὸς
845 1159 891 1186 τὸν
909 1159 974 1185 Θεὸν

191 1203 380 1236 μεγαλύνουσι,
408 1205 529 1232 τουτέστι
560 1206 727 1239 δοξάζουσιν·
752 1207 803 1239 ὅτι,
817 1207 851 1232 τὰ
878 1205 976 1232 εἴδωλα

190 1248 395 1283 καταλιπόντες,
403 1251 448 1278 τὸν
458 1251 524 1278 Θεὸν
537 1251 695 1286 ἠγάπησαν,
705 1253 751 1279 τὸν
759 1242 843 1284 ὅντως
856 1251 975 1284 σώζοντα

189 1293 235 1319 καὶ
252 1294 454 1330 λυτρούμενονὸ

226 1347 235 1364 ι
250 1339 350 1374 Βοηθός
371 1349 422 1375 μου
435 1343 481 1370 καί⁵
497 1342 597 1378 ρύστης
615 1351 665 1377 μου
681 1340 706 1369 εἴ
724 1343 766 1370 σύ.
787 1353 796 1369 ι

224 1427 288 1455 Ὅτε
298 1428 352 1464 γὰρ
372 1429 462 1464 πάσης
476 1430 649 1466 ἀνθρωπίνης
662 1430 788 1466 βοηθείας
803 1431 974 1466 ἐκπέσωμεν,

188 1473 248 1500 τότε
262 1474 383 1501 τὸνΘεδν
395 1475 456 1502 ἀντὶ
471 1475 580 1503 πάντων
599 1476 762 1511 εὑρήσομεν.
779 1477 861 1509 Ἴσως
881 1477 909 1503 δὲ
927 1477 976 1503 καὶ

189 1521 221 1546 ὲκ
231 1519 378 1554 προσώπου
391 1521 478 1548 ταῦτα
492 1522 540 1548 τοῦ
563 1522 630 1549 λαοῦ
642 1522 697 1549 τῶν
709 1522 793 1548 ἐθνῶν
808 1523 974 1557 διαλέγεταιη

188 1563 209 1599 ᾧ
226 1566 273 1593 καὶ
294 1567 348 1598 πᾶς
371 1567 385 1593 6
406 1567 514 1602 ψαλμὸς
539 1568 652 1603 πρέπει·
676 1568 899 1604 παρακαλοῦντος
927 1569 975 1595 καὶ

188 1612 396 1646 ἐπιταχύνοντος
426 1612 473 1639 τοῦ
512 1613 631 1648 Χριστοῦ
668 1613 719 1649 τὴν
754 1614 890 1649 βοήθειαν,
928 1615 975 1642 καὶ

189 1657 421 1692 καταισχυνθῆναι
436 1658 498 1690 τοὺς
519 1659 630 1694 νοητοὺς
653 1659 780 1694 ἐχθροὺς,
795 1660 896 1695 δηλαδὴ
913 1661 975 1692 τοὺς

187 1703 329 1737 δαίμονας,
347 1704 431 1730 πολὺν
446 1705 683 1739 τετυραννηκότας
694 1706 800 1742 χρόνον,
818 1705 880 1732 καθ’
897 1705 976 1741 ἡμῶν

189 1748 369 1780 ἱκετεύοντος.
379 1746 471 1781 λοῦτος
484 1751 498 1777 6
511 1750 576 1782 λαὸς
596 1751 703 1786 πτωχὸς
719 1751 766 1778 καὶ
782 1751 878 1786 πένης*
901 1760 975 1778 πτω-

189 1794 233 1828 χὸς
247 1794 292 1821 διὰ
317 1794 366 1830 τὴν
382 1795 534 1831 ἁμαρτίαν,
551 1796 635 1832 πένης
652 1796 696 1823 διὰ
711 1797 761 1832 τὴν
779 1796 919 1825 ἀσέόειαν.

224 1881 335 1916 Βοηθὸς,
352 1881 389 1913 ὡς
418 1882 527 1917 ἰσχυρὸς
553 1883 668 1917 ρύστης,
685 1883 723 1914 ὡς
749 1883 831 1915 αὐτὸς
848 1884 976 1918 ἐνέχυρον

191 1926 259 1961 ὑπὲρ
275 1926 354 1961 ἡμῶν
367 1926 405 1962 τῷ
423 1927 532 1963 θανάτῳ
543 1928 613 1963 πρὸς
633 1929 743 1962 μικρὸν,
758 1928 828 1955 ὥστε
844 1927 976 1963 ρυσθῆναι

190 1972 238 2006 τὴν
257 1973 395 2008 ἡμετέραν
407 1973 594 2008 αἰχμαλωσίαν
604 1973 807 2007 διδόμενο;.Μὴ
817 1973 974 2007 χρονίσῃς.

197 2016 383 2050 ’Λπὲγνωσται
397 2017 452 2052 γὰρ
467 2018 541 2051 παρὰ
558 2018 668 2044 πάντων
682 2016 780 2052 ίατρῶν
793 2018 806 2043 6
822 2017 974 2052 ἄρρωστος.

191 2061 289 2096 Διόπερ
300 2061 347 2087 καὶ
367 2062 380 2088 6
401 2061 674 2096 ’Δμϐακοὺμέλεγενσ
687 2061 747 2088 Ἔτι
762 2061 870 2097 μικρὸν,
886 2060 978 2087 Ὅσον

191 2107 208 2132 ὁ
219 2106 380 2140 ἐρχόμενος
408 2105 485 2139 ἥξει,
509 2106 558 2133 καί
574 2107 610 2133 οὐ
628 2106 772 2141 χρονίσει·
788 2105 834 2132 τοῦ
850 2105 976 2141 Σωτῆρος

192 2152 361 2186 ἐπιταχύνων
376 2152 426 2187 τὴν
438 2152 541 2187 ἄφιξιν.

498 2210 644 2236 ΨΑΛΜΟΣ
665 2210 702 2236 0’.

229 2263 238 2280 ι
263 2255 308 2281 Ἐν
320 2256 352 2289 τῇ
365 2254 525 2289 δικαιοσύνῃ
536 2263 583 2280 σου
601 2254 681 2290 ῥῦσαί
696 2264 740 2290 με.
754 2264 763 2280 ι

227 2300 324 2332 Καλῶς
350 2301 418 2335 πρὸς
441 2301 482 2332 τὸ,
495 2301 537 2334 μὴ
551 2301 814 2334 καταισχυνθείην,
832 2300 867 2327 ὲν
885 2300 922 2334 τῇ
934 2300 978 2327 δι-

193 2346 341 2379 καιοσύνῃ
357 2352 425 2372 σου.
442 2346 474 2372 ει
489 2345 544 2380 γὰρ
569 2345 616 2372 καὶ
642 2345 682 2376 εἰς
698 2345 729 2371 σὲ
750 2346 886 2380 ἥμαρτον,
909 2344 979 2372 ἀλλὰ

191 2391 293 2418 τούτων
323 2400 357 2426 με
382 2391 494 2423 δικαίως
525 2391 700 2424 ἀπαλλάξεις·
722 2391 764 2417 ὅτι
791 2399 821 2417 τε
846 2391 977 2426 οὐδεμίαν

194 2436 284 2472 ἔχουσι
303 2437 404 2472 γνῶσιν
419 2438 469 2473 τῆς
483 2438 531 2473 σῆς
552 2437 653 2473 ἰσχύος,
676 2437 724 2463 καὶ
741 2437 781 2464 ὅτι
800 2436 889 2472 μάτην
902 2437 976 2472 ἡμᾶς

193 2483 328 2510 ἀδικοῦσι.

197 2538 205 2554 ι
227 2529 326 2556 κλῖνον
340 2529 408 2563 πρός
422 2538 454 2563 με
466 2529 496 2556 τὸ
513 2528 560 2560 οὖς
577 2537 634 2556 σου.
657 2539 666 2555 ι

228 2575 383 2608 Τουτέστιν,
398 2574 436 2607 ὡς
450 2575 558 2602 ἀσθενεῖ
571 2574 769 2610 συγκατάὸηθι.
787 2575 884 2602 Κλῑνον
894 2574 925 2602 τὸ
935 2573 983 2608 οὖς

195 2629 240 2647 σου
254 2621 292 2652 ὡς
304 2621 471 2657 ἁμαρτωλῷ,
494 2622 542 2648 καὶ
557 2622 595 2656 μὴ
613 2621 758 2657 δυναμένῳ
773 2622 822 2649 σὺν
839 2622 981 2658 παρρησίᾳ

194 2666 407 2701 προσεύξασθαι·
433 2667 461 2702 ἢ,
489 2667 518 2694 τὸ
549 2667 614 2702 γοῦν
640 2667 833 2703 ἀληθέστερον,
859 2668 980 2702 ἕγγισσν.

193 2712 260 2739 Οὐδὲ
274 2712 330 2748 γὰρ
347 2712 428 2748 ἡμεῖς
441 2712 552 2747 ἐγγίσαι
569 2712 607 2748 τῷ
627 2712 686 2748 Θεῷ
702 2713 857 2748 χωροῦμεν,
868 2713 916 2740 ἐὰν
934 2714 982 2749 μὴ,

193 2764 208 2786 ο
220 2759 360 2795 πανταχοῦ
382 2758 490 2795 παρὼν,
503 2759 586 2794 ἐγγὺς
602 2759 680 2794 ἡμῶν
699 2759 812 2795 γένηται
824 2761 856 2795 τῇ
873 2769 985 2795 συμπα-

194 2805 267 2841 θείᾳ.

230 2894 251 2909 ⁵⁸
265 2893 330 2922 Luc.
346 2902 376 2927 ll,
391 2894 436 2922 29.
476 2895 497 2911 ⁸⁷
512 2893 612 2922 Hahae.
626 2903 653 2927 ιι,
669 2895 697 2922 5.

1032 299 1187 334 superiores
1197 304 1225 327 et
1240 304 1313 327 recte
1326 307 1405 335 agere
1424 302 1624 336 conspexerint.

1067 382 1147 412 Vens.
1161 387 1187 413 4.
1211 395 1220 411 ι
1237 387 1401 414 Avertantur
1414 389 1516 416 statim.
1533 399 1543 415 ι

1068 432 1176 465 Statim,
1188 432 1214 459 id
1227 437 1268 460 est
1283 433 1366 465 illico,
1380 439 1407 461 et
1421 434 1481 462 sine
1492 435 1632 463 dilatione.
1643 435 1717 468 Quos
1729 440 1818 463 autem

1031 477 1174 504 confestim
1186 478 1243 505 vult
1257 479 1437 507 erubescere?
1447 480 1498 513 Qui
1513 481 1609 508 dicunt
1622 489 1629 508 :
1642 481 1724 516 Euge,
1737 490 1819 516 euge;

1031 522 1058 549 id
1068 527 1119 554 est.
1127 523 1265 556 irrisores,
1277 525 1441 559 adulatores,
1450 526 1622 561 impostorcs,
1634 528 1679 562 qui
1691 534 1818 562 tanquam

1031 568 1112 600 bona,
1131 575 1161 595 ea
1186 576 1247 603 qua:
1268 571 1347 598 noxia
1371 577 1397 598 et
1419 572 1543 599 mortalia
1566 578 1639 604 sunt.
1655 574 1817 608 suscipiunt.

1032 613 1222 642 Verumtamen
1243 615 1379 650 spiritales
1394 617 1502 651 quidem
1517 617 1641 645 inimicos
1655 619 1818 645 erubescere

1030 660 1162 687 duntaxat
1174 664 1202 688 et
1213 662 1309 693 averti.
1334 662 1380 689 sed
1395 663 1537 690 sensibiles
1552 663 1612 690 illos
1627 671 1689 690 cum
1707 663 1821 691 festina-

1031 705 1105 733 tione
1126 707 1211 733 averti
1235 708 1372 742 rogatzhi
1395 709 1469 735 enim
1492 709 1579 744 magis
1601 708 1708 741 lubrici,
1725 713 1818 743 utpote

1031 755 1128 778 natura
1145 751 1252 785 fratres,
1266 757 1294 780 et
1306 753 1428 788 ejusdem
1442 754 1550 790 generis
1560 774 1567 787 ,
1582 759 1609 782 et
1620 754 1799 782 eontribules.

1065 839 1145 866 Vens.
1158 840 1183 867 5.
1207 849 1217 866 ι
1231 840 1374 868 Exsultent
1387 846 1415 868 et
1426 841 1562 869 laetentur.
1578 851 1587 867 ι

1067 884 1192 912 Salutare
1216 885 1305 913 Patris
1335 892 1508 922 nuncupatur
1540 887 1686 914 Christus:
1710 887 1736 914 in
1757 886 1818 922 ipso

1024 929 1098 956 enim
1112 930 1218 965 generis
1231 931 1343 958 humani
1356 932 1429 959 salus
1444 931 1513 959 facta
1530 937 1581 959 est.
1603 932 1679 959 Unde
1708 937 1735 959 et
1768 933 1814 959 bi-

1025 983 1103 1002 meon
1117 975 1256 1003 Christum
1272 977 1299 1004 in
1314 977 1391 1004 ulnas
1405 977 1551 1012 excipiens
1564 978 1632 1005 dixit
1650 987 1656 1004 :
1675 977 1752 1004 Nunc
1773 978 1816 1004 di.-

1025 1021 1108 1048 mittis
1122 1029 1223 1048 servum
1267 1027 1351 1055 tuum,
1391 1022 1509 1054 Domine,
1538 1024 1679 1049 secundant
1711 1023 1817 1049 uerbum

1024 1070 1108 1097 (nam.
1134 1067 1162 1093 in
1186 1075 1262 1107 pace,
1293 1069 1357 1102 quia
1383 1068 1503 1094 viderunt
1536 1068 1605 1095 oculi
1627 1069 1677 1094 mei
1696 1067 1816 1094 salutare

1025 1116 1099 1138 tuum
1116 1113 1149 1140 “.
1180 1113 1232 1146 Qui
1261 1114 1342 1149 igitur
1363 1114 1481 1141 salutare
1510 1115 1562 1141 hoc
1573 1114 1698 1150 diligunt,
1709 1121 1816 1148 semper

1025 1158 1111 1185 Deum
1126 1159 1308 1194 magniﬁcam,
1318 1160 1346 1187 id
1361 1164 1403 1187 est
1411 1160 1581 1195 gloriﬁcant;
1597 1160 1737 1194 quoniam,
1749 1160 1814 1186 reli-

1025 1204 1175 1238 etisidolis,
1187 1206 1270 1232 Deum
1298 1206 1518 1241 dilexerunt.qui
1546 1214 1609 1234 verc
1636 1205 1759 1233 Salvator
1772 1209 1815 1233 est

1025 1257 1056 1276 ac
1083 1249 1256 1286 Redemptor.

1060 1339 1140 1365 Vens.
1156 1339 1182 1366 7.
1197 1349 1206 1364 ι
1225 1340 1339 1375 Adjutor
1369 1349 1447 1368 meus
1475 1346 1502 1368 et
1530 1341 1659 1367 liberator
1681 1347 1758 1366 meus
1786 1345 1816 1366 es

1027 1387 1065 1410 tu.
1080 1393 1089 1408 ι

1061 1429 1175 1463 Quando
1202 1431 1274 1459 enim
1307 1433 1379 1460 omni
1413 1433 1532 1460 humana
1552 1440 1602 1467 ope
1620 1432 1813 1464 exciderimus,

1026 1479 1091 1502 tunc
1101 1474 1186 1502 Deum
1201 1483 1250 1510 pro
1263 1477 1390 1504 omnibus
1406 1477 1584 1511 reperiemus.
1601 1476 1737 1504 Fortassis
1751 1483 1815 1503 vero

1026 1520 1109 1547 etiam
1123 1527 1156 1547 ex
1171 1528 1288 1555 persona
1303 1521 1394 1557 populi
1407 1522 1527 1557 gentium
1544 1522 1603 1550 lucc
1618 1522 1743 1550 edisserit
1754 1530 1761 1553 ;
1771 1521 1816 1548 cui

1027 1566 1108 1593 etiam
1120 1570 1194 1593 totus
1209 1567 1253 1594 hic
1264 1567 1386 1602 psalmus
1401 1567 1545 1599 convenit;
1562 1567 1671 1594 Christo
1683 1567 1819 1594 nimirum

1028 1612 1172 1639 invocante
1185 1613 1396 1641 etaccclerante
1415 1613 1556 1646 auxilium,
1577 1618 1657 1648 atque
1680 1612 1818 1647 spiritales

1029 1655 1164 1689 inimicos,
1182 1656 1289 1684 scilicet
1301 1657 1452 1690 daemonas,
1479 1657 1524 1691 qui
1540 1657 1620 1691 longo
1633 1661 1755 1690 tempore
1775 1660 1814 1689 ty-

1029 1700 1141 1726 rannice
1153 1707 1202 1726 nos
1215 1706 1419 1734 oppresserant,
1440 1700 1570 1727 confundi
1587 1700 1751 1735 postulante.
1768 1699 1816 1726 Hic
1830 1704 1836 1709 ’

1029 1745 1147 1780 populus
1176 1753 1279 1781 egenus
1306 1750 1334 1773 et
1360 1754 1463 1781 pauper
1487 1750 1528 1773 est
1560 1754 1566 1772 ι
1592 1754 1693 1781 egenus
1707 1745 1816 1780 quidem

1030 1796 1142 1825 propter
1156 1795 1307 1825 peccatum,
1328 1799 1431 1826 pauper
1461 1798 1527 1818 vero
1552 1796 1664 1825 propter
1690 1790 1816 1824 impieta-

1030 1839 1084 1862 tem
1089 1855 1095 1862 .

1066 1881 1190 1915 Adjutor,
1208 1887 1334 1916 tanquam
1350 1882 1427 1909 fortis
1457 1882 1597 1913 liberator,
1612 1886 1641 1908 ut
1656 1881 1700 1915 qui
1712 1885 1814 1907 semet.-

1030 1925 1118 1960 ipsum
1145 1934 1228 1961 parvo
1244 1932 1364 1961 tempore
1389 1935 1437 1962 pro
1453 1927 1533 1954 nobis
1558 1927 1584 1953 in
1613 1927 1710 1961 pignus
1735 1925 1816 1953 morti

1030 1971 1145 2004 dederit,
1173 1976 1202 1998 ut
1228 1972 1415 2006 captivitatem
1441 1977 1564 1999 nostram
1592 1972 1748 1998 redimeret.
1777 1970 1817 1996 Ne

1030 2017 1188 2044 tardaveris.
1201 2018 1326 2045 Inﬁrmus
1341 2018 1412 2045 enim
1427 2018 1460 2045 ab
1468 2017 1597 2045 omnibus
1612 2017 1723 2044 medicis
1738 2017 1818 2050 depo-

1030 2062 1101 2089 situs
1113 2067 1163 2089 est.
1175 2063 1290 2097 Propter
1299 2063 1371 2097 quod
1382 2063 1464 2090 etiam
1478 2062 1606 2089 ilabaeuc
1621 2061 1685 2088 dicit
1701 2069 1707 2087 :
1721 2061 1818 2087 Adhuc

1030 2107 1177 2140 modicum,
1198 2108 1260 2143 quia
1270 2109 1373 2135 veniens
1385 2109 1478 2141 veniet,
1507 2113 1531 2135 et
1561 2115 1611 2134 non
1641 2106 1758 2133 tardabit
1775 2106 1816 2138 '7;

1030 2153 1178 2181 Salvatoris
1190 2153 1336 2181 adventum
1353 2154 1517 2181 accclcrans.

1294 2210 1454 2239 PSAL‘MUS
1474 2211 1554 2238 LXX.

1066 2257 1148 2284 Vens.
1163 2256 1190 2283 2.
1205 2256 1259 2283 «.ln
1272 2256 1375 2291 iustitia
1391 2260 1436 2283 tua
1446 2257 1530 2283 libera
1543 2264 1596 2284 me.
1610 2265 1620 2281 ›

1067 2302 1182 2330 Pulchre
1195 2303 1228 2330 ad
1246 2303 1321 2334 illud,
1338 2311 1390 2329 non
1402 2303 1556 2338 confandar,
1573 2301 1657 2334 addit,
1667 2302 1695 2328 in
1711 2301 1818 2335 justilia

1032 2356 1087 2376 tua.
1105 2349 1163 2377 Etsi
1177 2349 1249 2376 enim
1262 2349 1328 2376 inte
1345 2348 1525 2383 peccaverim,
1539 2352 1628 2375 tamen
1645 2349 1680 2373 ab
1700 2346 1742 2373 his
1774 2353 1818 2372 me

1029 2395 1102 2430 juste
1114 2394 1262 2422 liberabis:
1277 2394 1340 2429 quia
1349 2395 1451 2421 nullam
1466 2393 1569 2421 habent
1587 2391 1756 2419 fortitudinis
1766 2395 1819 2418 tum

1031 2440 1167 2473 notitiam,
1185 2444 1213 2467 et
1228 2444 1330 2468 temere
1338 2440 1416 2467 nobis
1430 2439 1556 2474 injuriam
1575 2437 1689 2466 iaciunt.

1070 2538 1079 2554 ι
1095 2527 1197 2556 inclina
1208 2528 1241 2556 ad
1257 2537 1299 2556 mc
1312 2535 1406 2555 aurem
1419 2532 1503 2555 tuam.
1525 2537 1533 2553 ι

1068 2575 1097 2602 ld
1112 2579 1163 2608 est,
1176 2579 1304 2609 tanquam
1321 2574 1429 2601 inﬁrmo
1444 2573 1645 2601 cundescende.
1660 2573 1761 2600 lnclina
1774 2581 1822 2600 au-

1034 2629 1090 2648 rem
1108 2625 1181 2648 tuam
1193 2626 1320 2655 tanquam
1341 2620 1487 2655 peccaturi.
1505 2623 1534 2646 et
1560 2627 1614 2646 non
1631 2619 1731 2646 valenti
1742 2626 1820 2645 orare

1034 2675 1096 2694 cum
1114 2666 1227 2699 ﬁducia;
1244 2666 1296 2698 vel,
1316 2666 1388 2700 quod
1422 2666 1514 2693 verius
1544 2669 1598 2697 est,
1620 2663 1819 2699 appropinqua.

1032 2713 1125 2748 Neque
1138 2713 1210 2740 enim
1226 2720 1277 2739 nos
1297 2712 1330 2739 ad
1356 2713 1442 2739 Deum
1470 2711 1692 2746 appropinquare
1721 2716 1821 2743 possu-

1034 2767 1104 2791 mus,
1121 2759 1172 2786 nisi
1192 2759 1224 2791 is,
1236 2760 1282 2794 qui
1295 2758 1423 2785 omnibus
1438 2764 1559 2792 praesens
1591 2756 1678 2789 adest,
1709 2753 1822 2790 propiu-

1035 2814 1104 2841 quus
1124 2805 1202 2834 nobis
1214 2805 1259 2832 ﬁat
1282 2812 1331 2839 per
1351 2803 1580 2839 compassionem.
