2056 3148
254 192 323 226 1935

292 252 372 280 Vrsas.
386 253 412 279 3.
426 263 434 278 |
449 253 512 280 Esto
525 253 592 280 mihi
607 254 635 281 in
649 254 732 282 Deum
744 260 938 290 protectorem.
960 266 969 282 ι

289 296 462 324 l’eccatorem
478 297 601 332 iniquum
617 304 644 326 et
655 299 784 335 injuslum
796 305 874 328 vocat.
888 301 1039 334 diabolum;

254 348 335 378 atque
350 351 381 369 cx
394 343 453 377 ejus
472 352 553 370 tnanu
570 345 684 377 (scilicet
698 347 812 380 peccati,
829 347 902 382 quod
920 348 946 374 in
972 347 1041 375 insi-

254 390 305 417 diis
317 390 382 417 latet
394 391 574 426 voluptatum)
592 393 710 426 postulat
723 393 842 422 liberari.
858 393 936 426 Quod
945 395 967 421 si
976 402 1041 422 vero

252 435 333 463 etiam
349 444 364 463 a
381 437 570 471 peccatoribus
587 437 695 465 liberari
714 442 798 473 petat.
815 439 896 466 etiam
909 440 961 467 hoc
975 440 1040 468 bea-

254 487 310 509 tum
329 488 381 510 est.
398 482 465 510 Nam
483 483 504 511 si
519 483 628 517 quidem
649 483 777 511 inimicus
790 490 917 519 peccator
934 486 979 517 sit.
993 486 1041 512 tui-

253 529 326 556 nime
342 529 444 564 parcit;
469 529 492 556 si
505 537 572 556 vero
586 530 701 562 amicus,
715 530 798 557 etiam
815 530 855 558 sic
866 531 955 566 gravis
970 536 1013 558 est
1031 539 1037 557 :

253 582 315 601 nam
346 575 436 609 qualia
463 574 521 609 ipse
546 575 677 602 nimirum
705 575 936 607 comminiscitur,
975 576 1039 603 talia

253 620 438 648 etiamamicis
449 621 554 648 suadet.
571 622 593 648 Α
609 622 906 657 peccatoreigiturlam
925 622 1039 650 inimico

251 675 333 701 quam
364 667 452 695 amico
481 667 564 694 etiam
579 675 628 695 nos
639 675 748 695 oremus
762 668 888 701 liberari;
902 675 964 696 cum
994 669 1039 696 hic

251 709 362 744 quidem
381 718 430 745 per
449 711 606 743 amicitiam,
620 711 664 739 ille
686 719 751 739 vero
762 721 811 747 per
826 714 975 748 potentiam
989 721 1036 741 seu

254 755 420 788 violentiam,
442 761 555 790 uterque
568 761 658 783 autem
671 757 798 791 nequiter
815 763 842 784 ct
867 757 959 792 inique
985 765 1036 784 no-

252 804 322 827 σθαι.

288 844 370 873 Vsns.
383 846 408 874 8.
428 855 437 872 ι
455 846 602 882 Replealur
621 854 652 874 os
671 854 761 874 meum
773 847 862 874 laude.
883 857 893 874 ι

287 890 372 918 Nemo
385 890 470 918 Deum
487 892 528 918 vel
539 899 571 919 ea
583 900 645 926 qum
662 891 708 919 Dei
720 896 784 919 sunt
807 891 917 918 laudare
934 895 1033 926 potest,

252 936 305 964 nisi
317 936 351 964 ab
367 937 425 972 ipso
440 937 575 972 sapientia
595 941 622 964 et
634 937 714 964 laude
726 937 846 972 repletus
857 937 950 964 fuerit.
963 937 1035 970 Quid

251 991 332 1018 porro
346 983 457 1010 laudare
467 984 560 1018 cupit?
574 983 620 1010 Dei
631 983 742 1018 gloriam
753 988 781 1010 et
796 983 1034 1018 magniﬁcentiam;

250 1029 276 1056 id
296 1034 338 1057 est
351 1029 485 1065 magnalia
498 1029 557 1062 Dei,
570 1034 597 1057 et
622 1030 752 1058 miracula
776 1030 854 1057 valde
876 1029 1034 1065 gloriﬁcata,

249 1076 283 1102 de
297 1075 396 1110 quibus
411 1075 478 1103 dixit
497 1083 503 1101 :
521 1075 608 1108 Quam
619 1076 790 1111 magniﬁcam
801 1080 861 1103 sunt
879 1084 959 1108 opera
976 1081 1033 1107 tua,

248 1121 360 1148 Domine
375 1122 482 1148 !omm'a
494 1123 521 1149 in
531 1123 661 1156 sapientia
676 1123 760 1157 fecisti
772 1123 805 1149 “.

287 1175 296 1192 ι
315 1167 350 1194 Ut
363 1173 470 1194 cantem
484 1167 597 1203 gloriam
612 1173 696 1196 tuam.
716 1178 725 1193 ι

284 1213 511 1249 Ilaguillcentiam
525 1220 601 1241 vocat
613 1214 743 1248 Spiritum
756 1222 762 1239 :
774 1215 800 1240 in
817 1213 876 1249 ipso
891 1214 963 1241 enim
976 1222 1034 1241 ma-

249 1267 298 1294 ειη
316 1259 362 1286 Dei
381 1259 511 1286 miracula
524 1266 662 1294 operaque
681 1259 758 1286 ﬁunt.
775 1258 870 1286 Totam
881 1267 946 1287 vero
961 1260 1033 1287 diem

249 1308 328 1332 vocat
341 1305 411 1332 hanc
427 1304 509 1331 vitam
524 1309 655 1331 nostram.

284 1349 365 1377 Vsus.
381 1350 425 1376 ‘IO.
443 1359 452 1375 ι
471 1349 539 1382 Quia
556 1349 684 1377 dixerunt
697 1349 800 1379 inimici
825 1350 878 1376 mei
891 1350 968 1377 mihi.
985 1361 994 1376 ι

283 1396 423 1422 Daemones
432 1394 588 1422 custodiunt
602 1394 705 1421 animas
727 1400 835 1422 nostras
850 1403 904 1422 non
919 1396 953 1422 ad
983 1396 1033 1423 bo-

249 1448 324 1472 num,
344 1440 392 1467 sed
424 1441 456 1468 ad
488 1441 599 1473 malum,
623 1441 865 1473 observanteseas,
878 1445 906 1468 et
920 1446 949 1468 ut
973 1441 1034 1468 illa—

247 1491 350 1522 queent
360 1486 521 1514 insidiantes
539 1496 545 1513 :
564 1486 591 1513 hi
604 1494 732 1521 namque,
744 1487 853 1522 quando
874 1488 952 1515 nobis
965 1488 1032 1515 insi-

248 1534 307 1561 dias
330 1533 477 1561 struxerint
487 1541 535 1568 per
549 1538 701 1568 peccatum,
716 1537 743 1560 et
757 1533 790 1560 ad
803 1534 904 1561 bonum
917 1542 1035 1569 operan-

844 197 1024 228 IIESYCHII
1053 199 1288 230 PRESBYTERI

1055 259 1078 288 Α
1130 267 1139 283 ‹
1157 258 1239 285 Γενοῦ
1255 266 1300 292 μοι
1316 259 1357 290 είς
1369 257 1436 284 Θεὸν
1449 254 1682 293 ὐπερασπιστήν.»

1813 198 1881 231 1236

1135 304 1309 339 ’Δμαρτωλὸν
1335 303 1492 339 παράνομόν
1511 312 1541 329 τε
1559 303 1606 329 καὶ
1621 302 1714 329 ἄδικον
1728 301 1807 329 καλεῖ
1832 301 1879 328 τὸν

1091 350 1224 378 διάϐολον⁸
1240 351 1272 377 ἐκ
1296 350 1388 385 χειρός
1402 359 1432 376 τε
1447 349 1529 376 αὐτοϋ
1551 348 1681 384 ρυσθῆναι
1701 348 1811 383 (δηλαδὴ
1827 349 1877 381 τῆς

1092 395 1241 432 ἁμαρτίας,
1261 395 1295 431 ἢν
1321 397 1349 422 ὲν
1364 397 1426 428 ταῖς
1444 395 1596 430 μεθοδείαις
1619 395 1677 430 ἔχει
1695 393 1749 420 τῶν
1764 394 1876 429 ἡδονῶν)

1091 442 1286 478 προσεύχεται,
1306 442 1337 470 El
1350 442 1379 468 δὲ
1393 442 1441 469 καὶ
1453 441 1606 477 ἀνθρώπων
1624 432 1795 476 ἁμαρτωλῶν
1803 439 1878 472 λέγει

1092 488 1237 523 ῥυσθῆναι,
1254 488 1302 514 καὶ
1321 487 1400 514 τοῦτο
1427 487 1574 522 μακάριον.
1589 487 1620 513 El
1635 486 1685 521 μὲν
1705 485 1760 520 γὰρ
1781 485 1878 521 ἐχθρὸς

1090 535 1104 560 ό
1128 533 1301 569 ἁμαρτωλὸς,
1326 533 1356 560 οὐ
1382 533 1515 568 φείδεται·
1539 533 1563 559 εί
1582 531 1610 558 δὲ
1624 532 1711 565 φίλος,
1729 531 1815 566 βαρὺς
1831 531 1878 558 καὶ

1090 580 1187 611 οὕτως’
1201 577 1246 607 οἷα
1260 580 1316 615 γὰρ
1334 579 1414 611 αὑτὸς
1437 579 1491 615 ἄρα
1510 577 1699 613 συμϐουλεύει,
1716 578 1773 608 τοῖς
1790 577 1879 611 φίλοις

1089 627 1137 653 καὶ.
1154 625 1349 661 προτρέπεται.
1374 623 1553 660 Ἀμαρτωλοῦ
1566 623 1655 649 τοίνυν
1673 622 1771 658 ἐχθροῦ
1786 630 1815 648 τι
1831 623 1878 648 καὶ

1089 670 1167 704 φίλου
1191 669 1323 704 ῥωσθῆναι
1348 670 1395 695 καὶ
1415 670 1499 704 ἡμεῖς
1514 667 1741 703 προσευξώμεθα·
1755 667 1801 693 τοῦ
1827 666 1878 702 μὲν

1088 716 1132 744 διὰ
1151 716 1253 751 φιλίας,
1264 715 1311 743 τοῦ
1328 716 1356 743 δὲ
1371 716 1545 748 δυναστείας,
1557 715 1692 750 ἑκατέρας
1708 714 1801 741 ἀδίκου
1829 714 1878 740 καὶ

1089 763 1248 798 παρανόμου
1261 761 1434 796 βλάπτοντος.

1125 858 1134 874 ε
1155 848 1332 884 Πληρωθήτω
1345 848 1375 874 τὸ
1390 848 1478 883 στόμα
1497 856 1548 882 μου
1561 847 1702 878 αἰνέσεως.
1720 855 1729 872 ι

1123 894 1218 926 Οὐδεὶς
1242 894 1363 929 ὑμνῆσαι
1380 892 1426 919 τδν
1448 892 1515 919 Θεὸν
1530 891 1591 918 οὐδὲ
1613 891 1648 917 τὰ
1661 890 1707 917 τοῦ
1721 889 1801 922 Θεοῦ,
1829 890 1876 917 ἐὰν

1089 941 1127 976 μὴ
1138 940 1269 976 πληρωθῇ
1280 939 1345 974 παρ’
1355 937 1439 966 αὑτοῦ
1453 937 1547 973 σοφίας
1554 938 1746 969 καὶαῑνέσεως,
1753 936 1874 964 δύναται.

1086 986 1118 1012 Τί
1132 986 1161 1013 δὲ
1173 986 1294 1021 ὑμνῆσαι
1309 985 1451 1020 βούλησις
1464 983 1551 1016 Δόξαν
1561 983 1629 1010 Θεοῦ
1644 983 1691 1009 καὶ
1703 982 1875 1017 μεγαλοπρέ-

1085 1039 1177 1057 πειαν·
1189 1030 1312 1057 τουτέστι
1326 1030 1361 1056 τὰ
1377 1029 1485 1065 μεγάλα
1500 1028 1546 1055 τοῦ
1564 1028 1644 1060 Θεοῦ,
1665 1027 1713 1054 καὶ
1727 1027 1786 1053 λίαν
1803 1027 1876 1053 δεδο-

1085 1077 1206 1112 ξασμένα
1221 1076 1359 1111 θαύματα,
1376 1075 1441 1110 περὶ
1455 1072 1492 1102 ὧν
1506 1075 1614 1108 ἔλεγεν
1626 1075 1673 1107 Ὠς
1687 1073 1875 1108 ὲμεγαλύνθη

1084 1124 1120 1150 τὰ
1136 1123 1207 1158 ἔργα
1221 1130 1291 1153 σου,
1307 1121 1416 1156 Κύριε]
1429 1121 1529 1148 πάντα
1554 1120 1590 1147 ὲν
1606 1119 1701 1154 σοφίᾳ
1715 1118 1875 1151 ἐποίησας.

1122 1179 1131 1195 ι
1151 1170 1246 1200 Ὅπως
1261 1169 1374 1204 ὑμνήσω
1387 1168 1437 1203 τὴν
1454 1167 1533 1199 δόξαν
1551 1175 1609 1194 σου.
1630 1176 1640 1192 ι

1119 1214 1367 1249 Μεγαλοπρέπειαν
1379 1214 1410 1240 τὸ
1420 1213 1532 1248 Πνεῦμα
1544 1212 1633 1239 καλεῖ·
1649 1212 1676 1238 ὲν
1689 1209 1762 1244 αὐτῷ
1774 1208 1830 1243 γὰρ
1840 1207 1875 1234 τὰ

1085 1260 1192 1294 μεγάλα
1220 1259 1268 1286 τοῦ
1295 1259 1363 1285 Θεοῦ
1390 1258 1520 1293 θαύματα
1543 1257 1592 1284 καὶ
1614 1255 1649 1282 τὰ
1673 1254 1876 1290 κατορθώματα

1083 1306 1199 1341 γίνεται,
1224 1306 1348 1341 Ἦμέραν
1373 1304 1401 1331 δὲ
1427 1304 1492 1339 ὅλην
1508 1303 1553 1330 τὸν
1577 1303 1636 1338 βίον
1662 1301 1708 1329 τὸν
1727 1301 1874 1336 ἡμέτερον.

1123 1362 1132 1378 ι
1149 1353 1210 1379 Ὀτι
1223 1351 1300 1378 εἷπον
1318 1353 1343 1378 oi
1355 1351 1446 1386 ἐχθροί
1459 1359 1509 1386 μου
1522 1349 1594 1385 ὲμοί.
1615 1358 1625 1375 ι

1118 1398 1302 1425 Φυλάσσουσιν
1312 1396 1390 1432 ἡμῶν
1404 1396 1453 1427 τὰς
1463 1395 1563 1430 ψυχὰς,
1576 1393 1626 1420 οὐκ
1637 1393 1677 1424 είς
1692 1391 1805 1426 ἀγαθον,
1815 1388 1876 1417 ἀλλ’

1085 1444 1124 1476 εἰς
1141 1443 1225 1470 κακὸν
1240 1443 1266 1469 οἱ
1276 1442 1414 1477 δαίμονες,
1428 1440 1623 1475 ἐπιτηροῦντες
1636 1438 1730 1470 αὐτὰς,
1744 1437 1815 1464 ὥστε
1828 1436 1876 1462 καὶ

1084 1488 1249 1524 παγιδεῦσαι
1259 1487 1455 1524 ἐνεδρεύοντες·
1466 1483 1540 1513 οὗτοι
1549 1485 1615 1521 γὰρ,
1623 1486 1688 1511 ὅταν
1700 1483 1774 1518 ἡμᾶς
1787 1483 1875 1517 τηρή-

1086 1542 1182 1566 σαντες
1207 1534 1252 1561 διὰ
1275 1533 1325 1569 τὴν
1351 1533 1500 1568 ἁμαρτίαν,
1525 1531 1573 1558 καὶ
1595 1531 1664 1566 πρὸς
1689 1528 1876 1563 ἁγαθοεργίας

248 1581 312 1608 dum
326 1580 429 1607 debiles
443 1579 645 1614 conspexerint,
674 1579 750 1614 quasi
769 1579 914 1607 derelictos
926 1588 941 1607 a
967 1580 1032 1613 Deo,

1087 1582 1288 1617 ἀσθενήσαντας
1303 1580 1404 1612 ῐδωσιν,
1423 1579 1460 1610 ώς
1475 1577 1705 1612 καταληφθέντων
1723 1575 1775 1602 ὑπὸ
1789 1573 1872 1622 Θευῦἷ

248 1634 303 1654 non
312 1626 400 1653 solum
411 1633 461 1653 nos
473 1625 601 1660 persequi
622 1624 691 1652 facta
711 1625 912 1660 conspiratione
926 1626 1031 1660 volunt,

249 1671 295 1701 sed
315 1673 396 1700 etiam
423 1671 656 1706 comprehendere
679 1676 819 1706 satagunt;
850 1676 948 1707 putant
959 1673 1032 1700 enim

247 1724 303 1744 non
318 1723 380 1743 esse
393 1716 439 1750 qui
454 1723 505 1742 nos
518 1716 624 1743 liberet.

284 1761 365 1789 Vens.
380 1761 423 1788 12.
437 1771 446 1787 ι
463 1761 534 1788 Deus
548 1769 635 1794 meus,
651 1770 684 1789 ne
696 1762 830 1797 elongeris
846 1770 860 1789 a
880 1769 933 1789 me.
950 1771 958 1788 ι

285 1807 319 1834 Et
349 1807 487 1842 quomodo
512 1806 584 1834 Deus
608 1814 692 1842 super
708 1815 803 1834 omnes
823 1808 888 1834 etin
904 1808 1033 1835 omnibus

247 1851 400 1887 elongatur,
423 1851 475 1878 nisi
490 1852 599 1885 quando
608 1859 659 1878 nos
673 1852 732 1886 ejus
753 1852 897 1886 prmsentia
923 1852 1033 1887 indigna

246 1897 433 1935 gesserimus?
446 1898 516 1925 sicut
534 1905 583 1932 per
607 1898 793 1932 propheticam
806 1898 924 1934 linguam
937 1898 971 1926 ad
984 1898 1033 1926 Ju-

247 1946 320 1972 dlBOS
334 1944 423 1972 dixit:
457 1943 569 1970 Peccata
597 1949 686 1971 vestra
706 1943 830 1971 dividunt
858 1944 929 1971 inter
943 1952 989 1972 vos
1006 1949 1033 1972 et

247 1992 331 2021 Deum
346 1991 378 2018 ”.

281 2038 421 2067 Vsns.2l.
439 2049 449 2065 ι
476 2039 660 2076 Multiplicasti
687 2046 769 2073 super
797 2044 840 2064 mc
856 2035 1033 2072 magniﬁcen-

246 2086 321 2113 tiam.
342 2094 351 2110 ι

282 2133 480 2168 Magniﬁcentia
500 2131 547 2160 Dei
563 2136 604 2160 est
613 2132 672 2166 ejus
698 2131 730 2157 ad
747 2138 797 2157 nos
813 2128 1009 2156 condescensio
1025 2136 1030 2153 :

245 2179 316 2206 sicut
327 2178 399 2205 enim
412 2178 546 2205 maximus
555 2181 647 2204 manet
662 2184 787 2212 magnus,
812 2181 839 2202 ct
851 2175 956 2210 pusillis
964 2181 1033 2201 con-

244 2223 398 2251 descendit.
414 2222 556 2256 Quomodo
575 2228 666 2250 autem
696 2229 773 2249 suam
801 2221 839 2248 ad'
860 2228 910 2248 nos
934 2220 1034 2247 conde-

1087 1628 1115 1654 ὲν
1126 1627 1239 1662 ὁμονοίᾳ
1256 1625 1439 1661 βούλονταιοὺ
1457 1625 1537 1659 μόνον
1553 1622 1731 1656 καταδιῶξαι,
1747 1620 1817 1647 ἀλλὰ
1828 1619 1876 1646 καὶ

1086 1672 1253 1700 καταλαϐεῖν
1279 1672 1487 1704 σπουδάζοντες·
1514 1669 1624 1697 δοκοῦσι
1646 1669 1701 1704 γὰρ
1723 1667 1773 1694 οὐκ
1803 1665 1875 1694 εἶναι

1086 1719 1132 1746 τὸν
1143 1718 1284 1754 ῥυόμενον.

1124 1774 1134 1791 ι
1156 1765 1186 1791 Ὀ
1198 1765 1264 1797 Θεός
1279 1773 1344 1801 μου,
1357 1764 1394 1800 μὴ
1408 1763 1550 1799 μακρύνῃς
1562 1763 1609 1790 ἀπ’
1622 1761 1702 1798 ἐμοῦ,
1721 1771 1731 1787 ι

1122 1809 1178 1836 Καὶ
1190 1809 1249 1842 πῶς
1263 1811 1278 1836 ὁ
1293 1809 1359 1840 Θεὸς
1375 1810 1421 1836 ἐπὶ
1433 1809 1543 1835 πάντων
1553 1808 1600 1834 καὶ
1612 1808 1641 1834 ὲν
1654 1807 1721 1833 πᾶσι
1738 1805 1875 1840 μακρύνε-

1086 1865 1141 1889 ται,
1157 1855 1261 1892 ἀλλ’[ῆ]
1276 1856 1341 1883 ὅταν
1353 1856 1434 1891 ἡμεῖς
1443 1855 1493 1890 τῆς
1504 1853 1588 1881 αὑτοῦ
1605 1845 1760 1888 παρουσίας
1775 1853 1874 1885 ἀνάξια

1087 1900 1236 1937 πράξωμεν
1245 1911 1252 1935 ς
1263 1901 1338 1928 ὥσπε
1343 1910 1358 1936 ρ
1367 1901 1411 1928 διὰ
1427 1900 1477 1936 τῆς
1485 1899 1660 1935 προφητικῆς
1669 1898 1792 1933 γλώττης
1807 1898 1877 1932 πρὸς

1093 1947 1236 1979 Ἰουδαίους
1257 1948 1359 1981 ἔλεγεν·
1372 1947 1405 1974 Αἱ
1416 1938 1550 1981 ἄμαρτίαι
1569 1945 1647 1980 ὑμῶν
1661 1944 1800 1970 διιστῶσιν
1811 1944 1876 1970 ἁνα-

1089 1988 1171 2029 μέσον
1186 1993 1263 2028 ὑμῶν
1282 1992 1387 2020 καὶτοῦ
1407 1992 1487 2020 Θεοῦ.

1125 2048 1134 2064 ι
1157 2037 1338 2068 Ἐπλεόνασας
1361 2037 1403 2063 ἐπ’
1419 2036 1469 2072 ἐμὲ
1484 2036 1534 2072 τὴν
1552 2035 1759 2071 μεγαλωσύνην.
1776 2044 1786 2061 ι

1121 2124 1311 2160 Μεγαλωσύνη
1325 2123 1393 2151 Θεοῦ
1409 2124 1504 2159 ὴπρδς
1519 2124 1594 2159 ἡμᾶς
1612 2123 1828 2156 συγκατάϐασις·
1839 2123 1878 2154 ὡς

1087 2172 1140 2207 γὰρ
1154 2172 1282 2206 μέγιστος
1296 2170 1371 2206 μένει
1384 2170 1482 2205 μέγας,
1493 2170 1608 2201 καὶτοῖς
1631 2169 1740 2204 μικροῖς
1755 2176 1877 2201 συγκατ-

1087 2219 1209 2254 έρχεται.
1239 2217 1301 2248 Πῶς
1328 2216 1357 2243 δὲ
1394 2216 1444 2252 τὴν
1471 2216 1540 2251 πρὸς
1568 2216 1642 2251 ἡμᾶς
1672 2214 1877 2249 συγκαταὸασιν

245 2269 416 2297 scansionem
425 2269 632 2304 multiplicavit?
657 2268 772 2302 Quando
790 2269 919 2295 nimirum
943 2268 1025 2296 homo

1087 2264 1259 2297 ιπλεόνασενς
1281 2263 1367 2290 Ὅταν
1398 2262 1520 2298 δηλονότι
1545 2262 1693 2296 γενόμενος
1719 2259 1876 2295 ἄνθρωπος,

244 2316 342 2349 factus,
358 2315 395 2343 ita
412 2323 462 2343 nos
475 2322 506 2343 ex
519 2322 614 2343 errore
636 2315 770 2342 reducens
801 2322 855 2341 nun
882 2315 979 2343 terruit
1002 2321 1032 2343 ut

242 2369 346 2395 servos,
362 2362 411 2390 sed
421 2362 577 2390 consolatus
590 2365 631 2389 est
644 2365 672 2388 ut
685 2361 766 2388 ﬁlios.

280 2407 361 2436 Vsus.
374 2408 419 2436 22.
439 2418 449 2435 ι
461 2408 528 2436 Nam
539 2412 566 2435 et
579 2414 630 2443 ego
647 2407 808 2435 conﬁtebor.
833 2417 843 2434 ι

276 2453 334 2480 Non
351 2460 405 2482 tam
419 2456 445 2483 in
462 2454 608 2483 sensilibus
618 2453 806 2482 instrumentis
817 2459 897 2489 quam
913 2454 940 2481 in
950 2455 1032 2482 cordo

241 2506 310 2533 puro
324 2503 352 2526 et
364 2499 454 2535 lingua
471 2505 630 2536 temperata,
640 2505 667 2527 et
678 2499 715 2526 nil
728 2507 742 2526 a
753 2501 898 2528 sanctitate
910 2501 1030 2528 alienum

243 2545 408 2579 proferente.
438 2545 500 2574 Haec
526 2547 599 2574 enim
617 2554 711 2574 revera
735 2554 799 2573 vasa
816 2547 911 2582 psalmi
934 2549 1031 2576 merito

241 2591 421 2627 appellantur.

508 2639 668 2669 PSALMUS
692 2641 784 2669 LXXI.

274 2683 355 2712 Vens.
371 2685 397 2711 6.
416 2694 425 2711 ι
439 2685 591 2714 Descendet
604 2687 675 2714 sicut
685 2688 775 2721 pluvia
793 2689 819 2716 in
832 2689 928 2715 vellus.
947 2698 956 2714 ι

276 2730 346 2758 Dicit
358 2730 495 2767 Unigeniti
510 2731 539 2758 in
553 2732 668 2767 Deipara
677 2732 786 2769 Virgine
797 2735 1027 2762 exinanitionem:

241 2776 327 2804 vellus
339 2780 432 2804 autem
446 2782 555 2805 uterum
569 2777 630 2814 ejus
642 2779 738 2808 merito
765 2781 951 2816 nuncupavit;
964 2781 1027 2816 quia

241 2821 288 2850 Dei
301 2821 382 2851 Verbi
405 2823 552 2852 adventum
573 2825 666 2860 quiete
690 2833 722 2853 ac
744 2826 803 2854 sine
816 2827 944 2861 strepitu,
973 2834 1028 2854 non

278 2912 300 2929 ’⁸
311 2914 382 2944 Psal.
395 2921 452 2947 cnt,
471 2916 517 2943 et.
556 2916 577 2932 "
591 2915 642 2943 lsa.
658 2923 713 2948 LIX,
728 2915 757 2942 ‘2.

1085 2311 1156 2337 οὕτω
1165 2318 1194 2336 τε
1203 2310 1278 2345 ἡμᾶς
1291 2311 1324 2336 ἐκ
1336 2311 1387 2345 τῆς
1399 2310 1504 2344 πλάνης
1521 2308 1692 2343 ἐπιστρέψας
1712 2307 1762 2334 οὐκ
1777 2306 1877 2341 ἐφόϐη-

1086 2363 1130 2383 σεν
1143 2356 1180 2388 ὡς
1193 2356 1313 2388 δούλους,
1329 2356 1386 2383 ἀλλ’
1398 2355 1435 2387 ὡς
1447 2355 1520 2385 υίοὺς
1532 2354 1731 2390 παρεκάλεσεν.

1124 2411 1132 2428 ι
1149 2403 1204 2429 Καὶ
1215 2403 1269 2438 γὰρ
1280 2401 1335 2436 ἐγὼ
1347 2401 1581 2436 ἐξομολογήσομαί
1592 2409 1644 2427 σοι.
1667 2409 1677 2426 ι

1123 2448 1161 2475 Οὐ
1174 2448 1302 2475 τοσοῦτον
1313 2446 1369 2479 τοῖς
1382 2447 1523 2483 αἰσθητοῖς
1534 2447 1595 2474 ὅσον
1603 2447 1632 2472 ὲν
1641 2445 1741 2482 καρδίᾳ⁵
1754 2444 1874 2480 καθαρᾷ,

1086 2495 1115 2520 ἐν
1147 2494 1255 2530 γλώττῃ
1286 2493 1474 2529 σωφρονούσῃ,
1502 2493 1550 2519 καὶ
1581 2492 1664 2528 μηδὲν
1695 2491 1874 2527 φθεγγομένη

1084 2534 1240 2575 ἁγιωσύνης
1263 2540 1415 2576 ἀλλότριον.
1446 2538 1541 2566 Ταῦτα
1563 2538 1619 2573 γὰρ
1648 2537 1756 2574 ἀληθῶς
1788 2538 1874 2572 σκεύη

1083 2586 1192 2622 ψαλμοῦ
1211 2586 1323 2618 δικαίως
1338 2586 1512 2622 ὀνομάζεται.

1366 2634 1513 2662 ΨΑΛΜΟΣ
1528 2635 1589 2662 OA’.

1112 2685 1132 2709 ἰ
1153 2682 1396 2718 Καταὸήσεταιὼς
1407 2683 1484 2714 ὑετὸς
1499 2683 1546 2709 ἐπὶ
1567 2682 1662 2709 πόκον.
1683 2691 1693 2707 ι

1120 2729 1176 2764 Τὴν
1188 2729 1302 2756 κένωσιν
1316 2729 1363 2755 τοῦ
1377 2728 1547 2762 Μονογενοῦς
1563 2728 1612 2763 τὴν
1626 2729 1666 2760 εἰς
1680 2728 1729 2763 τὴν
1741 2726 1874 2754 Θεοτόκον

1083 2777 1222 2812 Παρθένον
1236 2776 1322 2810 λέγει·
1337 2776 1421 2803 πόκον
1435 2775 1464 2802 δὲ
1474 2775 1558 2811 αὐτῆς
1570 2774 1621 2811 τὴν
1628 2774 1751 2810 γαστέρα
1760 2772 1874 2803 δικαίως

1082 2824 1222 2851 ἐκάλεσεν·
1245 2822 1340 2857 ἐπειδὴ
1366 2822 1414 2849 τοῦ
1438 2821 1506 2848 Θεοῦ
1531 2821 1619 2856 Λόγου
1645 2821 1696 2856 τὴν
1719 2816 1878 2855 ὲπιδημίαν¹
