2056 3148
237 157 304 190 123’)

827 163 1006 194 HESYCHII
1035 163 1272 194 PRESBYTERI

1796 163 1865 197 1240

235 220 277 241 est
290 234 296 240 .
317 215 418 249 Impius
436 224 493 242 cum
503 216 623 243 inciderit
639 213 767 252 [Vulgata
789 218 898 254 uenerit]
915 219 942 245 in
962 226 1023 253 pro-

1076 227 1127 245 σιν·
1156 219 1280 252 Ἀσεϐὴς
1300 217 1440 253 ἐμπεσὼν
1462 219 1506 251 εἰς
1534 219 1614 253 ,ϐάθη
1637 219 1748 252 κακῶν,
1773 229 1864 247 κατα.

235 260 346 296 fundum
363 261 503 294 malorum,
516 263 656 289 contemnit
673 263 704 290 ⁷³.

272 305 364 340 Neque
388 307 505 334 humana
526 308 580 342 pati
605 309 753 336 sustinent.
769 309 864 337 Cernis
890 315 1022 345 quantum

235 352 269 378 ad
284 352 432 379 claritatem
448 353 572 380 conferat
582 355 665 382 etiam
698 355 777 382 unica
790 356 873 383 dictio
888 356 928 383 rei
939 364 1024 392 appo-

235 398 295 425 sita.
312 397 422 426 Poterat
441 399 515 426 enim
531 399 641 432 dixisse,
655 399 683 427 In
704 401 843 429 laboribus
859 410 916 429 non
938 407 1022 435 sunt;

234 443 261 469 in
275 443 406 471 laboribus
422 445 556 472 hominum
566 446 700 480 adiunxit.
719 446 862 474 Hominem
877 452 968 475 autem
980 449 1024 476 hic

235 489 353 524 iutcllige
382 490 427 525 qui
458 491 575 518 custodit
611 491 770 526 dignitatem
809 493 896 526 partis
941 494 1024 520 ratio-

234 535 314 567 nalis,
344 540 371 562 ct
399 536 545 563 virtutibus
572 541 615 565 est
645 538 792 572 pratdilus:
821 538 865 565 vel
879 546 942 566 eum
964 540 1021 573 qui,

233 581 343 615 quando
356 582 531 615 aberraverit,
548 591 596 617 per
608 583 797 617 pmnitcntiam
827 584 926 611 iterum
955 585 1023 611 diri.

234 626 306 660 gitur
322 627 354 654 ad
366 628 461 656 Deum.
478 628 506 655 lu
523 629 596 657 hisce
622 630 764 657 hominum
796 631 937 658 laboribus
966 639 1021 658 non

234 677 297 699 sunt
309 678 475 708 peccatores.
487 683 577 710 neque
592 683 653 703 cum
669 676 826 704 hominibus
840 676 1020 712 dagcllautur:

233 718 258 745 id
270 723 322 751 cst,
337 727 398 746 cum
410 721 491 755 iustis
518 729 571 748 non
603 722 726 749 laborant
750 727 778 750 ct
802 728 967 758 operantur;
989 724 1023 751 de

233 763 332 798 quibus
347 765 428 792 etiam
447 765 546 793 dicitur
563 776 568 792 :
584 767 764 802 Unusquisque
775 769 911 802 propriam
923 777 1023 796 mercc-

233 811 291 836 (lem
303 810 412 844 accipiet
427 812 569 839 secundum
577 820 652 839 suum
673 813 789 839 laborem
801 814 833 840 "‘.
848 813 941 848 Neque
961 822 1023 842 cum

235 854 390 883 labentibus
402 860 514 890 etspem
530 857 625 884 salutis
639 858 805 886 habentibus
824 859 994 894 ﬂagellantur
1016 869 1021 886 :

1075 273 1188 299 φρονει.

1109 312 1177 338 Οὐδὲ
1194 311 1228 338 τὰ
1243 311 1403 346 ἀνθρώπινα
1427 310 1522 337 παθεῖν
1537 310 1726 346 ὑπομένουσιν.
1745 310 1865 346 Θεωρεῖς

1075 357 1169 392 ἡλίκον
1186 357 1226 388 εἰς
1241 358 1391 392 σαφήνειαν
1402 356 1515 382 δύναται
1533 355 1580 382 καὶ
1595 355 1667 387 λέξις
1684 355 1733 390 μισ.
1747 364 1864 388 προστε-

1075 402 1152 429 θεῖσα
1169 401 1208 436 τῷ
1231 401 1384 436 πράγματι.
1407 399 1482 432 Ἒξδν
1509 400 1563 436 γὰρ
1589 401 1686 431 εἰπεῖν,
1710 400 1754 426 Ἑν
1769 400 1864 431 κόποις

1074 448 1124 474 οὐκ
1141 448 1221 480 εἰσιν,
1232 448 1285 474 Ἐν
1296 446 1403 479 κόποις
1415 445 1590 479 ἀνθρώπων,
1606 444 1789 480 προσέθηκεν.
1798 446 1863 471 Ἀν-

1074 494 1181 528 θρωπον
1193 493 1221 520 δὲ
1242 492 1357 518 ἐνταῦθα
1369 492 1424 519 νόει
1437 491 1484 518 τὸν
1499 491 1670 525 φυλάττοντα
1689 490 1736 516 τοῦ
1752 490 1863 524 λογικοῦ

1073 539 1103 566 τὸ
1117 539 1234 574 ἀξίωμα,
1246 539 1328 565 τόντε
1337 539 1365 564 ὲν
1374 539 1483 573 ἀρεταῖς
1493 537 1568 564 ὄντα·
1583 536 1665 572 ἢτὸν,
1677 537 1741 562 ὅταν
1750 536 1862 570 πταίσῃ,

1073 585 1117 612 διὰ
1142 585 1284 620 μετανοίας
1309 584 1357 619 τῆς
1376 583 1578 618 ἐπιφερομένης
1597 582 1673 617 παρὰ
1695 581 1763 608 Θεοῦ
1788 581 1862 616 διορ-

1074 629 1213 664 θούμενον,
1245 630 1290 656 Ἐν
1304 629 1409 659 τούτοις
1429 627 1532 654 τούτων
1555 628 1650 658 κόποις
1672 627 1729 666 ὀὐκ
1743 627 1812 653 εἰσὶν
1838 627 1862 652 οε

1073 674 1241 710 ἁμαρτωλοὶ,
1252 674 1312 700 οὐδὲ
1332 673 1400 708 μετὰ
1413 671 1564 708 ἀνθρώπων
1582 672 1770 706 μαστίζονταν
1786 679 1864 697 τουτ-

1074 721 1157 752 έστιν,
1176 721 1206 748 οὗ
1237 721 1306 755 μετὰ
1335 721 1447 747 δικαίων
1474 719 1591 745 κοπιῶσι
1617 719 1663 744 καὶ
1689 717 1862 753 ὲργάζονται’

1073 768 1120 794 καὶ
1142 768 1206 802 περὶ
1221 764 1258 793 ὦν
1274 767 1382 802 εἴρηται
1394 774 1402 781 ·
1419 767 1568 798 Ἕκαστος
1584 764 1638 791 τὸν
1651 763 1729 790 ἴδιον
1748 763 1864 797 μισθὸν

1074 813 1204 848 λήψεται
1231 812 1280 839 καὶ
1295 813 1348 839 τὸν
1379 812 1457 838 ῐδιον
1486 811 1593 837 κόπον.
1618 809 1686 836 Οὐδὲ
1715 808 1783 843 μετὰ
1807 808 1864 834 τῶν

1074 857 1274 894 ὀλισθησάντων
1298 859 1344 885 καὶ
1361 857 1457 884 ἐλπίδα
1475 855 1609 891 σωτηρίας
1634 854 1750 889 ἐχόντων
1765 854 1864 889 μαστί-

234 900 266 927 ad
284 908 352 934 quos
362 901 492 936 scriptum
511 909 553 930 est
569 913 574 930 :
592 903 674 935 Quem
685 904 771 939 diligit
797 905 924 932 lioutinus
941 906 1021 932 casti-

1075 905 1177 937 ζονται·
1210 905 1250 936 είς
1276 904 1323 935 οὓς
1348 905 1521 939 γέγραπται·
1548 903 1603 928 Ὃν
1630 899 1732 936 ἀγαπᾷ
1754 902 1863 934 Κύριος

233 951 295 981 gat;
306 947 425 982 ﬂagellat
441 953 529 975 autent
545 957 647 976 omnem
669 950 753 984 ﬁlium
776 959 852 986 quem
863 952 973 985 suscipit
988 953 1020 978 ⁷⁸.

270 1047 353 1076 νιίιιε.
369 1049 394 1076 6.
411 1059 420 1075 ι
440 1049 642 1079 Circumamicti
655 1056 718 1079 sunt
730 1052 885 1087 iniquitate.
905 1063 914 1078 ι

268 1094 306 1122 De
318 1095 416 1130 quibus
429 1101 588 1131 oportuerat
604 1098 777 1129 erubescere,
799 1099 827 1125 in
845 1098 888 1126 his
902 1098 1023 1134 glorian-

235 1145 288 1172 tur,
310 1141 345 1168 ita
363 1146 392 1168 ut
406 1143 482 1177 quasi
512 1143 677 1178 tegumentis
693 1147 720 1170 et
733 1144 891 1172 umbraculo
916 1144 1022 1171 delictis

234 1190 355 1213 utantur.
367 1187 484 1214 Pulchre
497 1193 589 1215 autem
600 1188 651 1215 sibi
666 1193 762 1216 mutuo
778 1189 838 1216 haec
849 1189 948 1217 delicta
957 1198 1023 1217 con-

231 1231 321 1265 junxit
336 1240 343 1258 :
357 1232 485 1266 quoniam
500 1233 625 1261 homines
640 1238 668 1260 ut
683 1234 829 1268 plurimum
847 1243 880 1262 ex
895 1235 1021 1269 superbia

233 1276 261 1303 in
275 1277 447 1312 iniquitatem
464 1282 491 1304 et
504 1278 531 1304 in
548 1279 691 1306 avaritiam
710 1280 904 1314 prolabuntur.

267 1363 328 1391 Non
345 1369 458 1399 possunt
473 1369 564 1392 autem
574 1366 763 1394 hazreticorum
778 1367 820 1395 vel
828 1368 1020 1396 maledicorum

234 1409 316 1436 verba
331 1409 376 1436 diu
391 1410 554 1445 praevalere;
573 1412 620 1438 sed
631 1416 730 1439 terram
745 1418 948 1448 pertranseunt,
959 1422 1021 1441 cum

234 1463 334 1490 paucos
357 1457 462 1491 aliquos
485 1465 532 1491 per
553 1462 728 1486 transennam
756 1459 886 1487 laaserint.
918 1461 1022 1489 Fideles

235 1502 288 1529 hoc
311 1501 505 1538 intelligentes,
523 1504 586 1531 licet
606 1505 711 1532 seducti
733 1505 845 1539 fuerint,
876 1512 1021 1535 revertun-

235 1553 298 1575 tur:
312 1548 345 1575 de
358 1550 456 1583 quibus
468 1551 610 1585 sequentia
620 1551 719 1578 cecinit
737 1551 887 1580 Psalmista.

274 1634 402 1663 VcnsJﬁ.
419 1646 428 1662 ι
443 1637 475 1664 Ει
492 1638 547 1664 disi
565 1647 571 1664 :
586 1638 658 1674 Ergo
672 1639 732 1666 sine
747 1648 827 1668 causa
842 1642 1018 1676 justificavi.»

272 1680 300 1708 ld
314 1687 366 1715 est,
383 1682 453 1718 Ergo
464 1683 563 1711 frustra
580 1685 768 1720 cogitationes,
786 1686 885 1715 frustra
900 1689 1022 1716 actiones

186 1739 196 1751 ι
236 1727 392 1761 emundavi,
418 1733 446 1755 et
460 1736 508 1756 cor
532 1730 642 1764 quidem
666 1732 822 1766 justiﬁeavi,
852 1734 919 1761 nihil
933 1735 960 1761 in
990 1742 1023 1762 eo

239 1772 372 1806 iniustum
387 1774 524 1809 cogitans:
541 1783 638 1804 manus
657 1782 748 1805 autem
774 1778 845 1806 inter
862 1780 1023 1809 innocentes

238 1818 302 1850 lavi,
318 1819 346 1846 in
362 1820 441 1848 bonis
458 1822 585 1848 nimirum
601 1823 765 1856 actionibus,
776 1832 902 1859 quzenon
919 1826 1023 1855 habent

238 1865 319 1892 vitam
339 1873 371 1892 ex
391 1873 502 1900 peccato
524 1876 530 1894 :
551 1868 576 1895 id
589 1872 639 1900 est,
653 1869 782 1896 damnum
799 1878 854 1897 non
868 1872 993 1906 reputavi
1013 1881 1019 1898 :

237 1911 370 1946 siquidem
392 1913 520 1940 damnum
549 1923 642 1942 revera
669 1916 768 1944 animae
794 1922 837 1944 est
869 1922 1021 1952 peccatum,

237 1959 308 1993 quod
325 1959 370 1987 Dei
386 1960 534 1988 amicitiam
547 1962 630 1994 laedit,
646 1971 706 1997 quae
721 1968 763 1990 est
773 1963 875 1992 bonum
891 1969 1024 1999 praestan-

238 2009 382 2032 tis5Imum.

275 2049 355 2078 Vens.
371 2051 414 2078 14.
428 2061 437 2077 ι
451 2052 485 2079 Ει
502 2052 539 2079 fui
550 2052 710 2088 flagellatus.
731 2065 740 2080 ι

274 2095 324 2127 Qui
343 2096 416 2123 enim
435 2097 554 2132 seipsum
568 2097 683 2133 ﬂagellat
698 2107 747 2134 pro
769 2099 876 2127 delictis
900 2101 968 2132 suis,
997 2105 1024 2128 ct

239 2142 374 2176 propriam
388 2143 628 2177 reprehensionem
641 2146 668 2171 in
697 2145 851 2178 matutinis,
866 2146 970 2173 scilicet
997 2147 1025 2173 in

238 2187 350 2218 lumine,
361 2191 388 2214 et
407 2189 502 2215 nonin
519 2189 652 2222 tenebris,
669 2191 793 2221 collocat.
817 2192 861 2219 hic
879 2192 906 2219 in
922 2193 1025 2228 cogita-

1073 950 1222 977 παιδεύει·
1245 949 1385 985 μαστιγοῖ
1417 949 1451 976 δὲ
1473 948 1572 974 πάντα
1602 947 1670 973 υΙὸν
1690 944 1865 980 ὃνπιιραδές

1074 1004 1155 1032 χεται
1160 1016 1167 1023 .

1114 1051 1124 1067 ι
1139 1039 1335 1076 Περιεϐάλοντο
1354 1040 1471 1066 ἀδικίαν.
1493 1049 1503 1065 ι

1113 1087 1171 1121 Ἐφ’
1187 1084 1226 1118 οἷς
1254 1086 1337 1121 ἐχρῆν
1358 1085 1545 1121 αἰσχύνεσθαι,
1563 1084 1610 1111 ἐπὶ
1637 1083 1743 1114 τούτοις
1764 1081 1865 1117 σεμνύ-

1073 1142 1174 1164 νονται,
1192 1132 1262 1161 ὥστε
1292 1132 1419 1167 καθάπερ
1435 1130 1622 1166 περιϐολαίοις
1637 1129 1684 1156 καὶ
1703 1123 1792 1163 σκέπῃ
1807 1129 1864 1158 τοῖς

1073 1179 1294 1215 πλημμελήμασι
1306 1178 1472 1214 χρήσασθαι.
1490 1177 1588 1208 Καλῶς
1599 1176 1627 1203 δὲ
1638 1175 1765 1210 ἀλλήλοις
1778 1173 1864 1200 ταῦτα

1074 1226 1174 1260 συνῆψε
1202 1226 1236 1252 τὰ
1263 1225 1496 1260 πλημμελήματα·
1526 1223 1581 1250 ἀπὸ
1605 1221 1660 1256 γὰρ
1687 1221 1736 1256 τῆς
1761 1221 1866 1255 ὑπερη-

1073 1273 1171 1307 φανίας
1198 1273 1238 1303 εἰς
1249 1271 1356 1298 ἀδικίαν
1370 1271 1408 1302 ὡς
1419 1270 1453 1296 τὰ
1468 1269 1552 1296 πολλὰ
1577 1270 1625 1295 καὶ
1652 1268 1692 1299 εἰς
1707 1266 1864 1300 πλεονεξίαν

1072 1318 1210 1354 ἄνθρωποι
1223 1317 1364 1344 πίπτουσι.
1660 1354 1666 1358 ἱ

1110 1364 1147 1390 Οὐ
1162 1363 1273 1390 δύναται
1290 1363 1318 1390 δὲ
1334 1363 1389 1390 τῶν
1412 1363 1561 1398 αἱρετικῶν
1578 1361 1594 1398 ἢ
1611 1361 1667 1388 τῶν
1695 1359 1865 1396 βλασφήμων

1072 1411 1231 1445 ἐπικρατεῖν
1261 1409 1325 1444 ἄχρι
1348 1408 1446 1435 πολλοῦ
1462 1409 1496 1435 τὰ
1517 1409 1639 1443 ῥήματα·
1654 1406 1809 1442 διέρχονται
1836 1403 1865 1429 δὲ

1072 1456 1120 1491 τὴν
1135 1455 1199 1490 γῆν,
1215 1454 1321 1489 ὀλίγους
1352 1454 1429 1485 τινὰς
1454 1453 1525 1481 κατὰ
1555 1453 1672 1489 πάροδον
1699 1451 1864 1487 βλάπτοντα.

1073 1502 1159 1528 Τοῦτο
1174 1501 1309 1533 συνιέντες
1323 1501 1348 1527 οἱ
1363 1500 1465 1531 πιστοὶ,
1479 1499 1531 1526 κᾶν
1547 1499 1650 1534 τύχωσι
1666 1497 1864 1532 πλανηθέντες,

1049 1565 1056 1591 Ξ
1073 1548 1278 1583 ἐπιστρέφουσι·
1300 1547 1364 1582 περὶ
1381 1543 1418 1573 ὧν
1433 1546 1467 1573 τὰ
1482 1546 1544 1581 ἑξῆς
1559 1546 1572 1572 ὁ
1587 1543 1740 1580 Ψαλμῳδὺς
1761 1541 1865 1578 ἐμελῴ-

1075 1595 1105 1621 δτι
1110 1602 1149 1621 σε.

1110 1603 1149 1621 σε.

1089 1603 1122 1665 ηε
1140 1639 1194 1666 Καὶ
1208 1637 1281 1666 εἴπω
1295 1639 1366 1674 ’Ἄρα
1392 1637 1514 1673 ματαίως
1534 1637 1692 1664 ἐδικαίωσα.
1709 1644 1720 1661 ι

1111 1686 1269 1718 Taurea-rw,
1293 1686 1365 1720 Ἀρα
1396 1685 1485 1719 μάτην
1509 1684 1572 1714 τοὺς
1588 1682 1747 1717 λογισμοὺς,
1777 1680 1867 1715 μάτην

1076 1731 1125 1763 τὰς
1152 1731 1265 1767 πράξεις
1293 1730 1428 1765 ἐκάθηρα,
1452 1729 1501 1756 καὶ
1524 1729 1574 1764 τὴν
1602 1727 1718 1763 καρδίαν
1742 1726 1792 1761 μὲν
1812 1725 1868 1751 ἐδι-

1077 1777 1192 1809 καίωσα,
1220 1776 1302 1812 μηδὲν
1323 1777 1352 1803 ὲν
1378 1776 1447 1810 αὐτῇ
1480 1773 1655 1808 λογιζόμενος
1684 1772 1786 1799 ἄδικον·
1817 1770 1867 1800 τὰς

1077 1825 1169 1859 χεῖρας
1189 1823 1217 1849 δὲ
1230 1823 1258 1849 ὲν
1271 1822 1368 1853 ἀθώοις
1385 1821 1497 1851 ἕπλυνα,
1510 1822 1537 1847 ἐν
1553 1815 1868 1865 ἁγμθαίξθηλαδὴ-πρᾶ-

1079 1869 1134 1901 East
1147 1870 1207 1901 ταῖς
1219 1869 1268 1895 οὐκ
1292 1867 1418 1902 ἐχούσαις
1428 1867 1478 1902 τὴν
1492 1867 1521 1898 ἐξ
1534 1861 1671 1900 ἁμαρτίας
1682 1863 1766 1898 ζωήν.
1781 1861 1868 1887 Τουτ-

1078 1916 1147 1948 έστι,
1159 1915 1266 1950 Ζημίαν
1288 1914 1317 1940 οὺ
1332 1912 1532 1947 διελογιζόμην-
1548 1909 1703 1958 ζημίαμγὰρ
1718 1907 1803 1958 ξντως
1815 1906 1868 1958 titti-

1078 1961 1127 1997 χῆς
1147 1961 1163 1996 ἡ
1180 1959 1313 1994 ἁμαρτία,
1334 1958 1402 1985 Θεοῦ
1420 1957 1511 1992 φιλίαν
1526 1957 1612 1992 αὐτὴν
1636 1954 1786 1991 ζημιοῦσα,
1813 1954 1868 1978 τῶν

1078 2005 1188 2040 ἀγαθῶν
1200 2005 1230 2031 τὸ
1243 2004 1396 2031 κάλλιστον.

1117 2060 1125 2076 ι
1146 2051 1202 2078 Καὶ
1217 2050 1352 2084 ἐγενόμην
1369 2047 1623 2084 μεμαστιγωμένος.
1643 2055 1652 2071 ι

1122 2097 1150 2123 '0
1163 2096 1217 2131 γὰρ
1230 2095 1324 2122 ἑαυτὸν
1341 2094 1481 2130 μαστιγῶν
1494 2093 1537 2128 ἐφ’
1550 2090 1590 2123 οἷς
1604 2090 1812 2126 ἐπλημμέλησε,
1822 2089 1870 2114 καὶ

1078 2143 1124 2170 τδν
1138 2143 1237 2169 οἰκεῖον
1252 2141 1362 2176 ἔλεγχον
1377 2141 1417 2172 εἰς
1434 2140 1482 2171 τὰς
1495 2139 1614 2174 πρωῖας,
1628 2139 1656 2164 ὲν
1671 2136 1741 2172 φωτὶ
1755 2135 1869 2170 δηλαδὴ,

1079 2190 1126 2217 καὶ
1147 2190 1197 2216 οὐκ
1219 2189 1247 2214 ὲν
1272 2189 1370 2222 σκότῳ,
1385 2187 1535 2222 τιθέμενος,
1565 2182 1643 2216 οὗτος
1669 2185 1698 2210 ὲν
1728 2182 1870 2217 λογισμοῖς

239 2231 357 2259 tionibus
371 2237 398 2259 et
413 2233 567 2262 actionibus
583 2243 668 2269 purus
687 2236 804 2264 exsistit.
835 2226 1023 2272 Reprehendi-

1079 2235 1227 2271 καθαρεύει
1242 2235 1290 2261 καὶ
1311 2233 1455 2270 πράξεσιν.
1476 2231 1633 2266 Ἑλέγχεται
1646 2230 1674 2257 δὲ
1692 2230 1720 2256 ὲν
1737 2228 1809 2263 φωτὶ
1820 2226 1868 2261 μὲν

238 2282 382 2305 turautem
394 2278 543 2312 inlumine,
555 2281 601 2314 qui
625 2280 776 2309 libertatem
804 2283 907 2318 prmbet
939 2284 1026 2312 incre-

238 2324 376 2358 pantibus,
393 2325 504 2360 sapiens
515 2325 581 2353 illud
596 2327 736 2354 oraculum
767 2329 927 2361 observans,
952 2330 1025 2364 quod

238 2370 264 2397 iu
277 2370 431 2398 Proverbiis
450 2371 550 2399 dicitur
566 2381 572 2398 :
586 2372 673 2408 Argue
695 2374 852 2409 sapientem,
877 2381 901 2402 et
936 2375 1028 2410 diliget

238 2420 262 2442 Ie
277 2415 355 2443 ".‘ln
371 2417 489 2444 tenebris
501 2425 565 2446 vero
576 2422 701 2446 versatur
730 2419 754 2446 is
767 2419 812 2454 qui
823 2425 969 2448 monentes
983 2420 1026 2447 fu-

239 2461 292 2494 git;
306 2461 332 2487 in
347 2469 424 2496 quem
439 2464 506 2491 alter
520 2464 820 2492 versiculusProverbii
836 2466 965 2500 quadrat:
978 2467 1026 2492 Ar-

238 2514 288 2539 gue
303 2506 455 2538 stuilum,et
466 2509 574 2543 adjiciet
589 2514 617 2536 ut
634 2510 716 2537 oderit
728 2515 761 2538 Ie.

273 2551 408 2580 Vsus.2l.
422 2563 431 2578 ι
449 2554 581 2588 Quoniam
593 2556 788 2583 inflammatum
802 2562 844 2584 est
854 2565 900 2584 cor
909 2565 1024 2584 meum.»

275 2594 401 2629 lpsemet,
416 2596 515 2631 inquit,
531 2597 613 2625 etiam
626 2599 659 2626 ad
668 2600 783 2627 nihilum
792 2601 917 2635 redigar;
935 2601 961 2628 id
975 2606 1028 2634 est,

241 2639 347 2674 fragilis
358 2639 473 2669 effectus
488 2649 548 2668 sum
561 2651 568 2675 ;
593 2644 812 2679 quandoquidem
828 2645 1026 2673 inflammatum

240 2688 282 2710 est
293 2691 339 2710 cor
355 2691 446 2711 meum
463 2685 491 2712 in
506 2687 657 2720 avaritiam,
673 2689 848 2716 manifestum
865 2698 975 2724 quoque
986 2695 1028 2717 est

241 2736 322 2756 renes
336 2737 412 2757 meos
423 2731 578 2759 immutatos
586 2741 662 2766 esse;
676 2735 795 2771 intcllige
806 2739 898 2762 autem
916 2735 949 2762 ad
965 2735 1027 2762 libi-

241 2774 343 2802 dinem.
360 2775 475 2809 Quando
488 2778 561 2806 enim
577 2780 674 2815 aliquis
698 2787 872 2817 peccatorum
899 2782 1029 2809 felicitate

1078 2284 1092 2309 ὁ
1108 2280 1264 2318 παρῤησίας
1280 2279 1437 2315 μεταδιδοὺς
1454 2279 1511 2310 τοῖς
1525 2278 1694 2312 ἐλέγχουσιν,
1712 2276 1726 2301 ὁ
1741 2275 1771 2300 τὺ
1787 2272 1870 2308 σοφὸν

1080 2329 1168 2355 ἐκεῖνο
1177 2328 1267 2362 λόγιον
1281 2325 1431 2361 ἐπιτηρῶν,
1447 2325 1516 2359 ὅπερ
1531 2325 1560 2350 ὲν
1574 2323 1739 2357 Παροιμίαις
1750 2321 1869 2357 εἴρηται·

1082 2373 1224 2408 "Exercent
1244 2372 1353 2406 σοφὸν,
1375 2371 1424 2398 καὶ
1439 2370 1591 2405 ἀγαπήσει
1602 2377 1649 2395 σε.
1673 2368 1718 2394 Ἐν
1739 2367 1828 2401 σκότῳ
1842 2366 1872 2393 δὲ

1079 2420 1093 2446 ὁ
1107 2419 1216 2454 φεύγων
1232 2419 1294 2449 τοὺς
1307 2417 1498 2453 ὲντρέποντας·
1513 2417 1553 2446 εἷς
1570 2415 1600 2441 ὃν
1611 2416 1625 2441 ὁ
1638 2414 1765 2447 δεύτερος
1779 2413 1871 2447 στίχος

1079 2465 1128 2501 τῆς
1144 2464 1297 2499 Παροιμίας
1309 2464 1431 2499 ἥρμοσεν
1445 2470 1453 2478 ο
1471 2463 1599 2497 Ἔλεγχε
1609 2461 1660 2488 τὸν
1674 2461 1801 2494 ἄφρονα,
1823 2458 1872 2484 καὶ

1081 2509 1249 2545 προσθήσει
1258 2509 1310 2536 τοῦ
1322 2508 1455 2543 μισῆσαι
1467 2515 1515 2535 σε.

1120 2564 1129 2580 ι
1150 2555 1211 2581 ’Ότι
1226 2553 1360 2588 ἐξεκαύθη
1375 2554 1392 2588 ἡ
1409 2552 1507 2587 καρδία
1526 2561 1588 2586 μου.
1611 2560 1620 2576 ι

1124 2601 1330 2634 Ἐξουδένωμαι,
1343 2599 1421 2634 φησι,
1434 2599 1481 2625 καὶ
1492 2597 1584 2629 αὑτός·
1597 2596 1751 2625 τουτέστιν,
1767 2595 1811 2621 Ἐν
1825 2594 1871 2620 εὐ-

1084 2647 1173 2682 τελείᾳ
1196 2647 1306 2681 γέγονα·
1334 2645 1428 2680 ἐπειδὴ
1444 2644 1579 2678 ἐξεκαύθη
1594 2643 1611 2678 ἡ
1644 2641 1742 2677 καρδία
1760 2649 1810 2675 μου
1832 2640 1871 2670 εἰς

1082 2691 1250 2724 πλεονεξίαν,
1266 2690 1378 2727 εΰδηῖρν
1395 2692 1441 2717 καὶ
1456 2690 1481 2715 oi
1493 2688 1588 2724 νεφροί
1605 2696 1656 2722 μου
1669 2685 1868 2721 ἠλλοιώθησαψ

1082 2738 1122 2768 εἰς
1148 2737 1244 2773 ἡδονὰς
1259 2737 1288 2763 δὲ
1305 2737 1411 2772 νόησον.
1433 2737 1518 2762 Ὅταν
1544 2735 1597 2769 γάρ
1613 2742 1653 2766 τις
1677 2733 1729 2759 ὑπὸ
1747 2732 1797 2766 τῆς
1817 2730 1872 2757 τῶν

1084 2783 1255 2817 ἁμαρτωλῶν
1272 2783 1399 2818 εὐθηνίας
1425 2780 1563 2812 δολωθεὶς,
1582 2779 1710 2815 ἐρεθισθῇ
1739 2777 1807 2814 πρὸς
1821 2776 1871 2812 τὴν

277 2875 388 2903 "Prov.
402 2885 477 2911 tvm.
494 2879 520 2906 ’5.
560 2881 582 2897 ⁷⁵
596 2881 606 2908 1
620 2880 682 2908 Cor.
701 2890 741 2915 ut,
755 2881 780 2908 8.
820 2881 842 2895 ⁷³
859 2880 940 2908 llcbr.
959 2888 1007 2913 xu,

1092 2881 1113 2896 ⁷⁷
1127 2880 1206 2907 Prov.
1224 2887 1263 2914 Ix,
1273 2880 1299 2907 S.
