2056 3148
151 191 218 226 1241

730 200 962 234 FRAGMENTA
980 204 1021 235 IN
1038 204 1215 237 PSALMOS.

1718 206 1787 239 1242

153 251 265 278 ἐκείνων
299 251 430 287 μίμησιν,
469 254 640 290 παραχρῆμα
673 255 871 292 ὲξουθενεῖται,
899 260 944 286 καὶ

998 262 1138 297 deceptus,
1166 264 1199 290 ad
1211 270 1307 290 eorum
1333 261 1512 290 imitationem
1544 261 1627 289 fuerit
1647 262 1784 293 incitatus,
1819 277 1825 282 -

153 298 324 332 φαυλίζεται,
343 299 375 325 ὲκ
396 299 443 326 τοῦ
461 299 563 327 οἰκείου
589 302 751 334 μεταπεσὼν
772 304 941 340 ἀξιώματος.

154 344 261 378 Σφόδρα
276 343 305 370 δὲ
320 344 457 379 ἁρμοδίως
480 345 661 380 προστέθεικε
687 347 728 379 τὸ,
749 350 809 376 Οὐκ
834 350 941 384 ἔγνων

155 389 304 425 ἐπειδήπερ
327 390 470 424 ἀγνοοῦσιν
498 392 522 418 oi
543 391 637 418 πολλοὶ
661 393 710 428 τὴν
737 394 942 429 συμϐαίνουσαν

155 436 248 467 αὐτοῖς
266 437 298 462 ὲκ
314 435 368 462 τῶν
394 437 601 472 ἁμαρτημάτων
618 438 767 466 εὐτέλειαν·
784 441 809 467 οἱ
832 442 881 476 μὲν
903 443 943 474 ὡς

157 481 251 515 ἱερεῖς.
262 481 286 507 οἱ
303 480 332 507 δὲ
345 481 383 512 ὡς
396 481 536 516 ἄρχοντες,
554 483 587 509 ὲκ
598 483 644 510 τοῦ
664 486 857 520 περικειμένου
873 488 942 523 σχή-

157 533 242 560 ματος
254 526 442 561 ἀπατώμενοι.

194 579 204 595 σ
218 570 367 605 Κτηνώδης
382 571 515 607 ἐγενήθην
526 574 603 608 παρὰ
619 574 671 600 σοί.
693 583 703 601 ι

193 615 316 648 κτήνους
331 616 386 651 γὰρ
409 617 474 644 [διον
487 618 518 644 τὸ
543 618 707 652 πλανᾶσθαι,
727 622 774 647 καὶ
791 622 872 649 πάλιν
887 623 942 650 ἀπὸ

157 659 207 694 τῆς
219 661 324 695 πλάνης
339 661 429 696 ῥάϐδῳ
441 663 521 698 τυχὸν
534 663 550 699 ἢ
565 664 668 700 χαλινῷ
681 667 884 700 μετατίθεσθαι.
895 669 941 700 El;

158 706 253 740 καιρὸν
280 706 309 732 δὲ
337 706 368 733 τὸ
389 708 471 741 παρὰ
481 710 531 736 σοι
552 710 599 736 καὶ
615 711 691 745 μετὰ
702 712 761 738 σοῦ
776 713 942 749 προσέθηκε,

156 750 201 776 τὸν
219 750 298 783 λόγον
315 751 541 788 ἀσφαλιζόμενος·
554 755 647 790 ἐπειδή
665 756 736 787 τινές
751 757 816 790 εἰσι,
830 758 870 792 τῷ
881 759 942 785 δια-

157 795 227 829 ϐόλῳ
239 796 346 830 κτηνῶν
359 797 436 832 δίκην
464 799 586 833 ἀνοήτων
601 801 741 836 ἑπόμενοι·
761 804 826 836 περὶ
844 801 883 831 ὧν
905 805 944 831 εί-

157 847 248 876 ρηται,
267 843 526 878 Παρασυνεᾶίήθη
542 844 604 877 τοῖς
625 846 749 879 κτήνεσι
764 848 826 881 τοῖς
853 849 944 882 ἀνοή-

158 893 230 918 τοις,
256 886 305 912 καί
328 887 460 922 ὡμοιώθη
491 889 604 922 αὐτοῖς.
622 890 701 918 Ἀλλὰ
718 892 778 923 πῶς
800 891 870 920 εἶναι
887 894 944 921 δια-

157 930 256 962 παντὸς
267 932 336 966 μετά
347 933 394 959 τοῦ
405 932 503 966 Θεοῦ,ὀ
518 934 567 970 τὴν
577 935 666 971 ὁρμὴν
675 937 745 969 ὅλως
756 939 781 964 εί
795 939 842 965 καὶ
858 940 944 975 πρόσ-
961 927 982 954 Β

156 984 253 1012 καιρον
277 978 401 1013 ἐσχηκὼς
424 980 470 1006 ἐπὶ
488 980 519 1006 τὸ
541 982 632 1016 χεῖρον
659 982 787 1016 δύναται;
804 984 839 1010 Ἦ
853 984 942 1020 δῆλον,

155 1020 193 1052 ὡς
210 1021 259 1056 οὐχ
284 1022 449 1058 ἁμαρτάνων
461 1025 493 1060 τῇ
508 1026 645 1060 προθέσει,
659 1027 838 1062 ἀπατώμενος
848 1028 877 1055 δὲ
891 1030 943 1056 πέ-

155 1066 351 1104 πονθε-διόπερ
366 1069 514 1103 ὰνακοπεὶς
523 1071 562 1107 τῷ
578 1071 678 1108 χαλινῷ
697 1072 736 1108 τῷ
752 1073 827 1108 νόμῳ
844 1082 937 1110 παρα-

155 1113 249 1148 χρῆμα
265 1114 428 1151 ἐπέστρεψε.

138 1168 142 1170 “
194 1168 204 1185 ι
220 1160 253 1187 Τί
268 1162 322 1196 γάρ
335 1171 379 1197 μοι
392 1163 510 1199 ὑπάρχει
528 1165 557 1191 ὲν
569 1165 609 1200 τῷ
619 1165 740 1201 οὐρανῷς
760 1175 769 1190 ι

201 1206 358 1239 Ἐξέλιπεν
376 1210 395 1243 ἠ
418 1211 525 1244 καρδία
535 1220 595 1245 μου
607 1213 657 1238 καὶ
672 1213 690 1246 ἠ
705 1212 783 1247 σάρξ
797 1221 866 1247 μου,
890 1212 943 1239 ἀπὸ

113 1276 115 1278 ,
137 1268 139 1270 -
155 1249 208 1276 τῶν
225 1249 361 1284 βιωτικῶν
374 1253 474 1289 δηλαδὴ
497 1256 544 1281 καὶ
564 1255 743 1290 ἀνθρωπίνων
758 1257 941 1292 πραγμάτων.

157 1295 240 1322 Ὅταν
253 1296 307 1331 γὰρ
322 1298 427 1324 ἐκεῖθεν
450 1299 559 1335 ἐκλίπῃ,
587 1301 735 1334 τουτέστιν,
751 1302 814 1329 ὅταν
829 1302 876 1329 ἀπ’
893 1303 942 1329 αὺ-

155 1340 208 1367 τῶν
227 1341 392 1379 ἀναχωρήσῃ
406 1345 454 1372 καὶ
467 1346 615 1382 παύσηται,
632 1348 692 1373 τότε
714 1348 809 1383 μερίδα
823 1349 869 1375 τὸν
877 1349 942 1375 Θεὸν

155 1386 209 1418 ἕξει
232 1388 273 1418 είς
296 1388 342 1415 τὸν
365 1390 461 1417 αἰῶνα·
483 1392 576 1427 κτῆμα
601 1393 630 1419 δὲ
654 1393 738 1419 αὑτοῦ
755 1394 804 1428 τῆς
828 1394 943 1430 καρδίας

156 1429 296 1464 ἐξαίρετον
314 1434 429 1468 γίνεται,
446 1436 516 1463 ὥστε
535 1437 602 1470 Θεὸς
619 1439 704 1474 αὐτῆς
714 1439 758 1465 διὰ
776 1441 824 1474 τὴν
845 1429 942 1475 κτῆσιν

157 1477 204 1504 καὶ
218 1477 268 1514 τὴν
279 1479 416 1516 ἐνοίκησιν
431 1482 571 1516 λέγεσθαι.

440 1528 587 1556 ΨΔΛΜΟΣ
601 1530 660 1558 ΟΡ.

195 1580 205 1597 ι
231 1571 275 1603 Ὧς
295 1572 325 1599 ὲν
336 1573 431 1608 δρυμῷ
444 1573 540 1607 ξύλων.
561 1584 571 1601 ›

196 1616 303 1649 Ἀξίνας
326 1618 375 1650 τὰς
400 1618 578 1654 βλασφήμους
599 1620 654 1648 τῶν
675 1622 810 1649 Ἰουδαίων
835 1623 944 1658 νοήσεις

156 1662 292 1699 γλώσσας,
304 1664 354 1696 τὰς
367 1665 396 1691 δὲ
411 1666 497 1697 αὑτὰς
511 1666 616 1694 πέλυκα
633 1668 679 1694 καὶ
691 1668 879 1704 λαξευτήριον·
897 1669 945 1696 καὶ

158 1709 314 1745 θαυμαστὸν
329 1711 415 1738 οὐδέν·
433 1712 552 1748 ἀλλαχοῦ
565 1713 620 1749 γὰρ
637 1715 776 1749 μάχαιραν
790 1715 880 1747 ὀξεῖαν
894 1715 944 1742 αὑ-

156 1755 205 1787 τὰς
229 1757 462 1792 προσηγόρευσεν.
479 1756 565 1786 Δῦται
592 1760 682 1787 τοίνυν
697 1760 839 1795 ὲξέκσψαν,
867 1761 944 1796 φησὶ,

157 1801 203 1827 καὶ
228 1803 402 1838 κατέῤῥαξαν
429 1804 478 1836 τὰς
498 1805 582 1838 θύρας
599 1807 694 1842 αὐτῆς,
710 1806 811 1842 δηλαδὴ
824 1807 875 1838 τὰς
890 1809 946 1834 εἰσ-

156 1847 233 1880 όδους
246 1850 296 1884 τῆς
315 1850 354 1881 είς
368 1850 486 1885 Χριστὸν
500 1851 627 1883 πίστεως.

193 1895 300 1929 Ὄνομα
312 1896 340 1922 δὲ
352 1896 398 1922 τοῦ
411 1897 517 1932 Πατρδς
536 1899 550 1924 ὁ
565 1898 640 1930 Υἱὸς,
656 1898 693 1929 ὡς
706 1898 787 1930 αὐτὸς
803 1899 949 1933 γνωρίζων

157 1940 200 1966 τὸν
218 1941 339 1977 Πατέρα,
356 1943 403 1969 καὶ
422 1943 455 1969 δι’
469 1943 553 1970 αὐτοῦ
575 1944 787 1979 γνωριζόμενος.
801 1945 902 1971 Τούτου
915 1946 945 1972 τὸ

158 1987 290 2022 σκήνωμα
325 1988 404 2028 (φησὶ
426 1989 455 2016 δὲ
483 1989 532 2025 τὴν
558 1990 725 2024 οἰκονομίαν)
748 1991 788 2021 είς
815 1992 867 2025 γῆν
890 1992 945 2022 τοῖς

158 2032 272 2059 πάθεσιν
297 2033 481 2069 ἔὸεὸήλωσαν·
500 2037 528 2062 ὲν
541 2036 647 2071 οὐρανῷ
675 2036 730 2071 γὰρ
749 2037 945 2072 δεδοξασμένος

157 2079 202 2106 καὶ
213 2080 284 2107 κατὰ
295 2080 339 2106 τὸν
353 2082 449 2117 καιρὸν
463 2082 516 2108 τῶν
532 2082 702 2118 παθημάτων
712 2082 830 2118 ἔμεινεν.

195 2135 204 2152 ι
222 2124 311 2153 Εἶπαν
326 2127 356 2153 ἐν
373 2128 404 2162 τῇ
419 2127 518 2163 καρδίᾳ
532 2127 631 2154 αὐτῶν.
652 2137 662 2154 ι

190 2172 275 2203 Ποίας
293 2172 322 2199 δὲ
339 2173 452 2208 ὲορτάς;
473 2173 552 2208 δῆλον
568 2173 605 2204 ὡς
622 2173 740 2206 ὲκείνας,
763 2174 867 2206 αἵτινες
891 2174 945 2201 ἀπὸ

158 2219 205 2252 τῆς
222 2218 372 2253 ἐπιδημίας
395 2219 442 2245 τοῦ
462 2219 590 2255 Σωτῆρος
609 2219 769 2254 ὴλπίζοντο,
781 2217 837 2247 οἷον
851 2221 944 2256 ἁρῤω-

159 2264 303 2298 στημάτων
317 2264 526 2299 ίάσεις,πλάνης
542 2265 697 2301 ἀπαλλαγὴ,
711 2265 876 2300 θεογνωσίας
885 2267 943 2293 εἵσ-

158 2308 225 2340 οδος.
238 2305 324 2336 Αὗται
349 2309 402 2344 γὰρ
423 2309 531 2345 ἀληθῶς
552 2311 644 2346 ἑορταὶ
665 2311 743 2343 Θεοῦ,
759 2311 866 2346 χαίρειν
882 2312 944 2338 ἀτε-

159 2350 273 2387 λεύτητα
293 2352 338 2378 τὸν
354 2353 508 2388 ἄνθρωπον,
524 2355 568 2380 καὶ
588 2355 784 2390 πανηγυρίζειν
797 2355 943 2388 διαπαντὸς

159 2398 337 2432 παρέχουσαι.
364 2399 472 2431 Ταύτας
492 2400 582 2426 τοίνυν
595 2400 638 2427 διὰ
661 2400 710 2436 τῆς
726 2401 766 2432 εἰς
785 2401 866 2428 αὑτὸν
881 2402 942 2428 ὲπι-

158 2441 254 2479 ϐουλῆς
269 2444 372 2471 ἀνελεῖν
382 2445 601 2481 ἐφαντάσθησαν.

194 2545 203 2560 ι
218 2536 254 2562 Σὺ
266 2536 455 2571 ἑκραταίωσας
466 2537 495 2563 ἐν
506 2538 538 2572 τῇ
546 2536 658 2572 δυνάμει
675 2546 732 2565 σου.
758 2547 767 2563 ι

192 2582 332 2616 Δράκοντα
349 2582 465 2608 καθόλου
484 2583 574 2608 πᾶσαν
600 2583 791 2618 ἀντικειμένην
806 2591 945 2618 προσαγο-

159 2627 231 2662 ρεύει
246 2628 373 2663 δύναμινι
394 2629 473 2655 τοῦτο
498 2629 557 2663 μὲν,
575 2628 613 2660 ὡς
635 2629 674 2655 ἰὸν
691 2628 862 2663 ἀναιρετικὸν
875 2629 946 2663 ἔχου-

159 2682 218 2701 σαν·
230 2674 309 2701 τοῦτο
319 2675 347 2701 δὲ
365 2675 432 2710 πρὸς
448 2675 601 2710 ἀνάμνησιν
617 2675 664 2702 τοῦ
686 2675 830 2709 γεγονότος
846 2675 875 2702 ἐν
893 2684 945 2701 πα-

161 2720 274 2754 ραδείσῳ
287 2721 434 2756 δράματος,
448 2721 492 2748 ὅτε
505 2721 549 2747 τὸν
565 2721 626 2755 ὅφιν
643 2720 811 2747 ὐπεισελθὼν
820 2721 833 2747 ὁ
850 2721 945 2756 ἐχθρὸς

158 2765 284 2800 ἡπάτησε
302 2766 348 2792 τὸν
363 2766 574 2801 πρωτόπλοιστον
599 2765 754 2801 ἄνθρωπον.
771 2764 880 2792 Τούτων
895 2765 946 2797 τὰς

157 2811 280 2845 κεφαλὰς
291 2811 450 2847 συνέτριψεν
467 2812 481 2838 ό
493 2811 609 2846 Χριστὸς
621 2812 648 2837 ἐν
662 2811 700 2846 τῷ
715 2811 802 2844 ὕδατι,
815 2810 897 2842 αὑτός
914 2819 944 2836 τε

193 2903 216 2918 ⁷⁸
233 2901 303 2929 Psal.
318 2909 408 2932 xtvm,
424 2901 462 2927 l3.
502 2901 523 2915 ⁷⁹
537 2900 605 2928 Psal.
617 2907 669 2930 l.\'l,
682 2899 708 2926 5'.

994 307 1066 334 illico
1073 308 1107 334 ad
1121 308 1236 335 nihilum
1249 309 1394 344 redigitur,
1411 314 1438 335 et
1453 309 1629 343 depravalur,
1644 316 1659 335 a
1675 309 1786 344 propria

994 353 1125 388 dignitate
1140 354 1283 381 decidens.
1298 354 1382 381 Valde
1409 359 1501 381 autem
1517 354 1722 382 accommodate
1736 355 1786 381 ad-

991 398 1082 433 junxit
1098 399 1179 431 istud,
1195 399 1228 425 Et
1243 400 1357 431 nescivi;
1372 400 1435 434 quia
1450 399 1559 435 plurimi
1578 399 1702 434 ignorant
1723 400 1785 426 vili-

995 449 1076 472 tatem
1101 453 1161 480 qua:
1180 445 1245 480 ipsis
1260 445 1359 472 accidit
1383 453 1416 473 ex
1441 447 1576 480 peccatis;
1602 446 1646 472 alii
1673 446 1784 480 quidem

995 494 1122 524 tanquam
1134 491 1302 523 sacerdotes,
1315 493 1360 519 alii
1378 500 1443 519 vero
1478 496 1608 527 tanquam
1634 492 1783 527 principes,

995 542 1027 562 ex
1037 536 1169 570 adjacenti
1181 537 1272 572 specie
1284 538 1402 572 decepti.

1030 581 1110 608 Vens.
1122 582 1168 609 ‘25.
1188 591 1198 607 ‹
1215 582 1417 617 Utjumentum
1441 582 1529 609 iactus
1558 589 1619 609 sum
1630 582 1702 617 apud
1715 585 1752 609 te.
1771 591 1781 607 ι

1028 626 1147 654 Jumenti
1162 627 1234 654 enim
1247 628 1388 662 proprium
1404 633 1446 655 est
1460 635 1564 659 errare,
1578 633 1605 655 et
1622 636 1732 655 rursum
1748 629 1784 655 ab

995 679 1088 698 errore
1106 671 1163 700 sive
1177 672 1251 707 virga
1265 673 1323 700 sive
1343 673 1421 700 freno
1454 673 1587 701 revocari.
1620 673 1784 708 Opportune

994 721 1084 744 autem
1104 717 1186 750 istud,
1205 719 1276 752 apud
1291 723 1325 750 te,
1342 723 1379 751 et,
1401 724 1484 746 tecum
1496 719 1611 750 addidit,
1628 727 1783 746 sermonem

994 763 1158 790 conﬁrmans
1174 765 1415 799 :quandoquidem
1432 766 1514 800 aliqui
1530 770 1594 792 sunt
1609 766 1655 800 qui
1665 765 1782 796 diabolo,

995 809 1080 836 instar
1091 810 1278 844 iumentorum
1292 810 1490 845 insipientium,
1501 812 1658 838 adhaarent:
1674 811 1707 838 de
1721 811 1784 844 qui-

994 855 1046 882 bus
1060 855 1159 883 dicitur
1173 864 1180 882 :
1192 855 1370 890 Comparalus
1382 862 1418 882 est
1435 856 1565 890 jumentis
1589 856 1782 891 insipientibus.

994 905 1018 928 et
1030 901 1125 928 similis
1139 902 1224 937 factus
1240 906 1276 928 est
1287 900 1385 930 illis".
1415 901 1468 928 Sed
1485 903 1622 936 quomodo
1637 909 1699 929 cum
1726 902 1784 928 Deo

995 954 1103 982 semper
1116 954 1177 974 esse
1190 948 1285 982 possit,
1297 948 1343 982 qui
1361 947 1489 974 allectum
1519 947 1632 974 omnino
1645 951 1783 981 tempora-

995 992 1046 1020 lem
1060 997 1107 1020 aut
1124 993 1156 1020 ad
1172 993 1272 1020 malum
1289 993 1405 1020 habuit?
1418 992 1494 1020 Unde
1505 992 1691 1024 manifestum,
1704 992 1779 1026 quod

995 1046 1049 1066 non
1065 1046 1096 1066 es
1110 1038 1193 1065 animi
1212 1039 1397 1066 destinatione
1412 1038 1544 1074 pecearit,
1561 1039 1608 1066 scd
1637 1045 1671 1065 ex
1702 1037 1784 1064 dece-

994 1085 1087 1120 ptione
1100 1085 1151 1112 hoc
1166 1092 1261 1119 passus
1277 1085 1329 1118 sit;
1345 1092 1429 1119 quare
1448 1084 1525 1112 freno
1547 1084 1615 1120 legis
1641 1088 1784 1112 revocatus

995 1130 1066 1157 illico
1080 1130 1187 1157 resiliit.

1031 1174 1164 1202 Vens.23.
1180 1184 1189 1200 ι
1207 1175 1276 1208 Quid
1294 1175 1367 1202 enim
1380 1175 1446 1202 mihi
1460 1179 1502 1202 est
1516 1175 1543 1202 in
1557 1175 1646 1202 celo?
1668 1184 1676 1200 ι

1029 1221 1127 1255 Defecil
1142 1230 1186 1248 cor
1205 1229 1290 1247 meum
1304 1225 1327 1248 et
1341 1229 1404 1247 caro
1417 1229 1486 1254 mea,
1509 1229 1524 1248 a
1549 1221 1725 1248 saecularibus
1737 1220 1782 1247 ni-

994 1267 1094 1294 mirum
1111 1271 1138 1294 et
1154 1267 1283 1294 humanis
1299 1267 1425 1302 negotiis.
1438 1266 1552 1299 Quando
1568 1267 1641 1294 enim
1656 1267 1719 1293 inde
1731 1267 1777 1293 de-

994 1313 1100 1346 fecerit,
1115 1313 1141 1340 id
1155 1317 1206 1343 est.
1219 1313 1328 1348 quando
1344 1314 1378 1340 ab
1392 1313 1425 1340 iis
1443 1313 1588 1341 recesserit
1599 1318 1680 1347 atque
1691 1320 1783 1340 cessa-

994 1358 1072 1390 verit,
1089 1362 1154 1385 tunc
1164 1363 1269 1392 partem
1286 1365 1361 1384 suam
1380 1358 1493 1385 habebit
1507 1359 1590 1385 Deum
1613 1358 1640 1384 in
1667 1357 1783 1389 saecula;

994 1403 1083 1431 cordis
1098 1408 1188 1430 autem
1204 1403 1264 1437 ejus
1280 1403 1416 1438 possessio
1443 1403 1593 1436 ﬁteximia,
1609 1403 1647 1430 ita
1675 1407 1704 1430 ut
1735 1410 1784 1436 per

994 1447 1194 1481 possessionem
1209 1452 1236 1475 et
1252 1447 1481 1475 inhabitationem
1497 1448 1568 1476 Deus
1594 1449 1656 1483 ejus
1690 1448 1784 1483 appel.

995 1492 1074 1519 letur.

1240 1535 1400 1563 PSAMIUS
1417 1536 1534 1564 LXXIII.

957 1591 978 1619 ο
1031 1581 1112 1608 Vens.
1123 1581 1149 1608 6.
1167 1591 1176 1607 ‹
1191 1581 1273 1614 Quasi
1290 1582 1317 1608 in
1333 1581 1400 1608 silva
1411 1581 1561 1616 lignorum.
1579 1590 1588 1607 ι

1029 1626 1145 1653 Seeures
1159 1627 1331 1661 blasphemas
1345 1625 1501 1653 Judarornm
1511 1626 1617 1661 linguas
1637 1625 1782 1660 intelliges,

996 1672 1104 1699 easdem
1121 1679 1186 1699 vero
1198 1672 1279 1698 etiam
1295 1679 1356 1699 esse
1382 1672 1500 1698 securim
1517 1675 1544 1698 et
1559 1671 1660 1698 asciam
1678 1681 1684 1698 :
1698 1676 1726 1698 et
1741 1672 1785 1698 ni-

997 1717 1034 1744 hil
1053 1717 1105 1744 hoc
1124 1717 1222 1743 mirum
1243 1721 1284 1744 est
1306 1725 1312 1742 :
1331 1717 1395 1743 alibi
1410 1716 1484 1743 enim
1502 1716 1560 1744 illas
1573 1716 1715 1751 appellavit
1728 1716 1785 1751 gla-

996 1762 1070 1790 dium
1091 1761 1301 1789 aeutum".llze
1326 1761 1419 1797 igitur,
1445 1761 1544 1795 inquit,
1568 1761 1730 1788 exciderunt
1757 1765 1786 1788 et

996 1808 1189 1842 coniregerunt
1199 1807 1297 1842 ianuas
1310 1808 1380 1843 ejus,
1390 1807 1494 1834 scilicet
1510 1807 1651 1843 ingressus
1663 1807 1724 1834 ﬁdei
1751 1807 1784 1834 ad

995 1853 1144 1881 Christum.

1031 1898 1133 1925 Nomen
1151 1902 1241 1924 autem
1258 1897 1344 1924 Patris
1357 1901 1398 1924 est
1416 1897 1510 1928 Filius,
1536 1901 1631 1931 utpote
1658 1895 1703 1930 qui
1729 1895 1785 1921 Pa-

996 1950 1064 1971 trem
1075 1943 1208 1975 notiiicet,
1222 1947 1250 1970 et
1262 1951 1309 1978 per
1325 1943 1415 1977 ipsum
1427 1948 1509 1970 notus
1521 1942 1576 1969 ﬁat.
1594 1941 1680 1976 Hujus
1691 1941 1784 1967 taber-

997 1989 1123 2016 naculum
1140 1989 1190 2023 (ait
1203 1993 1295 2015 autem
1311 1987 1557 2022 dispensationem)
1585 1987 1612 2012 in
1625 1991 1697 2013 terra
1721 1993 1785 2020 pas-

996 2035 1119 2062 sionibus
1136 2034 1316 2069 polluerunt:
1334 2033 1362 2060 in
1377 2033 1446 2060 coelo
1463 2033 1536 2060 enim
1563 2031 1646 2059 etiam
1663 2036 1786 2066 tempore

996 2080 1130 2116 passionis
1144 2080 1291 2115 gloriosum
1305 2078 1466 2114 permansit.

1032 2125 1113 2154 Vens.
1126 2126 1151 2153 8.
1167 2134 1176 2151 ι
1194 2125 1327 2152 Dixerunt
1343 2125 1369 2151 in
1381 2124 1463 2151 corde
1478 2131 1537 2150 suo.
1558 2133 1568 2149 ι

1032 2172 1132 2205 Quales
1139 2175 1229 2198 autem
1239 2169 1442 2197 solemnitates?
1454 2169 1564 2196 Clarum
1579 2172 1621 2196 est
1633 2168 1704 2203 quod
1713 2168 1782 2200 illas,

996 2227 1057 2254 quae
1074 2222 1134 2253 post
1150 2217 1298 2244 adventum
1326 2215 1475 2242 Salvatoris
1501 2215 1692 2249 sperabantur,
1708 2213 1784 2240 verbi

998 2265 1092 2301 gratia,
1109 2263 1294 2291 inﬁrmitatum
1310 2261 1474 2292 curationes,
1491 2260 1593 2287 erroris
1601 2259 1785 2294 depulsio,di-

997 2311 1066 2338 vina:
1076 2308 1237 2344 cognitionis
1250 2306 1430 2334 aceessioJia:
1439 2306 1571 2341 siquidem
1582 2312 1676 2332 revera
1686 2304 1786 2331 solent-

998 2356 1096 2383 nitates
1115 2354 1160 2381 Dei
1172 2356 1246 2384 sunt,
1269 2360 1330 2386 quae
1356 2351 1494 2378 hominem
1518 2350 1624 2377 faciunt
1649 2350 1708 2376 sine
1730 2348 1785 2375 line

998 2401 1126 2438 gaudere,
1141 2404 1169 2426 et
1178 2398 1335 2425 continuam
1347 2397 1548 2424 solemnitatem
1568 2396 1717 2423 celebrare.
1730 2394 1785 2422 Has

998 2448 1089 2481 itaque
1104 2453 1150 2480 per
1164 2443 1279 2472 insidias
1298 2443 1351 2478 ipsi
1376 2447 1495 2470 structas
1517 2450 1533 2469 e
1571 2441 1662 2468 medio
1690 2440 1785 2468 tollere

996 2493 1162 2528 cogitabant.

1032 2538 1111 2565 Vens.
1128 2537 1171 2563 15.
1195 2545 1204 2560 ι
1218 2535 1257 2562 'I'u
1268 2533 1435 2561 conﬁrmasti
1454 2533 1482 2560 in
1495 2532 1595 2560 virtute
1612 2537 1669 2559 tua.
1685 2542 1694 2558 ι

1029 2584 1179 2611 Draconem
1194 2580 1342 2608 universim
1354 2587 1463 2606 omnem
1494 2578 1678 2605 adversariam
1690 2578 1785 2612 appel«

995 2631 1031 2657 lat
1047 2632 1209 2664 potestatem
1225 2635 1231 2653 :
1245 2625 1344 2661 partim
1367 2624 1489 2659 quidem,
1507 2631 1540 2651 eo
1553 2624 1626 2658 quod
1645 2631 1782 2650 venenum

995 2674 1166 2703 mortiferum
1186 2671 1347 2702 contineat;
1372 2669 1469 2703 partim
1491 2676 1556 2696 vero
1575 2670 1601 2695 in
1614 2667 1782 2696 recerdatio-

997 2727 1059 2747 nem
1076 2718 1136 2754 ejus
1148 2716 1258 2752 quodin
1274 2715 1400 2750 paradiso
1411 2719 1518 2750 gestum
1535 2718 1587 2747 est,
1604 2714 1714 2748 quando
1731 2713 1782 2739 ini-

998 2765 1084 2792 micus
1100 2767 1255 2798 serpentem
1290 2760 1483 2796 subingressus
1514 2761 1711 2795 protoplastum
1733 2760 1782 2786 hoc

998 2810 1097 2838 minem
1112 2808 1228 2844 decepit.
1249 2807 1349 2835 Horum
1363 2807 1451 2842 capita
1468 2807 1594 2835 Christus
1613 2805 1740 2835 contrivit
1754 2804 1782 2831 in
