2056 3148
249 179 320 212 12⁷3

840 180 1021 211 HESYCIIII
1047 179 1280 210 PRESBYTER]

1806 180 1875 212 1244

243 243 323 270 aqua,
341 243 402 263 cum
422 235 478 270 ipse
487 235 639 269 baptizatus
659 234 720 267 fuit,
731 239 759 261 et
771 235 928 263 hominibus
941 236 1030 271 bapti-

1090 235 1254 267 Ξαπτισθεὶς,
1281 234 1328 261 καὶ
1351 233 1488 270 παραδοὺς
1522 235 1579 266 τοῖς
1600 233 1754 270 ἀνθρώποις
1778 235 1877 271 pani.

243 289 332 308 sutum
346 281 470 318 tradidit._
478 281 562 308 Porro
580 280 762 315 spiritualium
786 280 936 308 draconum
951 286 1033 316 caput

243 332 284 354 cst
305 330 456 361 peccatum.

280 372 357 399 Vens.
374 371 418 398 i5.
437 382 446 396 ι
459 370 499 398 Tu
516 371 642 406 dirupisti
658 371 748 400 fontes
760 379 787 400 et
802 378 948 401 torrentes.
967 383 976 400 ι

277 416 512 449 Quemadmodum
528 418 601 444 enim
613 418 671 452 ipse
687 426 736 453 per
760 418 892 453 Spiritum
909 424 1033 448 sanctum

242 464 343 497 gratias
359 463 488 496 infundit,
507 464 544 490 ita
559 464 677 492 exsiccat
692 469 718 492 et
737 464 825 492 aufert
836 473 955 498 errores.
964 474 1034 501 quos

243 510 336 544 utique
352 510 433 537 etiam
446 509 542 537 ﬂuvios
557 510 656 537 Etham
669 511 731 545 jure
756 511 856 538 merito
878 511 1032 547 appellavit.

245 554 340 581 Etham
363 555 436 582 enim
462 555 547 582 rubus
570 563 617 582 seu
634 555 720 582 sentis
744 555 950 590 interpretatur,
982 557 1034 584 ista

244 601 335 635 planta
347 605 439 628 autem
452 601 479 628 in
491 601 585 629 divina
597 601 737 636 Scriptura
748 606 859 636 propter
871 602 960 630 malos
974 601 1033 630 fru-

245 652 304 674 ctus
322 647 524 682 perstringitur.

283 692 363 720 Vsns.
377 693 418 720 16.
435 703 444 718 ι
466 693 541 720 Tuus
553 697 595 720 est
610 693 678 725 dies,
701 698 729 721 ct
740 698 784 721 tua
797 698 839 721 est
849 701 914 721 nox.
934 702 944 719 ι

283 739 439 765 Creatorem
455 744 588 766 creatura:
603 747 659 766 suae
691 746 840 766 memorem
857 738 957 772 reddit,
984 746 1034 766 ne—

248 791 382 818 quaquam
394 784 505 818 quidem
518 783 577 818 ejus
592 783 719 816 oblitum.
735 784 782 811 sed
799 784 893 811 volens
904 784 977 811 illam
1005 784 1033 811 in

247 829 372 856 omnibus
383 829 518 861 conﬁteri,
533 829 604 864 quod
617 830 678 864 ejus
693 834 819 857 creatura
834 829 881 861 sit,
899 836 961 856 cum
979 833 1036 856 tam

247 874 423 908 multiplicem
434 882 466 901 ac
484 874 589 901 varium
601 874 726 901 ordinem
737 874 849 907 habeat,
865 878 894 901 ut
905 874 964 902 dies
972 875 1034 909 qui-

247 920 309 947 item
324 920 397 948 nocti
413 921 551 952 succedat,
565 921 651 948 aestati
661 928 726 948 vero
739 929 788 948 ver
802 920 890 952 cedat,
914 919 1038 948 terminis

247 974 355 1001 quoque
370 970 441 993 terra
451 966 700 998 circumscribatur,
719 966 784 994 licet
799 971 913 1001 propter
928 966 1038 1001 magni-

247 1011 369 1038 tudinem
390 1011 513 1038 videatur
533 1011 676 1039 immensa.
692 1011 814 1044 Quorum
825 1012 1038 1046 unumquodque

249 1057 331 1084 Deum
354 1057 513 1084 Creatorem
539 1065 630 1090 suum,
663 1058 710 1093 qui
725 1058 783 1085 ha'c
799 1058 867 1086 scite
890 1058 1036 1093 disposuit,

249 1102 418 1130 manifestat.

280 1148 360 1175 Vens.
377 1149 439 1176 l9.«
460 1148 500 1175 Ne
519 1149 610 1176 tradas
623 1149 730 1176 bestiis.
746 1159 755 1176 ι

282 1195 419 1230 Pauperes
433 1199 512 1222 vocat
523 1199 691 1230 peccatores,
706 1195 751 1229 qui
770 1195 859 1222 nullas
871 1195 974 1222 habent
993 1194 1037 1221 di-

249 1239 329 1266 vitias
347 1239 474 1274 iustitiae,
492 1239 539 1266 sed
551 1247 661 1266 omnem
688 1244 829 1274 paternam
853 1239 1036 1266 substantiam

211 1281 214 1282 ⁷
249 1286 415 1312 tlevorarunt
431 1285 548 1311 :horum
562 1285 645 1315 Deus.
661 1285 700 1312 uti
723 1293 772 1320 par
782 1290 832 1317 est,
849 1285 950 1313 oblitus
976 1293 1037 1313 esse

249 1336 369 1365 putatur,
389 1330 454 1356 dum
466 1330 672 1365 longanimitate
699 1331 794 1362 utitur,
819 1334 847 1358 et
872 1331 1036 1366 suppliciutu

249 1377 369 1411 ipsorum
385 1375 489 1402 dill'ert.

498 1420 558 1447 PSA
564 1420 655 1448 LMUS
674 1419 791 1447 LXXIV.

289 1466 366 1494 Vens.
383 1467 409 1494 2.
423 1476 432 1492 ι
446 1466 643 1494 Conﬁtebimur
660 1467 718 1498 tibi,
737 1466 818 1494 Deus.
833 1476 841 1492 ι

287 1512 404 1539 Adverte
413 1513 495 1545 clare,
504 1513 576 1547 quod
588 1512 725 1540 confessio
734 1513 844 1547 quidem
856 1513 1036 1548 plurimorum

1086 281 1191 313 ζεσθαι.
1212 279 1324 315 Κεφαλὴ
1346 280 1375 306 δὲ
1389 279 1444 306 τῶν
1468 280 1572 314 νοητῶν
1586 279 1742 315 δρακόντων
1756 282 1772 317 ἠ
1788 282 1878 319 ἁμαρ·

1084 326 1141 352 τία.

1124 381 1133 397 ι
1148 372 1182 398 Σὺ
1195 371 1342 407 διέῤῥηξας
1359 372 1451 406 πηγὰς
1464 372 1510 399 καὶ
1524 373 1702 409 χειμάρρους.
1724 383 1733 398 ι

1121 418 1228 453 Ὠσπερ
1247 419 1303 453 γὰρ
1321 417 1402 449 αὐτὸς
1430 418 1537 452 ἐνεργεῖ
1555 418 1600 445 διὰ
1619 418 1666 444 τοῦ
1687 418 1769 451 ἁγίου
1791 419 1879 446 Πνεῦ-

1087 472 1171 500 ματος
1183 464 1216 490 τὰ
1235 463 1405 499 χαρίσματα,
1417 462 1490 489 οὓτω
1508 463 1632 498 ξηραίνει
1649 463 1699 504 καλ
1713 463 1822 499 ἀναιρεῖ
1841 466 1878 492 τὰ

1085 509 1132 536 τοῦ
1143 509 1257 541 πλάνου,
1273 509 1346 543 amp
1358 508 1390 543 δὴ
1404 510 1450 535 καὶ
1465 508 1496 534 τὺ
1510 509 1650 544 ποταμοὺς
1662 508 1750 544 Ἐθὰμ
1766 510 1880 542 είκότως

1084 555 1320 590 προσηγόρευσεν.
1333 554 1425 589 Ἦθὰμ
1433 553 1487 589 γὰρ
1497 553 1595 587 βάτος
1606 553 1801 589 ἑρμηνεύεται.
1815 555 1879 581 Ἐπὶ

1085 600 1200 635 φαύλοις
1219 600 1248 626 δὲ
1268 599 1347 626 τοῦτο
1366 600 1484 635 καρποῖς
1509 599 1584 634 παρὰ
1606 600 1640 634 τῇ
1656 599 1717 635 θείᾳ
1735 599 1834 634 Γραφῇ
1849 599 1881 626 τδ

1085 646 1169 680 φυτδν
1183 645 1369 673 διαϐάλλεται.
1724 658 1727 660 -

1123 699 1133 716 ι
1145 690 1182 726 εὴ
1192 691 1266 716 ἐστιν
1281 690 1297 725 ὴ
1313 689 1415 725 ἡμέρα,
1428 689 1461 724 σή
1472 689 1548 715 ἔστιν
1568 689 1588 724 ιι
1601 688 1660 721 νύξ.
1674 698 1684 715 ι

1125 738 1344 774 Ἀναμιμνήσκει
1365 738 1413 772 τῆς
1428 737 1525 764 ἑαυτοῦ
1545 736 1727 772 δημιουργίας
1747 737 1794 764 τδν
1823 738 1883 764 κτί-

1087 792 1181 816 σαντα,
1196 784 1396 819 ὲκλιλησμὲνον
1417 783 1466 818 μὲν
1484 783 1624 817 οὐδαμῶς,
1640 783 1832 818 ὁμολογεῖσθαι
1852 783 1883 810 δὲ

1085 830 1172 865 αὐτὴν
1194 829 1269 864 παρὰ
1290 829 1413 860 πάντων,
1430 828 1477 864 γὼς
1501 827 1585 855 αὑτοῦ
1606 828 1710 864 κτίσμα
1737 829 1884 864 τυγχάνει,

1089 875 1261 912 βουλόμενος,
1289 874 1390 910 πολλὴν
1417 873 1491 901 οὕτω
1519 874 1597 906 τάξιν
1621 876 1670 902 καὶ
1702 875 1880 910 παντοδαπὴν

1088 922 1214 957 ἔχουσαν,
1227 921 1267 952 ὡς
1285 920 1335 956 τὴν
1348 921 1398 956 μὲν
1412 920 1518 955 ἡμέραν
1533 921 1565 956 τῇ
1587 921 1666 947 νυκτὶ
1690 922 1881 956 παραχωρεῖν,

1087 967 1130 1003 τῷ
1155 967 1230 1003 θέρει
1247 967 1276 993 δὲ
1295 965 1326 993 τὺ
1345 965 1394 1002 ἔαρ
1407 965 1616 999 ὑπεξίστασθαι,
1627 966 1701 1002 ὅροις
1722 965 1884 1002 μετριῐσθαι

1087 1014 1137 1049 τὴν
1161 1014 1224 1048 τῆν,
1248 1012 1374 1046 καίτοιγε
1392 1011 1437 1038 διὰ
1459 1012 1491 1038 τὸ
1512 1011 1630 1047 μέγεθος
1655 1012 1792 1039 δοκοῦσαν
1817 1013 1884 1048 ἀμέ-

1086 1056 1251 1094 τρητον.Ὦν
1263 1058 1380 1084 ἕκαστον
1395 1059 1432 1092 Δη
1438 1057 1568 1093 μιουργδν
1580 1057 1628 1084 τὸν
1638 1057 1716 1091 Θεὸν,
1730 1058 1884 1093 ἔπιστημό-

1087 1112 1141 1134 νως
1156 1103 1225 1129 αὐτὰ
1245 1101 1453 1136 διαταξάμενον,
1470 1101 1618 1128 δείκνυσιν.

1127 1158 1135 1174 ι
1150 1148 1195 1182 Μὴ
1207 1147 1340 1183 παραδῷς
1354 1148 1409 1178 τοῖς
1423 1146 1540 1182 θηρίοις.
1558 1155 1566 1171 ι

1123 1194 1247 1228 Πένητας
1278 1193 1342 1224 τοὺς
1370 1193 1551 1228 ἁμαρτωλοὺς
1575 1192 1666 1223 καλεῖ,
1692 1192 1756 1224 τοὺς
1782 1192 1887 1227 μηδένα

1088 1239 1202 1266 πλοῦτον
1212 1237 1385 1273 δικαιοσύνης
1399 1237 1522 1273 ἔχοντας,
1539 1238 1630 1264 πᾶσαν
1647 1237 1677 1264 δὲ
1690 1237 1740 1272 τὴν
1753 1237 1886 1273 πατρῴαν

1088 1284 1298 1319 καταφαγόντας
1330 1283 1468 1318 ὓπαρξιν·
1499 1283 1603 1310 τούτων
1634 1284 1647 1309 ό
1675 1282 1742 1315 Θεὸς
1773 1284 1886 1315 εἰκότως

1087 1329 1266 1364 ἐπιλελῆσθαι
1291 1328 1433 1363 νομίζεται
1467 1327 1663 1363 μακροθυμῶν,
1685 1329 1734 1355 καὶ
1762 1328 1810 1363 τὴν
1837 1324 1884 1354 ἐπ’

1088 1376 1180 1406 αὐτοῖς
1197 1374 1275 1409 δίκην
1291 1373 1522 1410 ὑπερτιθέμενος.

1374 1419 1522 1446 ΨΔΛΜΟΣ
1538 1419 1597 1446 ω’.

1126 1474 1136 1492 ι
1151 1465 1426 1502 Ἐξομολογησόμεθὰ
1436 1474 1488 1497 σοι,
1503 1466 1518 1491 ό
1532 1465 1610 1497 Θεὸς.
1627 1474 1637 1491 ι

1125 1515 1248 1550 Πρόσχες
1261 1515 1365 1549 σαφῶς,
1376 1515 1417 1541 δτι
1428 1514 1459 1541 τὸ
1472 1515 1523 1549 μὲν
1536 1514 1762 1550 ἐξομολογεῖσθαι
1772 1514 1886 1547 πολλῶν,

249 1558 295 1588 sit.
312 1558 448 1584 enarratio
460 1566 525 1585 vero
539 1558 704 1585 mirabilium
722 1558 780 1590 Dei,
799 1559 882 1585 unius
914 1558 993 1586 fuerit
1022 1567 1036 1585 e

1090 1559 1154 1587 τὸδὲ
1168 1561 1323 1596 διηγεῖσθαι
1339 1561 1385 1587 σοῦ
1401 1560 1449 1587 τοῦ
1466 1560 1536 1587 Θεοῦ
1559 1561 1593 1588 τὰ
1609 1560 1762 1596 θαυμάσια,
1779 1561 1839 1593 ἐνδς
1856 1562 1888 1588 ὲκ

250 1602 352 1634 multis,
366 1603 520 1630 conﬁtentis
532 1607 613 1637 atque
629 1603 800 1634 invocantis;
829 1610 915 1636 quare
944 1603 1037 1638 priora

249 1647 359 1681 quidem
375 1647 402 1673 in
418 1655 531 1682 persona
546 1648 642 1682 plurali
657 1648 761 1682 posuit.
778 1647 973 1675 Verumtamen
986 1649 1038 1676 du—

250 1694 348 1728 plicem
376 1694 459 1722 etiam
489 1695 690 1722 confessionem
721 1695 777 1722 Deo
797 1695 926 1725 oblaturi.
948 1695 1037 1730 ipsum

253 1741 380 1767 invocare
397 1740 542 1772 debemus;
558 1748 639 1767 unam
666 1740 776 1774 quidem
801 1740 902 1772 verbis.
926 1742 1038 1769 alteram

252 1795 318 1814 vero
331 1787 462 1822 operibus
473 1787 636 1814 exhibentes
649 1796 656 1814 :
668 1787 758 1814 verbis
770 1787 880 1821 quidem
896 1787 922 1814 in
935 1788 1040 1815 oratio-

253 1841 298 1864 ne,
325 1834 456 1868 operibus
482 1841 548 1861 vero
567 1834 647 1861 abiis
667 1834 840 1864 recedentes.
861 1842 911 1869 pro
940 1834 1040 1870 quibus

253 1879 374 1907 conﬁteri
389 1887 421 1906 ac
434 1879 570 1913 paenitere
584 1886 634 1906 nos
648 1879 775 1906 dicimus.
804 1879 849 1907 Sic
866 1880 939 1907 enim
967 1880 1039 1908 Dens

253 1928 385 1956 nostram,
400 1928 494 1958 utpote
509 1925 686 1957 mundorum,
714 1924 916 1952 invocationem
941 1925 1039 1954 admit-

254 1972 295 1999 tit.
307 1971 442 1998 Caeterum
459 1976 551 1998 monet
566 1979 676 2007 quoque
696 1976 726 1999 ut
752 1979 914 1999 enarramus
930 1973 1039 2007 propria

253 2017 398 2048 mirabilia,
419 2024 480 2052 qua
510 2018 538 2045 in
560 2017 708 2054 Scripturis
737 2018 869 2046 divinitus
899 2019 1040 2052 inspiratis

253 2062 440 2088 continentur.

288 2107 368 2134 Vens.
387 2107 414 2134 '5.
433 2116 441 2132 ι
456 2107 523 2134 Cum
540 2114 673 2141 accepero
693 2112 811 2142 tempus.
835 2116 844 2133 ι

290 2150 410 2184 Tempus
431 2156 509 2178 vocat
537 2152 668 2178 szeculum
703 2151 836 2178 futurum.
859 2152 940 2179 Nunc
966 2153 1040 2179 enim

255 2203 310 2221 non
332 2195 413 2222 habet
428 2200 534 2230 tempus
547 2196 757 2230 nosjudieandi.
774 2204 836 2224 cum
847 2197 925 2224 multi
943 2205 1042 2232 pecca-

1093 1605 1198 1632 πολλῶν
1212 1603 1257 1641 ἦν,
1275 1605 1525 1641 ὲξομολογουμένου
1543 1606 1591 1632 καὶ
1605 1605 1836 1641 ἐπικαλουμένου·
1848 1606 1889 1632 διὸ

1091 1653 1267 1689 πληθυντικῷ
1285 1653 1337 1689 μὲν
1355 1654 1495 1689 προσώπῳ
1521 1654 1555 1680 τὰ
1571 1654 1705 1689 πρότερα.
1722 1653 1796 1689 Πλὴν
1821 1653 1889 1680 ἀλλὰ

1092 1701 1139 1726 καὶ
1166 1700 1261 1735 διπλῆν
1285 1700 1480 1735 ἐξομολόγησιν
1507 1699 1547 1734 τῷ
1575 1699 1635 1734 Θεῷ
1663 1699 1832 1735 προσφέρειν
1864 1700 1889 1725 οἱ

1094 1745 1248 1781 μέλλοντες,
1263 1746 1345 1772 αὐτὸν
1374 1745 1563 1772 ἐπικαλεῖσθαι
1588 1744 1739 1780 χρῄζομεν·
1763 1745 1814 1778 τὴν
1840 1744 1890 1779 μὲν

1091 1791 1148 1822 τοῖς
1163 1790 1262 1824 λόγοις,
1280 1791 1329 1826 τὴν
1347 1791 1376 1818 δὲ
1391 1792 1449 1821 τοῖς
1463 1791 1567 1826 ἔργοις·
1586 1790 1677 1825 λόγοις
1696 1790 1745 1826 μὲν
1759 1792 1789 1818 ὲν
1805 1799 1889 1825 προσ-

1094 1837 1173 1871 ευχῇ,
1186 1835 1279 1871 ἔργοις
1299 1836 1328 1862 δὲ
1349 1835 1555 1871 ἀναχωροῦντες
1583 1837 1696 1862 ὲκείνων
1720 1837 1761 1870 ἐφ’
1777 1833 1818 1867 οἷς
1846 1835 1890 1867 ἐξ·

1093 1882 1283 1918 ομολογεῖσθαι
1301 1883 1351 1909 καὶ
1371 1883 1585 1917 μεταμελεῖσθαι
1593 1882 1721 1917 λέγομεν.
1738 1882 1818 1909 οὕτω
1836 1881 1890 1915 γὰρ

1092 1928 1172 1964 ήμῶν
1179 1929 1194 1954 ό
1201 1928 1279 1959 Θεὸς,
1285 1928 1323 1960 ὡς
1336 1928 1541 1963 καθαρθέντων,
1551 1928 1601 1963 τὴν
1617 1927 1764 1962 ἐπίκλησιν
1771 1927 1888 1962 δέχεται.

1099 1973 1258 2009 Ἐπιτρέπει
1269 1973 1297 2000 δὲ
1311 1973 1359 2000 καὶ
1373 1973 1527 2008 διηγεῖσθαι
1540 1975 1574 2000 τὰ
1582 1974 1670 2000 οἰκεῖα
1677 1973 1828 2008 θαυμάσια,
1841 1973 1890 2000 ὅσα

1093 2019 1154 2050 ταῖς
1168 2019 1290 2055 Γραφαῖς
1303 2020 1363 2050 ταῖς
1377 2018 1570 2051 θεοπνεύστοις
1585 2019 1747 2054 ἐμφέρεται.

1132 2074 1140 2090 ι
1163 2065 1247 2091 ὀταν
1258 2064 1336 2090 λάδω
1351 2065 1458 2100 καιρόν.
1477 2074 1487 2090 ι

1130 2110 1182 2136 Τὸν
1200 2111 1296 2145 καιρὸν
1318 2110 1394 2144 λέγει
1420 2110 1466 2136 τὸν
1489 2110 1577 2136 αἰῶνα
1601 2109 1647 2136 τὸν
1672 2109 1817 2143 μέλλοντα.
1835 2107 1889 2135 Νῦν

1095 2155 1149 2189 γὰρ
1168 2155 1218 2182 οὐκ
1240 2155 1297 2190 ἔχει
1323 2156 1420 2191 καιρὸν
1436 2155 1514 2191 ἡμῶν
1537 2156 1554 2191 ἡ
1578 2155 1688 2191 κρίσις,
1714 2155 1822 2182 πολλῶν
1841 2156 1890 2189 μὲν

1095 2201 1278 2235 ἁμαρτωλῶν,
1293 2201 1398 2228 πολλῶν
1413 2202 1442 2229 δὲ
1455 2201 1569 2228 δικαίων
1586 2201 1834 2236 μταὸαλλομένων
1850 2202 1889 2233 εις

256 2244 330 2267 tores
344 2240 456 2267 etmulti
473 2240 609 2274 itemjusti
621 2240 647 2267 in
659 2241 820 2267 alterutrum
836 2244 1042 2268 convertantur.
1059 2242 1082 2269 D
1098 2246 1223 2282 θάτερον,

293 2284 371 2313 Vens.
387 2286 414 2312 7.
434 2295 443 2310 ι
460 2285 594 2318 Quoniam
608 2293 699 2320 neque
708 2286 742 2313 ab
757 2285 888 2313 exitibus.
910 2295 919 2310 ι

292 2332 358 2362 Hoc.
374 2331 471 2366 inquit,
489 2336 531 2359 est
549 2340 584 2359 ex
601 2331 763 2366 probatione
773 2335 854 2365 atque
872 2331 980 2366 judicio
995 2331 1043 2358 Dei

255 2378 403 2405 exultantis
431 2382 459 2405 et
487 2377 657 2405 humiliantis
689 2384 881 2411 quemcunque
910 2377 1042 2405 voluerit:

257 2424 384 2451 Dominus
401 2426 476 2452 enim
491 2432 634 2459 pauperem
651 2424 715 2458 facit
732 2428 755 2450 ει
773 2424 851 2456 ditat,
881 2423 1003 2450 humilia!
1020 2429 1045 2450 et

256 2470 358 2496 exultat
377 2471 418 2502 "°;
438 2478 492 2497 non
513 2474 605 2497 tamen
633 2470 736 2504 absque
753 2470 858 2496 ratione
879 2478 886 2496 :
905 2469 953 2497 sed
984 2469 1044 2497 illos

259 2517 370 2549 quidem
393 2524 443 2550 per
469 2517 588 2550 divitias,
621 2517 683 2544 illos
702 2525 767 2544 vero
784 2525 833 2552 per
855 2521 1043 2552 paupertatem

257 2562 410 2597 probantis.

507 2608 662 2635 PSALMUS
682 2608 798 2635 LXXVI.

296 2653 377 2680 Vens.
399 2654 426 2680 5.
450 2664 460 2679 ‹
480 2654 705 2688 Anticipaveruut
724 2654 831 2688 vigilias
859 2653 931 2680 oculi
946 2655 1010 2680 mei.
1035 2663 1043 2679 ι

295 2699 435 2738 Optimum
451 2700 483 2726 ad
505 2700 742 2735 contemplandum
765 2705 872 2734 tempus
888 2704 930 2727 est
947 2701 1046 2731 noctis,

260 2752 323 2771 cum
340 2752 394 2771 non
416 2745 450 2771 ad
479 2744 530 2772 alia
546 2745 673 2774 distrahit
701 2754 788 2780 neque
810 2745 929 2775 auditus,
958 2752 1048 2779 neque

262 2790 351 2823 visus,
368 2790 487 2826 'quoru‘m
518 2792 676 2820 alterutrum
704 2796 825 2820 mentem
838 2791 870 2819 ad
898 2799 927 2818 se
952 2791 1045 2822 allicit,

296 2880 321 2896 ⁸⁸
339 2879 347 2907 Ι
366 2879 430 2916 Reg.
446 2890 520 2911 XXIII,
539 2883 563 2908 7.

1132 2303 1140 2318 ι
1157 2292 1218 2319 Ὅτι
1235 2292 1296 2319 οὔτε
1312 2293 1368 2319 ἀπὸ
1382 2293 1492 2324 ἐξόδων.
1516 2302 1525 2319 ι

1136 2337 1184 2365 Ἐκ
1206 2339 1255 2372 τῆς
1270 2339 1318 2364 τοῦ
1334 2338 1413 2371 Θεοῦ,
1430 2339 1510 2373 φησὶ,
1526 2338 1691 2373 δοκιμασίας
1707 2337 1756 2364 καὶ
1771 2337 1888 2373 κρίσεως

1095 2383 1225 2418 ὑψοῦντος
1247 2384 1294 2411 καὶ
1318 2384 1512 2415 ταπεινοῦντος
1521 2384 1551 2411 ὃν
1561 2383 1685 2418 βούλεται
1696 2392 1702 2399 ’
1715 2384 1825 2417 Κύριος
1835 2383 1889 2416 γὰρ

1095 2428 1230 2463 πτωχίζει
1256 2427 1306 2455 καί
1332 2427 1501 2460 πλουτίζει,
1529 2427 1667 2454 ταπεινοῖ
1685 2427 1735 2454 καὶ
1763 2424 1888 2459 ἁνυψοῖ.

1097 2477 1128 2503 οὐ
1142 2476 1195 2511 μὴν
1209 2475 1314 2509 ἀλόγως
1327 2483 1334 2491 σ
1351 2474 1420 2500 ἀλλὰ
1434 2474 1497 2505 τοὺς
1513 2473 1563 2509 μὲν
1579 2473 1624 2499 διὰ
1641 2471 1768 2504 πλούτου,
1785 2471 1848 2501 τοὺς
1861 2469 1888 2496 δὲ

1099 2522 1143 2549 διὰ
1160 2521 1255 2549 πενίαν
1267 2521 1473 2556 δοκιμάζοντος.

1369 2607 1514 2633 ΨΑΔΜΟΣ
1539 2605 1608 2639 ος.

1138 2664 1146 2679 ι
1165 2653 1406 2688 Προκατελὰσοντο
1426 2653 1550 2686 φυλακὰς
1572 2653 1597 2678 οἱ
1619 2650 1756 2686 όῳθαλμοί
1777 2658 1839 2684 μου.
1857 2657 1866 2673 ι

1135 2700 1264 2734 ’Ἄριστος
1293 2700 1331 2730 εἰς
1353 2699 1470 2734 θεωρίαν
1489 2699 1504 2724 ὁ
1523 2699 1573 2733 τῆς
1591 2697 1687 2729 νυκτὸς
1704 2695 1799 2731 καιρὸς
1814 2713 1822 2726 ,
1839 2694 1889 2720 οὐκ

1098 2744 1355 2780 ἁφελκούσηςεπρὸς
1375 2744 1458 2778 ἕτερα
1475 2744 1539 2771 οὔτε
1561 2744 1610 2779 τῆς
1631 2742 1734 2778 ἀκοῆς,
1759 2739 1823 2767 οὔτε
1839 2738 1889 2773 τῆς

1099 2790 1196 2825 ὂψεως,
1214 2787 1252 2817 ὧν
1263 2791 1382 2826 ἑκάτερα
1395 2791 1439 2817 τὸν
1457 2791 1521 2818 νοῦν
1537 2791 1577 2822 είς
1591 2789 1676 2825 αὐτὴν
1691 2786 1825 2824 περισπᾷ.
1840 2783 1890 2819 τῆς
