  <div class='ocr_page' id='page_1' title='image "/cluster/home/n/w/nwhite01/storage/ocr_20150623/93/njp.32101077772836/693.png"; bbox 0 0 2056 3148; ppageno 0'>
   <div class='ocr_carea' id='block_1_1' title="bbox 260 196 327 229">
    <p class='ocr_par' dir='ltr' id='par_1_1' title="bbox 260 196 327 229">
     <span class='ocr_line' id='line_1_1' title="bbox 260 196 327 229; baseline -0.03 0"><span class='ocrx_word' id='word_1_1' title='bbox 260 196 327 229; x_wconf 68' lang='grc' dir='ltr'><strong>ῙΞΠ</strong></span> 
     </span>
    </p>
   </div>
   <div class='ocr_carea' id='block_1_2' title="bbox 854 195 1295 227">
    <p class='ocr_par' dir='ltr' id='par_1_2' title="bbox 854 195 1295 227">
     <span class='ocr_line' id='line_1_2' title="bbox 854 195 1295 227; baseline 0.007 -3"><span class='ocrx_word' id='word_1_2' title='bbox 854 195 1036 226; x_wconf 66' lang='grc' dir='ltr'><strong>ΗΕΞΥΠΞΠΙ</strong></span> <span class='ocrx_word' id='word_1_3' title='bbox 1057 197 1295 227; x_wconf 80' lang='lat' dir='ltr'><strong>PRESBYTERI</strong></span> 
     </span>
    </p>
   </div>
   <div class='ocr_carea' id='block_1_3' title="bbox 1821 197 1891 231">
    <p class='ocr_par' dir='ltr' id='par_1_3' title="bbox 1821 197 1891 231">
     <span class='ocr_line' id='line_1_3' title="bbox 1821 197 1891 231; baseline 0.029 -2"><span class='ocrx_word' id='word_1_4' title='bbox 1821 197 1891 231; x_wconf 64' lang='lat'><strong>1248</strong></span> 
     </span>
    </p>
   </div>
   <div class='ocr_carea' id='block_1_4' title="bbox 259 246 1042 290">
    <p class='ocr_par' dir='ltr' id='par_1_4' title="bbox 259 246 1042 284">
     <span class='ocr_line' id='line_1_4' title="bbox 259 246 1042 284; baseline -0.008 -4"><span class='ocrx_word' id='word_1_5' title='bbox 259 253 330 281; x_wconf 85' lang='lat' dir='ltr'><strong>enim</strong></span> <span class='ocrx_word' id='word_1_6' title='bbox 349 251 385 277; x_wconf 86' lang='lat' dir='ltr'><strong>illi</strong></span> <span class='ocrx_word' id='word_1_7' title='bbox 399 250 470 284; x_wconf 74' lang='lat' dir='ltr'><strong>\irga</strong></span> <span class='ocrx_word' id='word_1_8' title='bbox 487 246 660 275; x_wconf 78' lang='lat' dir='ltr'><strong>inimicorum</strong></span> <span class='ocrx_word' id='word_1_9' title='bbox 676 247 703 273; x_wconf 91' lang='lat' dir='ltr'><strong>in</strong></span> <span class='ocrx_word' id='word_1_10' title='bbox 732 246 842 273; x_wconf 84' lang='lat' dir='ltr'><strong>lsraelis</strong></span> <span class='ocrx_word' id='word_1_11' title='bbox 866 247 1042 280; x_wconf 86' lang='lat' dir='ltr'><strong>beneﬁcium,</strong></span> 
     </span>
    </p>
   </div>
   <div class='ocr_carea' id='block_1_5' title="bbox 1095 246 1891 290">
    <p class='ocr_par' dir='ltr' id='par_1_5' title="bbox 1095 249 1891 290">
     <span class='ocr_line' id='line_1_5' title="bbox 1095 249 1891 290; baseline 0.004 -15"><span class='ocrx_word' id='word_1_12' title='bbox 1095 250 1144 284; x_wconf 80' lang='grc' dir='ltr'>τὴν</span> <span class='ocrx_word' id='word_1_13' title='bbox 1171 249 1274 284; x_wconf 76' lang='grc' dir='ltr'>ἔρημον</span> <span class='ocrx_word' id='word_1_14' title='bbox 1306 250 1449 285; x_wconf 77' lang='grc' dir='ltr'><strong>ἐγκύμονα</strong></span> <span class='ocrx_word' id='word_1_15' title='bbox 1473 250 1634 286; x_wconf 83' lang='grc' dir='ltr'>θαυμάτων,</span> <span class='ocrx_word' id='word_1_16' title='bbox 1667 251 1800 287; x_wconf 61' lang='grc' dir='ltr'>καθάπερ</span> <span class='ocrx_word' id='word_1_17' title='bbox 1831 255 1891 290; x_wconf 81' lang='grc' dir='ltr'>γὰρ</span> 
     </span>
    </p>
   </div>
   <div class='ocr_carea' id='block_1_6' title="bbox 259 292 1046 327">
    <p class='ocr_par' dir='ltr' id='par_1_6' title="bbox 259 292 1046 327">
     <span class='ocr_line' id='line_1_6' title="bbox 259 292 1046 327; baseline -0.009 0"><span class='ocrx_word' id='word_1_18' title='bbox 259 307 299 327; x_wconf 76' lang='lat' dir='ltr'><strong>sic</strong></span> <span class='ocrx_word' id='word_1_19' title='bbox 318 299 399 325; x_wconf 85' lang='lat' dir='ltr'><strong>etiam</strong></span> <span class='ocrx_word' id='word_1_20' title='bbox 415 292 541 322; x_wconf 73' lang='lat' dir='ltr'><strong>Christus</strong></span> <span class='ocrx_word' id='word_1_21' title='bbox 557 301 640 320; x_wconf 83' lang='lat' dir='ltr'><strong>cruce</strong></span> <span class='ocrx_word' id='word_1_22' title='bbox 667 297 761 320; x_wconf 90' lang='lat' dir='ltr'><strong>contra</strong></span> <span class='ocrx_word' id='word_1_23' title='bbox 784 292 923 321; x_wconf 77' lang='lat' dir='ltr'><strong>daemones</strong></span> <span class='ocrx_word' id='word_1_24' title='bbox 937 293 971 321; x_wconf 89' lang='lat' dir='ltr'><strong>ad</strong></span> <span class='ocrx_word' id='word_1_25' title='bbox 997 301 1046 320; x_wconf 92' lang='lat' dir='ltr'><strong>no-</strong></span> 
     </span>
    </p>
   </div>
   <div class='ocr_carea' id='block_1_7' title="bbox 259 339 706 370">
    <p class='ocr_par' dir='ltr' id='par_1_7' title="bbox 259 339 706 370">
     <span class='ocr_line' id='line_1_7' title="bbox 259 339 706 370; baseline -0.011 0"><span class='ocrx_word' id='word_1_26' title='bbox 259 348 345 370; x_wconf 82' lang='lat' dir='ltr'><strong>stram</strong></span> <span class='ocrx_word' id='word_1_27' title='bbox 354 339 561 368; x_wconf 85' lang='lat' dir='ltr'><strong>conversionem</strong></span> <span class='ocrx_word' id='word_1_28' title='bbox 577 346 644 366; x_wconf 88' lang='lat' dir='ltr'><strong>usus</strong></span> <span class='ocrx_word' id='word_1_29' title='bbox 654 342 706 366; x_wconf 81' lang='lat' dir='ltr'><strong>est.</strong></span> 
     </span>
    </p>
   </div>
   <div class='ocr_carea' id='block_1_8' title="bbox 497 479 804 508">
    <p class='ocr_par' dir='ltr' id='par_1_8' title="bbox 497 479 804 508">
     <span class='ocr_line' id='line_1_8' title="bbox 497 479 804 508; baseline 0.007 -3"><span class='ocrx_word' id='word_1_30' title='bbox 497 479 655 507; x_wconf 79' lang='lat' dir='ltr'><strong>PSALMUS</strong></span> <span class='ocrx_word' id='word_1_31' title='bbox 674 479 804 508; x_wconf 79' lang='lat' dir='ltr'><strong>LXXVII.</strong></span> 
     </span>
    </p>
   </div>
   <div class='ocr_carea' id='block_1_9' title="bbox 296 523 1044 553">
    <p class='ocr_par' dir='ltr' id='par_1_9' title="bbox 296 523 1044 553">
     <span class='ocr_line' id='line_1_9' title="bbox 296 523 1044 553; baseline 0.001 -3"><span class='ocrx_word' id='word_1_32' title='bbox 296 523 375 551; x_wconf 82' lang='lat' dir='ltr'><strong>Vens.</strong></span> <span class='ocrx_word' id='word_1_33' title='bbox 392 523 419 550; x_wconf 82' lang='lat'><strong>5.</strong></span> <span class='ocrx_word' id='word_1_34' title='bbox 442 533 451 550; x_wconf 82' lang='grc' dir='ltr'><strong>ι</strong></span> <span class='ocrx_word' id='word_1_35' title='bbox 468 524 502 551; x_wconf 87' lang='lat' dir='ltr'><strong>Et</strong></span> <span class='ocrx_word' id='word_1_36' title='bbox 514 525 655 551; x_wconf 87' lang='lat' dir='ltr'><strong>suscitavit</strong></span> <span class='ocrx_word' id='word_1_37' title='bbox 666 525 852 552; x_wconf 86' lang='lat' dir='ltr'><strong>testimonium</strong></span> <span class='ocrx_word' id='word_1_38' title='bbox 876 524 904 552; x_wconf 88' lang='lat' dir='ltr'><strong>in</strong></span> <span class='ocrx_word' id='word_1_39' title='bbox 919 524 1014 553; x_wconf 78' lang='lat' dir='ltr'><strong>Jacob.</strong></span> <span class='ocrx_word' id='word_1_40' title='bbox 1035 534 1044 551; x_wconf 71' lang='grc' dir='ltr'><strong>ι</strong></span> 
     </span>
    </p>
   </div>
   <div class='ocr_carea' id='block_1_10' title="bbox 294 569 1048 604">
    <p class='ocr_par' dir='ltr' id='par_1_10' title="bbox 294 569 1048 604">
     <span class='ocr_line' id='line_1_10' title="bbox 294 569 1048 604; baseline 0.001 -8"><span class='ocrx_word' id='word_1_41' title='bbox 294 569 492 596; x_wconf 76' lang='lat' dir='ltr'><strong>Testimonium</strong></span> <span class='ocrx_word' id='word_1_42' title='bbox 504 569 669 604; x_wconf 84' lang='lat' dir='ltr'><strong>appellatum</strong></span> <span class='ocrx_word' id='word_1_43' title='bbox 681 569 733 597; x_wconf 82' lang='lat' dir='ltr'><strong>fuit</strong></span> <span class='ocrx_word' id='word_1_44' title='bbox 749 570 954 597; x_wconf 83' lang='lat' dir='ltr'><strong>tabernaculum</strong></span> <span class='ocrx_word' id='word_1_45' title='bbox 971 570 1048 598; x_wconf 78' lang='lat' dir='ltr'><strong>testi-</strong></span> 
     </span>
    </p>
   </div>
   <div class='ocr_carea' id='block_1_11' title="bbox 259 613 1046 648">
    <p class='ocr_par' dir='ltr' id='par_1_11' title="bbox 259 613 1046 648">
     <span class='ocr_line' id='line_1_11' title="bbox 259 613 1046 648; baseline 0.003 -8"><span class='ocrx_word' id='word_1_46' title='bbox 259 613 356 646; x_wconf 86' lang='lat' dir='ltr'><strong>monii,</strong></span> <span class='ocrx_word' id='word_1_47' title='bbox 373 613 401 640; x_wconf 91' lang='lat' dir='ltr'><strong>in</strong></span> <span class='ocrx_word' id='word_1_48' title='bbox 418 620 472 648; x_wconf 90' lang='lat' dir='ltr'><strong>quo</strong></span> <span class='ocrx_word' id='word_1_49' title='bbox 487 613 606 648; x_wconf 88' lang='lat' dir='ltr'><strong>reposita</strong></span> <span class='ocrx_word' id='word_1_50' title='bbox 628 617 687 640; x_wconf 92' lang='lat' dir='ltr'><strong>erat</strong></span> <span class='ocrx_word' id='word_1_51' title='bbox 707 622 769 641; x_wconf 88' lang='lat' dir='ltr'><strong>arca</strong></span> <span class='ocrx_word' id='word_1_52' title='bbox 787 615 953 646; x_wconf 84' lang='lat' dir='ltr'><strong>testamenti.</strong></span> <span class='ocrx_word' id='word_1_53' title='bbox 970 619 998 642; x_wconf 90' lang='lat' dir='ltr'><strong>et</strong></span> <span class='ocrx_word' id='word_1_54' title='bbox 1019 615 1046 642; x_wconf 95' lang='lat' dir='ltr'><strong>in</strong></span> 
     </span>
    </p>
   </div>
   <div class='ocr_carea' id='block_1_12' title="bbox 259 659 1047 695">
    <p class='ocr_par' dir='ltr' id='par_1_12' title="bbox 259 659 1047 695">
     <span class='ocr_line' id='line_1_12' title="bbox 259 659 1047 695; baseline 0.004 -9"><span class='ocrx_word' id='word_1_55' title='bbox 259 667 322 686; x_wconf 86' lang='lat' dir='ltr'><strong>arca</strong></span> <span class='ocrx_word' id='word_1_56' title='bbox 337 659 390 692; x_wconf 81' lang='lat' dir='ltr'><strong>lex,</strong></span> <span class='ocrx_word' id='word_1_57' title='bbox 409 663 437 687; x_wconf 84' lang='lat' dir='ltr'><strong>et</strong></span> <span class='ocrx_word' id='word_1_58' title='bbox 448 659 607 692; x_wconf 76' lang='lat' dir='ltr'><strong>Cherubim,</strong></span> <span class='ocrx_word' id='word_1_59' title='bbox 623 664 650 687; x_wconf 88' lang='lat' dir='ltr'><strong>ct</strong></span> <span class='ocrx_word' id='word_1_60' title='bbox 662 661 892 695; x_wconf 85' lang='lat' dir='ltr'><strong>propitiatorium.</strong></span> <span class='ocrx_word' id='word_1_61' title='bbox 907 666 935 688; x_wconf 89' lang='lat' dir='ltr'><strong>et</strong></span> <span class='ocrx_word' id='word_1_62' title='bbox 946 661 1047 689; x_wconf 86' lang='lat' dir='ltr'><strong>cande-</strong></span> 
     </span>
    </p>
   </div>
   <div class='ocr_carea' id='block_1_13' title="bbox 260 704 835 740">
    <p class='ocr_par' dir='ltr' id='par_1_13' title="bbox 260 704 835 740">
     <span class='ocr_line' id='line_1_13' title="bbox 260 704 835 740; baseline 0.003 -10"><span class='ocrx_word' id='word_1_63' title='bbox 260 704 345 737; x_wconf 88' lang='lat' dir='ltr'><strong>labra,</strong></span> <span class='ocrx_word' id='word_1_64' title='bbox 362 709 389 732; x_wconf 89' lang='lat' dir='ltr'><strong>et</strong></span> <span class='ocrx_word' id='word_1_65' title='bbox 404 711 508 736; x_wconf 84' lang='lat' dir='ltr'><strong>mensa,</strong></span> <span class='ocrx_word' id='word_1_66' title='bbox 520 709 548 732; x_wconf 89' lang='lat' dir='ltr'><strong>et</strong></span> <span class='ocrx_word' id='word_1_67' title='bbox 562 705 712 740; x_wconf 80' lang='lat' dir='ltr'><strong>propositio</strong></span> <span class='ocrx_word' id='word_1_68' title='bbox 724 713 835 740; x_wconf 89' lang='lat' dir='ltr'><strong>panum.</strong></span> 
     </span>
    </p>
   </div>
   <div class='ocr_carea' id='block_1_14' title="bbox 297 751 949 787">
    <p class='ocr_par' dir='ltr' id='par_1_14' title="bbox 297 751 949 787">
     <span class='ocr_line' id='line_1_14' title="bbox 297 751 949 787; baseline 0.002 -9"><span class='ocrx_word' id='word_1_69' title='bbox 297 752 379 778; x_wconf 82' lang='lat' dir='ltr'><strong>Vens.</strong></span> <span class='ocrx_word' id='word_1_70' title='bbox 395 751 421 778; x_wconf 87' lang='lat'><strong>6.</strong></span> <span class='ocrx_word' id='word_1_71' title='bbox 439 760 448 777; x_wconf 78' lang='grc' dir='ltr'><strong>ι</strong></span> <span class='ocrx_word' id='word_1_72' title='bbox 467 751 502 779; x_wconf 90' lang='lat' dir='ltr'><strong>Ut</strong></span> <span class='ocrx_word' id='word_1_73' title='bbox 516 756 661 786; x_wconf 83' lang='lat' dir='ltr'><strong>cognoscat</strong></span> <span class='ocrx_word' id='word_1_74' title='bbox 676 753 817 787; x_wconf 73' lang='lat' dir='ltr'><strong>generatio</strong></span> <span class='ocrx_word' id='word_1_75' title='bbox 827 753 921 780; x_wconf 84' lang='lat' dir='ltr'><strong>altera.</strong></span> <span class='ocrx_word' id='word_1_76' title='bbox 939 762 949 779; x_wconf 75' lang='grc' dir='ltr'><strong>ι</strong></span> 
     </span>
    </p>
   </div>
   <div class='ocr_carea' id='block_1_15' title="bbox 298 795 1047 831">
    <p class='ocr_par' dir='ltr' id='par_1_15' title="bbox 298 795 1047 831">
     <span class='ocr_line' id='line_1_15' title="bbox 298 795 1047 831; baseline 0.003 -9"><span class='ocrx_word' id='word_1_77' title='bbox 298 795 460 830; x_wconf 82' lang='lat' dir='ltr'><strong>Vidcsquod</strong></span> <span class='ocrx_word' id='word_1_78' title='bbox 472 795 506 823; x_wconf 86' lang='lat' dir='ltr'><strong>de</strong></span> <span class='ocrx_word' id='word_1_79' title='bbox 517 796 643 831; x_wconf 78' lang='lat' dir='ltr'><strong>gentibus</strong></span> <span class='ocrx_word' id='word_1_80' title='bbox 668 796 886 824; x_wconf 80' lang='lat' dir='ltr'><strong>dicatznondum</strong></span> <span class='ocrx_word' id='word_1_81' title='bbox 911 797 983 824; x_wconf 85' lang='lat' dir='ltr'><strong>enim</strong></span> <span class='ocrx_word' id='word_1_82' title='bbox 1004 796 1047 824; x_wconf 64' lang='lat' dir='ltr'><strong>hac</strong></span> 
     </span>
    </p>
   </div>
   <div class='ocr_carea' id='block_1_16' title="bbox 262 841 1044 876">
    <p class='ocr_par' dir='ltr' id='par_1_16' title="bbox 262 841 1044 876">
     <span class='ocr_line' id='line_1_16' title="bbox 262 841 1044 876; baseline 0.003 -9"><span class='ocrx_word' id='word_1_83' title='bbox 262 845 331 868; x_wconf 79' lang='lat' dir='ltr'><strong>naue</strong></span> <span class='ocrx_word' id='word_1_84' title='bbox 347 845 427 868; x_wconf 89' lang='lat' dir='ltr'><strong>erant</strong></span> <span class='ocrx_word' id='word_1_85' title='bbox 441 841 474 867; x_wconf 90' lang='lat' dir='ltr'><strong>ad</strong></span> <span class='ocrx_word' id='word_1_86' title='bbox 491 841 630 876; x_wconf 81' lang='lat' dir='ltr'><strong>pietatem,</strong></span> <span class='ocrx_word' id='word_1_87' title='bbox 651 841 785 876; x_wconf 84' lang='lat' dir='ltr'><strong>siquidem</strong></span> <span class='ocrx_word' id='word_1_88' title='bbox 802 849 851 876; x_wconf 91' lang='lat' dir='ltr'><strong>per</strong></span> <span class='ocrx_word' id='word_1_89' title='bbox 879 842 1044 876; x_wconf 83' lang='lat' dir='ltr'><strong>baptismum</strong></span> 
     </span>
    </p>
   </div>
   <div class='ocr_carea' id='block_1_17' title="bbox 261 886 1047 922">
    <p class='ocr_par' dir='ltr' id='par_1_17' title="bbox 261 886 1047 922">
     <span class='ocr_line' id='line_1_17' title="bbox 261 886 1047 922; baseline 0.003 -10"><span class='ocrx_word' id='word_1_90' title='bbox 261 891 338 913; x_wconf 82' lang='lat' dir='ltr'><strong>erant</strong></span> <span class='ocrx_word' id='word_1_91' title='bbox 350 886 527 921; x_wconf 65' lang='lat' dir='ltr'><strong>generandm;</strong></span> <span class='ocrx_word' id='word_1_92' title='bbox 549 886 621 913; x_wconf 90' lang='lat' dir='ltr'><strong>unde</strong></span> <span class='ocrx_word' id='word_1_93' title='bbox 638 887 737 913; x_wconf 87' lang='lat' dir='ltr'><strong>merito</strong></span> <span class='ocrx_word' id='word_1_94' title='bbox 751 886 913 914; x_wconf 88' lang='lat' dir='ltr'><strong>dicebantur</strong></span> <span class='ocrx_word' id='word_1_95' title='bbox 933 887 984 921; x_wconf 79' lang='lat' dir='ltr'><strong>ﬁlii</strong></span> <span class='ocrx_word' id='word_1_96' title='bbox 1001 888 1047 922; x_wconf 80' lang='lat' dir='ltr'><strong>qui</strong></span> 
     </span>
    </p>
   </div>
   <div class='ocr_carea' id='block_1_18' title="bbox 261 931 1046 969">
    <p class='ocr_par' dir='ltr' id='par_1_18' title="bbox 261 931 1046 969">
     <span class='ocr_line' id='line_1_18' title="bbox 261 931 1046 969; baseline 0.001 -10"><span class='ocrx_word' id='word_1_97' title='bbox 261 937 410 965; x_wconf 57' lang='lat' dir='ltr'><strong>nascentur.</strong></span> <span class='ocrx_word' id='word_1_98' title='bbox 425 931 488 960; x_wconf 65' lang='lat' dir='ltr'><strong>Haec</strong></span> <span class='ocrx_word' id='word_1_99' title='bbox 500 940 563 960; x_wconf 88' lang='lat' dir='ltr'><strong>vera</strong></span> <span class='ocrx_word' id='word_1_100' title='bbox 576 933 624 960; x_wconf 90' lang='lat' dir='ltr'><strong>Dei</strong></span> <span class='ocrx_word' id='word_1_101' title='bbox 642 933 737 960; x_wconf 87' lang='lat' dir='ltr'><strong>notitia</strong></span> <span class='ocrx_word' id='word_1_102' title='bbox 744 937 796 966; x_wconf 86' lang='lat' dir='ltr'><strong>est,</strong></span> <span class='ocrx_word' id='word_1_103' title='bbox 813 933 880 960; x_wconf 87' lang='lat' dir='ltr'><strong>alios</strong></span> <span class='ocrx_word' id='word_1_104' title='bbox 888 933 970 960; x_wconf 86' lang='lat' dir='ltr'><strong>etiam</strong></span> <span class='ocrx_word' id='word_1_105' title='bbox 984 941 1046 969; x_wconf 87' lang='lat' dir='ltr'><strong>par-</strong></span> 
     </span>
    </p>
   </div>
   <div class='ocr_carea' id='block_1_19' title="bbox 261 976 1048 1013">
    <p class='ocr_par' dir='ltr' id='par_1_19' title="bbox 261 976 1048 1013">
     <span class='ocr_line' id='line_1_19' title="bbox 261 976 1048 1013; baseline 0.004 -10"><span class='ocrx_word' id='word_1_106' title='bbox 261 977 357 1011; x_wconf 84' lang='lat' dir='ltr'><strong>ticipes</strong></span> <span class='ocrx_word' id='word_1_107' title='bbox 375 976 465 1004; x_wconf 84' lang='lat' dir='ltr'><strong>facere</strong></span> <span class='ocrx_word' id='word_1_108' title='bbox 480 977 644 1012; x_wconf 79' lang='lat' dir='ltr'><strong>cognitionis</strong></span> <span class='ocrx_word' id='word_1_109' title='bbox 658 997 665 1010; x_wconf 88' lang='lat'><strong>,</strong></span> <span class='ocrx_word' id='word_1_110' title='bbox 676 982 703 1005; x_wconf 91' lang='lat' dir='ltr'><strong>et</strong></span> <span class='ocrx_word' id='word_1_111' title='bbox 729 977 798 1005; x_wconf 91' lang='lat' dir='ltr'><strong>ﬁlios</strong></span> <span class='ocrx_word' id='word_1_112' title='bbox 813 977 920 1006; x_wconf 74' lang='lat' dir='ltr'><strong>allicere</strong></span> <span class='ocrx_word' id='word_1_113' title='bbox 932 985 981 1013; x_wconf 89' lang='lat' dir='ltr'><strong>per</strong></span> <span class='ocrx_word' id='word_1_114' title='bbox 996 978 1048 1006; x_wconf 81' lang='lat' dir='ltr'><strong>do-</strong></span> 
     </span>
    </p>
   </div>
   <div class='ocr_carea' id='block_1_20' title="bbox 260 1022 1046 1058">
    <p class='ocr_par' dir='ltr' id='par_1_20' title="bbox 260 1022 1046 1058">
     <span class='ocr_line' id='line_1_20' title="bbox 260 1022 1046 1058; baseline 0.003 -9"><span class='ocrx_word' id='word_1_115' title='bbox 260 1022 376 1049; x_wconf 85' lang='lat' dir='ltr'><strong>etrinam</strong></span> <span class='ocrx_word' id='word_1_116' title='bbox 391 1022 580 1049; x_wconf 84' lang='lat' dir='ltr'><strong>mandatorum</strong></span> <span class='ocrx_word' id='word_1_117' title='bbox 592 1031 599 1049; x_wconf 86' lang='lat'>:</span> <span class='ocrx_word' id='word_1_118' title='bbox 613 1023 685 1057; x_wconf 90' lang='lat' dir='ltr'><strong>quod</strong></span> <span class='ocrx_word' id='word_1_119' title='bbox 705 1023 850 1050; x_wconf 83' lang='lat' dir='ltr'><strong>manifesto</strong></span> <span class='ocrx_word' id='word_1_120' title='bbox 862 1023 985 1050; x_wconf 81' lang='lat' dir='ltr'><strong>fecerunt</strong></span> <span class='ocrx_word' id='word_1_121' title='bbox 999 1024 1046 1058; x_wconf 90' lang='lat' dir='ltr'><strong>qui</strong></span> 
     </span>
    </p>
   </div>
   <div class='ocr_carea' id='block_1_21' title="bbox 259 1067 1046 1095">
    <p class='ocr_par' dir='ltr' id='par_1_21' title="bbox 259 1067 1046 1095">
     <span class='ocr_line' id='line_1_21' title="bbox 259 1067 1046 1095; baseline 0.001 -1"><span class='ocrx_word' id='word_1_122' title='bbox 259 1068 287 1094; x_wconf 92' lang='lat' dir='ltr'><strong>in</strong></span> <span class='ocrx_word' id='word_1_123' title='bbox 313 1067 452 1095; x_wconf 85' lang='lat' dir='ltr'><strong>Christum</strong></span> <span class='ocrx_word' id='word_1_124' title='bbox 482 1068 666 1095; x_wconf 86' lang='lat' dir='ltr'><strong>crediderunt.</strong></span> <span class='ocrx_word' id='word_1_125' title='bbox 692 1068 799 1095; x_wconf 85' lang='lat' dir='ltr'><strong>Nemini</strong></span> <span class='ocrx_word' id='word_1_126' title='bbox 826 1068 899 1095; x_wconf 90' lang='lat' dir='ltr'><strong>enim</strong></span> <span class='ocrx_word' id='word_1_127' title='bbox 923 1068 1046 1095; x_wconf 87' lang='lat' dir='ltr'><strong>divinam</strong></span> 
     </span>
    </p>
   </div>
   <div class='ocr_carea' id='block_1_22' title="bbox 259 1114 1048 1149">
    <p class='ocr_par' dir='ltr' id='par_1_22' title="bbox 259 1114 1048 1149">
     <span class='ocr_line' id='line_1_22' title="bbox 259 1114 1048 1149; baseline 0.001 -9"><span class='ocrx_word' id='word_1_128' title='bbox 259 1114 443 1149; x_wconf 79' lang='lat' dir='ltr'><strong>cognitionem</strong></span> <span class='ocrx_word' id='word_1_129' title='bbox 474 1114 651 1146; x_wconf 85' lang='lat' dir='ltr'><strong>invidebant,</strong></span> <span class='ocrx_word' id='word_1_130' title='bbox 681 1122 769 1148; x_wconf 81' lang='lat' dir='ltr'><strong>neque</strong></span> <span class='ocrx_word' id='word_1_131' title='bbox 798 1119 828 1141; x_wconf 89' lang='lat' dir='ltr'><strong>ut</strong></span> <span class='ocrx_word' id='word_1_132' title='bbox 861 1114 1048 1149; x_wconf 73' lang='lat' dir='ltr'><strong>prazcedentes</strong></span> 
     </span>
    </p>
   </div>
   <div class='ocr_carea' id='block_1_23' title="bbox 259 1159 1046 1192">
    <p class='ocr_par' dir='ltr' id='par_1_23' title="bbox 259 1159 1046 1192">
     <span class='ocr_line' id='line_1_23' title="bbox 259 1159 1046 1192; baseline 0.003 -7"><span class='ocrx_word' id='word_1_133' title='bbox 259 1159 406 1186; x_wconf 89' lang='lat' dir='ltr'><strong>credebant</strong></span> <span class='ocrx_word' id='word_1_134' title='bbox 436 1160 496 1186; x_wconf 85' lang='lat' dir='ltr'><strong>aliis</strong></span> <span class='ocrx_word' id='word_1_135' title='bbox 508 1160 648 1187; x_wconf 90' lang='lat' dir='ltr'><strong>introitum</strong></span> <span class='ocrx_word' id='word_1_136' title='bbox 676 1159 819 1187; x_wconf 87' lang='lat' dir='ltr'><strong>oceluderc</strong></span> <span class='ocrx_word' id='word_1_137' title='bbox 836 1160 978 1192; x_wconf 84' lang='lat' dir='ltr'><strong>volentes;</strong></span> <span class='ocrx_word' id='word_1_138' title='bbox 997 1160 1046 1187; x_wconf 80' lang='lat' dir='ltr'><strong>sed</strong></span> 
     </span>
    </p>
   </div>
   <div class='ocr_carea' id='block_1_24' title="bbox 259 1204 824 1240">
    <p class='ocr_par' dir='ltr' id='par_1_24' title="bbox 259 1204 824 1240">
     <span class='ocr_line' id='line_1_24' title="bbox 259 1204 824 1240; baseline 0.004 -10"><span class='ocrx_word' id='word_1_139' title='bbox 259 1204 402 1232; x_wconf 83' lang='lat' dir='ltr'><strong>hortantur</strong></span> <span class='ocrx_word' id='word_1_140' title='bbox 417 1209 446 1232; x_wconf 92' lang='lat' dir='ltr'><strong>ut</strong></span> <span class='ocrx_word' id='word_1_141' title='bbox 460 1205 487 1232; x_wconf 93' lang='lat' dir='ltr'><strong>in</strong></span> <span class='ocrx_word' id='word_1_142' title='bbox 504 1205 588 1233; x_wconf 89' lang='lat' dir='ltr'><strong>Deum</strong></span> <span class='ocrx_word' id='word_1_143' title='bbox 602 1213 677 1240; x_wconf 90' lang='lat' dir='ltr'><strong>spem</strong></span> <span class='ocrx_word' id='word_1_144' title='bbox 693 1205 824 1232; x_wconf 84' lang='lat' dir='ltr'><strong>habeant.</strong></span> 
     </span>
    </p>
   </div>
   <div class='ocr_carea' id='block_1_25' title="bbox 294 1293 831 1329">
    <p class='ocr_par' dir='ltr' id='par_1_25' title="bbox 294 1293 831 1329">
     <span class='ocr_line' id='line_1_25' title="bbox 294 1293 831 1329; baseline -0.002 -8"><span class='ocrx_word' id='word_1_145' title='bbox 294 1293 376 1321; x_wconf 86' lang='lat' dir='ltr'><strong>Vens.</strong></span> <span class='ocrx_word' id='word_1_146' title='bbox 390 1295 417 1321; x_wconf 90' lang='lat'><strong>7.</strong></span> <span class='ocrx_word' id='word_1_147' title='bbox 436 1304 446 1320; x_wconf 74' lang='grc' dir='ltr'><strong>ι</strong></span> <span class='ocrx_word' id='word_1_148' title='bbox 466 1294 500 1321; x_wconf 89' lang='lat' dir='ltr'><strong>Ut</strong></span> <span class='ocrx_word' id='word_1_149' title='bbox 513 1299 615 1329; x_wconf 84' lang='lat' dir='ltr'><strong>ponant</strong></span> <span class='ocrx_word' id='word_1_150' title='bbox 636 1295 663 1321; x_wconf 91' lang='lat' dir='ltr'><strong>in</strong></span> <span class='ocrx_word' id='word_1_151' title='bbox 677 1294 732 1322; x_wconf 89' lang='lat' dir='ltr'><strong>Deo</strong></span> <span class='ocrx_word' id='word_1_152' title='bbox 744 1302 831 1328; x_wconf 87' lang='lat' dir='ltr'><strong>spem.</strong></span> 
     </span>
    </p>
   </div>
   <div class='ocr_carea' id='block_1_26' title="bbox 297 1339 1045 1367">
    <p class='ocr_par' dir='ltr' id='par_1_26' title="bbox 297 1339 1045 1367">
     <span class='ocr_line' id='line_1_26' title="bbox 297 1339 1045 1367; baseline 0.003 -2"><span class='ocrx_word' id='word_1_153' title='bbox 297 1339 359 1367; x_wconf 71' lang='lat' dir='ltr'><strong>Haec</strong></span> <span class='ocrx_word' id='word_1_154' title='bbox 382 1340 510 1367; x_wconf 86' lang='lat' dir='ltr'><strong>omnibus</strong></span> <span class='ocrx_word' id='word_1_155' title='bbox 525 1340 682 1367; x_wconf 84' lang='lat' dir='ltr'><strong>domesticis</strong></span> <span class='ocrx_word' id='word_1_156' title='bbox 698 1344 725 1367; x_wconf 87' lang='lat' dir='ltr'><strong>et</strong></span> <span class='ocrx_word' id='word_1_157' title='bbox 745 1339 864 1367; x_wconf 79' lang='lat' dir='ltr'><strong>externis</strong></span> <span class='ocrx_word' id='word_1_158' title='bbox 888 1339 914 1367; x_wconf 91' lang='lat' dir='ltr'><strong>in</strong></span> <span class='ocrx_word' id='word_1_159' title='bbox 931 1340 1045 1367; x_wconf 87' lang='lat' dir='ltr'><strong>ecclesia</strong></span> 
     </span>
    </p>
   </div>
   <div class='ocr_carea' id='block_1_27' title="bbox 259 1386 1044 1422">
    <p class='ocr_par' dir='ltr' id='par_1_27' title="bbox 259 1386 1044 1422">
     <span class='ocr_line' id='line_1_27' title="bbox 259 1386 1044 1422; baseline 0.001 -10"><span class='ocrx_word' id='word_1_160' title='bbox 259 1387 452 1421; x_wconf 82' lang='lat' dir='ltr'><strong>pra-dicantur,</strong></span> <span class='ocrx_word' id='word_1_161' title='bbox 474 1386 501 1414; x_wconf 93' lang='lat' dir='ltr'><strong>in</strong></span> <span class='ocrx_word' id='word_1_162' title='bbox 516 1395 569 1422; x_wconf 91' lang='lat' dir='ltr'><strong>qua</strong></span> <span class='ocrx_word' id='word_1_163' title='bbox 591 1387 689 1415; x_wconf 79' lang='lat' dir='ltr'><strong>Paulus</strong></span> <span class='ocrx_word' id='word_1_164' title='bbox 704 1387 737 1414; x_wconf 90' lang='lat' dir='ltr'><strong>ad</strong></span> <span class='ocrx_word' id='word_1_165' title='bbox 765 1387 909 1414; x_wconf 87' lang='lat' dir='ltr'><strong>universos</strong></span> <span class='ocrx_word' id='word_1_166' title='bbox 927 1387 1044 1414; x_wconf 90' lang='lat' dir='ltr'><strong>clamat:</strong></span> 
     </span>
    </p>
   </div>
   <div class='ocr_carea' id='block_1_28' title="bbox 260 1432 1045 1467">
    <p class='ocr_par' dir='ltr' id='par_1_28' title="bbox 260 1432 1045 1467">
     <span class='ocr_line' id='line_1_28' title="bbox 260 1432 1045 1467; baseline 0.001 -9"><span class='ocrx_word' id='word_1_167' title='bbox 260 1432 348 1458; x_wconf 71' lang='lat' dir='ltr'><strong>I&#39;ilioli</strong></span> <span class='ocrx_word' id='word_1_168' title='bbox 377 1433 437 1465; x_wconf 85' lang='lat' dir='ltr'><strong>mei,</strong></span> <span class='ocrx_word' id='word_1_169' title='bbox 454 1441 517 1467; x_wconf 75' lang='lat' dir='ltr'><strong>quos</strong></span> <span class='ocrx_word' id='word_1_170' title='bbox 545 1433 640 1459; x_wconf 78' lang='lat' dir='ltr'><strong>iterum</strong></span> <span class='ocrx_word' id='word_1_171' title='bbox 662 1433 792 1466; x_wconf 83' lang='lat' dir='ltr'><strong>parturio,</strong></span> <span class='ocrx_word' id='word_1_172' title='bbox 819 1433 899 1459; x_wconf 84' lang='lat' dir='ltr'><strong>donec</strong></span> <span class='ocrx_word' id='word_1_173' title='bbox 919 1433 1045 1467; x_wconf 77' lang='lat' dir='ltr'><strong>formetur</strong></span> 
     </span>
    </p>
   </div>
   <div class='ocr_carea' id='block_1_29' title="bbox 259 1473 544 1505">
    <p class='ocr_par' dir='ltr' id='par_1_29' title="bbox 259 1473 544 1505">
     <span class='ocr_line' id='line_1_29' title="bbox 259 1473 544 1505; baseline -0.004 0"><span class='ocrx_word' id='word_1_174' title='bbox 259 1473 376 1505; x_wconf 75' lang='lat' dir='ltr'><strong>Christus</strong></span> <span class='ocrx_word' id='word_1_175' title='bbox 392 1481 419 1504; x_wconf 80' lang='lat' dir='ltr'><strong>in</strong></span> <span class='ocrx_word' id='word_1_176' title='bbox 436 1476 506 1504; x_wconf 62' lang='lat' dir='ltr'><strong>vobik</strong></span> <span class='ocrx_word' id='word_1_177' title='bbox 513 1477 544 1504; x_wconf 74' lang='grc'>¹¹⁵.</span> 
     </span>
    </p>
   </div>
   <div class='ocr_carea' id='block_1_30' title="bbox 295 1522 1045 1558">
    <p class='ocr_par' dir='ltr' id='par_1_30' title="bbox 295 1522 1045 1558">
     <span class='ocr_line' id='line_1_30' title="bbox 295 1522 1045 1558; baseline 0 -8"><span class='ocrx_word' id='word_1_178' title='bbox 295 1523 377 1550; x_wconf 83' lang='lat' dir='ltr'><strong>Vens.</strong></span> <span class='ocrx_word' id='word_1_179' title='bbox 395 1523 421 1552; x_wconf 92' lang='lat'><strong>8.</strong></span> <span class='ocrx_word' id='word_1_180' title='bbox 440 1533 449 1549; x_wconf 78' lang='grc' dir='ltr'><strong>ι</strong></span> <span class='ocrx_word' id='word_1_181' title='bbox 468 1523 501 1550; x_wconf 86' lang='lat' dir='ltr'><strong>Et</strong></span> <span class='ocrx_word' id='word_1_182' title='bbox 519 1532 574 1550; x_wconf 92' lang='lat' dir='ltr'><strong>non</strong></span> <span class='ocrx_word' id='word_1_183' title='bbox 588 1527 631 1550; x_wconf 87' lang='lat' dir='ltr'><strong>est</strong></span> <span class='ocrx_word' id='word_1_184' title='bbox 647 1523 766 1551; x_wconf 80' lang='lat' dir='ltr'><strong>creditus</strong></span> <span class='ocrx_word' id='word_1_185' title='bbox 779 1531 840 1550; x_wconf 90' lang='lat' dir='ltr'><strong>cum</strong></span> <span class='ocrx_word' id='word_1_186' title='bbox 859 1522 914 1549; x_wconf 92' lang='lat' dir='ltr'><strong>Deo</strong></span> <span class='ocrx_word' id='word_1_187' title='bbox 933 1523 1045 1558; x_wconf 75' lang='lat' dir='ltr'><strong>spiritus</strong></span> 
     </span>
    </p>
   </div>
   <div class='ocr_carea' id='block_1_31' title="bbox 259 1569 360 1602">
    <p class='ocr_par' dir='ltr' id='par_1_31' title="bbox 259 1569 360 1602">
     <span class='ocr_line' id='line_1_31' title="bbox 259 1569 360 1602; baseline -0.01 -7"><span class='ocrx_word' id='word_1_188' title='bbox 259 1569 329 1602; x_wconf 79' lang='lat' dir='ltr'><strong>ejus.</strong></span> <span class='ocrx_word' id='word_1_189' title='bbox 352 1578 360 1594; x_wconf 78' lang='grc' dir='ltr'><strong>ι</strong></span> 
     </span>
    </p>
   </div>
   <div class='ocr_carea' id='block_1_32' title="bbox 294 1613 1045 1649">
    <p class='ocr_par' dir='ltr' id='par_1_32' title="bbox 294 1613 1045 1649">
     <span class='ocr_line' id='line_1_32' title="bbox 294 1613 1045 1649; baseline 0 -9"><span class='ocrx_word' id='word_1_190' title='bbox 294 1614 360 1640; x_wconf 83' lang='lat' dir='ltr'><strong>Nam</strong></span> <span class='ocrx_word' id='word_1_191' title='bbox 379 1614 491 1640; x_wconf 89' lang='lat' dir='ltr'><strong>omnino</strong></span> <span class='ocrx_word' id='word_1_192' title='bbox 507 1614 562 1640; x_wconf 84' lang='lat' dir='ltr'><strong>sola</strong></span> <span class='ocrx_word' id='word_1_193' title='bbox 575 1614 666 1649; x_wconf 79' lang='lat' dir='ltr'><strong>lingua</strong></span> <span class='ocrx_word' id='word_1_194' title='bbox 682 1613 762 1640; x_wconf 81' lang='lat' dir='ltr'><strong>ﬁdem</strong></span> <span class='ocrx_word' id='word_1_195' title='bbox 773 1614 980 1647; x_wconf 89' lang='lat' dir='ltr'><strong>annuntiarunt,</strong></span> <span class='ocrx_word' id='word_1_196' title='bbox 989 1621 1045 1642; x_wconf 91' lang='lat' dir='ltr'><strong>non</strong></span> 
     </span>
    </p>
   </div>
   <div class='ocr_carea' id='block_1_33' title="bbox 259 1659 790 1693">
    <p class='ocr_par' dir='ltr' id='par_1_33' title="bbox 259 1659 790 1693">
     <span class='ocr_line' id='line_1_33' title="bbox 259 1659 790 1693; baseline 0.002 -8"><span class='ocrx_word' id='word_1_197' title='bbox 259 1663 349 1686; x_wconf 83' lang='lat' dir='ltr'><strong>autem</strong></span> <span class='ocrx_word' id='word_1_198' title='bbox 362 1663 417 1686; x_wconf 91' lang='lat' dir='ltr'><strong>toto</strong></span> <span class='ocrx_word' id='word_1_199' title='bbox 431 1659 513 1686; x_wconf 89' lang='lat' dir='ltr'><strong>corde</strong></span> <span class='ocrx_word' id='word_1_200' title='bbox 526 1663 555 1686; x_wconf 87' lang='lat' dir='ltr'><strong>et</strong></span> <span class='ocrx_word' id='word_1_201' title='bbox 567 1659 668 1686; x_wconf 90' lang='lat' dir='ltr'><strong>mundo</strong></span> <span class='ocrx_word' id='word_1_202' title='bbox 683 1659 790 1693; x_wconf 89' lang='lat' dir='ltr'><strong>spiritu.</strong></span> 
     </span>
    </p>
   </div>
   <div class='ocr_carea' id='block_1_34' title="bbox 296 1747 891 1782">
    <p class='ocr_par' dir='ltr' id='par_1_34' title="bbox 296 1747 891 1782">
     <span class='ocr_line' id='line_1_34' title="bbox 296 1747 891 1782; baseline 0 -9"><span class='ocrx_word' id='word_1_203' title='bbox 296 1747 377 1775; x_wconf 72' lang='lat' dir='ltr'><strong>Vens.</strong></span> <span class='ocrx_word' id='word_1_204' title='bbox 397 1747 441 1775; x_wconf 76' lang='lat' dir='ltr'><strong>i5.</strong></span> <span class='ocrx_word' id='word_1_205' title='bbox 462 1757 470 1773; x_wconf 87' lang='grc' dir='ltr'><strong>ι</strong></span> <span class='ocrx_word' id='word_1_206' title='bbox 485 1747 591 1782; x_wconf 88' lang='lat' dir='ltr'><strong>Dirupit</strong></span> <span class='ocrx_word' id='word_1_207' title='bbox 603 1749 745 1782; x_wconf 79' lang='lat' dir='ltr'><strong>petramin</strong></span> <span class='ocrx_word' id='word_1_208' title='bbox 757 1755 860 1775; x_wconf 89' lang='lat' dir='ltr'><strong>eremo.</strong></span> <span class='ocrx_word' id='word_1_209' title='bbox 882 1757 891 1773; x_wconf 81' lang='grc' dir='ltr'><strong>ι</strong></span> 
     </span>
    </p>
   </div>
   <div class='ocr_carea' id='block_1_35' title="bbox 296 1793 1043 1829">
    <p class='ocr_par' dir='ltr' id='par_1_35' title="bbox 296 1793 1043 1829">
     <span class='ocr_line' id='line_1_35' title="bbox 296 1793 1043 1829; baseline 0.001 -9"><span class='ocrx_word' id='word_1_210' title='bbox 296 1793 431 1820; x_wconf 80' lang='lat' dir='ltr'><strong>Fortassis</strong></span> <span class='ocrx_word' id='word_1_211' title='bbox 449 1793 530 1828; x_wconf 87' lang='lat' dir='ltr'><strong>aliqui</strong></span> <span class='ocrx_word' id='word_1_212' title='bbox 546 1797 644 1828; x_wconf 74' lang='lat' dir='ltr'><strong>putant</strong></span> <span class='ocrx_word' id='word_1_213' title='bbox 665 1793 822 1828; x_wconf 84' lang='lat' dir='ltr'><strong>prophetam</strong></span> <span class='ocrx_word' id='word_1_214' title='bbox 842 1794 912 1820; x_wconf 77' lang='lat' dir='ltr'><strong>idem</strong></span> <span class='ocrx_word' id='word_1_215' title='bbox 936 1794 1043 1829; x_wconf 74' lang='lat' dir='ltr'><strong>signum</strong></span> 
     </span>
    </p>
   </div>
   <div class='ocr_carea' id='block_1_36' title="bbox 260 1839 1043 1873">
    <p class='ocr_par' dir='ltr' id='par_1_36' title="bbox 260 1839 1043 1873">
     <span class='ocr_line' id='line_1_36' title="bbox 260 1839 1043 1873; baseline 0.005 -8"><span class='ocrx_word' id='word_1_216' title='bbox 260 1839 302 1866; x_wconf 85' lang='lat' dir='ltr'><strong>bis</strong></span> <span class='ocrx_word' id='word_1_217' title='bbox 317 1839 492 1873; x_wconf 74' lang='lat' dir='ltr'><strong>exposuisse:</strong></span> <span class='ocrx_word' id='word_1_218' title='bbox 511 1847 606 1866; x_wconf 70' lang='lat' dir='ltr'><strong>verum</strong></span> <span class='ocrx_word' id='word_1_219' title='bbox 630 1847 684 1866; x_wconf 81' lang='lat' dir='ltr'><strong>non</strong></span> <span class='ocrx_word' id='word_1_220' title='bbox 713 1840 748 1866; x_wconf 89' lang='lat' dir='ltr'><strong>ita</strong></span> <span class='ocrx_word' id='word_1_221' title='bbox 770 1847 800 1866; x_wconf 88' lang='lat' dir='ltr'><strong>se</strong></span> <span class='ocrx_word' id='word_1_222' title='bbox 816 1847 861 1867; x_wconf 89' lang='lat' dir='ltr'><strong>res</strong></span> <span class='ocrx_word' id='word_1_223' title='bbox 878 1841 968 1873; x_wconf 84' lang='lat' dir='ltr'><strong>habet,</strong></span> <span class='ocrx_word' id='word_1_224' title='bbox 996 1841 1043 1869; x_wconf 84' lang='lat' dir='ltr'><strong>sed</strong></span> 
     </span>
    </p>
   </div>
   <div class='ocr_carea' id='block_1_37' title="bbox 259 1884 1044 1920">
    <p class='ocr_par' dir='ltr' id='par_1_37' title="bbox 259 1884 1044 1920">
     <span class='ocr_line' id='line_1_37' title="bbox 259 1884 1044 1920; baseline 0.003 -8"><span class='ocrx_word' id='word_1_225' title='bbox 259 1885 380 1912; x_wconf 83' lang='lat' dir='ltr'><strong>secundo</strong></span> <span class='ocrx_word' id='word_1_226' title='bbox 394 1885 460 1920; x_wconf 84' lang='lat' dir='ltr'><strong>ipsis</strong></span> <span class='ocrx_word' id='word_1_227' title='bbox 474 1884 580 1920; x_wconf 81' lang='lat' dir='ltr'><strong>Moyses</strong></span> <span class='ocrx_word' id='word_1_228' title='bbox 589 1892 685 1919; x_wconf 84' lang='lat' dir='ltr'><strong>aquam</strong></span> <span class='ocrx_word' id='word_1_229' title='bbox 698 1886 730 1912; x_wconf 87' lang='lat' dir='ltr'><strong>de</strong></span> <span class='ocrx_word' id='word_1_230' title='bbox 748 1889 823 1919; x_wconf 87' lang='lat' dir='ltr'><strong>petra</strong></span> <span class='ocrx_word' id='word_1_231' title='bbox 837 1886 944 1919; x_wconf 86' lang='lat' dir='ltr'><strong>eduxit;</strong></span> <span class='ocrx_word' id='word_1_232' title='bbox 959 1887 1044 1914; x_wconf 87' lang='lat' dir='ltr'><strong>semel</strong></span> 
     </span>
    </p>
   </div>
   <div class='ocr_carea' id='block_1_38' title="bbox 258 1931 1042 1966">
    <p class='ocr_par' dir='ltr' id='par_1_38' title="bbox 258 1931 1042 1966">
     <span class='ocr_line' id='line_1_38' title="bbox 258 1931 1042 1966; baseline 0.003 -8"><span class='ocrx_word' id='word_1_233' title='bbox 258 1931 367 1966; x_wconf 87' lang='lat' dir='ltr'><strong>quidem</strong></span> <span class='ocrx_word' id='word_1_234' title='bbox 395 1931 423 1958; x_wconf 90' lang='lat' dir='ltr'><strong>in</strong></span> <span class='ocrx_word' id='word_1_235' title='bbox 456 1931 564 1959; x_wconf 82' lang='lat' dir='ltr'><strong>deserto</strong></span> <span class='ocrx_word' id='word_1_236' title='bbox 589 1931 708 1963; x_wconf 78' lang='lat' dir='ltr'><strong>Choreb,</strong></span> <span class='ocrx_word' id='word_1_237' title='bbox 737 1932 823 1959; x_wconf 83' lang='lat' dir='ltr'><strong>altera</strong></span> <span class='ocrx_word' id='word_1_238' title='bbox 843 1940 908 1960; x_wconf 89' lang='lat' dir='ltr'><strong>vero</strong></span> <span class='ocrx_word' id='word_1_239' title='bbox 929 1933 989 1960; x_wconf 85' lang='lat' dir='ltr'><strong>vice</strong></span> <span class='ocrx_word' id='word_1_240' title='bbox 1014 1934 1042 1960; x_wconf 92' lang='lat' dir='ltr'><strong>in</strong></span> 
     </span>
    </p>
   </div>
   <div class='ocr_carea' id='block_1_39' title="bbox 257 1977 1042 2014">
    <p class='ocr_par' dir='ltr' id='par_1_39' title="bbox 257 1977 1042 2014">
     <span class='ocr_line' id='line_1_39' title="bbox 257 1977 1042 2014; baseline 0.004 -11"><span class='ocrx_word' id='word_1_241' title='bbox 257 1978 344 2005; x_wconf 84' lang='lat' dir='ltr'><strong>Cades</strong></span> <span class='ocrx_word' id='word_1_242' title='bbox 355 1999 361 2010; x_wconf 90' lang='lat'><strong>,</strong></span> <span class='ocrx_word' id='word_1_243' title='bbox 379 1977 421 2004; x_wconf 92' lang='lat' dir='ltr'><strong>ubi</strong></span> <span class='ocrx_word' id='word_1_244' title='bbox 435 1977 519 2004; x_wconf 81' lang='lat' dir='ltr'><strong>.‘llaria</strong></span> <span class='ocrx_word' id='word_1_245' title='bbox 534 1982 594 2012; x_wconf 84' lang='lat' dir='ltr'><strong>post</strong></span> <span class='ocrx_word' id='word_1_246' title='bbox 606 1978 708 2004; x_wconf 90' lang='lat' dir='ltr'><strong>obitum</strong></span> <span class='ocrx_word' id='word_1_247' title='bbox 725 1978 829 2013; x_wconf 90' lang='lat' dir='ltr'><strong>sepulta</strong></span> <span class='ocrx_word' id='word_1_248' title='bbox 845 1978 905 2005; x_wconf 81' lang='lat' dir='ltr'><strong>fuit.</strong></span> <span class='ocrx_word' id='word_1_249' title='bbox 924 1979 1042 2014; x_wconf 83' lang='lat' dir='ltr'><strong>Utraque</strong></span> 
     </span>
    </p>
   </div>
   <div class='ocr_carea' id='block_1_40' title="bbox 259 2024 1041 2059">
    <p class='ocr_par' dir='ltr' id='par_1_40' title="bbox 259 2024 1041 2059">
     <span class='ocr_line' id='line_1_40' title="bbox 259 2024 1041 2059; baseline 0.003 -9"><span class='ocrx_word' id='word_1_250' title='bbox 259 2031 323 2050; x_wconf 75' lang='lat' dir='ltr'><strong>vero</strong></span> <span class='ocrx_word' id='word_1_251' title='bbox 337 2024 370 2050; x_wconf 90' lang='lat' dir='ltr'><strong>ad</strong></span> <span class='ocrx_word' id='word_1_252' title='bbox 394 2024 545 2050; x_wconf 88' lang='lat' dir='ltr'><strong>satietatem</strong></span> <span class='ocrx_word' id='word_1_253' title='bbox 571 2024 642 2055; x_wconf 78' lang='lat' dir='ltr'><strong>data,</strong></span> <span class='ocrx_word' id='word_1_254' title='bbox 663 2024 699 2051; x_wconf 86' lang='lat' dir='ltr'><strong>ita</strong></span> <span class='ocrx_word' id='word_1_255' title='bbox 714 2028 745 2050; x_wconf 88' lang='lat' dir='ltr'><strong>ut</strong></span> <span class='ocrx_word' id='word_1_256' title='bbox 775 2024 801 2050; x_wconf 93' lang='lat' dir='ltr'><strong>in</strong></span> <span class='ocrx_word' id='word_1_257' title='bbox 831 2025 926 2059; x_wconf 86' lang='lat' dir='ltr'><strong>abysso</strong></span> <span class='ocrx_word' id='word_1_258' title='bbox 956 2026 1041 2052; x_wconf 87' lang='lat' dir='ltr'><strong>multa</strong></span> 
     </span>
    </p>
   </div>
   <div class='ocr_carea' id='block_1_41' title="bbox 256 2069 1041 2106">
    <p class='ocr_par' dir='ltr' id='par_1_41' title="bbox 256 2069 1041 2106">
     <span class='ocr_line' id='line_1_41' title="bbox 256 2069 1041 2106; baseline 0.003 -10"><span class='ocrx_word' id='word_1_259' title='bbox 256 2069 370 2101; x_wconf 78' lang='lat' dir='ltr'><strong>dicatur,</strong></span> <span class='ocrx_word' id='word_1_260' title='bbox 385 2069 604 2104; x_wconf 83' lang='lat' dir='ltr'><strong>quandoquidem</strong></span> <span class='ocrx_word' id='word_1_261' title='bbox 620 2078 674 2097; x_wconf 94' lang='lat' dir='ltr'><strong>non</strong></span> <span class='ocrx_word' id='word_1_262' title='bbox 687 2070 731 2096; x_wconf 92' lang='lat' dir='ltr'><strong>uni</strong></span> <span class='ocrx_word' id='word_1_263' title='bbox 744 2069 838 2102; x_wconf 81' lang='lat' dir='ltr'><strong>ﬂuvio,</strong></span> <span class='ocrx_word' id='word_1_264' title='bbox 854 2071 900 2098; x_wconf 89' lang='lat' dir='ltr'><strong>sed</strong></span> <span class='ocrx_word' id='word_1_265' title='bbox 916 2071 1041 2106; x_wconf 90' lang='lat' dir='ltr'><strong>plurimis</strong></span> 
     </span>
    </p>
   </div>
   <div class='ocr_carea' id='block_1_42' title="bbox 256 2114 1041 2149">
    <p class='ocr_par' dir='ltr' id='par_1_42' title="bbox 256 2114 1041 2149">
     <span class='ocr_line' id='line_1_42' title="bbox 256 2114 1041 2149; baseline 0.004 -9"><span class='ocrx_word' id='word_1_266' title='bbox 256 2122 332 2148; x_wconf 79' lang='lat' dir='ltr'><strong>aquae</strong></span> <span class='ocrx_word' id='word_1_267' title='bbox 364 2115 568 2149; x_wconf 65' lang='lat' dir='ltr'><strong>suppeditanda:</strong></span> <span class='ocrx_word' id='word_1_268' title='bbox 594 2114 753 2142; x_wconf 84' lang='lat' dir='ltr'><strong>suﬁiciebat.</strong></span> <span class='ocrx_word' id='word_1_269' title='bbox 792 2115 854 2142; x_wconf 74' lang='lat' dir='ltr'><strong>llaec</strong></span> <span class='ocrx_word' id='word_1_270' title='bbox 883 2116 956 2143; x_wconf 91' lang='lat' dir='ltr'><strong>enim</strong></span> <span class='ocrx_word' id='word_1_271' title='bbox 983 2121 1041 2143; x_wconf 82' lang='lat' dir='ltr'><strong>erat</strong></span> 
     </span>
    </p>
   </div>
   <div class='ocr_carea' id='block_1_43' title="bbox 257 2160 1041 2196">
    <p class='ocr_par' dir='ltr' id='par_1_43' title="bbox 257 2160 1041 2196">
     <span class='ocr_line' id='line_1_43' title="bbox 257 2160 1041 2196; baseline 0.004 -10"><span class='ocrx_word' id='word_1_272' title='bbox 257 2160 436 2191; x_wconf 87' lang='lat' dir='ltr'><strong>conﬁrmatio,</strong></span> <span class='ocrx_word' id='word_1_273' title='bbox 452 2160 524 2194; x_wconf 89' lang='lat' dir='ltr'><strong>quod</strong></span> <span class='ocrx_word' id='word_1_274' title='bbox 549 2161 698 2187; x_wconf 85' lang='lat' dir='ltr'><strong>secundum</strong></span> <span class='ocrx_word' id='word_1_275' title='bbox 724 2161 878 2193; x_wconf 84' lang='lat' dir='ltr'><strong>veritatem,</strong></span> <span class='ocrx_word' id='word_1_276' title='bbox 907 2169 962 2188; x_wconf 93' lang='lat' dir='ltr'><strong>non</strong></span> <span class='ocrx_word' id='word_1_277' title='bbox 991 2170 1041 2196; x_wconf 83' lang='lat' dir='ltr'><strong>per</strong></span> 
     </span>
    </p>
   </div>
   <div class='ocr_carea' id='block_1_44' title="bbox 257 2203 1025 2242">
    <p class='ocr_par' dir='ltr' id='par_1_44' title="bbox 257 2203 1025 2242">
     <span class='ocr_line' id='line_1_44' title="bbox 257 2203 1025 2242; baseline 0.007 -13"><span class='ocrx_word' id='word_1_278' title='bbox 257 2203 478 2238; x_wconf 77' lang='lat' dir='ltr'><strong>imaginationem</strong></span> <span class='ocrx_word' id='word_1_279' title='bbox 511 2205 562 2232; x_wconf 83' lang='lat' dir='ltr'><strong>ista</strong></span> <span class='ocrx_word' id='word_1_280' title='bbox 589 2206 718 2233; x_wconf 86' lang='lat' dir='ltr'><strong>miracula</strong></span> <span class='ocrx_word' id='word_1_281' title='bbox 739 2206 805 2241; x_wconf 85' lang='lat' dir='ltr'><strong>ipsis</strong></span> <span class='ocrx_word' id='word_1_282' title='bbox 835 2207 1025 2242; x_wconf 77' lang='lat' dir='ltr'><strong>contigissent.</strong></span> 
     </span>
    </p>
   </div>
   <div class='ocr_carea' id='block_1_45' title="bbox 1097 292 1889 335">
    <p class='ocr_par' dir='ltr' id='par_1_45' title="bbox 1097 292 1889 335">
     <span class='ocr_line' id='line_1_45' title="bbox 1097 292 1889 335; baseline 0.006 -14"><span class='ocrx_word' id='word_1_283' title='bbox 1097 292 1195 322; x_wconf 71' lang='grc' dir='ltr'>ἐκεῖνος</span> <span class='ocrx_word' id='word_1_284' title='bbox 1215 297 1249 331; x_wconf 82' lang='grc' dir='ltr'><strong>τῇ</strong></span> <span class='ocrx_word' id='word_1_285' title='bbox 1273 296 1364 332; x_wconf 71' lang='grc' dir='ltr'><strong>ῥάϐδῳ</strong></span> <span class='ocrx_word' id='word_1_286' title='bbox 1381 296 1435 322; x_wconf 86' lang='grc' dir='ltr'><strong>τῶν</strong></span> <span class='ocrx_word' id='word_1_287' title='bbox 1455 296 1561 332; x_wconf 69' lang='grc' dir='ltr'>ἐχθρῶν</span> <span class='ocrx_word' id='word_1_288' title='bbox 1580 298 1620 328; x_wconf 86' lang='grc' dir='ltr'>εἰς</span> <span class='ocrx_word' id='word_1_289' title='bbox 1639 297 1689 332; x_wconf 81' lang='grc' dir='ltr'>τὴν</span> <span class='ocrx_word' id='word_1_290' title='bbox 1703 297 1750 324; x_wconf 88' lang='grc' dir='ltr'>τοῦ</span> <span class='ocrx_word' id='word_1_291' title='bbox 1780 299 1889 335; x_wconf 84' lang='grc' dir='ltr'>Ἰσραὴλ</span> 
     </span>
    </p>
   </div>
   <div class='ocr_carea' id='block_1_46' title="bbox 1097 341 1890 379">
    <p class='ocr_par' dir='ltr' id='par_1_46' title="bbox 1097 341 1890 379">
     <span class='ocr_line' id='line_1_46' title="bbox 1097 341 1890 379; baseline 0.008 -13"><span class='ocrx_word' id='word_1_292' title='bbox 1097 341 1265 376; x_wconf 84' lang='grc' dir='ltr'>εὐεργεσίαν,</span> <span class='ocrx_word' id='word_1_293' title='bbox 1290 341 1362 369; x_wconf 77' lang='grc' dir='ltr'>οὕτω</span> <span class='ocrx_word' id='word_1_294' title='bbox 1389 342 1436 368; x_wconf 75' lang='grc' dir='ltr'>καὶ</span> <span class='ocrx_word' id='word_1_295' title='bbox 1460 343 1474 369; x_wconf 89' lang='grc' dir='ltr'><strong>ό</strong></span> <span class='ocrx_word' id='word_1_296' title='bbox 1491 342 1610 377; x_wconf 75' lang='grc' dir='ltr'>Χριστὸς</span> <span class='ocrx_word' id='word_1_297' title='bbox 1631 343 1671 378; x_wconf 85' lang='grc' dir='ltr'><strong>τῷ</strong></span> <span class='ocrx_word' id='word_1_298' title='bbox 1692 343 1802 379; x_wconf 71' lang='grc' dir='ltr'>σταυρῷ</span> <span class='ocrx_word' id='word_1_299' title='bbox 1818 347 1890 372; x_wconf 76' lang='grc' dir='ltr'>κατὰ</span> 
     </span>
    </p>
   </div>
   <div class='ocr_carea' id='block_1_47' title="bbox 1097 387 1888 426">
    <p class='ocr_par' dir='ltr' id='par_1_47' title="bbox 1097 387 1888 426">
     <span class='ocr_line' id='line_1_47' title="bbox 1097 387 1888 426; baseline 0.005 -14"><span class='ocrx_word' id='word_1_300' title='bbox 1097 387 1151 412; x_wconf 87' lang='grc' dir='ltr'><strong>τῶν</strong></span> <span class='ocrx_word' id='word_1_301' title='bbox 1172 387 1309 422; x_wconf 84' lang='grc' dir='ltr'><strong>δαιμόνων</strong></span> <span class='ocrx_word' id='word_1_302' title='bbox 1351 387 1521 423; x_wconf 73' lang='grc' dir='ltr'><strong>ἐπιστροφῆς</strong></span> <span class='ocrx_word' id='word_1_303' title='bbox 1556 388 1640 415; x_wconf 74' lang='grc' dir='ltr'>ἕνεκα</span> <span class='ocrx_word' id='word_1_304' title='bbox 1675 390 1727 423; x_wconf 80' lang='grc' dir='ltr'>τῆς</span> <span class='ocrx_word' id='word_1_305' title='bbox 1749 389 1888 426; x_wconf 74' lang='grc' dir='ltr'>ἡμετέρας</span> 
     </span>
    </p>
   </div>
   <div class='ocr_carea' id='block_1_48' title="bbox 1098 431 1241 468">
    <p class='ocr_par' dir='ltr' id='par_1_48' title="bbox 1098 431 1241 468">
     <span class='ocr_line' id='line_1_48' title="bbox 1098 431 1241 468; baseline 0.007 -9"><span class='ocrx_word' id='word_1_306' title='bbox 1098 431 1241 468; x_wconf 73' lang='grc' dir='ltr'>κέχρηται.</span> 
     </span>
    </p>
   </div>
   <div class='ocr_carea' id='block_1_49' title="bbox 1374 479 1608 506">
    <p class='ocr_par' dir='ltr' id='par_1_49' title="bbox 1374 479 1608 506">
     <span class='ocr_line' id='line_1_49' title="bbox 1374 479 1608 506; baseline 0 0"><span class='ocrx_word' id='word_1_307' title='bbox 1374 479 1522 506; x_wconf 77' lang='grc' dir='ltr'><strong>ΨΑΛΜΟΣ</strong></span> <span class='ocrx_word' id='word_1_308' title='bbox 1546 479 1608 506; x_wconf 85' lang='lat' dir='ltr'><strong>OZ&#39;.</strong></span> 
     </span>
    </p>
   </div>
   <div class='ocr_carea' id='block_1_50' title="bbox 1136 523 1743 560">
    <p class='ocr_par' dir='ltr' id='par_1_50' title="bbox 1136 523 1743 560">
     <span class='ocr_line' id='line_1_50' title="bbox 1136 523 1743 560; baseline 0 -10"><span class='ocrx_word' id='word_1_309' title='bbox 1136 533 1146 550; x_wconf 74' lang='grc' dir='ltr'><em>α</em></span> <span class='ocrx_word' id='word_1_310' title='bbox 1160 524 1216 551; x_wconf 82' lang='lat' dir='ltr'><strong>Kal.</strong></span> <span class='ocrx_word' id='word_1_311' title='bbox 1228 525 1362 560; x_wconf 82' lang='grc' dir='ltr'>ἀνέστησε</span> <span class='ocrx_word' id='word_1_312' title='bbox 1380 525 1532 560; x_wconf 80' lang='grc' dir='ltr'>μαρτύριον</span> <span class='ocrx_word' id='word_1_313' title='bbox 1551 525 1581 551; x_wconf 81' lang='grc' dir='ltr'>ὲν</span> <span class='ocrx_word' id='word_1_314' title='bbox 1602 523 1711 551; x_wconf 75' lang='grc' dir='ltr'>Ἰακώϐ.</span> <span class='ocrx_word' id='word_1_315' title='bbox 1733 533 1743 550; x_wconf 87' lang='grc'><strong>›</strong></span> 
     </span>
    </p>
   </div>
   <div class='ocr_carea' id='block_1_51' title="bbox 1132 569 1893 605">
    <p class='ocr_par' dir='ltr' id='par_1_51' title="bbox 1132 569 1893 605">
     <span class='ocr_line' id='line_1_51' title="bbox 1132 569 1893 605; baseline -0.001 -8"><span class='ocrx_word' id='word_1_316' title='bbox 1132 570 1289 605; x_wconf 76' lang='grc' dir='ltr'>Μαρτύριον</span> <span class='ocrx_word' id='word_1_317' title='bbox 1309 570 1431 596; x_wconf 69' lang='grc' dir='ltr'>ἐκαλεῖτο</span> <span class='ocrx_word' id='word_1_318' title='bbox 1451 571 1468 605; x_wconf 61' lang='lat' dir='ltr'><strong>ﬁ</strong></span> <span class='ocrx_word' id='word_1_319' title='bbox 1495 569 1582 604; x_wconf 87' lang='grc' dir='ltr'>σκηνὴ</span> <span class='ocrx_word' id='word_1_320' title='bbox 1601 569 1648 596; x_wconf 82' lang='grc' dir='ltr'><strong>τοῦ</strong></span> <span class='ocrx_word' id='word_1_321' title='bbox 1670 570 1821 605; x_wconf 82' lang='grc' dir='ltr'>μαρτυρίου</span> <span class='ocrx_word' id='word_1_322' title='bbox 1834 591 1842 602; x_wconf 93' lang='grc'><strong>,</strong></span> <span class='ocrx_word' id='word_1_323' title='bbox 1857 571 1893 596; x_wconf 71' lang='grc' dir='ltr'>ἐν</span> 
     </span>
    </p>
   </div>
   <div class='ocr_carea' id='block_1_52' title="bbox 1097 611 1887 650">
    <p class='ocr_par' dir='ltr' id='par_1_52' title="bbox 1097 611 1887 650">
     <span class='ocr_line' id='line_1_52' title="bbox 1097 611 1887 650; baseline 0 -10"><span class='ocrx_word' id='word_1_324' title='bbox 1097 611 1114 650; x_wconf 82' lang='grc' dir='ltr'>ᾖ</span> <span class='ocrx_word' id='word_1_325' title='bbox 1129 614 1259 641; x_wconf 79' lang='grc' dir='ltr'><strong>ἀπέκειτο</strong></span> <span class='ocrx_word' id='word_1_326' title='bbox 1273 615 1290 649; x_wconf 83' lang='grc' dir='ltr'><strong>ἡ</strong></span> <span class='ocrx_word' id='word_1_327' title='bbox 1299 614 1415 645; x_wconf 74' lang='grc' dir='ltr'>κιδωτδς</span> <span class='ocrx_word' id='word_1_328' title='bbox 1427 613 1477 648; x_wconf 86' lang='grc' dir='ltr'>τῆς</span> <span class='ocrx_word' id='word_1_329' title='bbox 1487 613 1631 650; x_wconf 78' lang='grc' dir='ltr'><strong>διαθήκης,</strong></span> <span class='ocrx_word' id='word_1_330' title='bbox 1643 614 1691 640; x_wconf 82' lang='grc' dir='ltr'>καὶ</span> <span class='ocrx_word' id='word_1_331' title='bbox 1706 615 1720 640; x_wconf 80' lang='grc' dir='ltr'><strong><em>ὁ</em></strong></span> <span class='ocrx_word' id='word_1_332' title='bbox 1738 614 1766 641; x_wconf 84' lang='grc' dir='ltr'>ὲν</span> <span class='ocrx_word' id='word_1_333' title='bbox 1777 615 1887 650; x_wconf 76' lang='grc' dir='ltr'>κιϐωτῷ</span> 
     </span>
    </p>
   </div>
   <div class='ocr_carea' id='block_1_53' title="bbox 1097 659 1885 696">
    <p class='ocr_par' dir='ltr' id='par_1_53' title="bbox 1097 659 1885 696">
     <span class='ocr_line' id='line_1_53' title="bbox 1097 659 1885 696; baseline 0.003 -11"><span class='ocrx_word' id='word_1_334' title='bbox 1097 659 1187 694; x_wconf 86' lang='grc' dir='ltr'>νόμος,</span> <span class='ocrx_word' id='word_1_335' title='bbox 1210 659 1245 686; x_wconf 81' lang='grc' dir='ltr'>τά</span> <span class='ocrx_word' id='word_1_336' title='bbox 1266 667 1294 686; x_wconf 83' lang='grc' dir='ltr'><strong>τε</strong></span> <span class='ocrx_word' id='word_1_337' title='bbox 1316 659 1468 695; x_wconf 76' lang='grc' dir='ltr'>Χερουϐὶμ,</span> <span class='ocrx_word' id='word_1_338' title='bbox 1493 659 1540 686; x_wconf 72' lang='grc' dir='ltr'>καὶ</span> <span class='ocrx_word' id='word_1_339' title='bbox 1560 659 1591 686; x_wconf 83' lang='grc' dir='ltr'><strong>τδ</strong></span> <span class='ocrx_word' id='word_1_340' title='bbox 1615 660 1782 695; x_wconf 76' lang='grc' dir='ltr'><strong>ἱλαστήριον,</strong></span> <span class='ocrx_word' id='word_1_341' title='bbox 1797 660 1847 688; x_wconf 75' lang='grc' dir='ltr'>καὶ</span> <span class='ocrx_word' id='word_1_342' title='bbox 1867 662 1885 696; x_wconf 77' lang='grc' dir='ltr'>ἡ</span> 
     </span>
    </p>
   </div>
   <div class='ocr_carea' id='block_1_54' title="bbox 1097 705 1885 742">
    <p class='ocr_par' dir='ltr' id='par_1_54' title="bbox 1097 705 1885 742">
     <span class='ocr_line' id='line_1_54' title="bbox 1097 705 1885 742; baseline 0.003 -11"><span class='ocrx_word' id='word_1_343' title='bbox 1097 705 1202 740; x_wconf 79' lang='grc' dir='ltr'><strong>λυχνία,</strong></span> <span class='ocrx_word' id='word_1_344' title='bbox 1216 706 1265 732; x_wconf 76' lang='grc' dir='ltr'>καὶ</span> <span class='ocrx_word' id='word_1_345' title='bbox 1281 705 1297 738; x_wconf 84' lang='grc' dir='ltr'><strong>ὴ</strong></span> <span class='ocrx_word' id='word_1_346' title='bbox 1315 705 1449 740; x_wconf 79' lang='grc' dir='ltr'>τράπεζα,</span> <span class='ocrx_word' id='word_1_347' title='bbox 1465 705 1511 732; x_wconf 75' lang='grc' dir='ltr'>καὶ</span> <span class='ocrx_word' id='word_1_348' title='bbox 1527 706 1543 741; x_wconf 84' lang='grc' dir='ltr'>ἠ</span> <span class='ocrx_word' id='word_1_349' title='bbox 1561 705 1690 741; x_wconf 77' lang='grc' dir='ltr'><strong>πρόθεσις</strong></span> <span class='ocrx_word' id='word_1_350' title='bbox 1702 705 1756 733; x_wconf 85' lang='grc' dir='ltr'><strong>τῶν</strong></span> <span class='ocrx_word' id='word_1_351' title='bbox 1783 706 1885 742; x_wconf 71' lang='grc' dir='ltr'>ἄρτων.</span> 
     </span>
    </p>
   </div>
   <div class='ocr_carea' id='block_1_55' title="bbox 1135 750 1609 786">
    <p class='ocr_par' dir='ltr' id='par_1_55' title="bbox 1135 750 1609 786">
     <span class='ocr_line' id='line_1_55' title="bbox 1135 750 1609 786; baseline -0.002 -8"><span class='ocrx_word' id='word_1_352' title='bbox 1135 759 1146 775; x_wconf 72' lang='grc' dir='ltr'><strong>ι</strong></span> <span class='ocrx_word' id='word_1_353' title='bbox 1165 751 1259 782; x_wconf 86' lang='grc' dir='ltr'><strong>Ὅπως</strong></span> <span class='ocrx_word' id='word_1_354' title='bbox 1274 751 1307 778; x_wconf 84' lang='grc' dir='ltr'>ἂν</span> <span class='ocrx_word' id='word_1_355' title='bbox 1322 750 1379 786; x_wconf 82' lang='grc' dir='ltr'>γνῷ</span> <span class='ocrx_word' id='word_1_356' title='bbox 1390 750 1473 784; x_wconf 75' lang='grc' dir='ltr'>γενεὰ</span> <span class='ocrx_word' id='word_1_357' title='bbox 1488 751 1580 785; x_wconf 79' lang='grc' dir='ltr'>ἑτέρα.</span> <span class='ocrx_word' id='word_1_358' title='bbox 1600 760 1609 776; x_wconf 76' lang='grc' dir='ltr'><strong>ι</strong></span> 
     </span>
    </p>
   </div>
   <div class='ocr_carea' id='block_1_56' title="bbox 1133 794 1885 831">
    <p class='ocr_par' dir='ltr' id='par_1_56' title="bbox 1133 794 1885 831">
     <span class='ocr_line' id='line_1_56' title="bbox 1133 794 1885 831; baseline -0.003 -9"><span class='ocrx_word' id='word_1_359' title='bbox 1133 795 1250 831; x_wconf 75' lang='grc' dir='ltr'><strong>Θεωρεῖς</strong></span> <span class='ocrx_word' id='word_1_360' title='bbox 1258 795 1299 822; x_wconf 79' lang='grc' dir='ltr'><strong>δτι</strong></span> <span class='ocrx_word' id='word_1_361' title='bbox 1307 796 1370 830; x_wconf 79' lang='grc' dir='ltr'>περὶ</span> <span class='ocrx_word' id='word_1_362' title='bbox 1380 795 1435 822; x_wconf 86' lang='grc' dir='ltr'><strong>τῶν</strong></span> <span class='ocrx_word' id='word_1_363' title='bbox 1447 795 1532 821; x_wconf 70' lang='grc' dir='ltr'>ἐθνῶν</span> <span class='ocrx_word' id='word_1_364' title='bbox 1544 796 1629 829; x_wconf 77' lang='grc' dir='ltr'>λέγει’</span> <span class='ocrx_word' id='word_1_365' title='bbox 1645 795 1723 822; x_wconf 73' lang='grc' dir='ltr'>οΰπω</span> <span class='ocrx_word' id='word_1_366' title='bbox 1735 795 1789 830; x_wconf 72' lang='grc' dir='ltr'><strong>γὰρ</strong></span> <span class='ocrx_word' id='word_1_367' title='bbox 1798 794 1885 821; x_wconf 84' lang='grc' dir='ltr'>ταῦτα</span> 
     </span>
    </p>
   </div>
   <div class='ocr_carea' id='block_1_57' title="bbox 1097 840 1888 876">
    <p class='ocr_par' dir='ltr' id='par_1_57' title="bbox 1097 840 1888 876">
     <span class='ocr_line' id='line_1_57' title="bbox 1097 840 1888 876; baseline 0 -10"><span class='ocrx_word' id='word_1_368' title='bbox 1097 840 1228 875; x_wconf 77' lang='grc' dir='ltr'><strong>τεχθέντα</strong></span> <span class='ocrx_word' id='word_1_369' title='bbox 1249 840 1374 876; x_wconf 82' lang='grc' dir='ltr'><strong>ὑπῆρχεν</strong></span> <span class='ocrx_word' id='word_1_370' title='bbox 1400 842 1440 872; x_wconf 78' lang='grc' dir='ltr'>εἰς</span> <span class='ocrx_word' id='word_1_371' title='bbox 1459 841 1620 867; x_wconf 76' lang='grc' dir='ltr'>εὐσέϐειαν·</span> <span class='ocrx_word' id='word_1_372' title='bbox 1648 840 1746 875; x_wconf 75' lang='grc' dir='ltr'>ἔμελλε</span> <span class='ocrx_word' id='word_1_373' title='bbox 1767 840 1822 874; x_wconf 74' lang='grc' dir='ltr'>γὰρ</span> <span class='ocrx_word' id='word_1_374' title='bbox 1841 840 1888 866; x_wconf 77' lang='grc' dir='ltr'>διὰ</span> 
     </span>
    </p>
   </div>
   <div class='ocr_carea' id='block_1_58' title="bbox 1101 885 1887 921">
    <p class='ocr_par' dir='ltr' id='par_1_58' title="bbox 1101 885 1887 921">
     <span class='ocr_line' id='line_1_58' title="bbox 1101 885 1887 921; baseline -0.004 -8"><span class='ocrx_word' id='word_1_375' title='bbox 1101 885 1289 921; x_wconf 76' lang='grc' dir='ltr'>βαπτίσματος</span> <span class='ocrx_word' id='word_1_376' title='bbox 1321 885 1480 912; x_wconf 82' lang='grc' dir='ltr'><strong>τίκτεσθαι·</strong></span> <span class='ocrx_word' id='word_1_377' title='bbox 1504 885 1565 912; x_wconf 79' lang='grc' dir='ltr'>ὅθεν</span> <span class='ocrx_word' id='word_1_378' title='bbox 1591 886 1650 912; x_wconf 64' lang='lat' dir='ltr'><strong>vlo!</strong></span> <span class='ocrx_word' id='word_1_379' title='bbox 1670 885 1887 919; x_wconf 74' lang='grc' dir='ltr'>τεχθησόμενοι</span> 
     </span>
    </p>
   </div>
   <div class='ocr_carea' id='block_1_59' title="bbox 1099 927 1886 965">
    <p class='ocr_par' dir='ltr' id='par_1_59' title="bbox 1099 927 1886 965">
     <span class='ocr_line' id='line_1_59' title="bbox 1099 927 1886 965; baseline -0.004 -8"><span class='ocrx_word' id='word_1_380' title='bbox 1099 931 1211 962; x_wconf 84' lang='grc' dir='ltr'>δικαίως</span> <span class='ocrx_word' id='word_1_381' title='bbox 1234 930 1367 965; x_wconf 64' lang='grc' dir='ltr'>ἐλέγοντο.</span> <span class='ocrx_word' id='word_1_382' title='bbox 1393 930 1479 957; x_wconf 84' lang='grc' dir='ltr'>Τοῦτο</span> <span class='ocrx_word' id='word_1_383' title='bbox 1517 930 1617 964; x_wconf 77' lang='grc' dir='ltr'>γνῶσις</span> <span class='ocrx_word' id='word_1_384' title='bbox 1635 929 1743 965; x_wconf 82' lang='grc' dir='ltr'>ἀληθῶς</span> <span class='ocrx_word' id='word_1_385' title='bbox 1764 928 1844 960; x_wconf 86' lang='grc' dir='ltr'>Θεοῦ,</span> <span class='ocrx_word' id='word_1_386' title='bbox 1857 927 1886 954; x_wconf 85' lang='grc' dir='ltr'><strong>τδ</strong></span> 
     </span>
    </p>
   </div>
   <div class='ocr_carea' id='block_1_60' title="bbox 1099 973 1885 1011">
    <p class='ocr_par' dir='ltr' id='par_1_60' title="bbox 1099 973 1885 1011">
     <span class='ocr_line' id='line_1_60' title="bbox 1099 973 1885 1011; baseline -0.004 -8"><span class='ocrx_word' id='word_1_387' title='bbox 1099 975 1262 1011; x_wconf 80' lang='grc' dir='ltr'>μεταδοῦναι</span> <span class='ocrx_word' id='word_1_388' title='bbox 1282 976 1330 1002; x_wconf 76' lang='grc' dir='ltr'>καὶ</span> <span class='ocrx_word' id='word_1_389' title='bbox 1351 975 1441 1007; x_wconf 79' lang='grc' dir='ltr'>ἄλλοις</span> <span class='ocrx_word' id='word_1_390' title='bbox 1460 977 1510 1010; x_wconf 80' lang='grc' dir='ltr'>τῆς</span> <span class='ocrx_word' id='word_1_391' title='bbox 1531 975 1660 1010; x_wconf 82' lang='grc' dir='ltr'>γνώσεως</span> <span class='ocrx_word' id='word_1_392' title='bbox 1673 994 1680 1006; x_wconf 95' lang='grc'><strong>,</strong></span> <span class='ocrx_word' id='word_1_393' title='bbox 1697 973 1742 1001; x_wconf 79' lang='grc' dir='ltr'>καὶ</span> <span class='ocrx_word' id='word_1_394' title='bbox 1762 974 1836 1004; x_wconf 75' lang='grc' dir='ltr'>υἱοὺς</span> <span class='ocrx_word' id='word_1_395' title='bbox 1851 975 1885 1008; x_wconf 81' lang='grc' dir='ltr'>τῇ</span> 
     </span>
    </p>
   </div>
   <div class='ocr_carea' id='block_1_61' title="bbox 1099 1019 1885 1058">
    <p class='ocr_par' dir='ltr' id='par_1_61' title="bbox 1099 1019 1885 1058">
     <span class='ocr_line' id='line_1_61' title="bbox 1099 1019 1885 1058; baseline -0.005 -9"><span class='ocrx_word' id='word_1_396' title='bbox 1099 1022 1233 1058; x_wconf 65' lang='grc' dir='ltr'>μαθητείᾳ</span> <span class='ocrx_word' id='word_1_397' title='bbox 1246 1021 1301 1048; x_wconf 84' lang='grc' dir='ltr'><strong>τῶν</strong></span> <span class='ocrx_word' id='word_1_398' title='bbox 1317 1021 1431 1048; x_wconf 76' lang='grc' dir='ltr'>ἐντολῶν</span> <span class='ocrx_word' id='word_1_399' title='bbox 1443 1021 1626 1056; x_wconf 78' lang='grc' dir='ltr'>ἐργάσασθαι·</span> <span class='ocrx_word' id='word_1_400' title='bbox 1647 1021 1715 1056; x_wconf 80' lang='grc' dir='ltr'>ὅπερ</span> <span class='ocrx_word' id='word_1_401' title='bbox 1729 1019 1823 1054; x_wconf 83' lang='grc' dir='ltr'>σαφῶς</span> <span class='ocrx_word' id='word_1_402' title='bbox 1833 1028 1885 1045; x_wconf 74' lang='grc' dir='ltr'>πε-</span> 
     </span>
    </p>
   </div>
   <div class='ocr_carea' id='block_1_62' title="bbox 1098 1066 1885 1103">
    <p class='ocr_par' dir='ltr' id='par_1_62' title="bbox 1098 1066 1885 1103">
     <span class='ocr_line' id='line_1_62' title="bbox 1098 1066 1885 1103; baseline -0.003 -9"><span class='ocrx_word' id='word_1_403' title='bbox 1098 1069 1243 1103; x_wconf 71' lang='grc' dir='ltr'>ποιήκασιν</span> <span class='ocrx_word' id='word_1_404' title='bbox 1261 1068 1286 1094; x_wconf 68' lang='grc' dir='ltr'>οἱ</span> <span class='ocrx_word' id='word_1_405' title='bbox 1312 1068 1352 1098; x_wconf 80' lang='grc' dir='ltr'><strong>εις</strong></span> <span class='ocrx_word' id='word_1_406' title='bbox 1368 1068 1485 1103; x_wconf 74' lang='grc' dir='ltr'>Χριστὸν</span> <span class='ocrx_word' id='word_1_407' title='bbox 1504 1067 1708 1098; x_wconf 83' lang='grc' dir='ltr'>πιστεύσαντες.</span> <span class='ocrx_word' id='word_1_408' title='bbox 1723 1066 1817 1093; x_wconf 79' lang='grc' dir='ltr'>Οὐδενὶ</span> <span class='ocrx_word' id='word_1_409' title='bbox 1830 1066 1885 1101; x_wconf 80' lang='grc' dir='ltr'><strong>γὰρ</strong></span> 
     </span>
    </p>
   </div>
   <div class='ocr_carea' id='block_1_63' title="bbox 1096 1112 1884 1148">
    <p class='ocr_par' dir='ltr' id='par_1_63' title="bbox 1096 1112 1884 1148">
     <span class='ocr_line' id='line_1_63' title="bbox 1096 1112 1884 1148; baseline -0.003 -8"><span class='ocrx_word' id='word_1_410' title='bbox 1096 1113 1146 1148; x_wconf 78' lang='grc' dir='ltr'>τῆς</span> <span class='ocrx_word' id='word_1_411' title='bbox 1171 1113 1336 1147; x_wconf 83' lang='grc' dir='ltr'>θεογνωσίας</span> <span class='ocrx_word' id='word_1_412' title='bbox 1362 1112 1518 1148; x_wconf 75' lang='grc' dir='ltr'>ὲϐἀσκηναν</span> <span class='ocrx_word' id='word_1_413' title='bbox 1534 1133 1542 1145; x_wconf 91' lang='grc'><strong>,</strong></span> <span class='ocrx_word' id='word_1_414' title='bbox 1574 1112 1634 1139; x_wconf 71' lang='grc' dir='ltr'>οὐδὲ</span> <span class='ocrx_word' id='word_1_415' title='bbox 1662 1113 1700 1144; x_wconf 77' lang='grc' dir='ltr'>ὡς</span> <span class='ocrx_word' id='word_1_416' title='bbox 1730 1113 1755 1138; x_wconf 77' lang='lat' dir='ltr'><strong>oi</strong></span> <span class='ocrx_word' id='word_1_417' title='bbox 1785 1112 1884 1145; x_wconf 83' lang='grc' dir='ltr'>προλα-</span> 
     </span>
    </p>
   </div>
   <div class='ocr_carea' id='block_1_64' title="bbox 1096 1157 1885 1192">
    <p class='ocr_par' dir='ltr' id='par_1_64' title="bbox 1096 1157 1885 1192">
     <span class='ocr_line' id='line_1_64' title="bbox 1096 1157 1885 1192; baseline 0 -8"><span class='ocrx_word' id='word_1_418' title='bbox 1096 1158 1188 1190; x_wconf 74' lang='grc' dir='ltr'>ϐόντες</span> <span class='ocrx_word' id='word_1_419' title='bbox 1205 1158 1379 1190; x_wconf 80' lang='grc' dir='ltr'>ἐπίστευσαν,</span> <span class='ocrx_word' id='word_1_420' title='bbox 1397 1158 1558 1185; x_wconf 80' lang='grc' dir='ltr'>ἀποκλεῖσαι</span> <span class='ocrx_word' id='word_1_421' title='bbox 1574 1159 1630 1190; x_wconf 81' lang='grc' dir='ltr'>τοῖς</span> <span class='ocrx_word' id='word_1_422' title='bbox 1653 1157 1744 1188; x_wconf 70' lang='grc' dir='ltr'>ἄλλοις</span> <span class='ocrx_word' id='word_1_423' title='bbox 1758 1157 1808 1192; x_wconf 76' lang='grc' dir='ltr'>τὴν</span> <span class='ocrx_word' id='word_1_424' title='bbox 1825 1157 1885 1184; x_wconf 66' lang='lat' dir='ltr'><strong>sfa-</strong></span> 
     </span>
    </p>
   </div>
   <div class='ocr_carea' id='block_1_65' title="bbox 1096 1202 1885 1239">
    <p class='ocr_par' dir='ltr' id='par_1_65' title="bbox 1096 1202 1885 1239">
     <span class='ocr_line' id='line_1_65' title="bbox 1096 1202 1885 1239; baseline 0 -9"><span class='ocrx_word' id='word_1_425' title='bbox 1096 1204 1154 1230; x_wconf 87' lang='grc' dir='ltr'>οδον</span> <span class='ocrx_word' id='word_1_426' title='bbox 1171 1204 1328 1238; x_wconf 81' lang='grc' dir='ltr'>βουλόμενοι</span> <span class='ocrx_word' id='word_1_427' title='bbox 1337 1204 1420 1231; x_wconf 76' lang='grc' dir='ltr'>’ἀλλὰ</span> <span class='ocrx_word' id='word_1_428' title='bbox 1436 1203 1630 1239; x_wconf 78' lang='grc' dir='ltr'>παρεγγυῶσιν</span> <span class='ocrx_word' id='word_1_429' title='bbox 1645 1203 1692 1229; x_wconf 73' lang='grc' dir='ltr'><strong>ἐπὶ</strong></span> <span class='ocrx_word' id='word_1_430' title='bbox 1705 1202 1750 1230; x_wconf 75' lang='grc' dir='ltr'>τὸν</span> <span class='ocrx_word' id='word_1_431' title='bbox 1760 1203 1826 1230; x_wconf 81' lang='grc' dir='ltr'>Θεὸν</span> <span class='ocrx_word' id='word_1_432' title='bbox 1833 1202 1885 1237; x_wconf 71' lang='grc' dir='ltr'>τὴν</span> 
     </span>
    </p>
   </div>
   <div class='ocr_carea' id='block_1_66' title="bbox 1095 1248 1288 1283">
    <p class='ocr_par' dir='ltr' id='par_1_66' title="bbox 1095 1248 1288 1283">
     <span class='ocr_line' id='line_1_66' title="bbox 1095 1248 1288 1283; baseline 0.005 -9"><span class='ocrx_word' id='word_1_433' title='bbox 1095 1248 1191 1275; x_wconf 72' lang='grc' dir='ltr'>ἐλπίδα</span> <span class='ocrx_word' id='word_1_434' title='bbox 1206 1248 1288 1283; x_wconf 75' lang='grc' dir='ltr'>ἔχειν.</span> 
     </span>
    </p>
   </div>
   <div class='ocr_carea' id='block_1_67' title="bbox 1133 1294 1752 1330">
    <p class='ocr_par' dir='ltr' id='par_1_67' title="bbox 1133 1294 1752 1330">
     <span class='ocr_line' id='line_1_67' title="bbox 1133 1294 1752 1330; baseline 0 -10"><span class='ocrx_word' id='word_1_435' title='bbox 1133 1304 1142 1320; x_wconf 75' lang='grc' dir='ltr'><strong>ι</strong></span> <span class='ocrx_word' id='word_1_436' title='bbox 1160 1295 1218 1321; x_wconf 88' lang='grc' dir='ltr'>’Ὶνα</span> <span class='ocrx_word' id='word_1_437' title='bbox 1234 1294 1335 1321; x_wconf 84' lang='grc' dir='ltr'>θῶνται</span> <span class='ocrx_word' id='word_1_438' title='bbox 1350 1295 1397 1321; x_wconf 75' lang='grc' dir='ltr'><strong>ἐπὶ</strong></span> <span class='ocrx_word' id='word_1_439' title='bbox 1412 1294 1458 1321; x_wconf 77' lang='grc' dir='ltr'><strong>τδν</strong></span> <span class='ocrx_word' id='word_1_440' title='bbox 1471 1294 1538 1321; x_wconf 83' lang='grc' dir='ltr'>Θεδν</span> <span class='ocrx_word' id='word_1_441' title='bbox 1551 1294 1601 1330; x_wconf 84' lang='grc' dir='ltr'>τὴν</span> <span class='ocrx_word' id='word_1_442' title='bbox 1614 1294 1721 1321; x_wconf 74' lang='grc' dir='ltr'>ἐλπίδα.</span> <span class='ocrx_word' id='word_1_443' title='bbox 1743 1303 1752 1320; x_wconf 79' lang='grc' dir='ltr'><strong>ι</strong></span> 
     </span>
    </p>
   </div>
   <div class='ocr_carea' id='block_1_68' title="bbox 1131 1341 1885 1376">
    <p class='ocr_par' dir='ltr' id='par_1_68' title="bbox 1131 1341 1885 1376">
     <span class='ocr_line' id='line_1_68' title="bbox 1131 1341 1885 1376; baseline 0 -9"><span class='ocrx_word' id='word_1_444' title='bbox 1131 1341 1223 1368; x_wconf 78' lang='grc' dir='ltr'>Ταῦτα</span> <span class='ocrx_word' id='word_1_445' title='bbox 1253 1342 1321 1368; x_wconf 81' lang='grc' dir='ltr'>πᾶσι</span> <span class='ocrx_word' id='word_1_446' title='bbox 1338 1343 1393 1373; x_wconf 80' lang='grc' dir='ltr'>τοῖς</span> <span class='ocrx_word' id='word_1_447' title='bbox 1427 1341 1540 1372; x_wconf 78' lang='grc' dir='ltr'>οἰκείοις</span> <span class='ocrx_word' id='word_1_448' title='bbox 1567 1341 1614 1368; x_wconf 77' lang='grc' dir='ltr'><strong>καὶ</strong></span> <span class='ocrx_word' id='word_1_449' title='bbox 1645 1342 1702 1373; x_wconf 75' lang='grc' dir='ltr'>τοῖς</span> <span class='ocrx_word' id='word_1_450' title='bbox 1734 1341 1885 1376; x_wconf 67' lang='grc' dir='ltr'>ἀλλοτρίοις</span> 
     </span>
    </p>
   </div>
   <div class='ocr_carea' id='block_1_69' title="bbox 1096 1384 1883 1423">
    <p class='ocr_par' dir='ltr' id='par_1_69' title="bbox 1096 1384 1883 1423">
     <span class='ocr_line' id='line_1_69' title="bbox 1096 1384 1883 1423; baseline 0.001 -11"><span class='ocrx_word' id='word_1_451' title='bbox 1096 1386 1143 1413; x_wconf 70' lang='grc' dir='ltr'><strong>ἐπὶ</strong></span> <span class='ocrx_word' id='word_1_452' title='bbox 1156 1387 1305 1422; x_wconf 70' lang='grc' dir='ltr'>ἐκκλησίας</span> <span class='ocrx_word' id='word_1_453' title='bbox 1322 1387 1503 1422; x_wconf 84' lang='grc' dir='ltr'>κηρύττεται,</span> <span class='ocrx_word' id='word_1_454' title='bbox 1523 1387 1552 1413; x_wconf 79' lang='grc' dir='ltr'>ὲν</span> <span class='ocrx_word' id='word_1_455' title='bbox 1605 1387 1711 1418; x_wconf 79' lang='grc' dir='ltr'>Παῦλος</span> <span class='ocrx_word' id='word_1_456' title='bbox 1733 1387 1800 1414; x_wconf 76' lang='grc' dir='ltr'>πᾶσι</span> <span class='ocrx_word' id='word_1_457' title='bbox 1814 1386 1883 1422; x_wconf 81' lang='grc' dir='ltr'>βοᾷ·</span> 
     </span>
    </p>
   </div>
   <div class='ocr_carea' id='block_1_70' title="bbox 1098 1429 1884 1466">
    <p class='ocr_par' dir='ltr' id='par_1_70' title="bbox 1098 1429 1884 1466">
     <span class='ocr_line' id='line_1_70' title="bbox 1098 1429 1884 1466; baseline 0.001 -8"><span class='ocrx_word' id='word_1_458' title='bbox 1098 1432 1202 1459; x_wconf 73' lang='grc' dir='ltr'>Τεκνία</span> <span class='ocrx_word' id='word_1_459' title='bbox 1213 1439 1284 1466; x_wconf 83' lang='grc' dir='ltr'>μου,</span> <span class='ocrx_word' id='word_1_460' title='bbox 1302 1431 1355 1464; x_wconf 79' lang='grc' dir='ltr'>οὓς</span> <span class='ocrx_word' id='word_1_461' title='bbox 1369 1431 1461 1458; x_wconf 70' lang='grc' dir='ltr'><em>πάλιν</em></span> <span class='ocrx_word' id='word_1_462' title='bbox 1477 1431 1571 1458; x_wconf 77' lang='grc' dir='ltr'>ὠδίνω</span> <span class='ocrx_word' id='word_1_463' title='bbox 1583 1430 1670 1466; x_wconf 77' lang='grc' dir='ltr'>ἄχρις</span> <span class='ocrx_word' id='word_1_464' title='bbox 1689 1429 1726 1459; x_wconf 83' lang='grc' dir='ltr'>οὗ</span> <span class='ocrx_word' id='word_1_465' title='bbox 1737 1430 1884 1466; x_wconf 66' lang='grc' dir='ltr'>μορφωθῇ</span> 
     </span>
    </p>
   </div>
   <div class='ocr_carea' id='block_1_71' title="bbox 1095 1477 1362 1512">
    <p class='ocr_par' dir='ltr' id='par_1_71' title="bbox 1095 1477 1362 1512">
     <span class='ocr_line' id='line_1_71' title="bbox 1095 1477 1362 1512; baseline 0 -8"><span class='ocrx_word' id='word_1_466' title='bbox 1095 1477 1222 1512; x_wconf 80' lang='grc' dir='ltr'>Χριστὸς</span> <span class='ocrx_word' id='word_1_467' title='bbox 1233 1477 1268 1504; x_wconf 78' lang='grc' dir='ltr'><strong>ἐν</strong></span> <span class='ocrx_word' id='word_1_468' title='bbox 1282 1477 1362 1511; x_wconf 80' lang='grc' dir='ltr'><strong>ὑμῖν.</strong></span> 
     </span>
    </p>
   </div>
   <div class='ocr_carea' id='block_1_72' title="bbox 1134 1522 1884 1560">
    <p class='ocr_par' dir='ltr' id='par_1_72' title="bbox 1134 1522 1884 1560">
     <span class='ocr_line' id='line_1_72' title="bbox 1134 1522 1884 1560; baseline -0.001 -9"><span class='ocrx_word' id='word_1_469' title='bbox 1134 1534 1142 1550; x_wconf 83' lang='grc' dir='ltr'><strong>ι</strong></span> <span class='ocrx_word' id='word_1_470' title='bbox 1159 1522 1213 1551; x_wconf 83' lang='grc' dir='ltr'><strong>Καὶ</strong></span> <span class='ocrx_word' id='word_1_471' title='bbox 1233 1525 1284 1551; x_wconf 83' lang='grc' dir='ltr'>οὐκ</span> <span class='ocrx_word' id='word_1_472' title='bbox 1309 1524 1449 1560; x_wconf 75' lang='grc' dir='ltr'>ἑπιστώθη</span> <span class='ocrx_word' id='word_1_473' title='bbox 1480 1524 1549 1560; x_wconf 80' lang='grc' dir='ltr'>μετὰ</span> <span class='ocrx_word' id='word_1_474' title='bbox 1572 1524 1619 1551; x_wconf 74' lang='grc' dir='ltr'>τοῦ</span> <span class='ocrx_word' id='word_1_475' title='bbox 1632 1523 1700 1551; x_wconf 82' lang='grc' dir='ltr'>Θεοῦ</span> <span class='ocrx_word' id='word_1_476' title='bbox 1720 1524 1750 1551; x_wconf 72' lang='grc' dir='ltr'>τὸ</span> <span class='ocrx_word' id='word_1_477' title='bbox 1774 1523 1884 1559; x_wconf 75' lang='grc' dir='ltr'>πνεῦμα</span> 
     </span>
    </p>
   </div>
   <div class='ocr_carea' id='block_1_73' title="bbox 1059 1570 1218 1610">
    <p class='ocr_par' dir='ltr' id='par_1_73' title="bbox 1059 1570 1218 1610">
     <span class='ocr_line' id='line_1_73' title="bbox 1059 1570 1218 1610; baseline -0.019 -13"><span class='ocrx_word' id='word_1_478' title='bbox 1059 1581 1079 1610; x_wconf 77' lang='lat' dir='ltr'><strong>C</strong></span> <span class='ocrx_word' id='word_1_479' title='bbox 1096 1570 1191 1605; x_wconf 77' lang='grc' dir='ltr'>αὐτῆς.</span> <span class='ocrx_word' id='word_1_480' title='bbox 1209 1579 1218 1594; x_wconf 80' lang='grc' dir='ltr'><strong>ι</strong></span> 
     </span>
    </p>
   </div>
   <div class='ocr_carea' id='block_1_74' title="bbox 1133 1615 1884 1652">
    <p class='ocr_par' dir='ltr' id='par_1_74' title="bbox 1133 1615 1884 1652">
     <span class='ocr_line' id='line_1_74' title="bbox 1133 1615 1884 1652; baseline -0.003 -10"><span class='ocrx_word' id='word_1_481' title='bbox 1133 1615 1244 1652; x_wconf 81' lang='grc' dir='ltr'>Γλώττῃ</span> <span class='ocrx_word' id='word_1_482' title='bbox 1262 1617 1316 1651; x_wconf 80' lang='grc' dir='ltr'>γὰρ</span> <span class='ocrx_word' id='word_1_483' title='bbox 1340 1617 1449 1649; x_wconf 82' lang='grc' dir='ltr'>πάντως</span> <span class='ocrx_word' id='word_1_484' title='bbox 1480 1616 1548 1652; x_wconf 86' lang='grc' dir='ltr'>μόνῃ</span> <span class='ocrx_word' id='word_1_485' title='bbox 1568 1616 1618 1652; x_wconf 84' lang='grc' dir='ltr'>τὴν</span> <span class='ocrx_word' id='word_1_486' title='bbox 1643 1616 1732 1643; x_wconf 79' lang='grc' dir='ltr'>πίστιν</span> <span class='ocrx_word' id='word_1_487' title='bbox 1751 1615 1884 1651; x_wconf 72' lang='grc' dir='ltr'>ἐπηγγεί-</span> 
     </span>
    </p>
   </div>
   <div class='ocr_carea' id='block_1_75' title="bbox 1097 1661 1884 1699">
    <p class='ocr_par' dir='ltr' id='par_1_75' title="bbox 1097 1661 1884 1699">
     <span class='ocr_line' id='line_1_75' title="bbox 1097 1661 1884 1699; baseline -0.003 -10"><span class='ocrx_word' id='word_1_488' title='bbox 1097 1662 1188 1694; x_wconf 86' lang='grc' dir='ltr'>λαντο,</span> <span class='ocrx_word' id='word_1_489' title='bbox 1210 1662 1271 1696; x_wconf 76' lang='grc' dir='ltr'>οὐχὶ</span> <span class='ocrx_word' id='word_1_490' title='bbox 1293 1663 1322 1689; x_wconf 84' lang='grc' dir='ltr'>δὲ</span> <span class='ocrx_word' id='word_1_491' title='bbox 1346 1663 1394 1699; x_wconf 82' lang='grc' dir='ltr'><strong>ὅλῃ</strong></span> <span class='ocrx_word' id='word_1_492' title='bbox 1418 1663 1518 1698; x_wconf 84' lang='grc' dir='ltr'>καρδίᾳ</span> <span class='ocrx_word' id='word_1_493' title='bbox 1543 1663 1589 1689; x_wconf 78' lang='grc' dir='ltr'><strong>καὶ</strong></span> <span class='ocrx_word' id='word_1_494' title='bbox 1610 1661 1724 1697; x_wconf 81' lang='grc' dir='ltr'>καθαρῷ</span> <span class='ocrx_word' id='word_1_495' title='bbox 1745 1661 1784 1697; x_wconf 81' lang='grc' dir='ltr'><strong>τῷ</strong></span> <span class='ocrx_word' id='word_1_496' title='bbox 1801 1661 1884 1688; x_wconf 82' lang='grc' dir='ltr'>πνεύ-</span> 
     </span>
    </p>
   </div>
   <div class='ocr_carea' id='block_1_76' title="bbox 1098 1717 1174 1744">
    <p class='ocr_par' dir='ltr' id='par_1_76' title="bbox 1098 1717 1174 1744">
     <span class='ocr_line' id='line_1_76' title="bbox 1098 1717 1174 1744; baseline 0.013 -9"><span class='ocrx_word' id='word_1_497' title='bbox 1098 1717 1174 1744; x_wconf 88' lang='grc' dir='ltr'>ματι.</span> 
     </span>
    </p>
   </div>
   <div class='ocr_carea' id='block_1_77' title="bbox 1135 1755 1614 1791">
    <p class='ocr_par' dir='ltr' id='par_1_77' title="bbox 1135 1755 1614 1791">
     <span class='ocr_line' id='line_1_77' title="bbox 1135 1755 1614 1791; baseline -0.002 -9"><span class='ocrx_word' id='word_1_498' title='bbox 1135 1766 1144 1781; x_wconf 77' lang='lat' dir='ltr'><strong>r</strong></span> <span class='ocrx_word' id='word_1_499' title='bbox 1162 1756 1292 1791; x_wconf 79' lang='grc' dir='ltr'>Διέρῤηξε</span> <span class='ocrx_word' id='word_1_500' title='bbox 1310 1756 1413 1790; x_wconf 77' lang='grc' dir='ltr'>πέτραν</span> <span class='ocrx_word' id='word_1_501' title='bbox 1432 1756 1461 1782; x_wconf 74' lang='lat' dir='ltr'><strong>tv</strong></span> <span class='ocrx_word' id='word_1_502' title='bbox 1475 1755 1583 1791; x_wconf 76' lang='grc' dir='ltr'>ἐρήμῳ.</span> <span class='ocrx_word' id='word_1_503' title='bbox 1604 1763 1614 1780; x_wconf 70' lang='grc' dir='ltr'><strong>ι</strong></span> 
     </span>
    </p>
   </div>
   <div class='ocr_carea' id='block_1_78' title="bbox 1130 1799 1884 1836">
    <p class='ocr_par' dir='ltr' id='par_1_78' title="bbox 1130 1799 1884 1836">
     <span class='ocr_line' id='line_1_78' title="bbox 1130 1799 1884 1836; baseline -0.005 -8"><span class='ocrx_word' id='word_1_504' title='bbox 1130 1801 1207 1836; x_wconf 84' lang='grc' dir='ltr'>Τάχα</span> <span class='ocrx_word' id='word_1_505' title='bbox 1221 1801 1271 1828; x_wconf 84' lang='grc' dir='ltr'>πού</span> <span class='ocrx_word' id='word_1_506' title='bbox 1286 1810 1358 1833; x_wconf 84' lang='grc' dir='ltr'>τινες</span> <span class='ocrx_word' id='word_1_507' title='bbox 1378 1801 1503 1828; x_wconf 81' lang='grc' dir='ltr'>δοκοῦσιν</span> <span class='ocrx_word' id='word_1_508' title='bbox 1522 1801 1563 1828; x_wconf 83' lang='grc' dir='ltr'>ὅτι</span> <span class='ocrx_word' id='word_1_509' title='bbox 1583 1800 1625 1832; x_wconf 74' lang='grc' dir='ltr'>δὶς</span> <span class='ocrx_word' id='word_1_510' title='bbox 1650 1799 1714 1826; x_wconf 75' lang='grc' dir='ltr'>αὐτὸ</span> <span class='ocrx_word' id='word_1_511' title='bbox 1727 1799 1757 1825; x_wconf 82' lang='grc' dir='ltr'>τὸ</span> <span class='ocrx_word' id='word_1_512' title='bbox 1771 1800 1884 1833; x_wconf 78' lang='grc' dir='ltr'>σημεῖον</span> 
     </span>
    </p>
   </div>
   <div class='ocr_carea' id='block_1_79' title="bbox 1094 1844 1883 1883">
    <p class='ocr_par' dir='ltr' id='par_1_79' title="bbox 1094 1844 1883 1883">
     <span class='ocr_line' id='line_1_79' title="bbox 1094 1844 1883 1883; baseline -0.005 -9"><span class='ocrx_word' id='word_1_513' title='bbox 1094 1848 1108 1874; x_wconf 90' lang='grc' dir='ltr'><strong>ό</strong></span> <span class='ocrx_word' id='word_1_514' title='bbox 1120 1849 1262 1883; x_wconf 78' lang='grc' dir='ltr'>προφήτης</span> <span class='ocrx_word' id='word_1_515' title='bbox 1278 1847 1402 1880; x_wconf 71' lang='grc' dir='ltr'>ἐξέθετο·</span> <span class='ocrx_word' id='word_1_516' title='bbox 1423 1847 1479 1881; x_wconf 78' lang='grc' dir='ltr'>ἔχει</span> <span class='ocrx_word' id='word_1_517' title='bbox 1495 1847 1524 1872; x_wconf 80' lang='grc' dir='ltr'>δὲ</span> <span class='ocrx_word' id='word_1_518' title='bbox 1546 1846 1596 1880; x_wconf 83' lang='grc' dir='ltr'>οὐχ</span> <span class='ocrx_word' id='word_1_519' title='bbox 1617 1845 1714 1876; x_wconf 79' lang='grc' dir='ltr'>οὕτως,</span> <span class='ocrx_word' id='word_1_520' title='bbox 1729 1844 1799 1871; x_wconf 82' lang='grc' dir='ltr'>ἀλλὰ</span> <span class='ocrx_word' id='word_1_521' title='bbox 1820 1844 1883 1870; x_wconf 72' lang='grc' dir='ltr'>δεύο</span> 
     </span>
    </p>
   </div>
   <div class='ocr_carea' id='block_1_80' title="bbox 1094 1890 1881 1928">
    <p class='ocr_par' dir='ltr' id='par_1_80' title="bbox 1094 1890 1881 1928">
     <span class='ocr_line' id='line_1_80' title="bbox 1094 1890 1881 1928; baseline -0.006 -8"><span class='ocrx_word' id='word_1_522' title='bbox 1094 1902 1172 1928; x_wconf 84' lang='grc' dir='ltr'>τερον</span> <span class='ocrx_word' id='word_1_523' title='bbox 1193 1894 1284 1926; x_wconf 77' lang='grc' dir='ltr'>αὐτοῖς</span> <span class='ocrx_word' id='word_1_524' title='bbox 1305 1893 1378 1928; x_wconf 75' lang='grc' dir='ltr'>ὕδωρ</span> <span class='ocrx_word' id='word_1_525' title='bbox 1397 1893 1428 1919; x_wconf 76' lang='grc' dir='ltr'>ἐκ</span> <span class='ocrx_word' id='word_1_526' title='bbox 1446 1893 1548 1927; x_wconf 82' lang='grc' dir='ltr'>πέτρας</span> <span class='ocrx_word' id='word_1_527' title='bbox 1571 1892 1586 1918; x_wconf 74' lang='grc' dir='ltr'><strong>ό</strong></span> <span class='ocrx_word' id='word_1_528' title='bbox 1602 1891 1705 1926; x_wconf 81' lang='grc' dir='ltr'>Μωσῆς</span> <span class='ocrx_word' id='word_1_529' title='bbox 1729 1890 1881 1925; x_wconf 78' lang='grc' dir='ltr'><strong>ἐξήγαγεν-</strong></span> 
     </span>
    </p>
   </div>
   <div class='ocr_carea' id='block_1_81' title="bbox 1094 1935 1885 1974">
    <p class='ocr_par' dir='ltr' id='par_1_81' title="bbox 1094 1935 1885 1974">
     <span class='ocr_line' id='line_1_81' title="bbox 1094 1935 1885 1974; baseline -0.006 -9"><span class='ocrx_word' id='word_1_530' title='bbox 1094 1939 1169 1971; x_wconf 73' lang='grc' dir='ltr'>ἆπαξ</span> <span class='ocrx_word' id='word_1_531' title='bbox 1197 1939 1246 1974; x_wconf 81' lang='grc' dir='ltr'>μὲν</span> <span class='ocrx_word' id='word_1_532' title='bbox 1262 1940 1291 1965; x_wconf 75' lang='grc' dir='ltr'>ἐν</span> <span class='ocrx_word' id='word_1_533' title='bbox 1303 1940 1335 1973; x_wconf 86' lang='grc' dir='ltr'>τῇ</span> <span class='ocrx_word' id='word_1_534' title='bbox 1356 1939 1452 1973; x_wconf 78' lang='grc' dir='ltr'>ἐρήμῳ</span> <span class='ocrx_word' id='word_1_535' title='bbox 1477 1936 1595 1972; x_wconf 76' lang='grc' dir='ltr'>Χωρὴδ,</span> <span class='ocrx_word' id='word_1_536' title='bbox 1609 1936 1640 1962; x_wconf 77' lang='grc' dir='ltr'><strong>τδ</strong></span> <span class='ocrx_word' id='word_1_537' title='bbox 1664 1935 1789 1970; x_wconf 86' lang='grc' dir='ltr'>δεύτερον</span> <span class='ocrx_word' id='word_1_538' title='bbox 1804 1935 1834 1960; x_wconf 76' lang='grc' dir='ltr'>δὲ</span> <span class='ocrx_word' id='word_1_539' title='bbox 1854 1936 1885 1960; x_wconf 75' lang='grc' dir='ltr'>ὲν</span> 
     </span>
    </p>
   </div>
   <div class='ocr_carea' id='block_1_82' title="bbox 1094 1978 1884 2018">
    <p class='ocr_par' dir='ltr' id='par_1_82' title="bbox 1094 1978 1884 2018">
     <span class='ocr_line' id='line_1_82' title="bbox 1094 1978 1884 2018; baseline -0.006 -8"><span class='ocrx_word' id='word_1_540' title='bbox 1094 1983 1186 2018; x_wconf 77' lang='grc' dir='ltr'>Κάδης</span> <span class='ocrx_word' id='word_1_541' title='bbox 1196 2003 1206 2018; x_wconf 82' lang='grc'><strong>,</strong></span> <span class='ocrx_word' id='word_1_542' title='bbox 1220 1983 1283 2009; x_wconf 72' lang='grc' dir='ltr'>ἔνθα</span> <span class='ocrx_word' id='word_1_543' title='bbox 1307 1982 1424 2018; x_wconf 77' lang='grc' dir='ltr'>Μαριὰμ</span> <span class='ocrx_word' id='word_1_544' title='bbox 1441 1982 1528 2016; x_wconf 75' lang='grc' dir='ltr'>ἐτάφη</span> <span class='ocrx_word' id='word_1_545' title='bbox 1543 1981 1737 2015; x_wconf 80' lang='grc' dir='ltr'>τελευτήσασα.</span> <span class='ocrx_word' id='word_1_546' title='bbox 1754 1980 1800 2010; x_wconf 80' lang='lat' dir='ltr'><strong>Et;</strong></span> <span class='ocrx_word' id='word_1_547' title='bbox 1815 1978 1884 2014; x_wconf 85' lang='grc' dir='ltr'>πλη-</span> 
     </span>
    </p>
   </div>
   <div class='ocr_carea' id='block_1_83' title="bbox 1093 2025 1884 2064">
    <p class='ocr_par' dir='ltr' id='par_1_83' title="bbox 1093 2025 1884 2064">
     <span class='ocr_line' id='line_1_83' title="bbox 1093 2025 1884 2064; baseline -0.006 -9"><span class='ocrx_word' id='word_1_548' title='bbox 1093 2029 1194 2063; x_wconf 85' lang='grc' dir='ltr'>σμυνὴν</span> <span class='ocrx_word' id='word_1_549' title='bbox 1215 2028 1244 2055; x_wconf 85' lang='grc' dir='ltr'>δὲ</span> <span class='ocrx_word' id='word_1_550' title='bbox 1266 2028 1408 2064; x_wconf 80' lang='grc' dir='ltr'>ἑκάτερον,</span> <span class='ocrx_word' id='word_1_551' title='bbox 1431 2027 1502 2054; x_wconf 85' lang='grc' dir='ltr'>ὥστε</span> <span class='ocrx_word' id='word_1_552' title='bbox 1525 2027 1556 2053; x_wconf 80' lang='grc' dir='ltr'>τὸ</span> <span class='ocrx_word' id='word_1_553' title='bbox 1575 2027 1605 2053; x_wconf 81' lang='grc' dir='ltr'>ὲν</span> <span class='ocrx_word' id='word_1_554' title='bbox 1628 2026 1739 2060; x_wconf 75' lang='grc' dir='ltr'><strong>ἀΰύσσῳ</strong></span> <span class='ocrx_word' id='word_1_555' title='bbox 1754 2025 1884 2059; x_wconf 83' lang='grc' dir='ltr'>λέγεσθαι</span> 
     </span>
    </p>
   </div>
   <div class='ocr_carea' id='block_1_84' title="bbox 1091 2071 1884 2110">
    <p class='ocr_par' dir='ltr' id='par_1_84' title="bbox 1091 2071 1884 2110">
     <span class='ocr_line' id='line_1_84' title="bbox 1091 2071 1884 2110; baseline -0.005 -10"><span class='ocrx_word' id='word_1_556' title='bbox 1091 2074 1188 2109; x_wconf 83' lang='grc' dir='ltr'>πολλῇ.</span> <span class='ocrx_word' id='word_1_557' title='bbox 1207 2074 1300 2110; x_wconf 74' lang='grc' dir='ltr'>ἐπειδὴ</span> <span class='ocrx_word' id='word_1_558' title='bbox 1325 2075 1376 2101; x_wconf 88' lang='grc' dir='ltr'>οὐκ</span> <span class='ocrx_word' id='word_1_559' title='bbox 1400 2075 1429 2100; x_wconf 83' lang='grc' dir='ltr'>ὲν</span> <span class='ocrx_word' id='word_1_560' title='bbox 1451 2072 1578 2108; x_wconf 85' lang='grc' dir='ltr'>ποταμῷ,</span> <span class='ocrx_word' id='word_1_561' title='bbox 1595 2072 1651 2099; x_wconf 76' lang='grc' dir='ltr'>ἀλλ’</span> <span class='ocrx_word' id='word_1_562' title='bbox 1673 2073 1700 2099; x_wconf 87' lang='grc' dir='ltr'>ὲν</span> <span class='ocrx_word' id='word_1_563' title='bbox 1716 2071 1824 2102; x_wconf 76' lang='grc' dir='ltr'>πολλοῖς</span> <span class='ocrx_word' id='word_1_564' title='bbox 1839 2071 1884 2097; x_wconf 65' lang='grc' dir='ltr'><strong>διὰ</strong></span> 
     </span>
    </p>
   </div>
   <div class='ocr_carea' id='block_1_85' title="bbox 1091 2114 1884 2156">
    <p class='ocr_par' dir='ltr' id='par_1_85' title="bbox 1091 2114 1884 2156">
     <span class='ocr_line' id='line_1_85' title="bbox 1091 2114 1884 2156; baseline -0.004 -9"><span class='ocrx_word' id='word_1_565' title='bbox 1091 2114 1121 2147; x_wconf 77' lang='grc' dir='ltr'><strong>τδ</strong></span> <span class='ocrx_word' id='word_1_566' title='bbox 1135 2120 1237 2155; x_wconf 85' lang='grc' dir='ltr'>πλῆθος</span> <span class='ocrx_word' id='word_1_567' title='bbox 1248 2118 1282 2156; x_wconf 82' lang='grc' dir='ltr'>ἦν</span> <span class='ocrx_word' id='word_1_568' title='bbox 1299 2120 1390 2147; x_wconf 82' lang='grc' dir='ltr'>ῑκανδν</span> <span class='ocrx_word' id='word_1_569' title='bbox 1404 2119 1435 2146; x_wconf 83' lang='grc' dir='ltr'>τὸ</span> <span class='ocrx_word' id='word_1_570' title='bbox 1450 2119 1522 2154; x_wconf 80' lang='grc' dir='ltr'>ὕδωρ</span> <span class='ocrx_word' id='word_1_571' title='bbox 1549 2118 1785 2154; x_wconf 79' lang='grc' dir='ltr'>παραϐάλλεσθαι.</span> <span class='ocrx_word' id='word_1_572' title='bbox 1797 2118 1884 2144; x_wconf 81' lang='grc' dir='ltr'>Τοῦτο</span> 
     </span>
    </p>
   </div>
   <div class='ocr_carea' id='block_1_86' title="bbox 1091 2163 1883 2200">
    <p class='ocr_par' dir='ltr' id='par_1_86' title="bbox 1091 2163 1883 2200">
     <span class='ocr_line' id='line_1_86' title="bbox 1091 2163 1883 2200; baseline -0.004 -9"><span class='ocrx_word' id='word_1_573' title='bbox 1091 2165 1145 2200; x_wconf 79' lang='grc' dir='ltr'>γὰρ</span> <span class='ocrx_word' id='word_1_574' title='bbox 1157 2163 1191 2200; x_wconf 81' lang='grc' dir='ltr'><strong>ἢν</strong></span> <span class='ocrx_word' id='word_1_575' title='bbox 1206 2164 1343 2197; x_wconf 85' lang='grc' dir='ltr'>σύστασις,</span> <span class='ocrx_word' id='word_1_576' title='bbox 1359 2164 1400 2191; x_wconf 84' lang='grc' dir='ltr'>ὃτι</span> <span class='ocrx_word' id='word_1_577' title='bbox 1413 2165 1481 2198; x_wconf 69' lang='grc' dir='ltr'>προς</span> <span class='ocrx_word' id='word_1_578' title='bbox 1491 2163 1633 2198; x_wconf 78' lang='grc' dir='ltr'>ἀλήθειαν,</span> <span class='ocrx_word' id='word_1_579' title='bbox 1647 2163 1708 2197; x_wconf 74' lang='grc' dir='ltr'>οὐχὶ</span> <span class='ocrx_word' id='word_1_580' title='bbox 1726 2163 1770 2189; x_wconf 82' lang='grc' dir='ltr'><strong>διὰ</strong></span> <span class='ocrx_word' id='word_1_581' title='bbox 1781 2170 1883 2196; x_wconf 83' lang='grc' dir='ltr'>φαντα-</span> 
     </span>
    </p>
   </div>
   <div class='ocr_carea' id='block_1_87' title="bbox 1092 2208 1882 2244">
    <p class='ocr_par' dir='ltr' id='par_1_87' title="bbox 1092 2208 1882 2244">
     <span class='ocr_line' id='line_1_87' title="bbox 1092 2208 1882 2244; baseline -0.005 -7"><span class='ocrx_word' id='word_1_582' title='bbox 1092 2211 1152 2237; x_wconf 86' lang='grc' dir='ltr'>σίαν</span> <span class='ocrx_word' id='word_1_583' title='bbox 1169 2211 1262 2242; x_wconf 83' lang='grc' dir='ltr'>αὐτοῖς</span> <span class='ocrx_word' id='word_1_584' title='bbox 1276 2211 1397 2244; x_wconf 76' lang='grc' dir='ltr'>ἐγεγόνει</span> <span class='ocrx_word' id='word_1_585' title='bbox 1415 2211 1448 2236; x_wconf 85' lang='grc' dir='ltr'><strong>τὰ</strong></span> <span class='ocrx_word' id='word_1_586' title='bbox 1468 2209 1605 2244; x_wconf 83' lang='grc' dir='ltr'>θαύματα.</span> <span class='ocrx_word' id='word_1_587' title='bbox 1619 2208 1715 2244; x_wconf 86' lang='grc' dir='ltr'>Δεινὴν</span> <span class='ocrx_word' id='word_1_588' title='bbox 1728 2209 1756 2234; x_wconf 84' lang='grc' dir='ltr'>δὲ</span> <span class='ocrx_word' id='word_1_589' title='bbox 1764 2215 1882 2241; x_wconf 78' lang='grc' dir='ltr'>κατηγο-</span> 
     </span>
    </p>
   </div>
   <div class='ocr_carea' id='block_1_88' title="bbox 256 2248 1042 2292">
    <p class='ocr_par' dir='ltr' id='par_1_88' title="bbox 256 2248 1040 2286">
     <span class='ocr_line' id='line_1_88' title="bbox 256 2248 1040 2286; baseline 0.005 -11"><span class='ocrx_word' id='word_1_590' title='bbox 256 2248 388 2275; x_wconf 86' lang='lat' dir='ltr'><strong>Acerbam</strong></span> <span class='ocrx_word' id='word_1_591' title='bbox 405 2253 494 2276; x_wconf 84' lang='lat' dir='ltr'><strong>autem</strong></span> <span class='ocrx_word' id='word_1_592' title='bbox 527 2250 740 2285; x_wconf 84' lang='lat' dir='ltr'><strong>increpationem</strong></span> <span class='ocrx_word' id='word_1_593' title='bbox 766 2251 858 2286; x_wconf 89' lang='lat' dir='ltr'><strong>populi</strong></span> <span class='ocrx_word' id='word_1_594' title='bbox 886 2251 1040 2279; x_wconf 73' lang='lat' dir='ltr'><strong>Judzeorum</strong></span> 
     </span>
    </p>
   </div>
   <div class='ocr_carea' id='block_1_89' title="bbox 1095 2248 1883 2292">
    <p class='ocr_par' dir='ltr' id='par_1_89' title="bbox 1095 2252 1883 2292">
     <span class='ocr_line' id='line_1_89' title="bbox 1095 2252 1883 2292; baseline -0.006 -9"><span class='ocrx_word' id='word_1_595' title='bbox 1095 2257 1155 2292; x_wconf 79' lang='grc' dir='ltr'>ρίαν</span> <span class='ocrx_word' id='word_1_596' title='bbox 1168 2256 1215 2282; x_wconf 84' lang='grc' dir='ltr'>τοῦ</span> <span class='ocrx_word' id='word_1_597' title='bbox 1230 2255 1294 2283; x_wconf 84' lang='grc' dir='ltr'>λαοῦ</span> <span class='ocrx_word' id='word_1_598' title='bbox 1306 2256 1360 2283; x_wconf 84' lang='grc' dir='ltr'><strong>τῶν</strong></span> <span class='ocrx_word' id='word_1_599' title='bbox 1382 2255 1516 2282; x_wconf 86' lang='grc' dir='ltr'>Ἰουδαίων</span> <span class='ocrx_word' id='word_1_600' title='bbox 1527 2255 1634 2287; x_wconf 72' lang='grc' dir='ltr'>ἐξέθετο</span> <span class='ocrx_word' id='word_1_601' title='bbox 1643 2263 1650 2271; x_wconf 76' lang='grc' dir='ltr'><strong>ο</strong></span> <span class='ocrx_word' id='word_1_602' title='bbox 1663 2255 1717 2285; x_wconf 80' lang='grc' dir='ltr'>ὅτι,</span> <span class='ocrx_word' id='word_1_603' title='bbox 1730 2252 1883 2287; x_wconf 84' lang='grc' dir='ltr'>τηλικαῦτα</span> 
     </span>
    </p>
   </div>
   <div class='ocr_carea' id='block_1_90' title="bbox 256 2295 1037 2332">
    <p class='ocr_par' dir='ltr' id='par_1_90' title="bbox 256 2295 1037 2332">
     <span class='ocr_line' id='line_1_90' title="bbox 256 2295 1037 2332; baseline 0.005 -11"><span class='ocrx_word' id='word_1_604' title='bbox 256 2295 394 2330; x_wconf 73' lang='lat' dir='ltr'><strong>exposuit;</strong></span> <span class='ocrx_word' id='word_1_605' title='bbox 406 2302 438 2322; x_wconf 87' lang='lat' dir='ltr'><strong>eo</strong></span> <span class='ocrx_word' id='word_1_606' title='bbox 450 2295 532 2330; x_wconf 87' lang='lat' dir='ltr'><strong>quod,</strong></span> <span class='ocrx_word' id='word_1_607' title='bbox 548 2304 610 2323; x_wconf 92' lang='lat' dir='ltr'><strong>cum</strong></span> <span class='ocrx_word' id='word_1_608' title='bbox 625 2301 698 2324; x_wconf 85' lang='lat' dir='ltr'><strong>tanta</strong></span> <span class='ocrx_word' id='word_1_609' title='bbox 712 2297 842 2324; x_wconf 81' lang='lat' dir='ltr'><strong>miracula</strong></span> <span class='ocrx_word' id='word_1_610' title='bbox 858 2298 1037 2332; x_wconf 83' lang='lat' dir='ltr'><strong>accepissent,</strong></span> 
     </span>
    </p>
   </div>
   <div class='ocr_carea' id='block_1_91' title="bbox 255 2341 1040 2376">
    <p class='ocr_par' dir='ltr' id='par_1_91' title="bbox 255 2341 1040 2376">
     <span class='ocr_line' id='line_1_91' title="bbox 255 2341 1040 2376; baseline 0.004 -9"><span class='ocrx_word' id='word_1_611' title='bbox 255 2345 282 2368; x_wconf 81' lang='lat' dir='ltr'><strong>ct</strong></span> <span class='ocrx_word' id='word_1_612' title='bbox 298 2348 313 2367; x_wconf 91' lang='lat' dir='ltr'><strong>a</strong></span> <span class='ocrx_word' id='word_1_613' title='bbox 334 2341 457 2376; x_wconf 88' lang='lat' dir='ltr'><strong>pristinis</strong></span> <span class='ocrx_word' id='word_1_614' title='bbox 478 2341 598 2376; x_wconf 88' lang='lat' dir='ltr'><strong>peccatis</strong></span> <span class='ocrx_word' id='word_1_615' title='bbox 625 2341 762 2369; x_wconf 86' lang='lat' dir='ltr'><strong>abstinere</strong></span> <span class='ocrx_word' id='word_1_616' title='bbox 791 2341 959 2376; x_wconf 85' lang='lat' dir='ltr'><strong>debuissent,</strong></span> <span class='ocrx_word' id='word_1_617' title='bbox 988 2343 1040 2370; x_wconf 91' lang='lat' dir='ltr'><strong>alia</strong></span> 
     </span>
    </p>
   </div>
   <div class='ocr_carea' id='block_1_92' title="bbox 254 2383 1039 2421">
    <p class='ocr_par' dir='ltr' id='par_1_92' title="bbox 254 2383 1039 2421">
     <span class='ocr_line' id='line_1_92' title="bbox 254 2383 1039 2421; baseline 0.005 -11"><span class='ocrx_word' id='word_1_618' title='bbox 254 2383 372 2419; x_wconf 87' lang='lat' dir='ltr'><strong>desuper</strong></span> <span class='ocrx_word' id='word_1_619' title='bbox 391 2384 451 2412; x_wconf 88' lang='lat' dir='ltr'><strong>istis</strong></span> <span class='ocrx_word' id='word_1_620' title='bbox 469 2385 630 2420; x_wconf 85' lang='lat' dir='ltr'><strong>adjecerint,</strong></span> <span class='ocrx_word' id='word_1_621' title='bbox 644 2393 697 2412; x_wconf 87' lang='lat' dir='ltr'><strong>non</strong></span> <span class='ocrx_word' id='word_1_622' title='bbox 712 2385 875 2420; x_wconf 80' lang='lat' dir='ltr'><strong>simpliciter</strong></span> <span class='ocrx_word' id='word_1_623' title='bbox 886 2392 1039 2421; x_wconf 88' lang='lat' dir='ltr'><strong>peccantes,</strong></span> 
     </span>
    </p>
   </div>
   <div class='ocr_carea' id='block_1_93' title="bbox 255 2429 1041 2468">
    <p class='ocr_par' dir='ltr' id='par_1_93' title="bbox 255 2429 1041 2468">
     <span class='ocr_line' id='line_1_93' title="bbox 255 2429 1041 2468; baseline 0.008 -13"><span class='ocrx_word' id='word_1_624' title='bbox 255 2429 302 2456; x_wconf 85' lang='lat' dir='ltr'><strong>sed</strong></span> <span class='ocrx_word' id='word_1_625' title='bbox 317 2430 377 2464; x_wconf 79' lang='lat' dir='ltr'><strong>ipsi,</strong></span> <span class='ocrx_word' id='word_1_626' title='bbox 395 2431 482 2464; x_wconf 83' lang='lat' dir='ltr'><strong>idest,</strong></span> <span class='ocrx_word' id='word_1_627' title='bbox 495 2436 590 2459; x_wconf 85' lang='lat' dir='ltr'><strong>contra</strong></span> <span class='ocrx_word' id='word_1_628' title='bbox 608 2431 696 2467; x_wconf 87' lang='lat' dir='ltr'><strong>ipsum</strong></span> <span class='ocrx_word' id='word_1_629' title='bbox 710 2432 909 2467; x_wconf 87' lang='lat' dir='ltr'><strong>delinquentes,</strong></span> <span class='ocrx_word' id='word_1_630' title='bbox 925 2433 971 2468; x_wconf 87' lang='lat' dir='ltr'><strong>qui</strong></span> <span class='ocrx_word' id='word_1_631' title='bbox 984 2434 1041 2461; x_wconf 64' lang='lat' dir='ltr'><strong>haec</strong></span> 
     </span>
    </p>
   </div>
   <div class='ocr_carea' id='block_1_94' title="bbox 253 2474 505 2509">
    <p class='ocr_par' dir='ltr' id='par_1_94' title="bbox 253 2474 505 2509">
     <span class='ocr_line' id='line_1_94' title="bbox 253 2474 505 2509; baseline 0.012 -8"><span class='ocrx_word' id='word_1_632' title='bbox 253 2474 329 2509; x_wconf 82' lang='lat' dir='ltr'><strong>signa</strong></span> <span class='ocrx_word' id='word_1_633' title='bbox 345 2476 505 2509; x_wconf 72' lang='lat' dir='ltr'><strong>przebuerat.</strong></span> 
     </span>
    </p>
   </div>
   <div class='ocr_carea' id='block_1_95' title="bbox 290 2518 892 2551">
    <p class='ocr_par' dir='ltr' id='par_1_95' title="bbox 290 2518 892 2551">
     <span class='ocr_line' id='line_1_95' title="bbox 290 2518 892 2551; baseline 0.008 -6"><span class='ocrx_word' id='word_1_634' title='bbox 290 2518 371 2547; x_wconf 80' lang='lat' dir='ltr'><strong>Vens.</strong></span> <span class='ocrx_word' id='word_1_635' title='bbox 386 2521 431 2548; x_wconf 74' lang='lat' dir='ltr'><strong>2i.</strong></span> <span class='ocrx_word' id='word_1_636' title='bbox 451 2531 460 2548; x_wconf 79' lang='grc' dir='ltr'><strong>ι</strong></span> <span class='ocrx_word' id='word_1_637' title='bbox 483 2522 515 2550; x_wconf 84' lang='lat' dir='ltr'><strong>Et</strong></span> <span class='ocrx_word' id='word_1_638' title='bbox 530 2523 569 2551; x_wconf 91' lang='lat' dir='ltr'><strong>ira</strong></span> <span class='ocrx_word' id='word_1_639' title='bbox 587 2523 711 2551; x_wconf 88' lang='lat' dir='ltr'><strong>ascendit</strong></span> <span class='ocrx_word' id='word_1_640' title='bbox 726 2523 754 2550; x_wconf 90' lang='lat' dir='ltr'><strong>in</strong></span> <span class='ocrx_word' id='word_1_641' title='bbox 768 2523 861 2551; x_wconf 82' lang='lat' dir='ltr'><strong>Israel.</strong></span> <span class='ocrx_word' id='word_1_642' title='bbox 883 2534 892 2550; x_wconf 82' lang='grc' dir='ltr'><strong>ι</strong></span> 
     </span>
    </p>
   </div>
   <div class='ocr_carea' id='block_1_96' title="bbox 291 2563 1041 2604">
    <p class='ocr_par' dir='ltr' id='par_1_96' title="bbox 291 2563 1041 2604">
     <span class='ocr_line' id='line_1_96' title="bbox 291 2563 1041 2604; baseline 0.011 -14"><span class='ocrx_word' id='word_1_643' title='bbox 291 2563 461 2593; x_wconf 81' lang='lat' dir='ltr'><strong>Irascebatur</strong></span> <span class='ocrx_word' id='word_1_644' title='bbox 488 2568 561 2595; x_wconf 89' lang='lat' dir='ltr'><strong>enim</strong></span> <span class='ocrx_word' id='word_1_645' title='bbox 587 2569 652 2604; x_wconf 90' lang='lat' dir='ltr'><strong>ipsis</strong></span> <span class='ocrx_word' id='word_1_646' title='bbox 675 2569 817 2601; x_wconf 82' lang='lat' dir='ltr'><strong>Dominus,</strong></span> <span class='ocrx_word' id='word_1_647' title='bbox 845 2570 907 2604; x_wconf 87' lang='lat' dir='ltr'><strong>quia</strong></span> <span class='ocrx_word' id='word_1_648' title='bbox 933 2570 1041 2598; x_wconf 82' lang='lat' dir='ltr'><strong>videbat</strong></span> 
     </span>
    </p>
   </div>
   <div class='ocr_carea' id='block_1_97' title="bbox 254 2609 1038 2650">
    <p class='ocr_par' dir='ltr' id='par_1_97' title="bbox 254 2609 1038 2650">
     <span class='ocr_line' id='line_1_97' title="bbox 254 2609 1038 2650; baseline 0.01 -15"><span class='ocrx_word' id='word_1_649' title='bbox 254 2609 315 2637; x_wconf 91' lang='lat' dir='ltr'><strong>illos</strong></span> <span class='ocrx_word' id='word_1_650' title='bbox 327 2618 496 2646; x_wconf 88' lang='lat' dir='ltr'><strong>nequaquam</strong></span> <span class='ocrx_word' id='word_1_651' title='bbox 512 2614 620 2641; x_wconf 89' lang='lat' dir='ltr'><strong>ﬁdelem</strong></span> <span class='ocrx_word' id='word_1_652' title='bbox 645 2623 709 2650; x_wconf 86' lang='lat' dir='ltr'><strong>erga</strong></span> <span class='ocrx_word' id='word_1_653' title='bbox 730 2623 760 2642; x_wconf 88' lang='lat' dir='ltr'><strong>se</strong></span> <span class='ocrx_word' id='word_1_654' title='bbox 777 2615 898 2642; x_wconf 87' lang='lat' dir='ltr'><strong>animum</strong></span> <span class='ocrx_word' id='word_1_655' title='bbox 929 2616 1038 2649; x_wconf 87' lang='lat' dir='ltr'><strong>habere,</strong></span> 
     </span>
    </p>
   </div>
   <div class='ocr_carea' id='block_1_98' title="bbox 254 2654 1038 2696">
    <p class='ocr_par' dir='ltr' id='par_1_98' title="bbox 254 2654 1038 2696">
     <span class='ocr_line' id='line_1_98' title="bbox 254 2654 1038 2696; baseline 0.011 -16"><span class='ocrx_word' id='word_1_656' title='bbox 254 2654 302 2681; x_wconf 82' lang='lat' dir='ltr'><strong>sed</strong></span> <span class='ocrx_word' id='word_1_657' title='bbox 313 2663 420 2690; x_wconf 82' lang='lat' dir='ltr'><strong>semper</strong></span> <span class='ocrx_word' id='word_1_658' title='bbox 436 2658 544 2692; x_wconf 90' lang='lat' dir='ltr'><strong>quidem</strong></span> <span class='ocrx_word' id='word_1_659' title='bbox 557 2659 627 2686; x_wconf 87' lang='lat' dir='ltr'><strong>datis</strong></span> <span class='ocrx_word' id='word_1_660' title='bbox 644 2661 804 2688; x_wconf 86' lang='lat' dir='ltr'><strong>muneribus</strong></span> <span class='ocrx_word' id='word_1_661' title='bbox 827 2661 956 2696; x_wconf 82' lang='lat' dir='ltr'><strong>ingratos,</strong></span> <span class='ocrx_word' id='word_1_662' title='bbox 984 2669 1038 2688; x_wconf 93' lang='lat' dir='ltr'><strong>non</strong></span> 
     </span>
    </p>
   </div>
   <div class='ocr_carea' id='block_1_99' title="bbox 254 2700 1040 2738">
    <p class='ocr_par' dir='ltr' id='par_1_99' title="bbox 254 2700 1040 2738">
     <span class='ocr_line' id='line_1_99' title="bbox 254 2700 1040 2738; baseline 0.009 -11"><span class='ocrx_word' id='word_1_663' title='bbox 254 2700 324 2728; x_wconf 88' lang='lat' dir='ltr'><strong>datis</strong></span> <span class='ocrx_word' id='word_1_664' title='bbox 337 2710 402 2729; x_wconf 87' lang='lat' dir='ltr'><strong>vero</strong></span> <span class='ocrx_word' id='word_1_665' title='bbox 418 2703 574 2731; x_wconf 86' lang='lat' dir='ltr'><strong>incredulos</strong></span> <span class='ocrx_word' id='word_1_666' title='bbox 597 2705 738 2733; x_wconf 84' lang='lat' dir='ltr'><strong>exsistere.</strong></span> <span class='ocrx_word' id='word_1_667' title='bbox 764 2706 867 2734; x_wconf 89' lang='lat' dir='ltr'><strong>Idcirco</strong></span> <span class='ocrx_word' id='word_1_668' title='bbox 887 2706 962 2738; x_wconf 89' lang='lat' dir='ltr'><strong>dicit,</strong></span> <span class='ocrx_word' id='word_1_669' title='bbox 985 2707 1040 2734; x_wconf 85' lang='lat' dir='ltr'><strong>Nec</strong></span> 
     </span>
    </p>
   </div>
   <div class='ocr_carea' id='block_1_100' title="bbox 253 2749 1038 2787">
    <p class='ocr_par' dir='ltr' id='par_1_100' title="bbox 253 2749 1038 2787">
     <span class='ocr_line' id='line_1_100' title="bbox 253 2749 1038 2787; baseline 0.009 -14"><span class='ocrx_word' id='word_1_670' title='bbox 253 2753 420 2780; x_wconf 76' lang='lat' dir='ltr'><strong>speraverant</strong></span> <span class='ocrx_word' id='word_1_671' title='bbox 433 2749 460 2774; x_wconf 83' lang='lat' dir='ltr'><strong>in</strong></span> <span class='ocrx_word' id='word_1_672' title='bbox 468 2749 581 2776; x_wconf 68' lang='lat' dir='ltr'><strong>salutari</strong></span> <span class='ocrx_word' id='word_1_673' title='bbox 590 2750 658 2784; x_wconf 71' lang='lat' dir='ltr'><strong>ejua,</strong></span> <span class='ocrx_word' id='word_1_674' title='bbox 674 2752 813 2779; x_wconf 81' lang='lat' dir='ltr'><strong>Christum</strong></span> <span class='ocrx_word' id='word_1_675' title='bbox 833 2752 941 2780; x_wconf 89' lang='lat' dir='ltr'><strong>dicens:</strong></span> <span class='ocrx_word' id='word_1_676' title='bbox 957 2761 1038 2787; x_wconf 90' lang='lat' dir='ltr'><strong>quem</strong></span> 
     </span>
    </p>
   </div>
   <div class='ocr_carea' id='block_1_101' title="bbox 254 2793 1039 2833">
    <p class='ocr_par' dir='ltr' id='par_1_101' title="bbox 254 2793 1039 2833">
     <span class='ocr_line' id='line_1_101' title="bbox 254 2793 1039 2833; baseline 0.009 -13"><span class='ocrx_word' id='word_1_677' title='bbox 254 2793 373 2821; x_wconf 80' lang='lat' dir='ltr'><strong>salutare</strong></span> <span class='ocrx_word' id='word_1_678' title='bbox 393 2803 471 2822; x_wconf 90' lang='lat' dir='ltr'><strong>suum</strong></span> <span class='ocrx_word' id='word_1_679' title='bbox 498 2796 606 2831; x_wconf 85' lang='lat' dir='ltr'><strong>plurimi</strong></span> <span class='ocrx_word' id='word_1_680' title='bbox 631 2798 770 2833; x_wconf 74' lang='lat' dir='ltr'><strong>propheta:</strong></span> <span class='ocrx_word' id='word_1_681' title='bbox 790 2797 981 2831; x_wconf 87' lang='lat' dir='ltr'><strong>nominarunt;</strong></span> <span class='ocrx_word' id='word_1_682' title='bbox 1011 2805 1039 2826; x_wconf 87' lang='lat' dir='ltr'><strong>et</strong></span> 
     </span>
    </p>
   </div>
   <div class='ocr_carea' id='block_1_102' title="bbox 290 2884 523 2918">
    <p class='ocr_par' dir='ltr' id='par_1_102' title="bbox 290 2884 523 2918">
     <span class='ocr_line' id='line_1_102' title="bbox 290 2884 523 2918; baseline 0.009 -7"><span class='ocrx_word' id='word_1_683' title='bbox 290 2885 311 2899; x_wconf 68' lang='grc'>⁸⁸</span> <span class='ocrx_word' id='word_1_684' title='bbox 327 2884 413 2912; x_wconf 74' lang='lat' dir='ltr'><strong>Galat.</strong></span> <span class='ocrx_word' id='word_1_685' title='bbox 431 2894 468 2918; x_wconf 77' lang='lat' dir='ltr'><strong>tv,</strong></span> <span class='ocrx_word' id='word_1_686' title='bbox 483 2887 523 2914; x_wconf 80' lang='lat' dir='ltr'><strong>l&#39;J.</strong></span> 
     </span>
    </p>
   </div>
   <div class='ocr_carea' id='block_1_103' title="bbox 1093 2298 1882 2337">
    <p class='ocr_par' dir='ltr' id='par_1_103' title="bbox 1093 2298 1882 2337">
     <span class='ocr_line' id='line_1_103' title="bbox 1093 2298 1882 2337; baseline -0.008 -8"><span class='ocrx_word' id='word_1_687' title='bbox 1093 2302 1231 2337; x_wconf 84' lang='grc' dir='ltr'>δεχόμενοι</span> <span class='ocrx_word' id='word_1_688' title='bbox 1245 2302 1385 2337; x_wconf 87' lang='grc' dir='ltr'>θαύματα,</span> <span class='ocrx_word' id='word_1_689' title='bbox 1399 2301 1459 2328; x_wconf 87' lang='grc' dir='ltr'>δέον</span> <span class='ocrx_word' id='word_1_690' title='bbox 1470 2301 1524 2328; x_wconf 86' lang='grc' dir='ltr'><strong>τῶν</strong></span> <span class='ocrx_word' id='word_1_691' title='bbox 1535 2301 1658 2336; x_wconf 80' lang='grc' dir='ltr'>ἀρχαίων</span> <span class='ocrx_word' id='word_1_692' title='bbox 1668 2298 1882 2334; x_wconf 76' lang='grc' dir='ltr'>ἁμαρτημάτων</span> 
     </span>
    </p>
   </div>
   <div class='ocr_carea' id='block_1_104' title="bbox 1093 2344 1880 2383">
    <p class='ocr_par' dir='ltr' id='par_1_104' title="bbox 1093 2344 1880 2383">
     <span class='ocr_line' id='line_1_104' title="bbox 1093 2344 1880 2383; baseline -0.006 -9"><span class='ocrx_word' id='word_1_693' title='bbox 1093 2348 1253 2383; x_wconf 83' lang='grc' dir='ltr'>ἀπέχεσθαι,</span> <span class='ocrx_word' id='word_1_694' title='bbox 1271 2348 1352 2383; x_wconf 70' lang='grc' dir='ltr'>ἔτερα</span> <span class='ocrx_word' id='word_1_695' title='bbox 1367 2348 1472 2382; x_wconf 78' lang='grc' dir='ltr'>ὁμοίως</span> <span class='ocrx_word' id='word_1_696' title='bbox 1496 2348 1539 2373; x_wconf 69' lang='grc' dir='ltr'><strong>ἐπ’</strong></span> <span class='ocrx_word' id='word_1_697' title='bbox 1558 2347 1674 2377; x_wconf 57' lang='grc' dir='ltr'>ἐκείνοις</span> <span class='ocrx_word' id='word_1_698' title='bbox 1694 2344 1880 2379; x_wconf 79' lang='grc' dir='ltr'>προσέθηκαν,</span> 
     </span>
    </p>
   </div>
   <div class='ocr_carea' id='block_1_105' title="bbox 1093 2390 1881 2430">
    <p class='ocr_par' dir='ltr' id='par_1_105' title="bbox 1093 2390 1881 2430">
     <span class='ocr_line' id='line_1_105' title="bbox 1093 2390 1881 2430; baseline -0.008 -9"><span class='ocrx_word' id='word_1_699' title='bbox 1093 2394 1142 2429; x_wconf 86' lang='grc' dir='ltr'>οὐχ</span> <span class='ocrx_word' id='word_1_700' title='bbox 1165 2394 1259 2426; x_wconf 82' lang='grc' dir='ltr'>ἁπλῶς</span> <span class='ocrx_word' id='word_1_701' title='bbox 1287 2394 1502 2430; x_wconf 82' lang='grc' dir='ltr'>ἁμαρτάνοντες,</span> <span class='ocrx_word' id='word_1_702' title='bbox 1535 2393 1593 2420; x_wconf 80' lang='grc' dir='ltr'>ἀλλ’</span> <span class='ocrx_word' id='word_1_703' title='bbox 1616 2390 1706 2424; x_wconf 83' lang='grc' dir='ltr'>αὐτῷ,</span> <span class='ocrx_word' id='word_1_704' title='bbox 1730 2390 1881 2421; x_wconf 74' lang='grc' dir='ltr'>τουτέστιν,</span> 
     </span>
    </p>
   </div>
   <div class='ocr_carea' id='block_1_106' title="bbox 1093 2437 1882 2475">
    <p class='ocr_par' dir='ltr' id='par_1_106' title="bbox 1093 2437 1882 2475">
     <span class='ocr_line' id='line_1_106' title="bbox 1093 2437 1882 2475; baseline -0.006 -10"><span class='ocrx_word' id='word_1_705' title='bbox 1093 2439 1133 2470; x_wconf 84' lang='grc' dir='ltr'>εις</span> <span class='ocrx_word' id='word_1_706' title='bbox 1157 2439 1237 2465; x_wconf 77' lang='grc' dir='ltr'>αὐτὸν</span> <span class='ocrx_word' id='word_1_707' title='bbox 1266 2439 1507 2475; x_wconf 83' lang='grc' dir='ltr'>πλημμελοῦντες,</span> <span class='ocrx_word' id='word_1_708' title='bbox 1538 2437 1587 2465; x_wconf 77' lang='grc' dir='ltr'>τὸν</span> <span class='ocrx_word' id='word_1_709' title='bbox 1618 2437 1653 2464; x_wconf 76' lang='grc' dir='ltr'>τὰ</span> <span class='ocrx_word' id='word_1_710' title='bbox 1679 2437 1780 2471; x_wconf 80' lang='grc' dir='ltr'>σημεῖα</span> <span class='ocrx_word' id='word_1_711' title='bbox 1808 2442 1882 2469; x_wconf 86' lang='grc' dir='ltr'>παρ-</span> 
     </span>
    </p>
   </div>
   <div class='ocr_carea' id='block_1_107' title="bbox 1092 2485 1201 2520">
    <p class='ocr_par' dir='ltr' id='par_1_107' title="bbox 1092 2485 1201 2520">
     <span class='ocr_line' id='line_1_107' title="bbox 1092 2485 1201 2520; baseline -0.009 -9"><span class='ocrx_word' id='word_1_712' title='bbox 1092 2485 1201 2520; x_wconf 84' lang='grc' dir='ltr'>έχοντα.</span> 
     </span>
    </p>
   </div>
   <div class='ocr_carea' id='block_1_108' title="bbox 1130 2527 1678 2565">
    <p class='ocr_par' dir='ltr' id='par_1_108' title="bbox 1130 2527 1678 2565">
     <span class='ocr_line' id='line_1_108' title="bbox 1130 2527 1678 2565; baseline -0.005 -9"><span class='ocrx_word' id='word_1_713' title='bbox 1130 2539 1139 2555; x_wconf 78' lang='grc' dir='ltr'><strong>ι</strong></span> <span class='ocrx_word' id='word_1_714' title='bbox 1154 2530 1209 2556; x_wconf 69' lang='grc' dir='ltr'><strong>Καὶ</strong></span> <span class='ocrx_word' id='word_1_715' title='bbox 1221 2529 1291 2565; x_wconf 79' lang='grc' dir='ltr'>ὀργὴ</span> <span class='ocrx_word' id='word_1_716' title='bbox 1304 2529 1388 2564; x_wconf 74' lang='grc' dir='ltr'>ἀνέϐη</span> <span class='ocrx_word' id='word_1_717' title='bbox 1404 2529 1450 2555; x_wconf 72' lang='grc' dir='ltr'><strong>ἐπὶ</strong></span> <span class='ocrx_word' id='word_1_718' title='bbox 1467 2529 1513 2554; x_wconf 77' lang='grc' dir='ltr'>τὸν</span> <span class='ocrx_word' id='word_1_719' title='bbox 1532 2527 1650 2563; x_wconf 70' lang='grc' dir='ltr'>Ἰσραήλ.</span> <span class='ocrx_word' id='word_1_720' title='bbox 1669 2537 1678 2553; x_wconf 73' lang='grc' dir='ltr'><strong>ι</strong></span> 
     </span>
    </p>
   </div>
   <div class='ocr_carea' id='block_1_109' title="bbox 1134 2571 1881 2610">
    <p class='ocr_par' dir='ltr' id='par_1_109' title="bbox 1134 2571 1881 2610">
     <span class='ocr_line' id='line_1_109' title="bbox 1134 2571 1881 2610; baseline -0.005 -9"><span class='ocrx_word' id='word_1_721' title='bbox 1134 2575 1261 2610; x_wconf 75' lang='grc' dir='ltr'>Ὠργισθη</span> <span class='ocrx_word' id='word_1_722' title='bbox 1274 2575 1329 2610; x_wconf 87' lang='grc' dir='ltr'>γὰρ</span> <span class='ocrx_word' id='word_1_723' title='bbox 1339 2576 1398 2602; x_wconf 79' lang='grc' dir='ltr'>κατ’</span> <span class='ocrx_word' id='word_1_724' title='bbox 1411 2574 1500 2601; x_wconf 77' lang='grc' dir='ltr'>αὐτῶν</span> <span class='ocrx_word' id='word_1_725' title='bbox 1511 2576 1525 2601; x_wconf 89' lang='grc' dir='ltr'>ὁ</span> <span class='ocrx_word' id='word_1_726' title='bbox 1535 2574 1683 2609; x_wconf 73' lang='grc' dir='ltr'>Δεσπότης,</span> <span class='ocrx_word' id='word_1_727' title='bbox 1699 2572 1792 2607; x_wconf 73' lang='grc' dir='ltr'>ἐπειδὴ</span> <span class='ocrx_word' id='word_1_728' title='bbox 1806 2571 1881 2607; x_wconf 74' lang='grc' dir='ltr'>ἐώρα</span> 
     </span>
    </p>
   </div>
   <div class='ocr_carea' id='block_1_110' title="bbox 1090 2617 1883 2654">
    <p class='ocr_par' dir='ltr' id='par_1_110' title="bbox 1090 2617 1883 2654">
     <span class='ocr_line' id='line_1_110' title="bbox 1090 2617 1883 2654; baseline -0.005 -8"><span class='ocrx_word' id='word_1_729' title='bbox 1090 2620 1188 2651; x_wconf 76' lang='grc' dir='ltr'>αὐτοὺς</span> <span class='ocrx_word' id='word_1_730' title='bbox 1208 2619 1337 2646; x_wconf 75' lang='grc' dir='ltr'>οὐδέποτε</span> <span class='ocrx_word' id='word_1_731' title='bbox 1364 2619 1464 2654; x_wconf 79' lang='grc' dir='ltr'>πιστὴν</span> <span class='ocrx_word' id='word_1_732' title='bbox 1486 2619 1596 2653; x_wconf 73' lang='grc' dir='ltr'>ἔχοντας</span> <span class='ocrx_word' id='word_1_733' title='bbox 1627 2618 1691 2653; x_wconf 74' lang='grc' dir='ltr'>περὶ</span> <span class='ocrx_word' id='word_1_734' title='bbox 1721 2617 1801 2644; x_wconf 69' lang='grc' dir='ltr'>αὑτὸν</span> <span class='ocrx_word' id='word_1_735' title='bbox 1830 2618 1883 2652; x_wconf 70' lang='grc' dir='ltr'>τὴν</span> 
     </span>
    </p>
   </div>
   <div class='ocr_carea' id='block_1_111' title="bbox 1093 2662 1879 2701">
    <p class='ocr_par' dir='ltr' id='par_1_111' title="bbox 1093 2662 1879 2701">
     <span class='ocr_line' id='line_1_111' title="bbox 1093 2662 1879 2701; baseline -0.005 -10"><span class='ocrx_word' id='word_1_736' title='bbox 1093 2665 1218 2701; x_wconf 83' lang='grc' dir='ltr'>γνώμην,</span> <span class='ocrx_word' id='word_1_737' title='bbox 1239 2665 1296 2692; x_wconf 82' lang='grc' dir='ltr'>ἀλλ’</span> <span class='ocrx_word' id='word_1_738' title='bbox 1311 2665 1354 2692; x_wconf 72' lang='grc' dir='ltr'><strong>ἀεὶ</strong></span> <span class='ocrx_word' id='word_1_739' title='bbox 1372 2665 1423 2700; x_wconf 75' lang='grc' dir='ltr'>μὲν</span> <span class='ocrx_word' id='word_1_740' title='bbox 1439 2666 1495 2696; x_wconf 82' lang='grc' dir='ltr'>τοῖς</span> <span class='ocrx_word' id='word_1_741' title='bbox 1515 2664 1631 2691; x_wconf 85' lang='grc' dir='ltr'>δοθεῖσιν</span> <span class='ocrx_word' id='word_1_742' title='bbox 1650 2662 1879 2698; x_wconf 72' lang='grc' dir='ltr'>ἀχαριστοῦντας,</span> 
     </span>
    </p>
   </div>
   <div class='ocr_carea' id='block_1_112' title="bbox 1093 2709 1882 2745">
    <p class='ocr_par' dir='ltr' id='par_1_112' title="bbox 1093 2709 1882 2745">
     <span class='ocr_line' id='line_1_112' title="bbox 1093 2709 1882 2745; baseline -0.004 -9"><span class='ocrx_word' id='word_1_743' title='bbox 1093 2711 1157 2745; x_wconf 79' lang='grc' dir='ltr'>περὶ</span> <span class='ocrx_word' id='word_1_744' title='bbox 1181 2710 1210 2736; x_wconf 82' lang='grc' dir='ltr'>δὲ</span> <span class='ocrx_word' id='word_1_745' title='bbox 1237 2711 1274 2745; x_wconf 84' lang='grc' dir='ltr'>μὴ</span> <span class='ocrx_word' id='word_1_746' title='bbox 1304 2710 1434 2736; x_wconf 84' lang='grc' dir='ltr'>δοθέντων</span> <span class='ocrx_word' id='word_1_747' title='bbox 1455 2710 1686 2745; x_wconf 53' lang='lat' dir='ltr'><strong>amissum“.</strong></span> <span class='ocrx_word' id='word_1_748' title='bbox 1703 2709 1750 2735; x_wconf 89' lang='grc' dir='ltr'>Διό</span> <span class='ocrx_word' id='word_1_749' title='bbox 1777 2716 1882 2742; x_wconf 72' lang='grc' dir='ltr'>φησιν-</span> 
     </span>
    </p>
   </div>
   <div class='ocr_carea' id='block_1_113' title="bbox 1095 2753 1883 2789">
    <p class='ocr_par' dir='ltr' id='par_1_113' title="bbox 1095 2753 1883 2789">
     <span class='ocr_line' id='line_1_113' title="bbox 1095 2753 1883 2789; baseline -0.005 -7"><span class='ocrx_word' id='word_1_750' title='bbox 1095 2755 1171 2782; x_wconf 80' lang='grc' dir='ltr'><strong>οὑὸὲ</strong></span> <span class='ocrx_word' id='word_1_751' title='bbox 1191 2755 1327 2789; x_wconf 74' lang='grc' dir='ltr'>ἤλπισαν</span> <span class='ocrx_word' id='word_1_752' title='bbox 1343 2756 1393 2782; x_wconf 70' lang='grc' dir='ltr'><strong>ἐπὶ</strong></span> <span class='ocrx_word' id='word_1_753' title='bbox 1408 2756 1442 2782; x_wconf 86' lang='grc' dir='ltr'>τὸ</span> <span class='ocrx_word' id='word_1_754' title='bbox 1467 2756 1619 2789; x_wconf 78' lang='grc' dir='ltr'>Σωτήρων</span> <span class='ocrx_word' id='word_1_755' title='bbox 1631 2754 1736 2786; x_wconf 78' lang='grc' dir='ltr'>αὑτοῦ,</span> <span class='ocrx_word' id='word_1_756' title='bbox 1747 2753 1792 2780; x_wconf 82' lang='grc' dir='ltr'><strong>τδν</strong></span> <span class='ocrx_word' id='word_1_757' title='bbox 1811 2753 1883 2788; x_wconf 74' lang='grc' dir='ltr'>Χριο</span> 
     </span>
    </p>
   </div>
   <div class='ocr_carea' id='block_1_114' title="bbox 1094 2798 1882 2837">
    <p class='ocr_par' dir='ltr' id='par_1_114' title="bbox 1094 2798 1882 2837">
     <span class='ocr_line' id='line_1_114' title="bbox 1094 2798 1882 2837; baseline -0.004 -10"><span class='ocrx_word' id='word_1_758' title='bbox 1094 2801 1154 2827; x_wconf 80' lang='grc' dir='ltr'>στὸν</span> <span class='ocrx_word' id='word_1_759' title='bbox 1169 2800 1271 2834; x_wconf 83' lang='grc' dir='ltr'>λέγων·</span> <span class='ocrx_word' id='word_1_760' title='bbox 1288 2801 1372 2837; x_wconf 80' lang='grc' dir='ltr'>ὅνπερ</span> <span class='ocrx_word' id='word_1_761' title='bbox 1389 2801 1526 2836; x_wconf 82' lang='grc' dir='ltr'>Σωτήρων</span> <span class='ocrx_word' id='word_1_762' title='bbox 1542 2800 1624 2828; x_wconf 82' lang='grc' dir='ltr'>αὑτοῦ</span> <span class='ocrx_word' id='word_1_763' title='bbox 1643 2799 1735 2826; x_wconf 69' lang='grc' dir='ltr'>πολλοὶ</span> <span class='ocrx_word' id='word_1_764' title='bbox 1757 2798 1806 2834; x_wconf 69' lang='grc' dir='ltr'>μὲν</span> <span class='ocrx_word' id='word_1_765' title='bbox 1823 2798 1882 2824; x_wconf 72' lang='grc' dir='ltr'><strong>τῶν</strong></span> 
     </span>
    </p>
   </div>
  </div>
