2056 3148
173 210 239 242 1249

742 212 974 243 FRAGMENTA
994 213 1036 243 IN
1054 213 1230 244 PSALMOS.

1734 215 1802 248 1250

171 266 320 302 προφητῶν
334 287 341 298 ,
361 266 455 300 σαφῶς
479 265 507 292 δὲ
531 266 578 292 καὶ
599 265 727 302 Συμεὼν,
746 267 836 294 λαὸὼν
855 268 884 293 ὲν
903 268 960 298 ταῖς

1013 267 1114 295 diserte
1134 267 1263 303 Symeon,
1289 269 1397 303 quando
1420 269 1509 304 ipsum
1529 269 1556 296 in
1581 269 1658 297 ulnas
1684 272 1803 306 excepit.

171 311 315 346 ἀγκάλαις,
329 311 464 345 ὠνόμασε.

208 366 217 382 ι
236 356 292 383 Καὶ
309 356 464 382 ἐνετείλατο
476 356 605 390 νεφέλαις
617 355 801 391 ὑπεράνωθεν.
817 366 826 382 ι

206 401 329 436 Νεφέλας
347 401 524 437 ὐπεράνωθεν
539 402 589 433 τὰς
603 403 632 428 ὲν
647 401 742 437 ὑψηλῷ
756 402 846 436 λέγει·
863 403 961 437 διόπερ

171 446 256 477 αὐτὲις
280 446 327 472 καὶ
345 445 432 480 θύρας
456 445 582 480 οὐρανοῦ,
603 446 641 477 ὡς
670 446 899 481 προϐεϐλημένας
913 446 960 473 τοῦ

170 490 285 526 οὐρανοῦ
300 491 534 526 προσηγόρευσεν.
550 491 610 517 Εἰσὶ
624 492 678 528 γάρ
692 500 766 524 τινες
776 492 829 518 τῶν
841 493 961 526 νεφελῶν

171 537 318 571 περίγειοι,
340 536 412 563 ὥστε
441 537 490 563 καὶ
518 537 572 563 τῶν
598 537 670 572 ὁρῶν
694 538 779 569 αὐτὰς
802 539 961 574 κατωτέρας

171 581 359 616 εὑρίσκεσθαι.

211 636 220 652 ι
234 626 289 652 Καὶ
305 625 417 660 ἔϐρεξεν
431 627 474 652 ἐπ’
489 627 588 658 αὐτοὺς
600 627 667 653 ὡσεὶ
681 627 746 662 χοῦν
759 627 874 662 σάρκας.
897 637 906 653 ›

206 717 312 745 Οὐκοῦν
327 718 376 744 καὶ
392 717 471 744 τοῦτο
491 717 559 744 πολὺ
575 718 676 753 πλῆθος
693 718 789 753 νόησον
803 718 868 744 λαοῦ
880 727 888 734 ο
901 726 964 745 τοσ-

171 763 251 790 ούτου
282 763 331 798 μὲν
347 763 393 790 τὸν
408 763 536 798 ἀριθμὸν,
552 763 626 790 οὕτω
643 764 672 790 δὲ
694 765 904 799 γαστριμάργου
916 772 962 790 κο-

174 809 331 844 ρεσθέντος·
356 809 387 834 οὺ
407 808 476 843 πρὸς
494 809 601 845 ἡμέραν
623 809 698 844 μίαν,
722 808 872 843 ἀλλὰπρὸς
887 809 963 843 τριά-

171 863 265 886 κοντα,
291 854 330 886 ὡς
348 854 453 890 δυνήσῃ
470 855 568 889 μαθεῖν
587 854 636 890 τὴν
654 854 746 889 βίϐλον
761 854 816 880 τῶν
824 853 963 890 ’Λριθμῶν

173 908 236 935 μετε
241 900 290 935 ρχό
293 908 384 936 μενος.

1047 355 1126 383 Vens.
1142 357 1188 383 ‘23.
1203 366 1214 383 ι
1230 356 1263 383 Ει
1281 358 1419 384 mandavit
1435 358 1555 385 nubibus
1571 359 1698 393 desuper.
1716 369 1726 384 ι

1045 400 1137 428 Nubes
1170 401 1288 436 desuper
1312 402 1439 437 intelligit
1465 410 1513 429 eas
1538 411 1598 437 que
1632 404 1659 430 in
1685 404 1798 432 excelso

1010 445 1147 473 exsistunt
1161 455 1168 473 :
1185 454 1269 480 quare
1283 447 1354 481 ipsas
1368 447 1447 474 etiam
1463 448 1523 474 coeli
1552 449 1649 482 januas
1672 450 1799 483 appellat,

1011 496 1139 525 tanquam
1165 491 1234 519 cmlo
1263 497 1423 526 praetensas.
1453 493 1594 527 Siquidem
1626 498 1689 520 sunt
1718 494 1800 521 etiam

1011 536 1108 570 aliqua):
1121 537 1208 564 nubes
1222 541 1301 564 terrae
1313 538 1420 571 vicinae,
1443 538 1479 565 ita
1496 543 1525 565 ut
1557 538 1637 565 etiam
1663 540 1802 567 montibus

1013 581 1158 609 inferiores
1168 582 1356 610 inveniantur.

1046 626 1131 654 Vens.
1152 627 1198 654 27.
1214 637 1223 653 ι
1246 627 1279 654 Et
1304 628 1374 663 pluit
1389 635 1473 664 super
1493 636 1541 656 eos
1567 634 1637 656 sicut
1661 629 1800 664 pulverem

1012 679 1118 699 carnes.
1138 682 1147 698 Ι

1047 716 1132 751 Igitur
1147 718 1285 751 copiosam
1302 725 1411 753 quoque
1426 719 1496 746 hanc
1518 719 1719 747 multitudinem
1737 728 1802 747 con-

1012 761 1121 795 sidera;
1138 763 1211 797 quod
1236 771 1299 790 cum
1318 769 1393 791 tanto
1418 769 1491 791 esset
1521 772 1646 797 numero,
1681 765 1803 800 adeoque

1011 807 1101 834 ventri
1115 807 1218 841 dedita,
1237 808 1322 836 fuerit
1335 813 1424 836 tamen
1442 814 1580 842 saturata;
1603 811 1685 845 idque
1700 818 1755 837 non
1767 808 1809 837 ad

1014 860 1100 879 unum
1113 853 1186 880 diem
1204 853 1333 888 aliquem,
1360 855 1406 882 sed
1422 855 1455 882 ad
1479 855 1601 890 triginta,
1631 856 1671 882 uti
1699 856 1801 890 poteris

1014 905 1181 933 cognoscere
1192 899 1291 926 librum
1308 899 1491 927 Numerorum
1510 901 1705 935 pervolvendo.

211 955 220 972 ι
241 946 302 972 Ἔτι
327 946 378 981 τῆς
399 945 528 981 βρώσεως
554 944 638 980 οὔσης
660 945 690 971 ὲν
715 943 754 980 τῷ
778 944 893 979 στόματι
916 944 960 970 αὑ-

1050 942 1130 970 Vens.
1145 944 1191 972 50,
1208 954 1218 970 ‹
1241 945 1338 972 Adhuc
1353 953 1416 972 esca
1427 953 1522 972 eorum
1545 950 1606 973 erat
1621 946 1649 972 in
1665 953 1711 973 ore
1728 946 1802 981 ipso-

171 1001 235 1018 των.
257 1001 267 1016 1

206 1037 260 1063 Kal.
276 1036 445 1071 συμποδίσας
464 1036 493 1062 οὐ
505 1036 568 1067 τοὺς
587 1034 734 1066 ἐκλεκτοὺς
748 1035 776 1061 ὲν
792 1035 904 1070 ἀρεταῖς
917 1035 960 1060 λο-

170 1083 266 1117 γάδας,
278 1082 345 1110 ἀλλὰ
359 1083 421 1114 τοὺς
442 1083 471 1109 ἐν
486 1082 588 1117 κακῐᾳυ
607 1081 660 1108 είσὶ
678 1081 734 1116 γάρ
747 1089 819 1112 τινες
837 1081 866 1108 ὲν
878 1089 961 1116 πονη-

171 1130 217 1164 ρίᾳ
227 1129 375 1164 ἐξαίρετοι.

208 1184 219 1201 α
249 1175 304 1201 Καὶ
327 1175 484 1210 νήγάπησαν
520 1173 603 1200 αὑτὸν
631 1174 660 1200 ὲν
688 1172 727 1207 τῷ
764 1173 877 1208 στόματι
909 1172 960 1199 αὺ-

170 1228 236 1247 των.
258 1229 268 1245 Ι

205 1265 318 1296 Τούτοις
335 1265 417 1300 ὅμοια
426 1263 473 1291 καὶ
490 1263 605 1295 Ἡσαΐας
627 1263 691 1294 τοὺς
716 1262 860 1294 Ἰουδαίους
878 1262 961 1297 ἐμέμ-

170 1311 240 1346 ψατο
253 1319 260 1326 ·
282 1311 313 1338 '0
323 1311 399 1343 λαὸς
420 1308 508 1343 οὗτος
532 1309 595 1342 τοῖς
610 1309 728 1344 χείλεσι
736 1317 774 1343 με
787 1308 857 1343 τιμᾷ
868 1328 875 1341 ,
890 1308 910 1342 ἠ
926 1308 961 1334 δὲ

172 1357 277 1391 καρδία
299 1356 398 1383 αὐτῶν
420 1356 520 1390 πόρῤω
540 1355 647 1388 ἀπέχει
672 1355 723 1382 ἀπ’
746 1354 829 1389 ἐμοῦ.
853 1354 914 1386 Πῶς
931 1354 960 1380 δὲ

171 1402 251 1428 τοῦτο
278 1401 434 1436 ἐλέγχεται;
450 1401 569 1432 Πολλοὺς
597 1401 652 1435 γὰρ
675 1400 724 1427 καὶ
752 1399 799 1426 νῦν
829 1401 898 1435 μόνῃ
924 1401 958 1435 τῇ

172 1446 282 1482 γλώσσῃ
309 1445 446 1477 θεοσεϐεῖς
474 1445 651 1480 εὑρίσκομεν,
672 1444 754 1476 ὅταν,
785 1443 822 1475 ὥς
843 1452 926 1479 φησιν
946 1445 962 1471 ὁ

172 1493 337 1527 προφήτης,
366 1492 396 1517 ἐν
423 1491 456 1525 τῇ
486 1490 604 1525 διαθήκῃ
632 1489 716 1516 αὑτοῦ
745 1488 784 1524 μὴ
816 1488 959 1516 πιστωθῶ-

172 1546 225 1565 σιν.

212 1594 222 1610 ι
238 1584 295 1610 Οὐκ
305 1583 482 1618 ἐμνήσθησαν
492 1581 543 1616 τῆς
557 1581 648 1616 χειρὸς
661 1580 756 1607 αὐτοῦ.
779 1589 788 1606 ›

1013 996 1085 1019 rum.
1109 998 1119 1015 ι

1046 1035 1081 1062 Et
1093 1035 1260 1070 compedivit
1281 1044 1335 1063 non
1351 1036 1378 1063 in
1399 1036 1548 1064 virtutibus
1567 1038 1683 1065 eximios
1697 1046 1729 1065 ac
1756 1046 1799 1065 se-

1012 1079 1109 1113 lectos,
1128 1081 1176 1108 sed
1196 1081 1223 1107 in
1233 1081 1354 1108 malitia:
1374 1081 1508 1116 siquidem
1521 1087 1586 1110 sunt
1604 1083 1688 1117 aliqui
1703 1084 1802 1118 nequi-

1013 1124 1050 1150 tia
1065 1124 1266 1158 praecellentes.

1050 1169 1128 1197 Vens.
1144 1170 1188 1197 56.
1207 1179 1216 1196 ‹
1233 1170 1265 1197 El
1280 1170 1436 1198 dilexerunt
1455 1178 1518 1198 eum
1535 1172 1563 1198 in
1581 1179 1628 1198 ore
1643 1179 1702 1199 suo.
1719 1182 1728 1197 ι

1047 1260 1129 1290 Hisce
1143 1263 1241 1289 similia
1256 1263 1339 1290 etiam
1351 1262 1435 1290 Isaias
1454 1262 1554 1291 Iudaeis
1577 1264 1692 1298 obiecit:
1709 1264 1801 1299 Popu-

1012 1308 1052 1335 lus
1068 1309 1116 1335 iste
1132 1308 1210 1335 labiis
1226 1317 1266 1335 me
1289 1309 1412 1341 honorat,
1429 1317 1474 1335 cor
1495 1314 1583 1336 autem
1611 1318 1700 1336 eorum
1726 1310 1802 1346 longe

1011 1353 1109 1380 abesto
1127 1354 1247 1380 me'J-B‘.
1263 1353 1406 1386 Quomodo
1436 1359 1527 1382 autem
1562 1355 1615 1382 hoc
1640 1356 1802 1390 exprobrat?

1011 1398 1079 1431 Quia
1110 1398 1214 1425 scilicet
1235 1398 1384 1425 etiamnum
1410 1399 1543 1433 plurimos
1569 1399 1724 1434 reperimus
1754 1400 1801 1434 qui

1011 1444 1069 1471 sola
1085 1444 1175 1479 lingua
1188 1444 1225 1478 pii
1244 1445 1310 1476 sint,
1327 1452 1399 1476 cum,
1416 1449 1446 1472 ut
1463 1445 1500 1472 ait
1519 1446 1662 1480 propheta,
1673 1446 1700 1472 in
1716 1450 1800 1473 testa-

1010 1493 1105 1517 mento
1122 1490 1183 1525 ejus
1195 1497 1250 1517 non
1263 1490 1318 1517 sint
1335 1491 1460 1518 stabiliti.

1046 1578 1128 1606 Vens.
1147 1579 1191 1607 42.
1212 1589 1221 1605 ‹
1239 1579 1298 1607 Non
1329 1585 1393 1607 sunt
1413 1579 1546 1607 recordati
1576 1588 1674 1608 manus
1696 1581 1765 1615 ejus.
1785 1591 1796 1607 ι

207 1631 294 1665 Χεῖρα
307 1616 388 1657 iam
404 1616 482 1661 Geni,
506 1627 606 1662 δηλαδὴ
625 1626 673 1653 τοῦ
692 1627 811 1660 Πατρδς,
829 1626 875 1653 τδν
894 1627 960 1662 Χρι-

1046 1625 1155 1652 Manum
1181 1625 1280 1652 iterum
1305 1625 1373 1657 Dei,
1402 1626 1506 1653 scilicet
1534 1625 1638 1657 Patris,
1660 1626 1798 1653 Christum

174 1676 234 1703 στὸν
251 1675 363 1706 εἰκότως
379 1674 457 1701 καλεὶ
468 1682 475 1690 ο
495 1673 589 1708 ἐπειδὴ
602 1693 610 1706 ,
622 1672 661 1698 Δι’
676 1672 770 1698 αὐτοῦ
789 1671 886 1698 πάντα
896 1671 960 1707 ἐγέ-

171 1730 251 1756 νετο,
265 1721 315 1748 καὶ
329 1720 420 1755 χωρὶς
433 1718 527 1746 αὐτοῦ
541 1719 660 1753 ἐγένετο
674 1717 746 1744 οὐδὲ
759 1717 794 1744 ἕν
804 1725 810 1731 ·
827 1717 898 1744 ὥστε
914 1718 961 1745 καὶ

171 1769 266 1804 ἕτερον
296 1766 439 1802 προφήτην
467 1765 576 1799 λέγειν·
616 1764 647 1791 Ἠ
661 1763 717 1798 γὰρ
754 1762 818 1797 χεὶρ
849 1763 961 1797 Κυρίου

173 1814 297 1847 ἐποίησε
327 1812 421 1839 ταῦτα
445 1811 554 1838 πάντα.
574 1809 678 1836 Τούτου
700 1808 790 1835 τοίνυν
808 1808 859 1835 οὐκ
878 1809 961 1844 ἐμνή-

173 1860 276 1895 σθησαν
310 1859 385 1890 ὅστις
410 1857 509 1888 αὐτοὺς
533 1854 706 1890 ὲλυτρώσατο
730 1855 764 1880 ὲκ
785 1854 877 1889 χειρὸς
903 1854 961 1881 θλί-

168 1906 275 1938 -δοντος,
291 1905 365 1939 λέγει
382 1904 411 1930 δὲ
431 1902 478 1930 τοῦ
503 1901 614 1936 Φαραὼ,
635 1901 706 1927 κατὰ
721 1900 770 1936 τὴν
789 1899 896 1935 ἡμέραν
911 1899 961 1935 τῆς

174 1950 273 1984 ἐξόδου.

213 2006 223 2022 ι
246 1994 411 2030 ’Δποστολὴν
424 1994 458 2020 δι’
473 1992 598 2028 ἀγγέλων
612 1990 748 2026 πονηρῶν.
770 2000 780 2016 ι

208 2042 246 2070 Οὺ
259 2042 308 2077 τὴν
324 2040 405 2075 φύσιν
426 2039 563 2074 πονηρῶν,
579 2037 625 2064 τὸν
641 2037 670 2063 δὲ
691 2036 792 2063 σκοπόν
807 2043 814 2051 ³
831 2035 892 2062 οὐδὲ
905 2035 960 2071 γὰρ

171 2088 306 2118 τοιούτοις
327 2086 454 2120 ἀγγέλοις
474 2085 489 2110 ὸ
503 2084 571 2116 Θεὸς
590 2084 633 2115 εις
648 2083 788 2109 διακονίαν
806 2081 959 2118 κέχρηται·

173 2134 240 2161 ἀλλὰ
256 2133 391 2168 πονηροὺς
420 2130 658 2166 προσηγόρευσεν,
679 2128 773 2163 ἐπειδὴ
795 2129 894 2159 πόνους
912 2127 960 2155 καὶ

174 2179 310 2209 κακώσεις
326 2177 501 2207 κελευθέντες
518 2175 662 2210 ἐπέφερον·
671 2174 709 2205 ὼς
722 2174 769 2200 καὶ
781 2173 904 2208 πονηρὰν
912 2172 960 2207 τὴν

173 2227 279 2261 ἡμέραν
287 2224 337 2257 τῆς
345 2224 472 2259 κρίσεως,
480 2222 517 2253 ὡς
526 2221 654 2255 ἀναγκῶν
662 2220 710 2246 καὶ
716 2219 804 2246 πόνων
810 2220 866 2250 τοῖς
876 2220 961 2254 ἁμαρ-

173 2271 266 2302 τωλοῖς
276 2270 424 2304 γέμουσαν,
440 2268 521 2299 αὐτὸς
528 2263 605 2298 οὗτος
621 2267 635 2292 ὁ
650 2265 803 2300 Ψαλμῳδὸς
815 2265 941 2300 ὀνομάζει
951 2272 959 2280 ·
976 2281 998 2308 D

173 2317 236 2351 (mal
247 2317 299 2352 γὰρ
307 2314 394 2346 οὕτως
405 2321 412 2328 ·
423 2312 575 2348 Μακάριος
582 2309 717 2338 ὀσυνιῶν
725 2310 774 2337 ἐπὶ
783 2309 903 2344 πτωχὸν
910 2309 960 2336 καὶ

173 2362 297 2395 πένητα,
306 2361 341 2387 ἐν
348 2359 444 2394 ἡμέρῃ
450 2357 567 2392 πονηρᾷ
573 2357 700 2391 ῥύσεται
707 2354 801 2382 αὑτὸν
812 2356 828 2381 ό
839 2355 956 2388 Κύριος.

173 2407 260 2442 Πολλῇ
271 2407 319 2433 καὶ
331 2405 396 2441 περὶ
405 2405 467 2436 τοὺς
478 2402 693 2437 παιδευομένους
704 2402 718 2427 ὁ
727 2401 793 2431 Θεὸς
804 2399 958 2435 φιλανθρω-

173 2453 222 2488 πίᾳ
236 2454 371 2487 κέχρηται
383 2471 390 2483 ,
404 2450 458 2478 ἀπὸ
471 2449 525 2476 τῶν
542 2448 692 2475 ἐλαττόνων
707 2446 868 2481 ἀρχόμενος,
886 2444 958 2471 ὥστε

172 2496 406 2532 σωφρονισθέντας
422 2494 551 2530 κερδᾶναι
567 2492 601 2519 τὰ
618 2491 741 2526 μείζονα.
757 2490 806 2516 Διὰ
821 2489 899 2516 τοῦτο
923 2489 957 2516 τὰ

172 2544 257 2578 κτήνη
276 2542 399 2577 πρότερα
417 2540 471 2567 τῶν
482 2538 639 2573 Αἰγυπτίων
654 2536 827 2563 συνέκλεισεν
844 2536 884 2566 εἰς
906 2535 956 2561 θά-

171 2597 264 2616 νατον·
293 2586 472 2621 ἀναισθήτους
496 2585 524 2611 δὲ
544 2584 642 2619 εὑρὼν,
664 2581 780 2614 ἐπέταξε
799 2581 833 2608 τὰ
854 2579 957 2616 πρωτό-

171 2643 246 2664 τοκα,
271 2633 341 2662 ὥστε
365 2632 415 2660 οὒκ
434 2632 466 2657 ἂν
490 2629 604 2666 τὴντῶν
628 2627 809 2663 πρωτοτόκων
830 2626 955 2661 ἐπήγαγε

172 2679 290 2714 πληγὴν,
308 2679 333 2704 ει
344 2676 384 2712 τῷ
408 2675 515 2710 θανάτῳ
529 2674 584 2700 τῶν
598 2673 705 2708 κτηνῶν
728 2671 960 2707 σωφρονισθέντες

170 2725 307 2759 ὰνένηψαν
312 2743 318 2750 .

210 2781 219 2796 ι
239 2757 294 2797 litat
309 2757 451 2802 ὡδήγησεν
468 2765 568 2796 αὐτοὺς
583 2764 625 2791 ἐπ’
641 2763 740 2790 ἐλπίδι.
758 2772 767 2788 ι

205 2815 321 2848 Ἐλπίδι,
335 2814 418 2849 mla;
435 2813 490 2848 Τῆς
505 2811 574 2847 πρὸς
591 2810 655 2842 τοὺς
670 2809 792 2844 πατέρας
812 2807 964 2843 γενομένης

205 2916 266 2933 ⁸⁵³⁸
284 2916 335 2942 lsa.
351 2921 426 2947 xxix,
442 2913 485 2940 t5.
523 2912 546 2928 ⁸⁷
557 2911 635 2939 Joan.
651 2918 670 2943 ι,
685 2910 711 2936 5.

1012 1671 1109 1701 merito
1119 1676 1199 1699 vocat
1215 1681 1221 1698 :
1238 1671 1314 1706 quia,
1331 1671 1427 1698 Omnia
1446 1679 1492 1705 per
1506 1672 1590 1706 ipsum
1602 1672 1672 1706 facta
1687 1676 1757 1699 sunt.
1774 1676 1799 1698 et

1010 1717 1066 1743 sine
1081 1717 1137 1751 ipso
1152 1718 1252 1751 factum
1265 1722 1303 1744 ert
1316 1717 1423 1749 nihil";
1446 1717 1481 1743 ita
1494 1721 1524 1743 ut:
1542 1716 1623 1743 etiam
1650 1717 1719 1743 alius
1736 1724 1798 1751 pro-

1011 1762 1092 1796 pheta
1106 1762 1195 1789 dicat:
1212 1761 1309 1789 Manus
1322 1762 1392 1788 enim
1415 1760 1523 1788 Domini
1539 1761 1599 1795 fecit
1618 1761 1673 1788 [nec
1696 1762 1796 1788 omnia.

1011 1806 1094 1840 igitur
1106 1814 1161 1833 non
1175 1810 1240 1834 sunt
1255 1806 1389 1833 recordati
1401 1806 1462 1841 ejus
1476 1806 1522 1841 qui
1542 1807 1616 1841 ipsos
1631 1806 1797 1833 liberaverat

1011 1852 1045 1878 de
1060 1851 1322 1884 manutribulantis,
1344 1852 1410 1879 dicit
1439 1857 1530 1878 autem
1556 1851 1739 1884 Pharaonem,
1768 1851 1795 1879 in

1010 1897 1054 1924 die
1067 1897 1242 1931 egressionis.

1047 1982 1127 2010 Vens.
1148 1983 1191 2010 49.
1208 1992 1217 2008 ι
1241 1982 1426 2010 lmmissiones
1436 1990 1484 2017 per
1495 1983 1605 2018 angelos
1617 1982 1712 2009 malos.
1731 1991 1741 2008 ι

1045 2029 1105 2057 Non
1119 2033 1217 2056 natura
1229 2029 1304 2062 mali,
1321 2028 1547 2056 sedintentione:
1563 2035 1626 2054 nam
1641 2027 1796 2055 istiusmodi

1011 2076 1115 2111 angelis
1127 2075 1200 2102 Deus
1220 2082 1391 2109 nequaquam
1413 2081 1479 2101 usus
1500 2073 1596 2100 fuisset
1624 2073 1656 2100 ad
1673 2073 1797 2100 ministe-

1010 2121 1081 2148 riutn
1094 2120 1158 2148 :sed
1172 2128 1270 2155 pravos
1280 2119 1435 2154 appellavit,
1453 2119 1516 2154 quia
1533 2119 1639 2146 labores
1654 2124 1682 2146 et
1710 2120 1796 2146 mole-

1013 2167 1081 2194 stias
1098 2165 1169 2202 jussi
1183 2165 1354 2198 inferebant;
1384 2165 1423 2192 uti
1450 2169 1478 2192 et
1490 2165 1590 2192 malum
1600 2164 1696 2199 iudicii
1712 2165 1796 2197 diem,

1012 2213 1114 2248 quippe
1143 2211 1333 2247 peccatoribus
1363 2210 1494 2238 refertum
1523 2211 1603 2237 malis
1617 2214 1644 2237 et
1668 2211 1794 2243 miseriis,

1011 2259 1084 2286 idem
1112 2258 1157 2284 hic
1171 2257 1313 2284 Psalmista
1337 2257 1504 2292 nuncupavit
1516 2266 1523 2284 :
1536 2257 1574 2283 ait
1584 2256 1656 2284 enim
1672 2265 1678 2282 :
1699 2256 1797 2283 Beatus

1012 2305 1056 2340 qui
1069 2304 1191 2339 intelligit
1203 2311 1282 2337 super
1296 2311 1404 2338 egenum
1422 2307 1446 2329 et
1462 2309 1613 2336 pauperem,
1632 2302 1660 2327 in
1671 2301 1713 2327 die
1725 2301 1796 2327 mala

1013 2351 1133 2378 liberabit
1151 2358 1210 2376 eum
1223 2348 1360 2376 Dominus.
1377 2347 1459 2375 Multa
1471 2347 1552 2375 etiam
1566 2347 1638 2373 circa
1653 2347 1796 2381 castigatos

1011 2396 1202 2424 benevolentia
1221 2403 1288 2422 usus
1304 2399 1347 2422 est
1361 2394 1442 2426 Deus,
1460 2401 1474 2420 a
1487 2392 1639 2420 minoribus
1653 2392 1795 2424 inchoans,

1012 2447 1042 2470 ut
1065 2442 1204 2470 emendati
1233 2441 1336 2476 majora
1362 2441 1519 2468 evaderent.
1553 2439 1657 2465 ldclrco
1679 2438 1796 2472 primum

1009 2489 1134 2524 jumenta
1149 2488 1337 2523 (Egyptiorum
1351 2487 1378 2513 in
1397 2490 1485 2513 morte
1505 2484 1655 2517 conclusit;
1672 2483 1719 2519 πά
1734 2491 1796 2510 cum

1010 2534 1186 2562 insensibiles
1225 2532 1381 2567 reperiret,
1423 2531 1560 2565 percussit
1598 2529 1794 2565 primogenita,

1010 2582 1182 2614 nequaquam
1204 2577 1448 2613 primogenitorum
1472 2577 1581 2611 plagam
1608 2575 1745 2606 illaturus,
1773 2574 1795 2600 si

1010 2630 1098 2654 morte
1111 2624 1239 2660 p'ecoruin
1251 2624 1284 2651 ad
1301 2623 1406 2659 frugem
1420 2622 1528 2650 adducti
1542 2621 1730 2656 resipuissent.

1049 2761 1131 2789 Vens.
1145 2761 1190 2788 55.
1205 2769 1214 2786 ι
1239 2759 1272 2786 Et
1284 2758 1395 2786 deduxit
1410 2765 1458 2784 eos
1470 2757 1499 2784 in
1514 2764 1572 2792 spe.
1590 2765 1599 2781 ι

1047 2808 1128 2841 Quali
1152 2807 1222 2842 spe?
1251 2805 1426 2834 Manifestum
1453 2803 1524 2838 quod
1552 2799 1741 2838 promissionis
1762 2798 1796 2825 ad
