2056 3148
159 216 228 250 1Ξ53

437 271 584 299 ΨΑΛΜΟΣ
604 271 671 299 OH'.

196 319 309 346 Ἔθεντο
330 317 510 353 Ἰερουσαλὴμ
523 318 562 349 εις
579 315 815 351 ὀτανροφυλάκιον.
838 323 848 340 ι

195 404 275 435 Τίνος
285 403 365 438 χάριν
379 404 420 434 είς
428 403 654 438 ὀπωροφυλάκιον
665 401 791 437 ςἘπειδὴ
803 402 832 428 τὸ
843 400 953 436 πνεῦμα

159 451 206 477 τοῦ
220 450 301 485 νόμου
319 450 365 477 καὶ
391 450 445 476 τῶν
473 449 623 485 προφητῶν
636 447 774 479 λαϐόντες,
789 448 873 483 μόνην
889 456 954 474 κατ-

161 495 254 522 έλιπον
267 494 360 526 αὐτοῖς
371 494 516 528 φυλάττειν
525 494 576 529 τὴν
591 493 704 530 ὀπώραν
715 492 762 518 τοῦ
777 493 950 528 γράμματος.

99 536 106 544 ’
160 541 245 567 Τοῦτο
266 540 295 567 δὲ
316 538 351 576 ἦν
373 540 425 567 οὐκ
443 540 473 571 ἐξ
499 539 663 575 ἀνθρώπων,
689 539 748 566 ἀλλ’
769 539 801 565 ὲκ
821 538 868 564 τοῦ
885 537 953 565 Θεοῦ

162 586 327 622 βουλομένου
351 586 502 621 παρὰ-τοῖς
526 586 634 621 δχθροῖς
656 585 708 616 τὰς
727 584 882 616 ἀποδείξεις
904 584 954 618 τῆς

161 633 279 664 πίστεως
299 632 348 668 τῆς
376 631 516 667 ἡμετέρας
548 631 696 663 σώζεσθαι.
731 630 843 666 Ὀπώρα
867 630 895 656 δὲ
923 629 954 656 τδ

161 678 289 712 γράμμα,
311 677 349 709 ὡς
368 677 406 713 μὴ
429 677 546 712 γνησίαν
570 677 684 712 τροφὴν,
700 677 768 704 ἀλλὰ
786 676 954 711 πρόσκαιρον

161 723 233 758 ἔχον.
242 723 355 754 εἰκότως
370 722 600 758 προσηγόρευται.

199 777 209 793 4
237 768 364 803 Ἐξέχεαν
381 768 411 794 τὸ
428 765 500 803 αἷμα
512 767 612 794 αὐτῶν.
633 776 642 793 ι

114 844 119 848 _
197 810 274 849 Αἷμα
294 813 383 841 αὐτῶν
405 814 440 841 τὰ
460 814 564 849 ψυχικὰ
588 813 825 849 πλημμελήματα,
852 810 891 839 ὥν
915 811 955 843 εἰς

161 857 233 894 αἷμα
247 859 263 894 ἡ
277 859 417 894 ὲκδίκησις
431 858 536 892 γίνεται
550 866 556 874 ·
572 857 658 885 ταῦτα
673 858 711 890 ὼς
733 857 806 894 ὕδωρ
824 855 952 892 ἐξεχύθη,

162 903 233 930 ὥστε
262 903 362 938 μηκέτι
392 903 590 938 ἀναληφθῆναι,
617 903 712 938 ὥσπερ
737 902 800 928 οὐδὲ
824 901 854 928 τὸ
879 901 953 936 ὕδωρ

746 213 975 243 FRAGMENTA
996 213 1037 242 IN
1058 212 1236 242 PSALMOS.

1239 265 1399 294 PSAIJIUS
1419 267 1559 295 LXXVIII.

1042 311 1122 338 Vens.
1139 312 1165 338 i.
1181 321 1190 337 ι
1209 312 1362 339 Posuerunt
1375 311 1523 339 Jerusalem
1540 312 1567 339 in
1591 319 1733 347 pomorum
1745 321 1790 340 cu-

1003 357 1132 384 stodiam.
1148 366 1156 382 I

1040 403 1130 434 Quare
1146 403 1173 428 in
1185 410 1327 436 pomorum
1340 402 1512 430 custodiam?
1535 403 1601 435 Qui:
1619 411 1681 430 cum
1710 406 1790 438 spiri-

1005 452 1061 475 tum
1073 448 1141 483 legis
1162 455 1195 475 ac
1209 448 1403 482 prophetarum
1432 448 1617 480 sustulissent,
1634 451 1719 476 solum
1746 451 1790 476 lit-

1004 497 1070 520 terae
1084 501 1196 528 pomum
1209 493 1276 528 ipsis
1291 484 1501 521 custodiendum
1529 494 1705 529 reliquerunt.
1735 495 1791 523 Hoc

1003 543 1095 566 autem
1110 546 1166 565 non
1182 543 1240 565 erat
1250 547 1283 566 ex
1296 539 1463 571 hominibus,
1481 539 1528 566 sed
1541 547 1573 566 ex
1600 539 1654 566 Deo
1682 540 1791 568 volente

1003 584 1038 611 ab
1054 584 1173 611 inimicis
1189 589 1348 619 argumenta
1357 584 1419 611 ﬁdei
1431 589 1531 611 nostrae
1548 585 1659 613 servari.
1677 585 1789 612 Pomum

1003 634 1096 657 autem
1113 630 1202 658 littere
1228 631 1327 658 merito
1339 631 1503 665 appellatur,
1518 639 1551 658 eo
1577 631 1650 666 quod
1678 632 1790 658 minime

1003 675 1131 709 solidum,
1143 676 1190 703 sed
1205 682 1412 710 lemporaueum
1435 676 1569 703 duntaxat
1594 677 1685 704 cibum
1701 677 1789 704 conti-

1004 725 1090 748 neret.

1040 765 1121 793 Vens.
1138 766 1165 793 5,
1186 775 1195 791 ι
1214 765 1378 793 Effuderqu
1411 767 1573 801 sanguinem
1584 774 1688 794 eorum.
1707 777 1717 793 ι

1041 810 1157 846 Sanguis
1180 818 1275 838 eorum
1299 816 1364 838 sunt
1382 811 1480 838 anima:
1492 812 1601 844 delicta,
1625 820 1739 846 quorum
1763 813 1789 840 in

1004 857 1138 891 sanguine
1149 856 1179 883 iit
1191 856 1279 886 ultio:
1307 857 1365 883 ha-c
1382 861 1509 890 tanquam
1524 865 1594 891 aqua
1615 858 1700 885 cil‘usa
1716 863 1789 890 sunt,

1005 907 1035 928 ut
1048 902 1149 930 resumi
1161 902 1279 936 amplius
1294 909 1349 928 non
1368 902 1484 936 possint,
1497 901 1568 929 sicut
1580 910 1630 929 nec
1646 911 1714 937 aqua
1729 908 1790 938 post

164 948 235 984 μετὰ
251 948 300 983 τὴν
323 948 433 982 ἔκχυσιν
458 948 582 975 δύναται.
603 949 713 979 Κύκλῳ
733 947 951 982 Ἰερουσαλήμ’

1003 947 1177 974 eﬂusionem.
1194 946 1227 974 Ιπ
1249 947 1360 973 circuitu
1375 946 1546 979 Jerusalem;
1580 947 1605 974 id
1629 952 1681 980 est,
1708 955 1790 982 super

161 992 313 1024 τουτέστιν,
338 992 381 1018 ἐπ’
402 991 500 1027 αὐτὴν,
527 992 647 1023 καὶτοὺς
665 991 696 1023 ἐξ
718 991 815 1027 αὐτῆς.
837 991 874 1018 Τὸ
897 992 951 1026 γὰρ

164 1033 236 1071 αἷμα
262 1035 351 1062 αὐτῶν
367 1035 411 1062 ἐπ’
424 1036 535 1068 αὐτοὺς,
558 1036 606 1062 καὶ
626 1035 673 1062 ἐπὶ
692 1036 727 1062 τὰ
746 1036 829 1063 τέκνα
850 1036 950 1069 αὐτῶν,

163 1081 201 1112 ὡς
218 1081 294 1107 αὐτοὶ
309 1081 355 1108 τὸν
375 1081 492 1116 Χριστὸν
512 1081 745 1116 συκοφαντοῦντες
766 1081 874 1115 ελεγον.
896 1080 952 1107 Καὶ

163 1127 221 1153 οὐκ
236 1125 276 1161 ἦν
287 1128 304 1153 ὁ
328 1127 460 1154 θάπτων.
474 1127 525 1153 Διὰ
539 1127 581 1160 τίς
610 1126 720 1162 Ἐπειδὴ
741 1128 818 1153 αὐτοὶ
839 1126 900 1162 μὲν,
915 1126 952 1158 ὡς

165 1173 270 1206 νεκροὶ,
288 1172 403 1199 θάπτειν
417 1172 549 1207 ἀλλήλους
558 1172 607 1199 οὐκ
617 1172 709 1208 ἴσχυον
719 1180 726 1188 ·
739 1173 757 1207 ἡ
765 1172 914 1207 Ἐκκλησία
925 1171 953 1198 δὲ

164 1216 278 1243 θάπτειν
292 1218 390 1249 αὐτοὺς
398 1217 448 1244 οὐκ
458 1218 612 1249 ἐπίσταται,
630 1217 781 1249 τουτέστιν,
793 1218 823 1244 οὐ
839 1217 953 1244 συσκιά-

165 1262 222 1294 {sui
231 1262 320 1291 αὐτῶν
328 1263 362 1289 τὰ
370 1263 567 1298 ἁμαρτήματα.
581 1263 614 1289 Τί
630 1263 658 1289 δὲ
675 1263 705 1289 τὸ
720 1262 840 1296 κωλύον;
858 1263 889 1290 'll
903 1263 951 1290 τοῦ

165 1307 285 1342 Χριστοῦ
300 1308 437 1342 ἀπόφασις
455 1309 471 1343 ἠ
483 1308 617 1342 λέγουσα·
638 1309 670 1335 Ἀ
675 1317 730 1343 φες
742 1308 814 1342 τοὺς
827 1309 954 1343 νεκροὺς

165 1353 290 1380 θάπτειν
309 1353 380 1386 τοὺς
399 1352 516 1380 ἑαυτῶν
538 1353 675 1387 νεκρούς.
693 1353 744 1380 Διὰ
770 1354 814 1387 τίς
845 1354 953 1389 Ἐπειδὴ

165 1398 347 1433 ἁμαρτωλοὺς
385 1397 542 1430 συσκιάζειν
567 1398 752 1434 πειρώμενοι,
783 1399 954 1434 γυμνοτέρας

166 1444 271 1470 ἑαυτῶν
285 1443 333 1476 τὰς
345 1443 470 1480 πράξεις,
489 1445 536 1471 καὶ
549 1445 631 1470 πᾶσιν
647 1444 854 1476 ὲπονειδίστους
863 1445 951 1480 ἔργα·

167 1488 272 1520 ζονται.

211 1543 220 1560 ι
235 1534 281 1569 Μὴ
300 1534 421 1570 μνησθῇς
434 1534 513 1570 ἡμῶν
528 1535 648 1571 ἀνομιῶν
663 1534 794 1570 ἀρχαίων.
817 1543 826 1559 ι

203 1634 289 1661 Πόθεν
312 1634 367 1669 γὰρ
391 1633 509 1670 ἀρκέσαι
531 1633 597 1670 πρὸς
621 1633 722 1670 ἀρχαῖα
741 1633 814 1660 κακὰ
835 1633 882 1660 καὶ
903 1633 951 1660 νέα

167 1679 390 1715 δυνηθησόμεθα;
416 1679 496 1710 Ἴσως
512 1679 540 1705 δὲ
564 1679 578 1705 ὁ
601 1680 744 1714 προφήτης
771 1679 888 1713 ἀνομίας
904 1680 954 1714 ἁρ-

171 1725 248 1759 (αίας
265 1724 314 1756 τὰς
328 1725 357 1751 ὲν
371 1725 405 1760 τῇ
429 1725 526 1760 ἐρήμῳ
548 1724 644 1758 λέγει,
670 1723 764 1760 ἐπειδὴ
787 1724 889 1756 πολλὰς
911 1724 954 1750 ἐπ’

168 1769 264 1802 αὐταῖς
285 1771 298 1796 ό
313 1769 378 1801 Θεὸς
394 1770 510 1801 ἀπειλὰς
530 1770 577 1797 καὶ
589 1770 732 1806 διαφόρους
752 1769 828 1797 ἔθετο
839 1778 846 1785 ·
861 1770 955 1805 διόπερ

167 1815 258 1842 αὐτῶν
276 1815 432 1842 εὐλαϐεῖται
445 1815 495 1850 τὴν
519 1815 683 1850 ἀνάμνησιν.
700 1815 784 1841 Οὐδὲν
798 1813 869 1841 οὕτω
883 1822 956 1841 πτω-

169 1861 216 1896 χὸν
232 1860 278 1887 τὸν
289 1859 434 1896 ἄνθρωπον
446 1861 484 1891 ὡς
496 1860 525 1886 αἱ
542 1860 674 1895 ἁμαρτίαι
693 1859 813 1886 δείκνυσι
825 1868 832 1876 ·
849 1859 955 1894 πτωχό-

167 1913 248 1941 τερος
270 1904 299 1932 δὲ
315 1905 512 1940 προστεθείσης
536 1905 663 1936 ἀσεϐείας
681 1905 715 1940 τῇ
740 1904 863 1939 ἁμαρτίᾳ
882 1905 956 1938 γίνε-

167 1959 226 1978 ται.
239 1950 338 1985 Διόπερ
349 1950 439 1982 αὐτοῖς
449 1950 565 1985 ταχῦναι
578 1951 641 1981 τοὺς
653 1949 813 1984 οίκτιρμοὺς
828 1949 876 1976 τοῦ
888 1949 954 1976 Θεοῦ

168 1996 408 2032 δπρεσὸεὑσαντο,
439 1997 538 2032 μήπως
565 1997 598 2031 τῇ
633 1995 801 2030 σφοδροτέρᾳ
831 1995 955 2031 πτωχείᾳ

167 2042 391 2076 ἁπογνωσθέντες
413 2042 582 2069 ἀπόλωνται·
610 2041 696 2072 οὕτως
714 2039 760 2068 οὖν
776 2042 886 2076 χάρισαι
906 2041 955 2077 τὴν

169 2088 219 2123 σὴν
234 2088 373 2123 βοήθειαν.

208 2143 217 2159 ι
236 2134 373 2169 Βοὴθησον
387 2133 463 2168 ἡμῖν,
478 2134 492 2159 ὁ
506 2133 572 2165 Θεὸς
588 2133 603 2159 ὁ
615 2133 721 2168 Σωτήρ.
740 2141 751 2158 »

204 2179 299 2207 Ταῦτα
310 2179 376 2215 πρὸς
385 2180 430 2206 τὸν
443 2179 560 2215 Χριστὸν
570 2187 623 2214 πρε
629 2179 763 2205 σὸεὑεται·
773 2176 853 2209 αὐτὸς
859 2177 914 2213 γὰρ
922 2178 952 2204 οὐ

170 2227 251 2262 μόνον
264 2226 345 2258 Θεὸςί
352 2225 420 2252 ἀλλὰ
430 2226 478 2251 καὶ
498 2225 593 2260 Σωτὴρ
603 2225 732 2260 ἄντικρυς
742 2223 934 2259 ἐπωνόμασται
944 2231 952 2238 ·

1002 993 1102 1028 ipsam,
1121 996 1149 1019 et
1163 999 1210 1019 eos
1222 992 1269 1027 qui
1283 1000 1316 1019 es
1332 1000 1364 1019 ea
1375 997 1448 1019 sunt.
1462 991 1577 1027 Sanguis
1590 993 1662 1020 enim
1682 993 1788 1020 illorum

1001 1045 1084 1072 super
1103 1037 1187 1072 ipsos,
1204 1041 1231 1064 et
1246 1044 1329 1071 super
1341 1037 1411 1063 ﬁlios
1440 1037 1559 1071 ipsorum
1570 1037 1612 1070 ";
1639 1037 1710 1070 sicut
1739 1038 1789 1072 ipsi

1001 1083 1113 1110 Christo
1141 1083 1335 1110 maledicentes
1349 1082 1502 1109 dicebant:
1523 1082 1557 1108 Et
1573 1090 1623 1109 non
1651 1087 1711 1108 erat
1744 1083 1788 1117 qui

1001 1128 1132 1161 sepeliret.
1149 1127 1200 1161 Qui
1221 1127 1279 1155 sic?
1292 1127 1356 1162 quia
1370 1127 1499 1154 nimirum
1521 1127 1583 1162 ipsi,
1604 1131 1698 1162 utpote
1715 1135 1789 1154 mor-

1004 1174 1054 1205 tui,
1072 1178 1202 1201 semutuo
1217 1173 1333 1208 sepelire
1353 1173 1465 1200 minime
1496 1173 1639 1200 ualebant:
1667 1173 1788 1200 Ecclesia

1002 1224 1094 1247 autem
1109 1220 1198 1247 nescit
1211 1220 1285 1254 ipsos
1295 1219 1422 1253 sepelire,
1445 1219 1470 1246 id
1491 1225 1541 1251 est.
1560 1227 1655 1248 eorum
1677 1223 1787 1254 peccata

1003 1270 1157 1301 contegere.
1171 1266 1242 1298 Quid
1255 1273 1336 1300 porro
1357 1267 1505 1301 prohibet?
1528 1266 1627 1293 Christi
1659 1267 1787 1294 nimirum

1004 1312 1140 1339 sententia
1152 1312 1285 1340 dicentis:
1302 1313 1413 1340 Dimitte
1428 1317 1543 1340 mortuos
1556 1313 1664 1347 sepelire
1674 1318 1788 1340 mortuos

1004 1359 1104 1385 suos”.
1132 1357 1203 1392 Quid
1214 1358 1272 1385 ita?
1297 1358 1367 1391 Quia
1390 1359 1436 1393 qui
1464 1363 1622 1393 peccatores
1646 1363 1788 1394 protegere

1003 1408 1148 1438 conantur,
1178 1405 1299 1439 ipsorum
1328 1406 1451 1432 actiones
1475 1405 1560 1440 magis
1587 1405 1735 1436 denudant,
1760 1408 1788 1430 ct

1003 1450 1130 1478 omnibus
1148 1450 1348 1479 abominabiles
1366 1451 1494 1478 reddunt.

1040 1552 1124 1580 Vsus.
1140 1553 1166 1580 8.
1188 1562 1197 1578 ι
1215 1551 1254 1580 Ne
1267 1553 1425 1581 memineris
1440 1553 1613 1589 iniquitatum
1632 1558 1787 1580 nostrarum

965 1616 988 1647 α
1003 1599 1187 1647 aluiquarum.
1201 1607 1214 1625 ι

1038 1645 1116 1672 Unde
1131 1645 1204 1672 enim
1234 1645 1267 1672 ad
1291 1645 1401 1679 antiqua
1426 1649 1455 1672 et
1480 1652 1550 1671 nova
1577 1645 1646 1671 mala
1665 1644 1789 1671 suﬂicere

1004 1691 1170 1726 poterimus?
1184 1691 1318 1718 Fortassis
1335 1698 1400 1718 vero
1418 1691 1548 1725 propheta
1566 1695 1673 1718 veteres
1689 1690 1788 1725 iniqui-

1005 1740 1075 1763 tates
1090 1740 1168 1764 vocat
1180 1736 1238 1762 illas
1254 1743 1315 1770 quae
1329 1736 1356 1763 in
1370 1736 1478 1763 deserto
1505 1735 1688 1770 contigerunt,
1720 1743 1789 1770 quo-

1005 1782 1079 1809 niam
1106 1782 1238 1817 plurimas
1264 1782 1332 1818 ipsis
1362 1782 1433 1809 Deus
1456 1790 1556 1817 easque
1586 1782 1675 1809 varias
1701 1782 1790 1810 minas

1005 1827 1164 1861 intentavit;
1180 1828 1328 1863 quarejam
1344 1836 1436 1855 earum
1452 1829 1495 1862 pie
1509 1828 1603 1856 recolit
1619 1828 1787 1855 memoriam.

1005 1871 1079 1899 Nihil
1109 1873 1249 1900 hominem
1274 1873 1344 1900 adeo
1379 1880 1528 1907 pauperem
1560 1873 1680 1899 declarat
1707 1877 1789 1906 atque

1006 1921 1135 1952 peccata:
1163 1925 1244 1952 porro
1271 1918 1416 1952 pauperior
1438 1918 1477 1950 lit,
1506 1925 1568 1944 cum
1586 1917 1620 1944 ad
1647 1922 1787 1952 peceatum

1006 1963 1130 1997 impietas
1142 1963 1489 1998 adjungitur.Quapropter
1507 1967 1646 1997 rogarunt,
1666 1962 1788 1988 utmise-

1006 2006 1127 2034 rationes
1154 2008 1200 2034 Dei
1224 2007 1290 2042 ipsis
1317 2007 1544 2040 accelerarentur,
1571 2014 1606 2033 ne
1622 2014 1678 2040 pla:
1705 2007 1787 2033 nimia

1005 2056 1124 2087 egestate
1150 2052 1328 2086 desperantes
1355 2058 1492 2087 pereant:
1519 2052 1558 2080 sic
1587 2052 1669 2087 igitur
1697 2052 1787 2088 praebe

1005 2096 1134 2123 auxilium
1151 2101 1238 2123 tuum.

1040 2142 1121 2169 Vens.
1136 2142 1162 2169 9.
1183 2151 1192 2168 ι
1207 2143 1311 2177 Adjuva
1323 2151 1384 2177 nos,
1402 2143 1473 2170 Deus
1487 2143 1622 2170 salutaris.
1636 2153 1645 2168 ι

1040 2187 1104 2215 Haec
1118 2188 1151 2215 ad
1179 2188 1317 2216 Christum
1334 2194 1413 2216 orat:
1431 2189 1489 2223 ipse
1515 2189 1587 2216 enim
1615 2197 1670 2216 non
1699 2189 1787 2216 solum

1004 2231 1087 2264 Deus,
1101 2241 1196 2260 verum
1208 2233 1289 2260 etiam
1307 2234 1431 2261 Salvator
1444 2242 1491 2269 per
1502 2234 1688 2262 excellentiam
1700 2235 1786 2261 nomi-

169 2274 252 2306 αὐτὸς
271 2276 318 2300 καὶ
338 2273 400 2305 δόξα
415 2272 463 2299 τοῦ
484 2273 614 2308 ὀνόματος
639 2271 687 2298 τοῦ
697 2272 775 2302 Θεοῦ,
790 2270 891 2306 δηλαδὴ
906 2270 953 2296 τοῦ

1006 2281 1104 2304 natur:
1130 2278 1187 2312 ipse
1212 2278 1294 2305 etiam
1328 2279 1411 2314 gloria
1438 2280 1556 2306 nominis
1591 2279 1649 2312 Dei,
1684 2280 1787 2307 scilicet

170 2321 285 2355 Πατρός·
302 2320 363 2346 ὅθεν
376 2319 457 2346 αὐτὸν
468 2320 537 2346 καὶό
551 2318 655 2350 Παῦλος
668 2318 838 2352 ἀπαύγασμα
851 2317 900 2351 τῆς
910 2315 954 2342 δό-

170 2367 218 2401 ξης
232 2366 280 2392 τοῦ
294 2366 399 2403 Πατρδς
414 2365 629 2400 προσηγόρευσε.
645 2363 700 2389 Καὶ
710 2362 782 2393 τίνος
799 2362 894 2397 χάριν;
906 2360 955 2387 Διὰ

168 2414 200 2440 τὸ
211 2413 313 2448 όνομα,
331 2413 414 2447 φησὶ,
431 2411 479 2438 τοῦ
494 2411 578 2442 Θεοῦ,
603 2409 704 2445 δηλαδὴ
717 2408 852 2444 Χριστοῦ,
868 2407 898 2438 ὃς
911 2406 955 2433 διὰ

169 2459 251 2486 τοῦτο
276 2459 431 2494 ἱλαστήριον
458 2457 606 2492 κέκληται*
629 2453 705 2486 οὗτος
730 2455 792 2484 ταῖς
811 2453 866 2479 τῶν
887 2452 954 2478 Ὶου-

168 2504 252 2531 δαίων
267 2503 417 2539 ἁμαρτίαις
431 2502 544 2538 ἱλασμὸν
557 2500 714 2536 ὲπορίσατο,
729 2499 809 2535 ἡνίκα
822 2507 888 2525 σταυ
894 2496 950 2532 ρού-

171 2559 251 2586 μενος
267 2549 336 2584 πρὸς
348 2549 394 2575 τὸν
407 2548 515 2582 Πατέρα
529 2547 603 2580 ἔλεγε
613 2554 620 2561 ·
630 2545 736 2579 Πάτερ,
751 2543 950 2579 ἄφες-ἀὺτοῖς-

168 2598 205 2624 οὺ
221 2596 275 2631 τὰρ
287 2595 375 2622 ισασι
391 2594 420 2620 τι
433 2593 564 2620 ποιοῦσι.
582 2591 660 2622 Τίνος
673 2590 752 2626 χάριν
769 2589 893 2625 γνωστὴν
907 2597 953 2623 γε·

169 2641 264 2669 νέσθαι
280 2641 330 2676 τὴν
344 2639 483 2675 ἐκδίκησιν
500 2640 557 2670 τοῖς
575 2637 662 2665 ἔθνεσι
680 2636 822 2671 βούλεταις
841 2636 952 2670 Ἐπειδὴ

170 2688 243 2715 κατὰ
262 2687 398 2722 δαιμόνων
420 2685 526 2720 ἔμελλε,
551 2684 605 2710 τῶν
627 2684 657 2710 τὸ
681 2681 750 2717 αἷμα
772 2681 883 2717 (δηλαδὴ
903 2681 952 2713 τὰς

170 2734 269 2769 ψυχὰς)
281 2733 334 2760 τῶν
346 2732 448 2759 δούλων
463 2731 511 2758 τοῦ
525 2730 593 2757 Θεοῦ
607 2730 685 2765 (φησὶ
695 2729 724 2756 δὲ
736 2729 791 2755 τῶν
809 2727 952 2762 Ἰουδαίων)

170 2779 215 2806 διὰ
228 2779 277 2814 τῆς
297 2775 728 2812 είδωλολατρείας,λυμηναμένων
751 2773 887 2808 γενέσθαι.
905 2773 954 2805 Τίς

171 2825 199 2851 δὲ
213 2822 248 2859 ἧν
258 2823 397 2856 ἐκδίκησις
409 2831 417 2856 ;
433 2821 465 2849 'H
479 2821 533 2849 τῶν
548 2821 663 2848 εἰδώλων
672 2819 859 2855 καταστροφὴ,
874 2820 888 2845 ὁ
900 2818 954 2845 τῶν

172 2868 332 2896 διαϐολικῶν
344 2868 416 2895 ναῶν
430 2867 605 2902 ὲμπρησμός.

1007 2322 1111 2349 Patris:
1144 2323 1215 2349 unde
1245 2323 1328 2350 etiam
1356 2324 1456 2351 Paulus
1495 2325 1583 2359 ipsum
1614 2325 1786 2359 splendorem

1004 2367 1095 2402 gloriae
1113 2367 1198 2394 Patris
1214 2369 1419 2403 nuncupavit”.
1442 2370 1474 2396 Et
1502 2369 1581 2404 cujus
1597 2369 1702 2404 gratia?
1719 2369 1787 2396 Pro-

1003 2417 1064 2446 pter
1077 2420 1188 2446 nomen,
1205 2414 1302 2449 inquit.
1316 2414 1372 2446 Dei,
1383 2414 1488 2441 scilicet
1503 2414 1614 2445 Christi,
1627 2414 1671 2448 qui
1684 2414 1787 2441 idcirco

1003 2457 1162 2492 propiliatio
1175 2463 1303 2485 vocatur:
1325 2459 1369 2485 hic
1383 2458 1501 2492 peccatis
1515 2457 1670 2484 Judteorum
1695 2458 1787 2493 propi-

1005 2503 1146 2530 tiationem
1174 2504 1305 2538 elargitus
1332 2508 1382 2535 est,
1406 2504 1515 2538 quando
1541 2503 1617 2530 cruci
1645 2503 1739 2531 afﬁxus
1754 2506 1787 2532 ad

1004 2545 1111 2574 Patrem
1131 2547 1213 2575 dixit:
1231 2546 1321 2580 Pater,
1337 2549 1439 2574 dimitte
1453 2548 1523 2579 illis;
1551 2556 1600 2574 non
1613 2549 1681 2575 enim
1701 2551 1787 2577 sciunt

1005 2594 1068 2628 quid
1082 2594 1223 2629 faciunt“.
1252 2594 1338 2626 Quam
1355 2595 1390 2620 ob
1410 2601 1518 2621 causam
1543 2594 1600 2621 vult
1620 2599 1711 2622 notam
1727 2595 1785 2623 ﬁeri

1005 2639 1133 2673 gentibus
1155 2639 1305 2666 ultionem?
1325 2639 1393 2672 Quia
1414 2645 1508 2667 contra
1532 2641 1668 2668 daemones
1696 2640 1786 2669 futura

1006 2689 1074 2717 erat,
1092 2684 1138 2718 qui
1152 2685 1312 2719 sanguinem
1329 2685 1443 2719 (scilicet
1455 2686 1571 2717 animas)
1585 2693 1727 2712 servorum
1740 2686 1786 2713 Dei

1004 2729 1081 2764 (dicit
1095 2733 1187 2755 autem
1199 2727 1368 2758 Judaeoruml
1384 2737 1432 2764 per
1455 2729 1634 2757 idololatrian:
1654 2737 1785 2763 corrupe—

1003 2778 1074 2802 rant.
1091 2774 1221 2807 Quaenam
1235 2779 1325 2802 autem
1343 2779 1403 2802 erat
1420 2775 1471 2802 ista
1491 2775 1677 2810 ulti0?Utique
1701 2774 1786 2801 idolo-

1003 2826 1063 2845 rum
1080 2819 1198 2850 eversio,
1226 2819 1423 2846 diabolicorum
1441 2819 1605 2854 templorum
1632 2817 1785 2845 sucecnsio.

208 2913 232 2930 ⁸³
246 2912 329 2940 Matth
357 2920 441 2944 xxvii,
453 2912 498 2939 25.
536 2911 558 2927 "
573 2910 669 2938 Matth.
685 2917 746 2942 vui,
761 2908 806 2936 22.
831 2907 868 2938 ,⁸³
880 2905 953 2935 Hebr

1016 2905 1042 2934 3.
1080 2907 1104 2923 "
1119 2905 1184 2934 Luc.
1199 2914 1276 2940 mu,
1293 2907 1338 2934 34.
