2056 3148
256 204 326 236 1255

847 201 1027 231 HESYCHII
1049 200 1289 231 'PRESBYTERI

1813 195 1880 232 1256

290 259 374 286 Vens.
395 256 436 283 l2.
463 264 471 280 ι
491 252 585 280 Redde
609 252 707 279 vicinis
726 252 828 279 nostris
848 253 1014 287 septuplum.
1032 261 1041 277 ι

1132 261 1143 278 ι
1166 252 1277 283 Ἀπόδος
1293 252 1349 282 τοῖς
1364 250 1483 285 γείτοσιν
1501 251 1579 286 ἡμῶν
1594 250 1809 279 ἑπταπλασίονα.
1832 263 1841 278 ι

289 303 349 330 Non
363 303 418 336 iam
433 299 537 327 vicinos
553 297 677 324 homines
690 297 849 332 appellavit:
866 305 954 332 neque
970 297 1043 324 enim

257 349 322 383 ipsis
346 345 500 380 septuplum
527 343 640 370 retribui
671 343 847 377 postulasset,
876 350 937 369 cum
961 342 1044 369 sciret

256 395 314 420 hzec
328 392 447 427 judicent
469 397 522 416 non
553 389 747 416 admissurum.
770 388 816 415 Vel
850 389 986 422 quomodo
1009 387 1044 413 ad

256 438 345 472 ipsum
357 435 496 470 psallisset
507 442 514 460 :
530 433 597 465 Quia
614 438 641 459 lu
653 433 744 459 reddes
756 433 893 467 unicuique
903 432 1044 458 secundum

256 489 334 515 opera
347 480 424 507 sua"
436 479 447 505 ‘2
461 478 563 512 Utique
579 484 642 511 ergo
662 477 695 503 de
713 476 883 503 daemonibus
912 475 992 502 dicit:
1011 474 1044 500 Hi

256 526 328 553 enim
341 524 496 559 septuplum
512 522 610 549 merito
628 521 774 555 recipiunt,
787 525 881 555 utpote
891 527 953 547 cum
966 519 1045 547 nobis

256 576 353 598 natura
365 568 568 605 praestantiores
583 568 757 598 exsistentes,
779 574 794 593 e
811 566 881 594 cutio
908 564 1044 592 deturbati

257 616 322 648 sint,
335 621 362 642 et
377 623 411 642 ne
426 615 466 641 sic
487 614 596 648 quidem
623 613 753 639 meliores
775 611 885 638 cli'ecti:
911 611 1044 644 siquidem

258 667 358 688 terram
373 658 624 687 machinationibus
636 658 693 685 suis
707 657 880 691 perturbant,
901 660 928 683 et
942 663 978 682 ne
995 655 1046 682 soli

257 710 382 742 peccent,
395 713 446 732 nos
457 712 566 739 quoque
577 704 609 731 ad
620 703 789 738 peccandum
805 702 950 733 inducunt,
964 706 1046 736 atque

222 775 224 778 .
258 751 373 784 insuper
386 749 483 781 Deum,
500 749 564 776 dum
579 748 669 783 imago
691 748 752 781 ejus
769 747 884 779 corruit,
913 747 1046 781 quodam—

259 795 340 822 modo
356 795 502 821 lacessunt.
519 793 677 821 Universam
689 793 756 819 dicit
770 792 980 819 humanitatem.
991 791 1046 818 Nos

259 841 333 868 enim
344 847 462 875 superne
478 840 591 874 deiectis
601 839 769 866 daemonibus
784 846 936 873 opponens,
960 846 1046 873 popu-

260 887 316 914 lum
333 887 378 913 Dei
392 890 418 913 et
435 893 514 913 ovem
538 893 645 920 pascua:
665 885 724 920 ejus
749 885 888 911 hominem
917 884 1043 918 appellat.

1129 297 1195 324 Οὐδὲ
1211 297 1259 324 νῦν
1275 297 1400 331 γείτονας
1416 297 1577 333 ἀνθρώπους
1593 297 1832 333 προσηγόρευσεν·
1848 300 1879 326 οὐ

1093 343 1149 378 γὰρ
1164 343 1198 370 ἂν
1209 343 1302 374 αὐτοῖς
1326 343 1530 370 ἑπταπλασίονα
1549 343 1715 377 γεγενῆσθαι
1731 343 1878 379 ἐπηύξατο,

1094 388 1172 421 εἰδὼς
1191 389 1295 416 τούτων
1315 389 1361 416 τὸν
1382 390 1479 425 κριτὴν
1499 390 1549 416 οὐκ
1571 390 1746 424 ἀνεχόμενον.
1769 391 1804 416 Ἣ
1821 390 1880 422 πῶς

1093 433 1160 468 πρὸς
1176 433 1257 460 αὑτὸν
1273 433 1403 468 ἔψαλλεν·
1428 434 1493 460 Ὅτι
1511 434 1553 460 σὺ
1576 434 1743 467 ἀποδώσεις
1762 435 1880 470 ἑκάστῳ

1093 478 1170 505 κατὰ
1186 480 1222 505 τὰ
1240 479 1313 513 ἔργα
1331 479 1425 506 αὐτοῦ
1438 487 1447 510 ;
1462 479 1534 514 Ἀρα
1547 480 1637 506 τοίνυν
1659 480 1722 515 περὶ
1744 481 1880 516 δαιμόνων

1094 524 1183 557 λέγει·
1199 521 1272 550 οὗτοι
1289 525 1343 560 γὰρ
1357 525 1560 551 ἑπταπλασίονα
1586 525 1700 557 δικαίως
1717 515 1880 562 ἀπολαμσά-
1936 515 1947 524 .

1094 577 1195 602 νουσιν,
1215 569 1253 600 ὡς
1264 569 1417 605 κρείττονος
1435 571 1483 605 μὲν
1502 570 1519 605 ἢ
1545 571 1606 597 καθ’
1619 572 1693 606 ἡμᾶς
1707 571 1880 607 ὑπάρχοντας

1095 614 1211 648 φύσεως,
1236 614 1359 649 ῥιφέντες
1379 615 1407 641 δὲ
1427 615 1456 647 ἐξ
1480 615 1607 651 οὐρανοῦ,
1632 617 1680 643 καὶ
1706 617 1774 652 μηδὲ
1794 617 1881 649 οὕτως

1094 660 1238 694 γεγονότες
1256 661 1485 696 σωφρονέστεροι·
1509 661 1577 689 ἀλλὰ
1599 661 1649 697 τὴν
1675 663 1726 697 γῆν
1747 663 1798 697 μὲν
1819 665 1882 694 ταῖς

1095 706 1228 738 ἐπινοίαις
1241 707 1439 742 ταράσσοντες,
1461 707 1498 742 μὴ
1522 708 1597 742 μόνοι
1618 707 1647 734 δὲ
1666 708 1880 743 ἁμαρτάνοντες,

1095 751 1164 778 ἀλλὰ
1186 751 1234 778 καὶ
1257 753 1330 787 ἡμᾶς
1360 753 1527 788 ἁμαρτάνειν
1558 753 1712 788 ἐνάγοντες,
1739 754 1787 781 καὶ
1813 755 1883 790 πρὸς

1093 797 1200 828 τούτοις
1217 797 1261 823 τὸν
1278 797 1362 830 Θεὸν,
1379 798 1417 829 ὡς
1437 798 1488 834 τῆς
1505 799 1588 825 αὐτοῦ
1613 799 1826 835 παραπεσούσης
1842 801 1883 826 ει-

1095 841 1183 873 κόνος,
1194 841 1379 874 ὀνειδίζοντες.
1393 844 1486 870 Πᾶσαν
1505 843 1580 878 λέγει
1599 845 1649 879 τὴν
1672 844 1881 880 ἁνθρωπότητα.

1102 887 1281 913 Ἀντιτάττων
1300 887 1355 923 γὰρ
1373 889 1447 923 ἡμᾶς
1467 888 1537 923 πρὸς
1553 889 1616 919 τοὺς
1637 889 1740 915 ἄνωθεν
1761 898 1884 924 καταρα-

260 932 293 958 Ει
307 939 355 958 cur
373 938 480 965 pascua:
490 930 550 965 ejus
566 929 650 957 oves?
663 928 730 961 Quia
748 928 877 954 nimirum
889 935 940 955 nos
953 927 1045 955 ﬁdeles

1099 932 1211 967 χθέντας
1232 933 1373 968 δαίμονας,
1396 933 1459 960 λαὸν
1481 933 1548 960 Θεοῦ
1570 934 1616 960 καὶ
1635 934 1770 969 πρόϐατον
1796 935 1883 970 νομῆς

259 977 318 1012 ipso
333 976 481 1011 pascimur|
497 976 563 1003 dum
576 978 744 1002 sacramenta
757 973 902 1001 sumimus.

502 1129 660 1157 PSALMUS
681 1128 798 1156 LXXIX.

296 1177 376 1205 Vens.
391 1176 418 1203 2.
441 1185 449 1201 ι
470 1175 521 1209 Qui
539 1175 610 1211 regis
622 1174 712 1205 lsrael,
729 1174 864 1201 intende.»

297 1223 392 1250 Pastor
423 1223 467 1249 hic
494 1222 601 1249 lsraelis
623 1228 678 1248 non
697 1220 765 1247 alius
777 1224 819 1246 est
848 1225 928 1252 quant
953 1217 976 1244 is
1000 1216 1045 1251 qui

261 1269 344 1296 dicit:
369 1269 425 1304 Ego
450 1276 510 1295 sum
536 1272 626 1301 pastor
649 1266 771 1299 bonus”,
793 1271 907 1300 pascens
932 1270 980 1290 eos
1000 1263 1045 1297 qui

261 1319 382 1342 mentem
403 1314 503 1340 habent
521 1313 606 1339 Deum
628 1312 776 1339 videntem.
898 1348 900 1351 ν

298 1360 377 1387 Vens.
398 1359 425 1385 5.
445 1367 454 1383 ‹
474 1357 565 1384 Excita
579 1357 728 1392 potentiam
746 1361 827 1389 luam,
840 1360 867 1383 et
879 1355 953 1382 veni.
974 1364 983 1380 ι

298 1404 433 1438 Propheta
448 1403 523 1430 hunc
538 1410 692 1429 sermonem
709 1402 737 1428 in
764 1409 908 1437 progressu
930 1399 1046 1427 reddidit

262 1448 495 1480 manifestior-em,
523 1447 666 1474 declarans
689 1446 826 1481 quomodo
849 1450 876 1473 et
901 1453 982 1480 quam
1011 1445 1046 1472 ob

262 1490 372 1522 causam
391 1497 523 1520 venturus
534 1497 606 1520 esset
620 1492 759 1519 Christus:
783 1499 832 1518 nos
859 1491 933 1518 enim
951 1498 1046 1518 sumus

263 1547 346 1567 causa
374 1539 508 1566 adventus
531 1538 607 1572 ejus,
635 1542 664 1564 ut
689 1545 739 1564 nos
766 1541 938 1564 converteret
964 1541 1046 1570 atque

263 1584 433 1611 emendaret.
457 1582 553 1609 Modus
573 1586 665 1609 autem
689 1581 867 1616 apparitionis
881 1580 1046 1607 manifestus

264 1634 317 1660 est.
337 1633 367 1656 ut
380 1628 448 1656 facie
463 1628 497 1655 ad
512 1627 607 1654 faciem
619 1626 707 1661 ipsum
724 1626 874 1658 videamus,
889 1633 943 1653 non
971 1625 1049 1652 aliter

265 1675 359 1708 ulique
375 1673 508 1704 salvandi,
525 1672 580 1699 nisi
594 1671 664 1698 hanc
674 1671 773 1699 faciem
793 1671 873 1698 nobis
889 1670 1048 1698 manifesta-

265 1719 345 1746 verit.

300 1775 383 1802 Vens.
402 1775 426 1801 7.
442 1784 450 1801 ι
469 1775 586 1802 Posuisti
607 1782 657 1802 nos
670 1775 696 1802 in
711 1774 954 1805 contradictionem
981 1772 1048 1800 vici-

265 1822 318 1849 nis.
339 1831 348 1847 ι

300 1866 395 1894 Eidem
426 1865 529 1893 insistit
549 1867 711 1902 precationi,
735 1870 764 1893 ut
793 1866 920 1893 ostendat
947 1868 1049 1900 quanta

265 1913 325 1948 ejus
342 1912 377 1939 sit
389 1912 556 1945 necessitas;
571 1913 707 1947 simulque
722 1920 773 1940 nos
788 1912 903 1944 erudiat,
929 1919 964 1938 ne
989 1911 1049 1938 ani-

266 1967 341 1987 mum
359 1959 588 1994 despondeamus,
610 1960 720 1994 quando
740 1967 795 1986 non
811 1958 1005 1992 consequimur
1024 1956 1050 1984 id

265 2005 337 2039 quod
352 2005 486 2038 petimus;
511 2004 559 2032 sed
588 2011 809 2039 perseveremus;
842 2003 953 2030 omnino
977 2002 1050 2030 enim

265 2051 461 2078 obtinebimus.

300 2107 382 2134 Vens.
400 2107 443 2134 15.
463 2116 472 2132 ι
488 2107 559 2135 Deus
569 2107 712 2140 virtutum,
730 2111 902 2134 convertere.
927 2116 936 2132 ›

301 2151 527 2186 Quandoquidem
541 2153 613 2180 enim
629 2161 717 2188 neque
734 2154 776 2180 lex
801 2161 890 2188 neque
912 2153 1052 2189 prophetat

265 2197 394 2224 lsraelem
408 2198 601 2232 converterint,
623 2199 777 2227 necessario
797 2200 946 2235 ipsummet
971 2201 1050 2228 Chri-

265 2248 337 2270 stum
354 2248 433 2279 rogat
449 2247 478 2270 ut
490 2249 674 2272 convertatur.

303 2310 312 2326 ι
329 2301 414 2328 Visita
430 2301 538 2328 vineam
551 2301 639 2328 istam.
661 2312 669 2327 I

299 2346 523 2381 Quandoquidem
557 2346 713 2374 Judzeorum
752 2347 921 2384 Synagogam
961 2349 1048 2378 vineae

264 2397 482 2427 comparaverat,
499 2394 655 2420 necessario
663 2393 744 2420 etiam
756 2394 872 2429 partitur
884 2395 1048 2427 orationem,

263 2438 427 2472 quandoque
441 2438 552 2473 quidem
570 2438 604 2466 ad
615 2437 758 2473 imaginem
778 2438 911 2470 referens,
926 2439 1049 2474 quando-

264 2489 318 2516 que
332 2490 396 2509 vero
420 2483 452 2509 ad
468 2483 528 2510 illos
542 2488 654 2518 propter
683 2491 750 2518 quos
781 2484 927 2519 imaginem
943 2493 1049 2512 assum-

266 2526 331 2561 psit.
343 2526 498 2554 Judazcrum
513 2527 595 2563 igitur
610 2528 700 2560 vinea,
724 2529 750 2556 id
763 2534 804 2556 est
820 2529 970 2565 Synagoga,
993 2531 1050 2565 igni

265 2578 397 2598 succensa
417 2572 480 2605 fuit,
504 2573 550 2600 illo
571 2582 670 2609 nempe
687 2574 720 2602 de
744 2583 798 2610 quo
817 2575 942 2604 Christus
967 2577 1048 2605 dixit:

269 2617 361 2651 Ignem
370 2620 426 2645 veni
442 2620 544 2646 mittere
563 2621 590 2647 in
605 2626 722 2649 terram:
745 2628 768 2650 et
784 2624 846 2659 quid
860 2623 928 2656 volo,
958 2625 1009 2651 nisi
1022 2629 1050 2651 ut

266 2665 425 2691 accendatur
432 2666 469 2691 ὀἳ
478 2665 581 2694 ldcirco
593 2667 661 2702 ignis
674 2668 800 2704 injectus,
820 2675 847 2697 et
860 2670 973 2698 suﬂossa
986 2675 1028 2698 est
1041 2679 1048 2703 ;

265 2713 296 2736 ut
307 2717 356 2744 per
371 2710 563 2738 sull‘ossionem
579 2712 752 2749 detegeretur
766 2715 793 2741 in
815 2715 858 2742 illa
874 2715 961 2743 latens
988 2716 1051 2742 fun-

267 2755 437 2787 damentum,
453 2757 486 2783 de
501 2765 556 2791 quo
579 2758 663 2786 Isaias
683 2760 735 2786 ait:
756 2760 821 2787 Ecce
837 2769 882 2794 ego
906 2762 1049 2788 immittam

266 2799 294 2824 in
323 2798 494 2834 fundamenta
522 2801 586 2829 Sion
610 2803 725 2838 lapidem
751 2805 903 2838 pretiosum,
927 2805 1048 2839 electum,

301 2896 325 2913 θ’
335 2897 405 2925 Psal.
421 2907 474 2932 LVI,
496 2901 536 2928 l5.
575 2901 598 2917 9“
614 2901 692 2928 Joan.
712 2909 737 2933 Χ,
751 2901 793 2930 Η.
832 2903 854 2919 ⁵³
871 2902 934 2930 Luc.
950 2911 997 2934 xu,
1012 2903 1054 2931 49.

1099 977 1181 1004 αὐτοῦ
1194 979 1395 1013 προσαγορεύει
1413 979 1459 1006 τὸν
1482 972 1635 1015 ἄνθρωπον.
1653 980 1707 1006 Καὶ
1719 980 1790 1011 τίνος
1802 981 1884 1015 χάριν

1099 1024 1184 1059 νομῆς
1203 1024 1285 1050 αὐτοῦ
1302 1024 1445 1059 πρόϐατας
1462 1025 1571 1060 Ἐπειδὴ
1594 1025 1675 1052 αὐτὸν
1691 1027 1716 1051 οι
1737 1025 1829 1052 πιστοὶ
1849 1027 1882 1061 τῇ

1101 1069 1248 1105 μεταλήψει
1265 1070 1319 1096 τῶν
1335 1071 1492 1105 μυστηρίων
1506 1071 1653 1106 νεμόμεθα.

1375 1128 1520 1155 ΨΑΛΜΟΣ
1544 1129 1606 1157 ΟΘ’.

1137 1182 1145 1198 ι
1174 1173 1202 1199 '0
1216 1173 1367 1208 ποιμαίνων
1377 1174 1422 1200 τὸν
1438 1174 1557 1210 Ἰσραὴλ,
1577 1176 1708 1210 πρόσχες.
1730 1185 1739 1201 ι

1140 1219 1170 1245 ’0
1183 1219 1285 1254 ποιμὴν
1298 1217 1376 1250 οὗτος
1387 1219 1432 1246 τοῦ
1459 1220 1567 1255 Ἰσραὴλ
1586 1220 1637 1246 οὐκ
1653 1220 1732 1252 ἄλλος
1749 1220 1823 1247 ἐστὶν
1835 1219 1883 1246 τοῦ

1099 1264 1237 1295 εἰπόντος·
1258 1265 1327 1298 Ἐγώ
1351 1266 1407 1299 ειμι
1422 1266 1439 1292 ὁ
1456 1265 1570 1300 ποιμὴν
1584 1267 1601 1292 ό
1615 1266 1720 1300 καλὸς,
1746 1267 1759 1293 ὁ
1770 1266 1884 1301 ποιμαί-

1099 1317 1152 1335 νων
1163 1309 1225 1340 τοὺς
1241 1308 1352 1344 ἔχοντας
1363 1309 1426 1336 νοῦν
1440 1309 1575 1344 βλέποντα
1589 1310 1634 1337 τὸν
1642 1310 1723 1336 ’Θεόν.

1137 1362 1146 1379 ι
1171 1354 1322 1390 Ἐξέγειρον
1333 1355 1382 1389 τὴν
1401 1355 1561 1381 δυναστείαν
1582 1363 1638 1388 σου,
1656 1356 1704 1383 καὶ
1719 1355 1791 1382 ἐλθέ.
1808 1365 1817 1382 ι

1134 1400 1234 1426 Τοῦτον
1252 1400 1298 1427 τὸν
1318 1400 1395 1434 λόγον
1415 1400 1519 1436 προῖὼν
1538 1403 1552 1428 ό
1573 1402 1716 1437 προφήτης
1734 1402 1884 1437 διεσάφησε

1100 1445 1202 1477 πλεῖον,
1218 1445 1305 1481 δηλῶν
1316 1446 1373 1478 πῶς
1386 1447 1434 1473 καὶ
1453 1447 1495 1474 διὰ
1511 1447 1536 1474 τί
1552 1448 1642 1483 μέλλει
1656 1448 1855 1484 παραγίνεσθαι
1870 1448 1885 1475 ὁ

1098 1491 1226 1526 Χριστός.
1257 1491 1352 1526 Ἡμεῖς
1372 1492 1426 1528 γὰρ
1452 1494 1527 1520 αίτία
1553 1494 1637 1528 ἐσμὲν
1657 1494 1705 1528 τῆς
1732 1494 1886 1529 παρουσίας

1099 1536 1193 1568 αὐτοῦ,
1211 1537 1254 1563 ἴνα
1265 1537 1414 1572 ἐπιστρέψῃ
1427 1539 1474 1564 καὶ
1488 1538 1624 1575 διορθώσῃ
1641 1539 1724 1574 ἡμᾶς.
1743 1539 1772 1565 '0
1783 1539 1811 1565 δὲ
1823 1540 1886 1575 τρό-

1101 1592 1151 1614 πος
1164 1583 1214 1619 τῆς
1224 1585 1377 1619 παρουσίας
1390 1584 1469 1620 δῆλός
1486 1586 1570 1618 ἐστιν,
1592 1585 1634 1612 ἵνα
1649 1585 1791 1620 βλέπωμεν
1802 1585 1886 1612 αὑτὸν

1102 1629 1246 1663 πρόσωπον
1267 1630 1335 1665 πρὸς
1353 1630 1511 1665 πρόσωπον,
1534 1631 1584 1657 οὐκ
1605 1631 1692 1664 ἄλλως
1711 1631 1813 1667 δηλαδὴ
1831 1640 1886 1658 σω-

1100 1673 1202 1706 θέντες,
1220 1674 1244 1700 εῑ
1267 1675 1304 1710 μή
1320 1684 1373 1710 περ
1383 1675 1461 1702 τοῦτο
1473 1676 1540 1711 ἡμῖν
1559 1676 1590 1702 τδ
1619 1676 1765 1711 πρόσωπον
1786 1677 1886 1712 ἐνεφα-

1100 1719 1197 1750 νίζετο.

1139 1785 1147 1800 ι
1168 1776 1248 1802 Ἕθου
1260 1778 1334 1812 ἡμᾶς
1346 1778 1385 1809 εἰς
1398 1777 1553 1812 ἀντιλογίαν
1563 1779 1619 1810 τοῖς
1629 1778 1759 1813 γείτοσιν.
1775 1787 1784 1803 ι

1139 1871 1194 1906 Τῆς
1210 1872 1294 1907 αὐτῆς
1315 1872 1406 1908 ἔχεται
1424 1874 1582 1909 πρεσϐείας,
1598 1875 1642 1902 ἴνα
1656 1875 1738 1902 πόσον
1757 1875 1844 1911 αὐτῆς
1857 1876 1888 1903 τὸ

1099 1916 1247 1951 ἀναγκαῖον
1266 1918 1435 1953 ἐνδείξηται·
1451 1919 1518 1955 ὁμοῦ
1537 1920 1565 1946 δὲ
1587 1921 1634 1947 καὶ
1645 1921 1720 1956 ἡμᾶς
1739 1921 1886 1954 παιδεύων,

1102 1962 1139 1997 μὴ
1160 1963 1301 1998 ὀλιγωρεῖν
1320 1965 1507 2000 ὰποτυχόντας
1524 1967 1606 2001 εὐχῆς
1619 1975 1625 1981 ·
1647 1966 1704 1993 ἀλλ’
1723 1967 1865 2002 ἐπιμένειν
1878 1975 1886 1983 ·

1101 2009 1209 2041 πάντως
1222 2009 1276 2046 γὰρ
1293 2010 1334 2037 ὅτι
1345 2011 1507 2046 τευξόμεθα.

1139 2119 1147 2136 ι
1168 2109 1197 2136 '0
1208 2110 1275 2142 Θεὸς
1289 2111 1344 2137 τῶν
1354 2111 1504 2146 δυνάμεων,
1519 2113 1693 2148 ὲπίστρεψον.
1707 2124 1717 2140 ι

1142 2155 1252 2190 Ἐπειδὴ
1263 2155 1318 2191 γὰρ
1329 2156 1391 2183 οὔτε
1405 2158 1419 2183 ό
1431 2158 1513 2192 νόμος
1524 2159 1571 2185 τὸν
1588 2159 1696 2195 Ἰσραὴλ
1706 2160 1768 2186 οὕτε
1782 2162 1889 2196 προφῆ-

1099 2209 1144 2227 ται
1160 2201 1345 2236 ὲπέστρεψαν,
1358 2204 1516 2238 ἀναγκαίως
1526 2205 1608 2232 αὑτὸν
1617 2207 1782 2241 ἐπιστρέψαι
1797 2215 1889 2243 παρα-

1101 2245 1180 2273 καλεῖ
1194 2246 1241 2273 τὸν
1254 2247 1382 2282 Χριστόν.

1140 2314 1149 2330 ι
1165 2304 1219 2331 Καὶ
1232 2304 1381 2341 ἐπίσκεψαι
1395 2307 1445 2342 τὴν
1460 2307 1583 2342 ἄμπελον
1597 2308 1710 2343 ταύτην.
1736 2318 1746 2335 ι

1143 2349 1252 2386 Ἐπειδὴ
1275 2352 1392 2387 ἀμπέλῳ
1411 2352 1462 2388 τὴν
1484 2353 1539 2380 τῶν
1563 2354 1698 2381 Ἰουδαίων
1723 2355 1890 2390 Συναγωγὴν

1103 2396 1270 2431 συνέκρινεν,
1287 2397 1447 2432 ἀναγκαίως
1462 2400 1510 2426 καὶ
1532 2401 1640 2436 μερίζει
1652 2402 1698 2428 τὸν
1717 2402 1806 2436 λόγον,
1823 2403 1889 2428 ποτὲ

1104 2441 1155 2476 μὲν
1170 2442 1238 2477 πρὸς
1251 2443 1300 2478 τὴν
1317 2444 1420 2476 εἰκόνα,
1437 2445 1502 2472 ποτὲ
1521 2446 1550 2472 δὲ
1569 2447 1638 2481 πρὸς
1652 2447 1764 2479 τούτους
1792 2447 1835 2482 ἐφ’
1848 2445 1890 2479 οἷς

1103 2488 1151 2522 τὴν
1175 2488 1268 2515 εἰκόνα
1305 2490 1471 2526 πρέλαὸεν.
1506 2491 1686 2528 Ἐνεπυρὶσθη
1712 2494 1802 2520 τοίνυν
1823 2495 1891 2530 πυρὶ

1104 2533 1121 2567 ὴ
1143 2532 1197 2559 τῶν
1225 2534 1362 2561 Ἰουδαίων
1382 2535 1522 2571 ἄμπελος,
1549 2538 1690 2564 τουτέστιν
1710 2539 1726 2573 ή
1753 2539 1807 2565 τῶν
1824 2539 1891 2566 Ἰου-

1104 2578 1186 2606 δαίων
1213 2579 1374 2616 Συναγωγή,
1399 2583 1496 2616 ἐκείνῳ
1517 2584 1546 2610 δὲ
1574 2585 1640 2619 περὶ
1666 2580 1697 2611 οὗ
1731 2585 1746 2610 ὀ
1772 2586 1892 2620 Χριστὸς

1104 2624 1181 2658 ἔλεγε
1193 2632 1201 2641 ·
1231 2625 1295 2660 Πῦρ
1324 2624 1419 2661 ἦλθον
1437 2628 1547 2660 βαλεῖν
1567 2631 1611 2662 εις
1624 2626 1682 2664 τὴν
1703 2630 1778 2665 γῆν·
1796 2631 1846 2657 καὶ
1863 2633 1892 2658 τί

1104 2669 1189 2701 θέλω,
1208 2672 1234 2697 εἰ
1251 2671 1310 2705 ἤδη
1331 2671 1471 2707 dﬂigam];
1491 2674 1592 2701 Τούτου
1607 2675 1635 2702 δὲ
1646 2676 1725 2711 χάριν
1743 2676 1844 2711 ἐϐλήθη
1862 2677 1893 2703 τὺ

1103 2715 1158 2750 πῦρ
1170 2736 1177 2748 ,
1194 2717 1241 2742 καὶ
1260 2717 1401 2753 ἁνεσκάφη
1416 2738 1423 2750 ,
1448 2719 1491 2745 ἵνα
1512 2720 1718 2756 ἁνασκαφείσης
1738 2722 1824 2757 αὐτῆς
1841 2730 1895 2757 γυ-

1106 2762 1198 2797 μνωθῇ
1221 2763 1235 2788 ό
1253 2763 1282 2788 ὲν
1302 2763 1370 2799 αὑτῇ
1388 2765 1580 2804 κεκρυμμένος
1605 2766 1747 2801 θεμέλιος,
1771 2769 1835 2802 περὶ
1862 2764 1894 2794 οὗ

1112 2808 1228 2840 Ἡσαΐας
1243 2808 1346 2843 ἔλεγεν·
1363 2809 1436 2837 Ἰδοὺ
1449 2811 1506 2844 ἐγὼ
1515 2811 1653 2846 ἐμῦἁλλω
1666 2814 1710 2846 εις
1724 2814 1759 2840 τὰ
1773 2814 1895 2848 θεμέλιά
