2056 3148
202 204 249 237 12(
255 204 271 235 3

792 192 971 225 HESYCHII
1001 187 1239 220 PRESBYTERI

1766 177 1834 210 ΕΜ

201 259 259 295 ejus
276 258 303 285 in
322 257 457 286 arculum.
483 255 537 289 Ego
562 261 605 280 (ro
623 253 646 279 vi
671 252 696 279 in
723 250 842 282 Patrem,
866 250 920 284 ipse
942 250 989 276 erit

1055 245 1205 273 iamJt-rlar
1218 243 1323 270 αὑτοῦ·
1341 241 1388 269 καὶ
1403 240 1596 275 οἰκοδομήσει
1611 236 1697 267 οἶκον
1715 239 1756 272 τῷ
1769 240 1835 266 ὀνύ-

202 305 266 332 mihi
280 305 306 331 in
318 303 402 338 ﬁlium
413 302 443 328 “.

236 438 320 465 'Vsns.
335 436 378 473 lo.
398 445 407 461 ι
430 434 471 462 'l‘u
488 432 638 460 dominaris
653 429 781 465 potestati
793 432 884 454 maris.
906 437 914 452 ι

239 483 344 510 Veritas
356 487 416 514 ‘lua,
438 480 538 515 inquit,
560 483 603 505 est
641 477 713 511 apud
736 475 796 502 illos
810 474 857 509 qui
884 479 909 500 te
934 480 992 499 am-

205 530 303 561 biunt;
319 536 370 555 nos
384 531 474 554 autem
486 526 531 560 qui
542 522 658 560 procula
669 526 695 549 te
706 521 846 552 absumus,
860 527 893 546 ex
902 518 993 553 provi-

206 575 508 604 dentia‘cireavterram
525 577 552 600 et
572 578 648 598 mare
670 567 898 605 magniﬁcentiam
918 571 993 594 tuam

207 625 361 655 cernentes,
384 620 559 651 conﬁtemur,
579 617 642 652 quia
661 619 760 651 potens
783 622 824 645 es,
845 618 873 640 et
893 613 994 640 veritas

209 668 290 695 tuain
301 666 416 694 circuitu
429 670 484 692 tuo.
497 663 614 690 Tantum
623 661 695 688 enim
706 667 780 687 mare
797 658 916 694 mitigas,
926 657 993 684 ostia

208 719 236 741 et
250 714 339 740 littora
357 711 393 738 illi
409 711 628 744 circnmponens,
644 711 672 733 et
693 711 723 733 ut
738 705 851 734 Domino
871 704 995 731 serviens

209 760 381 787 incurvatum
390 757 490 788 fremit,
499 756 560 782 etin
567 754 714 788 semetipso
725 752 914 783 conturbatur,
924 751 995 786 quod

210 813 264 832 non
283 809 366 831 totam
382 808 481 831 terram
497 802 621 829 inundet.

248 895 327 921 Vens.
340 893 382 921 l6.
394 903 402 918 ‹
417 893 515 919 Beatus
523 891 639 926 populus
650 890 695 925 qui
708 889 760 916 scit
769 888 970 927 jubilationem.
986 895 994 911 ι

1038 291 1110 326 ματί
1118 300 1188 326 μου,
1204 289 1252 316 καὶ
1265 287 1427 323 ἀνορθώσω
1438 287 1496 321 τὴν
1510 286 1676 318 ,βασιλείαν
1689 285 1784 312 αὑτιοῦ
1794 287 1837 318 εις

1040 338 1094 365 τὸν
1112 336 1216 364 αἰῶνα.
1234 335 1309 370 Ἐγὼ
1333 334 1440 368 ἔσομαι
1463 333 1543 365 αὐτῷ
1562 333 1607 365 εις
1629 331 1745 365 Πατέρα
1759 351 1766 364 ,
1786 333 1834 359 καὶ

1041 384 1132 416 αὐτὸς
1146 383 1232 409 ἔσται
1241 389 1292 416 μοι
1305 381 1348 413 εὶς
1368 380 1447 406 υιόν.

1081 439 1091 456 1
1110 430 1146 456 Σὺ
1162 428 1305 460 δεσπόζεις
1319 427 1368 454 τοῦ
1385 427 1503 467 κράτους
1516 425 1565 459 τῆς
1581 424 1731 460 θαλάσσης.
1755 433 1764 450 i

1084 474 1114 500 Ἦ
1141 472 1257 509 ἀλήθειά
1282 480 1340 503 σου,
1367 471 1448 505 φησὶ,
1468 470 1543 504 παρὰ
1564 470 1620 501 τοῖς
1638 469 1771 496 κυκλοῦσί
1797 477 1836 494 σε·

1043 522 1123 556 ἡμεῖς
1135 520 1162 546 δὲ
1176 519 1286 554 μακράν
1301 526 1348 544 σου
1357 517 1549 551 τυγχάνοντες,
1563 515 1612 551 τὴν
1628 515 1679 550 σὴν
1690 515 1838 550 μεγαλουρ-

1044 568 1106 602 γίαν
1124 567 1178 593 ἀπὸ
1191 567 1242 601 τῆς
1259 564 1331 591 κατὰ
1354 563 1407 599 γῆν
1424 571 1453 589 τε
1477 562 1525 588 καὶ
1551 561 1687 588 θάλατταν
1710 562 1840 597 προνοίας

1044 614 1172 649 ὁρῶντες,
1188 611 1386 647 ὁμολογοῦμεν,
1404 611 1445 636 ὅτι
1459 608 1571 640 δυνατὸς
1580 605 1615 642 εἴ,
1632 608 1680 635 καὶ
1695 609 1711 643 ἡ
1724 608 1840 643 ἀλήθεια

1046 668 1092 686 σου
1121 658 1215 693 κύκλῳ
1233 666 1291 684 σου.
1306 656 1524 691 Καταπραΰνεις
1540 655 1594 690 γὰρ
1610 654 1744 689 τοσαύτην
1758 653 1840 680 οὖσαν

1044 706 1093 741 τὴν
1111 705 1255 736 Θάλατταν,
1268 703 1391 738 περιθεὶς
1404 702 1473 737 αὐτῇ
1492 701 1579 732 πύλας
1591 701 1638 727 καὶ
1655 701 1727 736 ὅρια,
1741 701 1789 726 καὶ
1803 701 1839 731 ὡς

1045 752 1168 787 Δεσπότῃ
1191 750 1356 777 δουλεύουσα
1379 749 1554 785 κυρτουμένη
1575 749 1703 782 πτήσσει,
1729 748 1776 774 καὶ
1801 749 1839 778 είς

1047 798 1146 834 ἑαυτὴν
1163 797 1379 833 καταράσσεται,
1398 796 1467 831 πρὸς
1486 795 1516 822 τὸ
1532 794 1570 830 μὴ
1582 795 1676 821 πᾶσαν
1692 795 1839 821 ἐπικλῦσαι

1047 846 1096 878 τὴν
1108 845 1170 880 γῆν.

1086 899 1095 916 ι
1113 889 1260 924 Μακάριος
1272 889 1286 915 6
1299 888 1363 920 λαὸς
1377 888 1390 914 6
1405 887 1550 922 γινώσκων
1566 886 1734 922 ἀλαλαγμὸν.
1756 895 1766 912 ι

247 942 363 968 Sanetos
384 939 443 974 ejus
459 937 599 973 apostolos
623 938 716 963 beatos
739 934 908 970 pronuntiat,
934 933 997 967 quia

1085 936 1154 967 Τοὺς
1167 935 1264 969 ἁγίους
1292 933 1376 960 αὑτοῦ
1390 933 1560 965 ἀποστόλους
1573 932 1733 967 μακαρίζει,
1753 932 1793 958 ὅτι
1809 931 1842 967 δὴ

168 985 174 990 ’
213 987 340 1015 nimirum
364 986 391 1012 in
400 985 509 1012 nomine
523 991 555 1011 ac
568 983 668 1011 virtute
682 981 766 1017 ipsius
776 980 899 1008 fecerunt
915 979 997 1006 mira-

214 1034 276 1061 bilia
291 1039 460 1068 quaecunque
476 1030 609 1057 fecerunt.
639 1055 642 1057 _

250 1079 330 1107 Vens.
346 1078 391 1105 ‘20.
408 1086 416 1103 ι
435 1076 628 1103 Tunclocutus
637 1082 665 1101 es
676 1075 703 1100 in
716 1073 820 1101 visione
831 1071 892 1099 ﬁliis
904 1070 967 1098 tuis.
988 1079 996 1096 ι

249 1124 365 1158 Quando
380 1123 452 1150 Deus
463 1123 598 1150 exsislens
615 1120 732 1148 Verbum
749 1125 830 1146 natus
840 1122 882 1146 est
896 1118 929 1145 de
938 1125 998 1144 mu-

216 1173 291 1204 liere,
312 1175 340 1198 et
364 1169 496 1205 processit
519 1169 612 1200 homo,
628 1174 743 1194 manens
770 1166 810 1193 uti
829 1169 888 1193 erat
904 1164 974 1191 Deus
992 1172 998 1195 ;

217 1225 281 1245 tunc
305 1216 462 1244 unctionem
482 1219 593 1250 propter
616 1218 641 1240 te
664 1212 818 1247 accipiens,
843 1210 1001 1237 nominatus

217 1270 257 1292 est
270 1264 406 1291 Christus.
423 1261 492 1289 Cum
507 1261 580 1287 enim
605 1259 720 1286 Verbum
736 1262 809 1285 esset
821 1257 901 1288 Deus,
916 1260 943 1282 et
957 1263 1001 1282 rex

219 1315 281 1338 ante
296 1308 394 1336 saecula
408 1306 564 1338 exsisteret,
585 1308 678 1332 nostra
694 1303 743 1330 sibi
761 1301 957 1338 appropriavit,
974 1306 1003 1327 ut

218 1361 245 1383 et
261 1363 309 1382 nos
322 1362 353 1381 ea
370 1361 430 1389 qua:
444 1352 530 1388 ipsius
545 1355 608 1378 sunt
622 1349 845 1385 adipiscerentur.

256 1401 335 1428 Vens.
348 1399 393 1427 27.
416 1408 425 1424 ι
437 1395 639 1433 lpscinvocabit
653 1403 707 1427 me,
719 1395 798 1421 Pater
812 1401 889 1421 meus
897 1401 927 1420 es
940 1397 977 1420 tu.
992 1401 1001 1417 ι

254 1447 359 1474 Rursus
374 1446 420 1473 bic
435 1452 483 1480 per
497 1441 728 1478 dispensationem
747 1441 905 1467 incarnatus
919 1439 1004 1466 Deum

220 1499 298 1520 suum
337 1491 443 1519 Patrem
473 1488 600 1524 appellat,
616 1486 710 1513 dicens
725 1493 731 1512 :
747 1485 818 1512 Vada
837 1484 872 1510 ad
896 1482 1005 1510 Patrem

221 1547 307 1566 meum
319 1541 342 1565 et
364 1537 470 1564 Patrem
488 1540 615 1566 vestrum,
633 1537 657 1560 et
675 1531 762 1562 Deum
778 1538 864 1557 meum
881 1533 904 1556 ct
923 1529 1005 1555 Deum

221 1585 375 1613 uestrum".
390 1582 525 1617 Propheta
547 1580 620 1608 enim
636 1579 670 1606 de
691 1578 752 1612 ipso
773 1576 926 1603 vaticinans
949 1574 1004 1601 ait:
1019 1595 1040 1623 c

222 1632 339 1659 Puerum
360 1629 406 1664 qui
428 1632 509 1655 natus
524 1631 565 1653 est
585 1632 645 1652 esse
664 1624 750 1650 Deum
767 1622 875 1654 fortem,
899 1620 1005 1647 Patrem

223 1676 307 1704 t‘uturi
325 1674 416 1702 saeculi
430 1673 464 1701 “.

257 1721 339 1748 Vens.
356 1720 399 1747 5A.
419 1727 429 1744 ι
446 1718 539 1751 Neque
553 1715 657 1743 nocebo
675 1714 701 1740 in
716 1713 832 1742 veritate
845 1719 917 1739 mea.
939 1720 947 1736 ι

259 1766 346 1794 Semel
369 1768 447 1793 vocat
468 1762 572 1791 decreti
594 1760 796 1792 certitudinem,
819 1763 849 1785 ut
860 1758 931 1792 quod
954 1764 1009 1783 non

224 1811 349 1839 admittat
363 1809 552 1837 mutationem.
574 1806 641 1833 Illud
654 1810 745 1832 autem
757 1813 763 1830 :
775 1803 870 1830 Juravi
880 1804 907 1829 in
920 1806 1010 1829 sam‘la

225 1865 282 1884 meo
297 1878 303 1890 ,
319 1855 346 1883 id
374 1859 426 1886 est,
446 1852 535 1889 juravi
559 1859 610 1887 per
630 1849 801 1877 sanctitalem
821 1855 920 1875 meam.
941 1846 1009 1874 Cum

224 1904 299 1931 enim
314 1909 368 1929 non
383 1901 497 1928 haberet
518 1906 567 1934 per
581 1897 646 1932 quid
664 1896 753 1931 majus
768 1895 871 1930 iurare,
887 1901 936 1928 per
949 1900 1012 1920 san-

224 1950 346 1977 ctitatem
359 1954 435 1975 suam
447 1945 559 1980 juravit.

275 1994 355 2021 Vsus.
383 1991 427 2018 40.
461 1988 640 2017 «Profanasti
670 1985 796 2014 in'terra
828 1984 1009 2013 sanctuarium

227 2046 312 2068 tuum.
331 2048 341 2064 ι

253 2085 345 2113 =0mni
366 2083 513 2111 securitate
531 2082 620 2117 ipsum
636 2079 757 2115 spoliasti
774 2088 781 2106 :
801 2086 863 2105 nam
876 2077 1014 2105 moenibus

226 2131 365 2159 civitatum
380 2129 481 2164 quibus
501 2127 655 2154 conﬁdebat
670 2125 785 2157 eversis,
797 2123 922 2151 ﬁduciam
933 2123 1013 2150 amit-

231 2182 303 2207 tens,
320 2176 348 2201 in
357 2173 619 2208 Apusillanimitatem
631 2171 737 2198 incidit.

1049 982 1089 1017 τῷ
1101 981 1215 1016 ὀνόματι
1229 980 1312 1007 αὐτοῦ
1328 979 1375 1006 καὶ
1389 981 1422 1015 τῇ
1438 979 1553 1015 δυνάμει
1570 978 1653 1005 αὑτοῦ
1667 979 1777 1005 ἐποίουν
1791 978 1842 1004 ὅσα

1050 1028 1160 1054 ἐποίουν
1175 1026 1326 1062 παράδοξα.

1088 1082 1097 1099 ι
1112 1073 1182 1100 Τότε
1194 1072 1329 1107 ἐλάλησας
1346 1072 1375 1098 ὲν
1393 1071 1488 1105 ὁράσει
1498 1071 1555 1101 τοῖς
1569 1069 1638 1100 υίοῖς
1653 1077 1709 1096 σου.
1728 1079 1737 1095 ι

1088 1119 1153 1146 Ὅτε
1178 1118 1245 1150 Θεὸς
1268 1117 1305 1144 ὢν
1329 1118 1343 1143 6
1357 1117 1444 1151 Λόγος
1463 1115 1597 1151 ἐγεννήθη
1615 1114 1687 1142 κατὰ
1708 1115 1798 1149 σάρκα
1811 1113 1845 1141 ὲκ

1051 1165 1190 1200 γυναικὸς,
1218 1163 1266 1191 καὶ
1294 1163 1431 1199 προῆλθεν
1462 1161 1618 1197 ἄνθρωπος,
1639 1161 1729 1196 μένων
1752 1160 1790 1191 ὼς
1811 1157 1845 1195 ἦν

1051 1212 1128 1243 Θεός·
1143 1211 1204 1237 τότε
1219 1209 1269 1245 τὴν
1286 1208 1377 1244 χρίσιν
1398 1208 1442 1235 διὰ
1457 1207 1488 1234 σὲ
1503 1206 1604 1239 λαϐὼν,
1617 1205 1764 1241 ὠνομάσθη
1778 1205 1845 1240 Χρι-

1054 1258 1126 1288 στός.
1137 1255 1204 1287 Θεὸς
1217 1255 1272 1290 γὰρ
1286 1254 1451 1288 ὥνὸΛόγος,
1467 1252 1514 1280 καὶ
1530 1252 1658 1288 βασιλεὺς
1670 1251 1724 1286 πρὸ
1739 1250 1846 1277 αἰώνων

1054 1302 1195 1338 ὑπάρχων,
1226 1301 1411 1336 ίδιοποιήσατο
1428 1300 1462 1326 τὰ
1478 1299 1613 1335 ἡμέτερα,
1630 1298 1674 1324 ἶνα
1693 1297 1741 1324 καὶ
1764 1298 1846 1332 ἡμεῖς

1054 1349 1087 1375 τὰ
1104 1348 1187 1375 αὐτοῦ
1199 1347 1406 1382 πλουτήσωμεν.

1093 1404 1102 1421 ι
1122 1394 1207 1426 Αὐτὸς
1220 1392 1414 1421 ὲπικαλέσεται
1433 1400 1478 1428 με,
1495 1391 1591 1426 Πατήρ
1612 1399 1662 1426 μου
1677 1387 1702 1415 εἷ
1718 1389 1760 1416 σύ.
1780 1399 1789 1415 ι

1093 1440 1176 1467 Πάλιν
1191 1439 1308 1466 ἐνταῦθα
1319 1437 1502 1473 οἰκονομικῶς
1521 1438 1535 1464 ὁ
1550 1436 1762 1472 σεσαρκωμένος
1781 1435 1848 1462 Θεὸν

1056 1486 1154 1512 ἑαυτοῦ
1174 1485 1220 1511 τὸν
1240 1485 1351 1520 Πατέρα
1367 1483 1456 1514 καλεῖ,
1470 1483 1567 1515 λέγων’
1586 1481 1750 1516 ιιορεύομαι
1773 1481 1851 1514 πρὸς

1057 1532 1110 1558 τάν
1124 1531 1239 1565 Πατέρα
1248 1539 1307 1565 μου
1326 1530 1374 1556 καὶ
1395 1529 1510 1562 Πατέρα
1525 1527 1620 1562 ὑμῶν,
1640 1526 1690 1553 καὶ
1706 1527 1780 1553 Θεόν
1791 1534 1848 1559 μου

1057 1578 1107 1605 καὶ
1122 1578 1195 1605 Θεὸν
1208 1575 1302 1611 ὑμῶν.
1325 1576 1356 1602 '0
1367 1576 1421 1610 γὰρ
1438 1575 1583 1610 προφήτης
1592 1572 1659 1609 φησὶ
1674 1573 1740 1608 περὶ
1754 1571 1848 1602 αὐτοῦ,

1058 1623 1165 1651 παιδίον
1176 1621 1345 1657 γεννώμενον
1358 1620 1548 1658 προφητεύων,
1561 1620 1627 1646 Θεδν
1638 1619 1747 1654 ἰσχυρὸν
1756 1618 1849 1652 ἔλεγεν

1058 1670 1150 1701 αὐτὸν,
1165 1669 1275 1703 Πατέρα
1286 1667 1333 1694 τοῦ
1352 1667 1494 1703 μέλλοντος
1511 1666 1619 1697 αἰῶνος.

1096 1725 1105 1741 ι
1127 1715 1193 1742 Οὐδὲ
1211 1714 1248 1750 μὴ
1260 1714 1382 1749 ἀδικήσω
1395 1713 1423 1740 ὲν
1438 1714 1471 1748 τῇ
1488 1712 1605 1748 ἀληθείᾳ
1627 1720 1688 1747 μου.
1709 1720 1718 1736 ι

1095 1761 1195 1792 Ἀπαξ
1220 1760 1300 1786 καλεῖ
1318 1761 1348 1786 τὸ
1359 1759 1468 1794 βέϐαιον
1481 1759 1530 1794 τῆς
1552 1757 1728 1792 ἀποφάσεως,
1757 1757 1796 1788 ὡς
1819 1757 1850 1781 οὐ

1060 1808 1209 1843 δεχομένης
1223 1807 1415 1842 παρατροπήν.
1436 1805 1473 1831 Τὸ
1483 1805 1511 1831 δέ
1524 1813 1531 1821 ’
1544 1805 1661 1838 Ὠμοσα
1677 1803 1712 1829 ἐν
1724 1803 1764 1835 τῴ
1779 1803 1852 1837 ἁγίῳ

1060 1862 1129 1888 μου,
1152 1853 1214 1880 ἀντὶ
1229 1851 1288 1884 τοῦ,
1309 1852 1416 1886 Ὠμοσο.
1444 1849 1516 1877 κατὰ
1540 1850 1590 1884 τῆς
1615 1848 1770 1883 ἁγιωσύνης
1788 1856 1850 1883 μου.

1069 1899 1179 1933 Ἐπειδὴ
1198 1898 1252 1933 γὰρ
1275 1898 1326 1924 οὐκ
1350 1895 1406 1931 εἶχε
1421 1896 1491 1923 κατὰ
1511 1895 1634 1931 μείζονος
1651 1895 1761 1930 ὀμόσαι,
1781 1894 1852 1920 κατά

1062 1946 1112 1980 τῆς
1126 1943 1284 1978 ἁγιωσύνης
1297 1942 1390 1978 ὤμοσε
1405 1943 1455 1976 τῆς
1466 1941 1561 1968 αὑτοῦ.

1103 1997 1111 2012 ι
1134 1988 1324 2023 Ἐϐεὸήλωσας
1338 1987 1379 2018 είς
1396 1986 1446 2021 τὴν
1465 1986 1517 2021 γῆν
1535 1985 1566 2012 τὸ
1585 1984 1709 2020 ἀγίασμα
1731 1983 1824 2010 αὑτοῦ.
1841 1992 1850 2008 i

1101 2077 1195 2114 Ηάσης
1213 2077 1293 2104 αὐτὸν
1312 2076 1465 2111 ἀσφαλείας
1482 2076 1655 2111 ἐγύμνωσας·
1677 2075 1720 2108 ἐφ’
1732 2072 1774 2105 οἷς
1800 2073 1855 2108 γὰρ

1065 2122 1175 2159 ὲθάῤῥει
1200 2123 1254 2148 τῶν
1278 2122 1383 2148 πόλεων
1402 2121 1567 2157 περιὸόλοις,
1603 2121 1778 2155 παυσάμενος
1808 2119 1855 2145 τοῦ

1066 2168 1188 2203 θαρρεῖν,
1199 2169 1245 2194 ἐπὶ
1267 2167 1368 2193 δειλίαν
1378 2167 1568 2194 ἐκπέπτωκεν.

253 2219 392 2247 Vnus“.
408 2228 417 2244 ι
433 2218 588 2253 Usquequo,
602 2217 723 2249 Domine,
737 2216 837 2243 avertis
846 2215 874 2242 in
884 2214 964 2241 ﬁnem
976 2214 988 2240 ‘!
1002 2223 1005 2239 ι

1105 2225 1114 2240 ι
1133 2215 1206 2246 Ἕως
1223 2213 1297 2245 πότε,
1312 2214 1410 2248 Rupta,
1423 2213 1584 2248 ἀποστρέφῃ
1598 2213 1637 2244 εἰς
1652 2212 1743 2244 τέλοςς
1765 2220 1773 2236 ι

263 2265 409 2296 Memento,
437 2263 566 2298 inquiunt
591 2263 637 2298 qui
674 2263 732 2289 hmc
755 2262 857 2293 dicunt,
883 2259 1012 2294 quoniam

228 2317 323 2340 natura
338 2310 485 2338 mutabiles
504 2317 610 2342 sumus,
625 2316 687 2336 cum
704 2308 789 2336 simus
805 2307 891 2334 libero
907 2305 1013 2342 prmditi

227 2358 349 2390 arbitrio,
375 2363 412 2383 ne
431 2355 464 2383 ad
495 2355 663 2390 impietatem
692 2352 887 2380 exorbitcmus.
923 2351 1014 2378 Possis

226 2404 309 2431 etiam
323 2403 419 2430 dicere
443 2405 581 2438 naturam,
604 2406 722 2434 eamque
746 2398 837 2430 talem,
864 2397 1013 2425 secundum

227 2457 307 2484 quam
322 2448 384 2483 quis
401 2448 488 2482 possit
502 2446 604 2482 aliquid
620 2444 751 2472 molestia:
762 2443 908 2471 sustinere.

495 2491 655 2520 PSALMUS
678 2490 734 2518 XC.

260 2539 344 2567 Vens.
359 2539 386 2566 2.
403 2549 412 2565 ε
430 2539 502 2567 Deus
521 2545 610 2570 meus,
621 2536 738 2572 sperabo
751 2535 779 2562 in
793 2543 865 2563 eum.
881 2545 890 2561 I

271 2585 357 2614 Vides
378 2590 509 2620 quantam
533 2584 633 2611 habeat
659 2582 730 2618 apud
754 2582 840 2609 Deum
865 2580 1013 2608 ﬁduciam?

227 2633 326 2660 Totum
353 2631 426 2658 enim
450 2629 626 2664 semetipsum
658 2626 859 2662 quodammodo
888 2625 940 2661 ipsi
964 2625 1012 2652 de-

227 2677 364 2711 dicans,in
381 2684 413 2704 eo
426 2682 535 2703 omnem
549 2673 645 2701 salutis
658 2680 734 2708 spem
747 2672 838 2700 habet.
854 2671 906 2698 'l‘er
917 2671 1013 2698 beatus

226 2729 318 2752 autem
343 2721 469 2758 quisquis
487 2724 529 2748 est
555 2719 707 2747 istiusmodi
722 2728 729 2752 ;
744 2723 772 2746 et
795 2717 868 2746 omni
883 2717 1012 2745 felicitate

226 2769 322 2804 plenus
333 2767 480 2796 erit.Canit
492 2766 574 2801 igitur
585 2766 680 2793 beatus
692 2764 785 2796 David,
801 2769 828 2791 et
842 2763 892 2790 ait:
903 2763 1013 2790 Domine

227 2813 298 2842 Deus
310 2813 446 2846 uirtutum,
462 2813 552 2839 beatus
569 2813 645 2838 homo
657 2810 702 2845 qui
715 2815 804 2843 sperat
822 2810 848 2835 in
859 2814 883 2836 te
894 2809 926 2835 υ.

1103 2260 1255 2295 Μνήσοητι,
1275 2259 1358 2294 φασὶν
1384 2259 1408 2285 οῑ
1428 2259 1515 2285 ταῦτα
1528 2259 1663 2293 λέγοντες,
1679 2259 1721 2285 ὅτι
1741 2256 1855 2294 span-.01

1067 2306 1116 2341 τὴν
1130 2306 1209 2340 φύσιν
1230 2306 1402 2340 ὑπάρχομεν,
1416 2305 1493 2336 ὕντες
1508 2304 1688 2336 αὑτεξοὺσιοι,
1705 2304 1803 2338 μήπως
1816 2303 1857 2334 εἰς

1067 2350 1197 2377 ἀσέϐειαν
1210 2350 1403 2384 ὲξοκείλωμεν.
1425 2351 1524 2383 Λέγοις
1545 2349 1567 2375 δ’
1580 2349 1613 2376 ἂν
1633 2349 1794 2380 ὑπόστασιν,
1810 2347 1858 2373 καὶ

1068 2396 1117 2431 τὴν
1141 2395 1202 2422 καθ’
1219 2396 1252 2433 ἣν
1278 2395 1427 2431 ὑποστῆναι
1449 2403 1492 2426 τις
1512 2394 1624 2422 δύναταί
1650 2403 1676 2420 τι
1693 2393 1747 2420 τῶν
1763 2391 1859 2419 ὲπιπό-

1068 2451 1131 2468 νων.

1362 2488 1510 2516 ΨΑΛΜΟΣ
1525 2491 1563 2522 ιιι.

1105 2546 1114 2561 ι
1141 2535 1169 2562 '0
1188 2535 1254 2566 Θεὸς
1267 2543 1330 2570 μου,
1343 2534 1445 2566 ἐλπίζω
1463 2535 1507 2560 ἐπ’
1522 2533 1614 2561 αὐτόν.
1634 2543 1644 2559 ι

1108 2581 1190 2616 Ὁρᾷς
1201 2582 1269 2616 ὅσην
1281 2580 1338 2615 ἔχει
1351 2580 1511 2616 παρρησίαν
1521 2579 1598 2615 παρὰ
1609 2577 1696 2612 Θεοῦ;
1711 2578 1792 2605 ὀλον
1804 2578 1859 2614 γὰρ

1066 2626 1162 2653 ἑαυτὸν
1187 2625 1283 2660 ὥσπερ
1298 2625 1409 2657 ἀναθεὶς
1428 2624 1514 2660 αὐτῷ,
1541 2625 1586 2651 ἐπ’
1601 2623 1676 2659 αὑτῷ
1695 2623 1786 2650 πᾶσαν
1803 2623 1862 2658 ἔχει

1065 2672 1114 2699 τοῦ
1131 2671 1268 2704 σώζεσθαι
1285 2671 1335 2707 τὴν
1349 2672 1457 2699 ἐλπίδα.
1473 2670 1685 2707 Τρισμακάριος
1698 2670 1726 2697 δὲ
1744 2671 1758 2696 6
1770 2670 1861 2696 τοιοῦ-

1067 2727 1121 2748 τος·
1131 2718 1179 2744 καὶ
1193 2717 1303 2753 ἁπάσης
1315 2719 1465 2754 εὐημερίας
1474 2718 1550 2745 ἔσται
1560 2717 1670 2753 μεστός.
1678 2716 1784 2743 Ψάλλει
1795 2715 1861 2749 γοῦν

1067 2766 1081 2790 ὁ
1107 2764 1244 2800 μακάριος
1270 2764 1364 2797 Δαϐὶδ,
1386 2765 1433 2791 καί
1451 2773 1518 2801 φησι
1531 2772 1539 2780 ·
1556 2765 1656 2798 Κύριε,
1683 2765 1699 2790 ὀ
1713 2763 1785 2793 Θεὸς
1801 2761 1861 2788 τῶν

1067 2810 1234 2844 δυνάμεων,
1248 2810 1397 2845 μακάριος
1412 2811 1594 2845 ἅνθρωπος-ὀ
1605 2808 1732 2840 ἐλπίζων
1747 2808 1795 2835 ἐπὶ
1811 2807 1860 2835 σέ.

265 2902 284 2917 ³⁸
300 2901 324 2929 ll
340 2902 404 2938 Reg.
422 2909 469 2933 vn,
571 2901 592 2915 ¹²
610 2899 688 2926 Joan.
706 2907 750 2930 xx,
770 2899 814 2925 Π.
856 2899 877 2913 ¹³
897 2898 948 2924 Isa.
977 2905 1002 2924 lx

1055 2917 1060 2923 .
1103 2898 1121 2912 “
1143 2897 1213 2924 Psal.
1229 2905 1339 2930 Lxrxnt,
1358 2897 1401 2925 l3.
