  <div class='ocr_page' id='page_1' title='image "/cluster/home/n/w/nwhite01/storage/ocr_20150623/93/njp.32101077772836/702.png"; bbox 0 0 2056 3148; ppageno 0'>
   <div class='ocr_carea' id='block_1_1' title="bbox 216 188 284 220">
    <p class='ocr_par' dir='ltr' id='par_1_1' title="bbox 216 188 284 220">
     <span class='ocr_line' id='line_1_1' title="bbox 216 188 284 220; baseline 0 0"><span class='ocrx_word' id='word_1_1' title='bbox 216 188 260 220; x_wconf 68' lang='grc' dir='ltr'><strong>ιρι</strong></span> <span class='ocrx_word' id='word_1_2' title='bbox 267 189 284 220; x_wconf 83' lang='grc'>5</span> 
     </span>
    </p>
   </div>
   <div class='ocr_carea' id='block_1_2' title="bbox 252 243 861 280">
    <p class='ocr_par' dir='ltr' id='par_1_2' title="bbox 252 243 861 280">
     <span class='ocr_line' id='line_1_2' title="bbox 252 243 861 280; baseline -0.005 -8"><span class='ocrx_word' id='word_1_3' title='bbox 252 255 261 271; x_wconf 79' lang='grc' dir='ltr'><strong>ι</strong></span> <span class='ocrx_word' id='word_1_4' title='bbox 277 245 373 280; x_wconf 78' lang='grc' dir='ltr'><strong>’Όιιλῳ</strong></span> <span class='ocrx_word' id='word_1_5' title='bbox 394 244 529 271; x_wconf 73' lang='grc' dir='ltr'><strong>κυκλώσει</strong></span> <span class='ocrx_word' id='word_1_6' title='bbox 546 253 575 270; x_wconf 83' lang='grc' dir='ltr'><strong>σε</strong></span> <span class='ocrx_word' id='word_1_7' title='bbox 588 245 604 279; x_wconf 86' lang='grc' dir='ltr'>ὴ</span> <span class='ocrx_word' id='word_1_8' title='bbox 616 243 727 279; x_wconf 79' lang='grc' dir='ltr'><strong>ἀλήθεια</strong></span> <span class='ocrx_word' id='word_1_9' title='bbox 744 244 838 270; x_wconf 77' lang='grc' dir='ltr'><strong>αὑτοῦ.</strong></span> <span class='ocrx_word' id='word_1_10' title='bbox 851 253 861 269; x_wconf 86' lang='grc'><strong>)</strong></span> 
     </span>
    </p>
   </div>
   <div class='ocr_carea' id='block_1_3' title="bbox 255 290 1004 325">
    <p class='ocr_par' dir='ltr' id='par_1_3' title="bbox 255 290 1004 325">
     <span class='ocr_line' id='line_1_3' title="bbox 255 290 1004 325; baseline -0.004 -7"><span class='ocrx_word' id='word_1_11' title='bbox 255 292 284 318; x_wconf 90' lang='grc' dir='ltr'>Ὀ</span> <span class='ocrx_word' id='word_1_12' title='bbox 303 291 390 318; x_wconf 78' lang='grc' dir='ltr'><strong>πάντα.</strong></span> <span class='ocrx_word' id='word_1_13' title='bbox 405 291 536 325; x_wconf 76' lang='grc' dir='ltr'><strong>γενναίως</strong></span> <span class='ocrx_word' id='word_1_14' title='bbox 553 290 644 325; x_wconf 78' lang='grc' dir='ltr'><strong>φέρων</strong></span> <span class='ocrx_word' id='word_1_15' title='bbox 658 290 738 321; x_wconf 69' lang='grc' dir='ltr'><strong>αὐτὰ,</strong></span> <span class='ocrx_word' id='word_1_16' title='bbox 755 290 790 316; x_wconf 70' lang='grc' dir='ltr'><strong>τὰ</strong></span> <span class='ocrx_word' id='word_1_17' title='bbox 805 290 875 317; x_wconf 79' lang='grc' dir='ltr'><strong>αὐτὰ</strong></span> <span class='ocrx_word' id='word_1_18' title='bbox 892 290 930 324; x_wconf 84' lang='grc' dir='ltr'><strong>τῷ</strong></span> <span class='ocrx_word' id='word_1_19' title='bbox 945 290 1004 316; x_wconf 80' lang='grc' dir='ltr'><strong>Ίὼὸ</strong></span> 
     </span>
    </p>
   </div>
   <div class='ocr_carea' id='block_1_4' title="bbox 213 336 1003 372">
    <p class='ocr_par' dir='ltr' id='par_1_4' title="bbox 213 336 1003 372">
     <span class='ocr_line' id='line_1_4' title="bbox 213 336 1003 372; baseline -0.004 -7"><span class='ocrx_word' id='word_1_20' title='bbox 213 338 296 372; x_wconf 71' lang='grc' dir='ltr'><strong>λέγει’</strong></span> <span class='ocrx_word' id='word_1_21' title='bbox 314 337 348 364; x_wconf 82' lang='lat' dir='ltr'><strong>EI</strong></span> <span class='ocrx_word' id='word_1_22' title='bbox 364 337 401 364; x_wconf 84' lang='grc' dir='ltr'><strong>τὰ</strong></span> <span class='ocrx_word' id='word_1_23' title='bbox 417 337 512 372; x_wconf 79' lang='grc' dir='ltr'><strong>ἀγαθὰ</strong></span> <span class='ocrx_word' id='word_1_24' title='bbox 529 336 693 370; x_wconf 76' lang='grc' dir='ltr'><strong>ἐδεξάμεθα</strong></span> <span class='ocrx_word' id='word_1_25' title='bbox 713 336 748 362; x_wconf 81' lang='grc' dir='ltr'><strong>ἐκ</strong></span> <span class='ocrx_word' id='word_1_26' title='bbox 768 336 865 370; x_wconf 81' lang='grc' dir='ltr'><strong>χειρὸς</strong></span> <span class='ocrx_word' id='word_1_27' title='bbox 881 336 1003 370; x_wconf 73' lang='grc' dir='ltr'><strong>Κυρίου,</strong></span> 
     </span>
    </p>
   </div>
   <div class='ocr_carea' id='block_1_5' title="bbox 213 381 1005 416">
    <p class='ocr_par' dir='ltr' id='par_1_5' title="bbox 213 381 1005 416">
     <span class='ocr_line' id='line_1_5' title="bbox 213 381 1005 416; baseline -0.005 -5"><span class='ocrx_word' id='word_1_28' title='bbox 213 384 248 411; x_wconf 78' lang='grc' dir='ltr'><strong>τὰ</strong></span> <span class='ocrx_word' id='word_1_29' title='bbox 263 384 341 411; x_wconf 76' lang='grc' dir='ltr'><strong>κακὰ</strong></span> <span class='ocrx_word' id='word_1_30' title='bbox 369 383 426 416; x_wconf 77' lang='grc' dir='ltr'><strong>οὐχ</strong></span> <span class='ocrx_word' id='word_1_31' title='bbox 446 383 631 416; x_wconf 66' lang='grc' dir='ltr'><strong>ὑποίσομενς</strong></span> <span class='ocrx_word' id='word_1_32' title='bbox 657 382 705 414; x_wconf 80' lang='grc' dir='ltr'><strong>Ὠς</strong></span> <span class='ocrx_word' id='word_1_33' title='bbox 729 382 769 414; x_wconf 81' lang='grc' dir='ltr'><strong>τῷ</strong></span> <span class='ocrx_word' id='word_1_34' title='bbox 789 381 886 415; x_wconf 80' lang='grc' dir='ltr'><strong>ΚυρΙῳ</strong></span> <span class='ocrx_word' id='word_1_35' title='bbox 898 381 1005 412; x_wconf 75' lang='grc' dir='ltr'><strong>ἔδοξεν</strong></span> 
     </span>
    </p>
   </div>
   <div class='ocr_carea' id='block_1_6' title="bbox 194 426 1004 464">
    <p class='ocr_par' dir='ltr' id='par_1_6' title="bbox 194 426 1004 464">
     <span class='ocr_line' id='line_1_6' title="bbox 194 426 1004 464; baseline -0.005 -7"><span class='ocrx_word' id='word_1_36' title='bbox 194 435 199 438; x_wconf 83' lang='grc'><em>”</em></span> <span class='ocrx_word' id='word_1_37' title='bbox 212 431 308 463; x_wconf 83' lang='grc' dir='ltr'><strong>οὕτως</strong></span> <span class='ocrx_word' id='word_1_38' title='bbox 323 429 374 456; x_wconf 75' lang='grc' dir='ltr'><strong>καὶ</strong></span> <span class='ocrx_word' id='word_1_39' title='bbox 394 429 525 464; x_wconf 75' lang='grc' dir='ltr'><strong>ἐγένετο.</strong></span> <span class='ocrx_word' id='word_1_40' title='bbox 549 429 578 455; x_wconf 84' lang='grc' dir='ltr'>Ὀ</span> <span class='ocrx_word' id='word_1_41' title='bbox 592 426 640 455; x_wconf 82' lang='grc' dir='ltr'><strong>οὖν</strong></span> <span class='ocrx_word' id='word_1_42' title='bbox 663 430 692 455; x_wconf 82' lang='grc' dir='ltr'><strong>ὲν</strong></span> <span class='ocrx_word' id='word_1_43' title='bbox 707 428 846 459; x_wconf 78' lang='grc' dir='ltr'><strong>τοσούτοις</strong></span> <span class='ocrx_word' id='word_1_44' title='bbox 862 426 1004 463; x_wconf 82' lang='grc' dir='ltr'><strong>κατορθώ-</strong></span> 
     </span>
    </p>
   </div>
   <div class='ocr_carea' id='block_1_7' title="bbox 215 473 1006 512">
    <p class='ocr_par' dir='ltr' id='par_1_7' title="bbox 215 473 1006 512">
     <span class='ocr_line' id='line_1_7' title="bbox 215 473 1006 512; baseline -0.006 -8"><span class='ocrx_word' id='word_1_45' title='bbox 215 486 298 512; x_wconf 81' lang='grc' dir='ltr'><strong>μασιν</strong></span> <span class='ocrx_word' id='word_1_46' title='bbox 323 476 455 512; x_wconf 73' lang='grc' dir='ltr'><strong>εὑρεθεὶς,</strong></span> <span class='ocrx_word' id='word_1_47' title='bbox 480 475 541 502; x_wconf 75' lang='grc' dir='ltr'><strong>οὐδὲ</strong></span> <span class='ocrx_word' id='word_1_48' title='bbox 565 475 610 501; x_wconf 73' lang='grc' dir='ltr'><strong>τὸν</strong></span> <span class='ocrx_word' id='word_1_49' title='bbox 630 473 937 510; x_wconf 76' lang='grc' dir='ltr'><strong>μετασχηματιζόμενον</strong></span> <span class='ocrx_word' id='word_1_50' title='bbox 965 474 1006 504; x_wconf 71' lang='grc' dir='ltr'><strong>εἰς</strong></span> 
     </span>
    </p>
   </div>
   <div class='ocr_carea' id='block_1_8' title="bbox 213 518 1004 557">
    <p class='ocr_par' dir='ltr' id='par_1_8' title="bbox 213 518 1004 557">
     <span class='ocr_line' id='line_1_8' title="bbox 213 518 1004 557; baseline -0.008 -7"><span class='ocrx_word' id='word_1_51' title='bbox 213 522 331 557; x_wconf 76' lang='grc' dir='ltr'><strong>ἄγγελον</strong></span> <span class='ocrx_word' id='word_1_52' title='bbox 357 522 446 556; x_wconf 78' lang='grc' dir='ltr'><strong>φωτὸς</strong></span> <span class='ocrx_word' id='word_1_53' title='bbox 470 521 592 548; x_wconf 75' lang='grc' dir='ltr'><strong>διάϐολον</strong></span> <span class='ocrx_word' id='word_1_54' title='bbox 615 520 752 554; x_wconf 72' lang='grc' dir='ltr'><strong>φοϐεῖται,</strong></span> <span class='ocrx_word' id='word_1_55' title='bbox 777 519 841 546; x_wconf 78' lang='grc' dir='ltr'><strong>ὄντα</strong></span> <span class='ocrx_word' id='word_1_56' title='bbox 865 518 1004 553; x_wconf 82' lang='grc' dir='ltr'><strong>δαιμόνιον</strong></span> 
     </span>
    </p>
   </div>
   <div class='ocr_carea' id='block_1_9' title="bbox 215 563 1006 603">
    <p class='ocr_par' dir='ltr' id='par_1_9' title="bbox 215 563 1006 603">
     <span class='ocr_line' id='line_1_9' title="bbox 215 563 1006 603; baseline -0.006 -9"><span class='ocrx_word' id='word_1_57' title='bbox 215 567 415 603; x_wconf 77' lang='grc' dir='ltr'><strong>μεσημϐρινὸν,</strong></span> <span class='ocrx_word' id='word_1_58' title='bbox 440 567 488 593; x_wconf 80' lang='grc' dir='ltr'><strong>καὶ</strong></span> <span class='ocrx_word' id='word_1_59' title='bbox 513 566 632 600; x_wconf 81' lang='grc' dir='ltr'><strong>ἀκμαῖον</strong></span> <span class='ocrx_word' id='word_1_60' title='bbox 655 565 713 599; x_wconf 81' lang='grc' dir='ltr'><strong>φῶς</strong></span> <span class='ocrx_word' id='word_1_61' title='bbox 732 564 937 598; x_wconf 79' lang='grc' dir='ltr'><strong>ἐπαγγέλλεται</strong></span> <span class='ocrx_word' id='word_1_62' title='bbox 961 563 1006 590; x_wconf 71' lang='grc' dir='ltr'><strong>διὰ</strong></span> 
     </span>
    </p>
   </div>
   <div class='ocr_carea' id='block_1_10' title="bbox 213 609 1006 647">
    <p class='ocr_par' dir='ltr' id='par_1_10' title="bbox 213 609 1006 647">
     <span class='ocr_line' id='line_1_10' title="bbox 213 609 1006 647; baseline -0.005 -7"><span class='ocrx_word' id='word_1_63' title='bbox 213 613 373 647; x_wconf 79' lang='grc' dir='ltr'><strong>φιλοσοφίας</strong></span> <span class='ocrx_word' id='word_1_64' title='bbox 387 612 435 639; x_wconf 73' lang='grc' dir='ltr'><strong>καὶ</strong></span> <span class='ocrx_word' id='word_1_65' title='bbox 462 611 544 646; x_wconf 81' lang='grc' dir='ltr'><strong>κενῆς</strong></span> <span class='ocrx_word' id='word_1_66' title='bbox 561 611 680 644; x_wconf 83' lang='grc' dir='ltr'><strong>ἀπάτης.</strong></span> <span class='ocrx_word' id='word_1_67' title='bbox 697 610 767 636; x_wconf 73' lang='grc' dir='ltr'><strong>Αὐτὸ</strong></span> <span class='ocrx_word' id='word_1_68' title='bbox 779 610 858 636; x_wconf 80' lang='grc' dir='ltr'><strong>τοῦτο</strong></span> <span class='ocrx_word' id='word_1_69' title='bbox 872 609 932 636; x_wconf 79' lang='grc' dir='ltr'><strong>ὅλον</strong></span> <span class='ocrx_word' id='word_1_70' title='bbox 948 610 1006 636; x_wconf 78' lang='grc' dir='ltr'><strong>ἐστὶ</strong></span> 
     </span>
    </p>
   </div>
   <div class='ocr_carea' id='block_1_11' title="bbox 213 655 1006 694">
    <p class='ocr_par' dir='ltr' id='par_1_11' title="bbox 213 655 1006 694">
     <span class='ocr_line' id='line_1_11' title="bbox 213 655 1006 694; baseline -0.006 -8"><span class='ocrx_word' id='word_1_71' title='bbox 213 659 351 694; x_wconf 75' lang='grc' dir='ltr'><strong>δαιμόνιον</strong></span> <span class='ocrx_word' id='word_1_72' title='bbox 377 657 577 693; x_wconf 68' lang='grc' dir='ltr'><strong>μεσημϐρινὸν.</strong></span> <span class='ocrx_word' id='word_1_73' title='bbox 604 656 661 683; x_wconf 86' lang='grc' dir='ltr'><strong>Οὺκ</strong></span> <span class='ocrx_word' id='word_1_74' title='bbox 677 656 758 687; x_wconf 81' lang='grc' dir='ltr'><strong>αὐτὸς</strong></span> <span class='ocrx_word' id='word_1_75' title='bbox 779 656 806 682; x_wconf 82' lang='grc' dir='ltr'><strong>δὲ</strong></span> <span class='ocrx_word' id='word_1_76' title='bbox 831 656 922 690; x_wconf 78' lang='grc' dir='ltr'><strong>μόνος,</strong></span> <span class='ocrx_word' id='word_1_77' title='bbox 938 655 1006 682; x_wconf 84' lang='grc' dir='ltr'><strong>ἀλλὰ</strong></span> 
     </span>
    </p>
   </div>
   <div class='ocr_carea' id='block_1_12' title="bbox 214 701 1006 737">
    <p class='ocr_par' dir='ltr' id='par_1_12' title="bbox 214 701 1006 737">
     <span class='ocr_line' id='line_1_12' title="bbox 214 701 1006 737; baseline -0.006 -6"><span class='ocrx_word' id='word_1_78' title='bbox 214 705 262 732; x_wconf 75' lang='grc' dir='ltr'><strong>καὶ</strong></span> <span class='ocrx_word' id='word_1_79' title='bbox 280 705 305 730; x_wconf 78' lang='grc' dir='ltr'><strong>οἱ</strong></span> <span class='ocrx_word' id='word_1_80' title='bbox 319 704 439 731; x_wconf 85' lang='grc' dir='ltr'><strong>διάκονοι</strong></span> <span class='ocrx_word' id='word_1_81' title='bbox 461 702 554 734; x_wconf 83' lang='grc' dir='ltr'><strong>αὑτοῦ,</strong></span> <span class='ocrx_word' id='word_1_82' title='bbox 573 701 877 737; x_wconf 73' lang='grc' dir='ltr'><strong>μετασχηματιζόμενοι</strong></span> <span class='ocrx_word' id='word_1_83' title='bbox 891 701 932 732; x_wconf 82' lang='grc' dir='ltr'><strong>εἰς</strong></span> <span class='ocrx_word' id='word_1_84' title='bbox 947 701 1006 726; x_wconf 87' lang='grc' dir='ltr'><strong>δια-</strong></span> 
     </span>
    </p>
   </div>
   <div class='ocr_carea' id='block_1_13' title="bbox 215 746 1003 783">
    <p class='ocr_par' dir='ltr' id='par_1_13' title="bbox 215 746 1003 783">
     <span class='ocr_line' id='line_1_13' title="bbox 215 746 1003 783; baseline -0.005 -7"><span class='ocrx_word' id='word_1_85' title='bbox 215 750 309 781; x_wconf 74' lang='grc' dir='ltr'><strong>κόνους</strong></span> <span class='ocrx_word' id='word_1_86' title='bbox 332 748 517 783; x_wconf 81' lang='grc' dir='ltr'><strong>δικαιοσύνης,</strong></span> <span class='ocrx_word' id='word_1_87' title='bbox 549 748 677 782; x_wconf 82' lang='grc' dir='ltr'><strong>δαιμόνια</strong></span> <span class='ocrx_word' id='word_1_88' title='bbox 712 746 889 782; x_wconf 74' lang='grc' dir='ltr'><strong>μεσημϐρινὰ</strong></span> <span class='ocrx_word' id='word_1_89' title='bbox 924 746 1003 773; x_wconf 77' lang='grc' dir='ltr'><strong>εἰσιν.</strong></span> 
     </span>
    </p>
   </div>
   <div class='ocr_carea' id='block_1_14' title="bbox 220 793 1004 829">
    <p class='ocr_par' dir='ltr' id='par_1_14' title="bbox 220 793 1004 829">
     <span class='ocr_line' id='line_1_14' title="bbox 220 793 1004 829; baseline -0.004 -8"><span class='ocrx_word' id='word_1_90' title='bbox 220 795 291 822; x_wconf 81' lang='grc' dir='ltr'><strong>Ἀλλ’</strong></span> <span class='ocrx_word' id='word_1_91' title='bbox 311 797 334 822; x_wconf 74' lang='grc' dir='ltr'><strong>εξ</strong></span> <span class='ocrx_word' id='word_1_92' title='bbox 355 795 404 821; x_wconf 75' lang='grc' dir='ltr'><strong>καὶ</strong></span> <span class='ocrx_word' id='word_1_93' title='bbox 428 795 618 829; x_wconf 75' lang='grc' dir='ltr'><strong>προσποιεῖται</strong></span> <span class='ocrx_word' id='word_1_94' title='bbox 638 793 741 820; x_wconf 84' lang='grc' dir='ltr'><strong>τούτων</strong></span> <span class='ocrx_word' id='word_1_95' title='bbox 757 793 872 824; x_wconf 74' lang='grc' dir='ltr'><strong>ἕκαστος</strong></span> <span class='ocrx_word' id='word_1_96' title='bbox 896 801 1004 827; x_wconf 84' lang='grc' dir='ltr'><strong>μεσημ-</strong></span> 
     </span>
    </p>
   </div>
   <div class='ocr_carea' id='block_1_15' title="bbox 214 837 1005 876">
    <p class='ocr_par' dir='ltr' id='par_1_15' title="bbox 214 837 1005 876">
     <span class='ocr_line' id='line_1_15' title="bbox 214 837 1005 876; baseline -0.003 -8"><span class='ocrx_word' id='word_1_97' title='bbox 214 842 305 876; x_wconf 58' lang='lat' dir='ltr'><strong>6pm,-</strong></span> <span class='ocrx_word' id='word_1_98' title='bbox 323 840 402 874; x_wconf 65' lang='grc' dir='ltr'><strong>εἶναι,</strong></span> <span class='ocrx_word' id='word_1_99' title='bbox 417 841 447 868; x_wconf 84' lang='grc' dir='ltr'><strong>οὐ</strong></span> <span class='ocrx_word' id='word_1_100' title='bbox 461 840 619 875; x_wconf 79' lang='grc' dir='ltr'><strong>διαμένουσι</strong></span> <span class='ocrx_word' id='word_1_101' title='bbox 634 839 751 866; x_wconf 82' lang='grc' dir='ltr'><strong>τοιοῦτοι</strong></span> <span class='ocrx_word' id='word_1_102' title='bbox 765 837 817 866; x_wconf 79' lang='grc' dir='ltr'><strong>οἶοι</strong></span> <span class='ocrx_word' id='word_1_103' title='bbox 835 837 906 866; x_wconf 82' lang='grc' dir='ltr'><strong>εἶναι</strong></span> <span class='ocrx_word' id='word_1_104' title='bbox 923 848 1005 874; x_wconf 85' lang='grc' dir='ltr'><strong>προσ-</strong></span> 
     </span>
    </p>
   </div>
   <div class='ocr_carea' id='block_1_16' title="bbox 216 885 1002 921">
    <p class='ocr_par' dir='ltr' id='par_1_16' title="bbox 216 885 1002 921">
     <span class='ocr_line' id='line_1_16' title="bbox 216 885 1002 921; baseline -0.005 -6"><span class='ocrx_word' id='word_1_105' title='bbox 216 889 367 920; x_wconf 81' lang='grc' dir='ltr'><strong>ποιοῦνται,</strong></span> <span class='ocrx_word' id='word_1_106' title='bbox 391 887 612 921; x_wconf 77' lang='grc' dir='ltr'><strong>σΰεσθησομένου</strong></span> <span class='ocrx_word' id='word_1_107' title='bbox 636 886 683 912; x_wconf 84' lang='grc' dir='ltr'><strong>τοῦ</strong></span> <span class='ocrx_word' id='word_1_108' title='bbox 704 886 793 920; x_wconf 77' lang='grc' dir='ltr'><strong>φωτὸς</strong></span> <span class='ocrx_word' id='word_1_109' title='bbox 815 886 870 912; x_wconf 85' lang='grc' dir='ltr'><strong>τῶν</strong></span> <span class='ocrx_word' id='word_1_110' title='bbox 883 885 1002 918; x_wconf 75' lang='grc' dir='ltr'><strong>ἀσεϐῶν,</strong></span> 
     </span>
    </p>
   </div>
   <div class='ocr_carea' id='block_1_17' title="bbox 213 931 1003 969">
    <p class='ocr_par' dir='ltr' id='par_1_17' title="bbox 213 931 1003 969">
     <span class='ocr_line' id='line_1_17' title="bbox 213 931 1003 969; baseline -0.004 -7"><span class='ocrx_word' id='word_1_111' title='bbox 213 936 279 962; x_wconf 77' lang='grc' dir='ltr'><strong>ὅταν</strong></span> <span class='ocrx_word' id='word_1_112' title='bbox 306 935 320 961; x_wconf 80' lang='grc' dir='ltr'>ὁ</span> <span class='ocrx_word' id='word_1_113' title='bbox 349 933 465 969; x_wconf 83' lang='grc' dir='ltr'><strong>Χριστὸς</strong></span> <span class='ocrx_word' id='word_1_114' title='bbox 484 932 570 959; x_wconf 79' lang='grc' dir='ltr'><strong>ἐλθὼν</strong></span> <span class='ocrx_word' id='word_1_115' title='bbox 586 953 593 965; x_wconf 85' lang='grc'><strong>,</strong></span> <span class='ocrx_word' id='word_1_116' title='bbox 620 932 738 966; x_wconf 75' lang='grc' dir='ltr'><strong>Φωτίσῃ</strong></span> <span class='ocrx_word' id='word_1_117' title='bbox 763 931 801 958; x_wconf 82' lang='grc' dir='ltr'><strong>τὰ</strong></span> <span class='ocrx_word' id='word_1_118' title='bbox 814 931 932 966; x_wconf 74' lang='grc' dir='ltr'><strong>κρυπτὰ</strong></span> <span class='ocrx_word' id='word_1_119' title='bbox 949 932 1003 959; x_wconf 85' lang='grc' dir='ltr'><strong>τοῦ</strong></span> 
     </span>
    </p>
   </div>
   <div class='ocr_carea' id='block_1_18' title="bbox 213 977 1004 1014">
    <p class='ocr_par' dir='ltr' id='par_1_18' title="bbox 213 977 1004 1014">
     <span class='ocr_line' id='line_1_18' title="bbox 213 977 1004 1014; baseline -0.004 -6"><span class='ocrx_word' id='word_1_120' title='bbox 213 981 355 1014; x_wconf 73' lang='grc' dir='ltr'><strong>σκότους,</strong></span> <span class='ocrx_word' id='word_1_121' title='bbox 376 980 425 1007; x_wconf 75' lang='grc' dir='ltr'><strong>καὶ</strong></span> <span class='ocrx_word' id='word_1_122' title='bbox 455 980 509 1013; x_wconf 82' lang='grc' dir='ltr'><strong>τὰς</strong></span> <span class='ocrx_word' id='word_1_123' title='bbox 537 979 656 1011; x_wconf 78' lang='grc' dir='ltr'><strong>,ϐουλὰς</strong></span> <span class='ocrx_word' id='word_1_124' title='bbox 680 978 740 1005; x_wconf 83' lang='grc' dir='ltr'><strong>τῶν</strong></span> <span class='ocrx_word' id='word_1_125' title='bbox 764 977 893 1013; x_wconf 77' lang='grc' dir='ltr'><strong>καρδιῶν</strong></span> <span class='ocrx_word' id='word_1_126' title='bbox 914 987 1004 1013; x_wconf 73' lang='grc' dir='ltr'><strong>φανε-</strong></span> 
     </span>
    </p>
   </div>
   <div class='ocr_carea' id='block_1_19' title="bbox 210 1027 307 1062">
    <p class='ocr_par' dir='ltr' id='par_1_19' title="bbox 210 1027 307 1062">
     <span class='ocr_line' id='line_1_19' title="bbox 210 1027 307 1062; baseline -0.01 0"><span class='ocrx_word' id='word_1_127' title='bbox 210 1027 307 1062; x_wconf 59' lang='lat'><strong>£050!!-</strong></span> 
     </span>
    </p>
   </div>
   <div class='ocr_carea' id='block_1_20' title="bbox 253 1072 840 1107">
    <p class='ocr_par' dir='ltr' id='par_1_20' title="bbox 253 1072 840 1107">
     <span class='ocr_line' id='line_1_20' title="bbox 253 1072 840 1107; baseline -0.003 -7"><span class='ocrx_word' id='word_1_128' title='bbox 253 1083 261 1099; x_wconf 81' lang='grc' dir='ltr'><strong>ι</strong></span> <span class='ocrx_word' id='word_1_129' title='bbox 279 1074 407 1100; x_wconf 67' lang='lat' dir='ltr'><strong>[lecti-rat</strong></span> <span class='ocrx_word' id='word_1_130' title='bbox 419 1073 451 1100; x_wconf 79' lang='grc' dir='ltr'><strong>ὲκ</strong></span> <span class='ocrx_word' id='word_1_131' title='bbox 466 1072 512 1099; x_wconf 84' lang='grc' dir='ltr'><strong>τοῦ</strong></span> <span class='ocrx_word' id='word_1_132' title='bbox 526 1072 633 1103; x_wconf 81' lang='grc' dir='ltr'><strong>κλίτους</strong></span> <span class='ocrx_word' id='word_1_133' title='bbox 647 1081 695 1098; x_wconf 90' lang='grc' dir='ltr'><strong>σου</strong></span> <span class='ocrx_word' id='word_1_134' title='bbox 712 1072 810 1107; x_wconf 72' lang='grc' dir='ltr'><strong>χιλιάς.</strong></span> <span class='ocrx_word' id='word_1_135' title='bbox 832 1082 840 1097; x_wconf 77' lang='grc' dir='ltr'><strong>ι</strong></span> 
     </span>
    </p>
   </div>
   <div class='ocr_carea' id='block_1_21' title="bbox 251 1118 1004 1155">
    <p class='ocr_par' dir='ltr' id='par_1_21' title="bbox 251 1118 1004 1155">
     <span class='ocr_line' id='line_1_21' title="bbox 251 1118 1004 1155; baseline -0.003 -9"><span class='ocrx_word' id='word_1_136' title='bbox 251 1121 283 1146; x_wconf 75' lang='lat' dir='ltr'><strong>Ai</strong></span> <span class='ocrx_word' id='word_1_137' title='bbox 303 1120 433 1155; x_wconf 81' lang='grc' dir='ltr'><strong>μυριάδες</strong></span> <span class='ocrx_word' id='word_1_138' title='bbox 445 1119 482 1150; x_wconf 81' lang='grc' dir='ltr'><strong>ὡς</strong></span> <span class='ocrx_word' id='word_1_139' title='bbox 497 1118 530 1145; x_wconf 79' lang='grc' dir='ltr'><strong>ἂν</strong></span> <span class='ocrx_word' id='word_1_140' title='bbox 541 1118 746 1154; x_wconf 81' lang='grc' dir='ltr'><strong>κραταιοτέροις</strong></span> <span class='ocrx_word' id='word_1_141' title='bbox 763 1119 810 1144; x_wconf 79' lang='grc' dir='ltr'><strong>καὶ</strong></span> <span class='ocrx_word' id='word_1_142' title='bbox 820 1118 1004 1154; x_wconf 70' lang='grc' dir='ltr'><strong>ἰσχυροτέροις</strong></span> 
     </span>
    </p>
   </div>
   <div class='ocr_carea' id='block_1_22' title="bbox 215 1164 1005 1197">
    <p class='ocr_par' dir='ltr' id='par_1_22' title="bbox 215 1164 1005 1197">
     <span class='ocr_line' id='line_1_22' title="bbox 215 1164 1005 1197; baseline -0.001 -5"><span class='ocrx_word' id='word_1_143' title='bbox 215 1167 271 1197; x_wconf 81' lang='grc' dir='ltr'><strong>τοῖς</strong></span> <span class='ocrx_word' id='word_1_144' title='bbox 287 1165 385 1197; x_wconf 58' lang='grc' dir='ltr'><strong>δεξιοῖς</strong></span> <span class='ocrx_word' id='word_1_145' title='bbox 404 1164 596 1191; x_wconf 74' lang='grc' dir='ltr'><strong>ἐπεϐούλευον.</strong></span> <span class='ocrx_word' id='word_1_146' title='bbox 613 1164 694 1191; x_wconf 81' lang='grc' dir='ltr'><strong>Ἀλλὰ</strong></span> <span class='ocrx_word' id='word_1_147' title='bbox 710 1165 757 1191; x_wconf 78' lang='grc' dir='ltr'><strong>καὶ</strong></span> <span class='ocrx_word' id='word_1_148' title='bbox 769 1165 877 1196; x_wconf 82' lang='grc' dir='ltr'><strong>πλείους</strong></span> <span class='ocrx_word' id='word_1_149' title='bbox 891 1165 961 1191; x_wconf 77' lang='grc' dir='ltr'><strong>εἰσὶν</strong></span> <span class='ocrx_word' id='word_1_150' title='bbox 979 1166 1005 1191; x_wconf 84' lang='grc' dir='ltr'><strong>οἱ</strong></span> 
     </span>
    </p>
   </div>
   <div class='ocr_carea' id='block_1_23' title="bbox 213 1209 1004 1245">
    <p class='ocr_par' dir='ltr' id='par_1_23' title="bbox 213 1209 1004 1245">
     <span class='ocr_line' id='line_1_23' title="bbox 213 1209 1004 1245; baseline -0.001 -7"><span class='ocrx_word' id='word_1_151' title='bbox 213 1212 258 1239; x_wconf 76' lang='grc' dir='ltr'><strong>διὰ</strong></span> <span class='ocrx_word' id='word_1_152' title='bbox 276 1212 330 1238; x_wconf 87' lang='grc' dir='ltr'><strong>τῶν</strong></span> <span class='ocrx_word' id='word_1_153' title='bbox 343 1211 497 1238; x_wconf 82' lang='grc' dir='ltr'><strong>δοκούντων</strong></span> <span class='ocrx_word' id='word_1_154' title='bbox 511 1209 581 1237; x_wconf 79' lang='grc' dir='ltr'><strong>εἶναι</strong></span> <span class='ocrx_word' id='word_1_155' title='bbox 596 1210 693 1243; x_wconf 76' lang='grc' dir='ltr'><strong>δεξιῶν</strong></span> <span class='ocrx_word' id='word_1_156' title='bbox 708 1210 866 1242; x_wconf 81' lang='grc' dir='ltr'><strong>πίπτοντες,</strong></span> <span class='ocrx_word' id='word_1_157' title='bbox 889 1211 963 1245; x_wconf 65' lang='grc' dir='ltr'><strong>ᾗπερ</strong></span> <span class='ocrx_word' id='word_1_158' title='bbox 980 1212 1004 1237; x_wconf 74' lang='grc' dir='ltr'><strong>οἱ</strong></span> 
     </span>
    </p>
   </div>
   <div class='ocr_carea' id='block_1_24' title="bbox 214 1256 1004 1294">
    <p class='ocr_par' dir='ltr' id='par_1_24' title="bbox 214 1256 1004 1294">
     <span class='ocr_line' id='line_1_24' title="bbox 214 1256 1004 1294; baseline -0.001 -9"><span class='ocrx_word' id='word_1_159' title='bbox 214 1257 362 1294; x_wconf 77' lang='grc' dir='ltr'><strong>προφανῶς</strong></span> <span class='ocrx_word' id='word_1_160' title='bbox 392 1257 607 1292; x_wconf 82' lang='grc' dir='ltr'><strong>ἁμαρτάνοντες.</strong></span> <span class='ocrx_word' id='word_1_161' title='bbox 640 1256 819 1291; x_wconf 75' lang='grc' dir='ltr'><strong>Δικαιώματα</strong></span> <span class='ocrx_word' id='word_1_162' title='bbox 858 1257 913 1292; x_wconf 85' lang='grc' dir='ltr'><strong>γάρ</strong></span> <span class='ocrx_word' id='word_1_163' title='bbox 943 1266 1004 1284; x_wconf 89' lang='grc' dir='ltr'><strong>τινα</strong></span> 
     </span>
    </p>
   </div>
   <div class='ocr_carea' id='block_1_25' title="bbox 215 1303 1004 1340">
    <p class='ocr_par' dir='ltr' id='par_1_25' title="bbox 215 1303 1004 1340">
     <span class='ocr_line' id='line_1_25' title="bbox 215 1303 1004 1340; baseline -0.003 -8"><span class='ocrx_word' id='word_1_164' title='bbox 215 1305 430 1340; x_wconf 77' lang='grc' dir='ltr'><strong>προΰαλλύμενοι</strong></span> <span class='ocrx_word' id='word_1_165' title='bbox 455 1303 663 1340; x_wconf 62' lang='grc' dir='ltr'><strong>περικείρονται</strong></span> <span class='ocrx_word' id='word_1_166' title='bbox 699 1303 852 1340; x_wconf 73' lang='grc' dir='ltr'><strong>ἁμαρτίαις</strong></span> <span class='ocrx_word' id='word_1_167' title='bbox 876 1304 931 1330; x_wconf 87' lang='grc' dir='ltr'><strong>τῶν</strong></span> <span class='ocrx_word' id='word_1_168' title='bbox 956 1305 1004 1330; x_wconf 84' lang='grc' dir='ltr'><strong>ἁν-</strong></span> 
     </span>
    </p>
   </div>
   <div class='ocr_carea' id='block_1_26' title="bbox 215 1350 509 1385">
    <p class='ocr_par' dir='ltr' id='par_1_26' title="bbox 215 1350 509 1385">
     <span class='ocr_line' id='line_1_26' title="bbox 215 1350 509 1385; baseline -0.007 -7"><span class='ocrx_word' id='word_1_169' title='bbox 215 1350 332 1385; x_wconf 82' lang='grc' dir='ltr'><strong>θρώπων</strong></span> <span class='ocrx_word' id='word_1_170' title='bbox 345 1352 369 1377; x_wconf 84' lang='grc' dir='ltr'><strong>οἱ</strong></span> <span class='ocrx_word' id='word_1_171' title='bbox 387 1350 509 1382; x_wconf 86' lang='grc' dir='ltr'><strong>πλείους.</strong></span> 
     </span>
    </p>
   </div>
   <div class='ocr_carea' id='block_1_27' title="bbox 496 1397 721 1431">
    <p class='ocr_par' dir='ltr' id='par_1_27' title="bbox 496 1397 721 1431">
     <span class='ocr_line' id='line_1_27' title="bbox 496 1397 721 1431; baseline 0 -7"><span class='ocrx_word' id='word_1_172' title='bbox 496 1397 641 1424; x_wconf 64' lang='lat' dir='ltr'><strong>nanos</strong></span> <span class='ocrx_word' id='word_1_173' title='bbox 665 1398 721 1431; x_wconf 65' lang='grc' dir='ltr'><strong>ιιΖι.</strong></span> 
     </span>
    </p>
   </div>
   <div class='ocr_carea' id='block_1_28' title="bbox 251 1441 740 1478">
    <p class='ocr_par' dir='ltr' id='par_1_28' title="bbox 251 1441 740 1478">
     <span class='ocr_line' id='line_1_28' title="bbox 251 1441 740 1478; baseline 0 -9"><span class='ocrx_word' id='word_1_174' title='bbox 251 1452 261 1469; x_wconf 74' lang='grc' dir='ltr'><strong>ι</strong></span> <span class='ocrx_word' id='word_1_175' title='bbox 282 1444 403 1470; x_wconf 85' lang='grc' dir='ltr'><strong>Ἐσωσεν</strong></span> <span class='ocrx_word' id='word_1_176' title='bbox 414 1443 488 1478; x_wconf 78' lang='grc' dir='ltr'><strong>αὐτῷ</strong></span> <span class='ocrx_word' id='word_1_177' title='bbox 502 1444 518 1478; x_wconf 86' lang='grc' dir='ltr'>ἠ</span> <span class='ocrx_word' id='word_1_178' title='bbox 531 1441 606 1475; x_wconf 77' lang='grc' dir='ltr'><strong>δεξιὰ</strong></span> <span class='ocrx_word' id='word_1_179' title='bbox 621 1442 714 1470; x_wconf 77' lang='grc' dir='ltr'><strong>αὐτοῦ.</strong></span> <span class='ocrx_word' id='word_1_180' title='bbox 731 1452 740 1469; x_wconf 82' lang='grc' dir='ltr'><strong>ι</strong></span> 
     </span>
    </p>
   </div>
   <div class='ocr_carea' id='block_1_29' title="bbox 251 1489 1005 1525">
    <p class='ocr_par' dir='ltr' id='par_1_29' title="bbox 251 1489 1005 1525">
     <span class='ocr_line' id='line_1_29' title="bbox 251 1489 1005 1525; baseline -0.001 -8"><span class='ocrx_word' id='word_1_181' title='bbox 251 1491 305 1517; x_wconf 84' lang='grc' dir='ltr'><strong>Καὶ</strong></span> <span class='ocrx_word' id='word_1_182' title='bbox 322 1491 349 1517; x_wconf 82' lang='grc' dir='ltr'><strong>τί</strong></span> <span class='ocrx_word' id='word_1_183' title='bbox 373 1490 452 1517; x_wconf 79' lang='grc' dir='ltr'><strong>τοῦτο</strong></span> <span class='ocrx_word' id='word_1_184' title='bbox 465 1490 622 1525; x_wconf 79' lang='grc' dir='ltr'><strong>θαυμαστὸν</strong></span> <span class='ocrx_word' id='word_1_185' title='bbox 647 1490 720 1525; x_wconf 72' lang='grc' dir='ltr'><strong>ἔχεις</strong></span> <span class='ocrx_word' id='word_1_186' title='bbox 745 1489 808 1516; x_wconf 75' lang='grc' dir='ltr'><strong>ἐπεὶ</strong></span> <span class='ocrx_word' id='word_1_187' title='bbox 831 1490 938 1522; x_wconf 80' lang='grc' dir='ltr'><strong>πάντως</strong></span> <span class='ocrx_word' id='word_1_188' title='bbox 961 1490 1005 1516; x_wconf 82' lang='grc' dir='ltr'><strong>διὰ</strong></span> 
     </span>
    </p>
   </div>
   <div class='ocr_carea' id='block_1_30' title="bbox 215 1535 1005 1571">
    <p class='ocr_par' dir='ltr' id='par_1_30' title="bbox 215 1535 1005 1571">
     <span class='ocr_line' id='line_1_30' title="bbox 215 1535 1005 1571; baseline -0.003 -9"><span class='ocrx_word' id='word_1_189' title='bbox 215 1537 315 1567; x_wconf 78' lang='grc' dir='ltr'><strong>κακίας</strong></span> <span class='ocrx_word' id='word_1_190' title='bbox 330 1536 485 1571; x_wconf 76' lang='grc' dir='ltr'><strong>ὐπερῦολὴν</strong></span> <span class='ocrx_word' id='word_1_191' title='bbox 506 1535 708 1570; x_wconf 77' lang='grc' dir='ltr'><strong>ἀπαγορευοεὶς</strong></span> <span class='ocrx_word' id='word_1_192' title='bbox 730 1536 854 1570; x_wconf 83' lang='grc' dir='ltr'><strong>ὑπῆρχεν</strong></span> <span class='ocrx_word' id='word_1_193' title='bbox 871 1537 885 1562; x_wconf 79' lang='grc' dir='ltr'>ὁ</span> <span class='ocrx_word' id='word_1_194' title='bbox 898 1535 1005 1570; x_wconf 79' lang='grc' dir='ltr'><strong>ἄνθρω-</strong></span> 
     </span>
    </p>
   </div>
   <div class='ocr_carea' id='block_1_31' title="bbox 215 1580 1038 1628">
    <p class='ocr_par' dir='ltr' id='par_1_31' title="bbox 215 1580 1038 1628">
     <span class='ocr_line' id='line_1_31' title="bbox 215 1580 1038 1628; baseline -0.001 -21"><span class='ocrx_word' id='word_1_195' title='bbox 215 1590 275 1613; x_wconf 81' lang='grc' dir='ltr'><strong>πος·</strong></span> <span class='ocrx_word' id='word_1_196' title='bbox 304 1581 345 1608; x_wconf 78' lang='grc' dir='ltr'><strong>διὸ</strong></span> <span class='ocrx_word' id='word_1_197' title='bbox 374 1582 424 1616; x_wconf 87' lang='grc' dir='ltr'><strong>τῆς</strong></span> <span class='ocrx_word' id='word_1_198' title='bbox 447 1581 495 1607; x_wconf 87' lang='grc' dir='ltr'><strong>τοῦ</strong></span> <span class='ocrx_word' id='word_1_199' title='bbox 521 1580 589 1607; x_wconf 83' lang='grc' dir='ltr'><strong>Θεοῦ</strong></span> <span class='ocrx_word' id='word_1_200' title='bbox 615 1581 706 1613; x_wconf 77' lang='grc' dir='ltr'><strong>δεξιᾶς</strong></span> <span class='ocrx_word' id='word_1_201' title='bbox 735 1581 781 1607; x_wconf 78' lang='grc' dir='ltr'><strong>καὶ</strong></span> <span class='ocrx_word' id='word_1_202' title='bbox 802 1580 848 1606; x_wconf 81' lang='grc' dir='ltr'><strong>τοῦ</strong></span> <span class='ocrx_word' id='word_1_203' title='bbox 863 1580 1038 1628; x_wconf 65' lang='grc' dir='ltr'><strong>βραχίονος(όῖ</strong></span> 
     </span>
    </p>
   </div>
   <div class='ocr_carea' id='block_1_32' title="bbox 215 1626 1003 1662">
    <p class='ocr_par' dir='ltr' id='par_1_32' title="bbox 215 1626 1003 1662">
     <span class='ocr_line' id='line_1_32' title="bbox 215 1626 1003 1662; baseline -0.001 -8"><span class='ocrx_word' id='word_1_204' title='bbox 215 1627 371 1660; x_wconf 82' lang='grc' dir='ltr'><strong>ἀναγκαίως</strong></span> <span class='ocrx_word' id='word_1_205' title='bbox 398 1627 502 1662; x_wconf 71' lang='grc' dir='ltr'><strong>ἐδέησε,</strong></span> <span class='ocrx_word' id='word_1_206' title='bbox 529 1627 628 1661; x_wconf 82' lang='grc' dir='ltr'><strong>δηλαδὴ</strong></span> <span class='ocrx_word' id='word_1_207' title='bbox 655 1626 704 1653; x_wconf 86' lang='grc' dir='ltr'><strong>τοῦ</strong></span> <span class='ocrx_word' id='word_1_208' title='bbox 724 1626 892 1661; x_wconf 79' lang='grc' dir='ltr'><strong>Μονογενοῦς</strong></span> <span class='ocrx_word' id='word_1_209' title='bbox 909 1626 1003 1653; x_wconf 78' lang='grc' dir='ltr'><strong>αὐτοῦ’</strong></span> 
     </span>
    </p>
   </div>
   <div class='ocr_carea' id='block_1_33' title="bbox 215 1667 1003 1707">
    <p class='ocr_par' dir='ltr' id='par_1_33' title="bbox 215 1667 1003 1707">
     <span class='ocr_line' id='line_1_33' title="bbox 215 1667 1003 1707; baseline -0.003 -7"><span class='ocrx_word' id='word_1_210' title='bbox 215 1673 298 1700; x_wconf 77' lang='grc' dir='ltr'><strong>αὑτὸν</strong></span> <span class='ocrx_word' id='word_1_211' title='bbox 313 1672 367 1707; x_wconf 83' lang='grc' dir='ltr'><strong>γὰρ</strong></span> <span class='ocrx_word' id='word_1_212' title='bbox 395 1671 595 1707; x_wconf 76' lang='grc' dir='ltr'><strong>χαρακτηρίζει</strong></span> <span class='ocrx_word' id='word_1_213' title='bbox 619 1671 674 1698; x_wconf 82' lang='grc' dir='ltr'><strong>τῶν</strong></span> <span class='ocrx_word' id='word_1_214' title='bbox 693 1667 847 1706; x_wconf 67' lang='grc' dir='ltr'><strong>εἰρημένων</strong></span> <span class='ocrx_word' id='word_1_215' title='bbox 861 1671 1003 1706; x_wconf 75' lang='grc' dir='ltr'><strong>ἑκάτερον.</strong></span> 
     </span>
    </p>
   </div>
   <div class='ocr_carea' id='block_1_34' title="bbox 218 1715 1004 1753">
    <p class='ocr_par' dir='ltr' id='par_1_34' title="bbox 218 1715 1004 1753">
     <span class='ocr_line' id='line_1_34' title="bbox 218 1715 1004 1753; baseline -0.003 -9"><span class='ocrx_word' id='word_1_216' title='bbox 218 1719 285 1753; x_wconf 72' lang='grc' dir='ltr'><strong>Περὶ</strong></span> <span class='ocrx_word' id='word_1_217' title='bbox 301 1715 331 1745; x_wconf 78' lang='grc' dir='ltr'><strong>οὗ</strong></span> <span class='ocrx_word' id='word_1_218' title='bbox 346 1717 394 1744; x_wconf 80' lang='grc' dir='ltr'><strong>καὶ</strong></span> <span class='ocrx_word' id='word_1_219' title='bbox 414 1718 530 1748; x_wconf 81' lang='grc' dir='ltr'><strong>Ἡσαΐας</strong></span> <span class='ocrx_word' id='word_1_220' title='bbox 552 1716 646 1752; x_wconf 78' lang='grc' dir='ltr'><strong>φησιν·</strong></span> <span class='ocrx_word' id='word_1_221' title='bbox 665 1716 712 1750; x_wconf 83' lang='grc' dir='ltr'><strong>Ὠς</strong></span> <span class='ocrx_word' id='word_1_222' title='bbox 728 1716 841 1751; x_wconf 80' lang='grc' dir='ltr'><strong>ποιμὴν</strong></span> <span class='ocrx_word' id='word_1_223' title='bbox 854 1717 1004 1751; x_wconf 80' lang='grc' dir='ltr'><strong>ποιμαίνει</strong></span> 
     </span>
    </p>
   </div>
   <div class='ocr_carea' id='block_1_35' title="bbox 216 1761 1005 1799">
    <p class='ocr_par' dir='ltr' id='par_1_35' title="bbox 216 1761 1005 1799">
     <span class='ocr_line' id='line_1_35' title="bbox 216 1761 1005 1799; baseline -0.004 -8"><span class='ocrx_word' id='word_1_224' title='bbox 216 1765 248 1791; x_wconf 77' lang='grc' dir='ltr'><strong>τὸ</strong></span> <span class='ocrx_word' id='word_1_225' title='bbox 264 1765 403 1799; x_wconf 78' lang='grc' dir='ltr'><strong>ποίμνιον</strong></span> <span class='ocrx_word' id='word_1_226' title='bbox 418 1764 523 1797; x_wconf 82' lang='grc' dir='ltr'><strong>αὑτοῦ,</strong></span> <span class='ocrx_word' id='word_1_227' title='bbox 540 1762 590 1790; x_wconf 76' lang='grc' dir='ltr'><strong>καὶ</strong></span> <span class='ocrx_word' id='word_1_228' title='bbox 602 1762 866 1797; x_wconf 74' lang='grc' dir='ltr'><strong>ὀβραχίωναῠτοῦ</strong></span> <span class='ocrx_word' id='word_1_229' title='bbox 877 1761 1005 1793; x_wconf 76' lang='grc' dir='ltr'><strong>συνάξει</strong></span> 
     </span>
    </p>
   </div>
   <div class='ocr_carea' id='block_1_36' title="bbox 216 1808 1005 1845">
    <p class='ocr_par' dir='ltr' id='par_1_36' title="bbox 216 1808 1005 1845">
     <span class='ocr_line' id='line_1_36' title="bbox 216 1808 1005 1845; baseline -0.003 -9"><span class='ocrx_word' id='word_1_230' title='bbox 216 1810 320 1844; x_wconf 76' lang='grc' dir='ltr'><strong>ἄρνας.</strong></span> <span class='ocrx_word' id='word_1_231' title='bbox 346 1812 394 1837; x_wconf 81' lang='grc' dir='ltr'><strong>Ὃν</strong></span> <span class='ocrx_word' id='word_1_232' title='bbox 409 1811 439 1837; x_wconf 78' lang='grc' dir='ltr'><strong>οὺ</strong></span> <span class='ocrx_word' id='word_1_233' title='bbox 455 1811 544 1845; x_wconf 83' lang='grc' dir='ltr'><strong>μάτην</strong></span> <span class='ocrx_word' id='word_1_234' title='bbox 557 1811 571 1836; x_wconf 82' lang='grc' dir='ltr'>ὁ</span> <span class='ocrx_word' id='word_1_235' title='bbox 583 1809 736 1844; x_wconf 73' lang='grc' dir='ltr'><strong>Ψαλμῳδὺς</strong></span> <span class='ocrx_word' id='word_1_236' title='bbox 753 1808 801 1836; x_wconf 85' lang='grc' dir='ltr'><strong>νῦν</strong></span> <span class='ocrx_word' id='word_1_237' title='bbox 814 1809 1005 1844; x_wconf 77' lang='grc' dir='ltr'><strong>προσηγόρευ-</strong></span> 
     </span>
    </p>
   </div>
   <div class='ocr_carea' id='block_1_37' title="bbox 218 1853 1005 1890">
    <p class='ocr_par' dir='ltr' id='par_1_37' title="bbox 218 1853 1005 1890">
     <span class='ocr_line' id='line_1_37' title="bbox 218 1853 1005 1890; baseline -0.004 -8"><span class='ocrx_word' id='word_1_238' title='bbox 218 1865 262 1882; x_wconf 82' lang='grc' dir='ltr'><strong>σεν</strong></span> <span class='ocrx_word' id='word_1_239' title='bbox 277 1857 365 1890; x_wconf 84' lang='grc' dir='ltr'><strong>ἆγιον,</strong></span> <span class='ocrx_word' id='word_1_240' title='bbox 381 1856 439 1883; x_wconf 78' lang='grc' dir='ltr'><strong>ἀλλ’</strong></span> <span class='ocrx_word' id='word_1_241' title='bbox 450 1856 479 1882; x_wconf 79' lang='grc' dir='ltr'><strong>ἐν</strong></span> <span class='ocrx_word' id='word_1_242' title='bbox 499 1855 550 1890; x_wconf 76' lang='grc' dir='ltr'><strong>ἰδίᾳ</strong></span> <span class='ocrx_word' id='word_1_243' title='bbox 563 1855 648 1886; x_wconf 81' lang='grc' dir='ltr'><strong>δεῖξαι</strong></span> <span class='ocrx_word' id='word_1_244' title='bbox 665 1854 761 1880; x_wconf 73' lang='grc' dir='ltr'><strong>τοῦτον</strong></span> <span class='ocrx_word' id='word_1_245' title='bbox 776 1853 925 1880; x_wconf 75' lang='grc' dir='ltr'><strong>ὑποστάσει</strong></span> <span class='ocrx_word' id='word_1_246' title='bbox 942 1853 1005 1888; x_wconf 78' lang='grc' dir='ltr'><strong>βου-</strong></span> 
     </span>
    </p>
   </div>
   <div class='ocr_carea' id='block_1_38' title="bbox 217 1899 1006 1937">
    <p class='ocr_par' dir='ltr' id='par_1_38' title="bbox 217 1899 1006 1937">
     <span class='ocr_line' id='line_1_38' title="bbox 217 1899 1006 1937; baseline -0.005 -8"><span class='ocrx_word' id='word_1_247' title='bbox 217 1901 340 1937; x_wconf 81' lang='grc' dir='ltr'><strong>λόμενος.</strong></span> <span class='ocrx_word' id='word_1_248' title='bbox 365 1902 451 1934; x_wconf 75' lang='grc' dir='ltr'><strong>Αὐτὸς</strong></span> <span class='ocrx_word' id='word_1_249' title='bbox 487 1901 578 1928; x_wconf 84' lang='grc' dir='ltr'><strong>τοίνυν</strong></span> <span class='ocrx_word' id='word_1_250' title='bbox 607 1901 638 1927; x_wconf 77' lang='grc' dir='ltr'><strong>τὸ</strong></span> <span class='ocrx_word' id='word_1_251' title='bbox 670 1901 783 1935; x_wconf 75' lang='grc' dir='ltr'><strong>πλάσμα</strong></span> <span class='ocrx_word' id='word_1_252' title='bbox 808 1899 840 1926; x_wconf 82' lang='grc' dir='ltr'><strong>τὸ</strong></span> <span class='ocrx_word' id='word_1_253' title='bbox 865 1900 1006 1931; x_wconf 76' lang='grc' dir='ltr'><strong>ἀπολωλὸς</strong></span> 
     </span>
    </p>
   </div>
   <div class='ocr_carea' id='block_1_39' title="bbox 217 1945 1005 1983">
    <p class='ocr_par' dir='ltr' id='par_1_39' title="bbox 217 1945 1005 1983">
     <span class='ocr_line' id='line_1_39' title="bbox 217 1945 1005 1983; baseline -0.005 -8"><span class='ocrx_word' id='word_1_254' title='bbox 217 1948 329 1975; x_wconf 74' lang='grc' dir='ltr'><strong>ἔσωσεν.</strong></span> <span class='ocrx_word' id='word_1_255' title='bbox 352 1948 420 1975; x_wconf 86' lang='grc' dir='ltr'><strong>Οὐδὲ</strong></span> <span class='ocrx_word' id='word_1_256' title='bbox 439 1947 493 1983; x_wconf 86' lang='grc' dir='ltr'><strong>γὰρ</strong></span> <span class='ocrx_word' id='word_1_257' title='bbox 505 1945 570 1982; x_wconf 78' lang='grc' dir='ltr'><strong>ἦλθε</strong></span> <span class='ocrx_word' id='word_1_258' title='bbox 592 1947 684 1981; x_wconf 85' lang='grc' dir='ltr'><strong>κρῖναι</strong></span> <span class='ocrx_word' id='word_1_259' title='bbox 699 1945 814 1981; x_wconf 80' lang='grc' dir='ltr'><strong>κόσμον,</strong></span> <span class='ocrx_word' id='word_1_260' title='bbox 830 1946 899 1973; x_wconf 69' lang='lat' dir='ltr'><strong>am</strong></span> <span class='ocrx_word' id='word_1_261' title='bbox 916 1945 1005 1972; x_wconf 87' lang='grc' dir='ltr'><strong>σῶσαι</strong></span> 
     </span>
    </p>
   </div>
   <div class='ocr_carea' id='block_1_40' title="bbox 217 1994 391 2028">
    <p class='ocr_par' dir='ltr' id='par_1_40' title="bbox 217 1994 391 2028">
     <span class='ocr_line' id='line_1_40' title="bbox 217 1994 391 2028; baseline 0 -8"><span class='ocrx_word' id='word_1_262' title='bbox 217 1994 263 2020; x_wconf 77' lang='grc' dir='ltr'><strong>τὸν</strong></span> <span class='ocrx_word' id='word_1_263' title='bbox 278 1995 379 2028; x_wconf 77' lang='grc' dir='ltr'><strong>κόσμον</strong></span> <span class='ocrx_word' id='word_1_264' title='bbox 385 2014 391 2020; x_wconf 94' lang='grc'><strong><em>.</em></strong></span> 
     </span>
    </p>
   </div>
   <div class='ocr_carea' id='block_1_41' title="bbox 255 2036 895 2075">
    <p class='ocr_par' dir='ltr' id='par_1_41' title="bbox 255 2036 895 2075">
     <span class='ocr_line' id='line_1_41' title="bbox 255 2036 895 2075; baseline -0.003 -9"><span class='ocrx_word' id='word_1_265' title='bbox 255 2049 264 2065; x_wconf 70' lang='grc' dir='ltr'><strong>ι</strong></span> <span class='ocrx_word' id='word_1_266' title='bbox 289 2039 427 2075; x_wconf 76' lang='grc' dir='ltr'><strong>Ἐμνήσθη</strong></span> <span class='ocrx_word' id='word_1_267' title='bbox 440 2039 486 2066; x_wconf 77' lang='grc' dir='ltr'><strong>τοῦ</strong></span> <span class='ocrx_word' id='word_1_268' title='bbox 498 2039 589 2070; x_wconf 76' lang='grc' dir='ltr'><strong>ἐλέους</strong></span> <span class='ocrx_word' id='word_1_269' title='bbox 600 2038 683 2064; x_wconf 68' lang='grc' dir='ltr'><strong>αὑτοῦ</strong></span> <span class='ocrx_word' id='word_1_270' title='bbox 699 2037 737 2073; x_wconf 81' lang='grc' dir='ltr'><strong>τῷ</strong></span> <span class='ocrx_word' id='word_1_271' title='bbox 757 2036 865 2064; x_wconf 80' lang='grc' dir='ltr'><strong>Ἰακώ6.</strong></span> <span class='ocrx_word' id='word_1_272' title='bbox 885 2047 895 2064; x_wconf 71' lang='grc' dir='ltr'><strong>ι</strong></span> 
     </span>
    </p>
   </div>
   <div class='ocr_carea' id='block_1_42' title="bbox 258 2125 1007 2162">
    <p class='ocr_par' dir='ltr' id='par_1_42' title="bbox 258 2125 1007 2162">
     <span class='ocr_line' id='line_1_42' title="bbox 258 2125 1007 2162; baseline -0.003 -8"><span class='ocrx_word' id='word_1_273' title='bbox 258 2127 328 2154; x_wconf 80' lang='grc' dir='ltr'><strong>Ἀνθ’</strong></span> <span class='ocrx_word' id='word_1_274' title='bbox 342 2128 403 2154; x_wconf 82' lang='grc' dir='ltr'><strong>ὅτου</strong></span> <span class='ocrx_word' id='word_1_275' title='bbox 426 2126 471 2153; x_wconf 74' lang='grc' dir='ltr'><strong>τὸν</strong></span> <span class='ocrx_word' id='word_1_276' title='bbox 494 2126 590 2153; x_wconf 79' lang='grc' dir='ltr'><strong>Ἰακὼῦ</strong></span> <span class='ocrx_word' id='word_1_277' title='bbox 608 2126 704 2159; x_wconf 75' lang='grc' dir='ltr'><strong>εἰπὼν,</strong></span> <span class='ocrx_word' id='word_1_278' title='bbox 721 2127 771 2153; x_wconf 81' lang='grc' dir='ltr'><strong>οὐκ</strong></span> <span class='ocrx_word' id='word_1_279' title='bbox 785 2125 920 2162; x_wconf 78' lang='grc' dir='ltr'><strong>ἠρκέσθη,</strong></span> <span class='ocrx_word' id='word_1_280' title='bbox 936 2127 1007 2153; x_wconf 81' lang='grc' dir='ltr'><strong>ἀλλὰ</strong></span> 
     </span>
    </p>
   </div>
   <div class='ocr_carea' id='block_1_43' title="bbox 217 2172 1005 2208">
    <p class='ocr_par' dir='ltr' id='par_1_43' title="bbox 217 2172 1005 2208">
     <span class='ocr_line' id='line_1_43' title="bbox 217 2172 1005 2208; baseline -0.003 -8"><span class='ocrx_word' id='word_1_281' title='bbox 217 2174 264 2200; x_wconf 78' lang='grc' dir='ltr'><strong>καὶ</strong></span> <span class='ocrx_word' id='word_1_282' title='bbox 279 2174 329 2208; x_wconf 87' lang='grc' dir='ltr'><strong>τὴν</strong></span> <span class='ocrx_word' id='word_1_283' title='bbox 344 2173 392 2201; x_wconf 81' lang='grc' dir='ltr'><strong>τοῦ</strong></span> <span class='ocrx_word' id='word_1_284' title='bbox 411 2173 520 2208; x_wconf 79' lang='grc' dir='ltr'><strong>Ἰσραὴλ</strong></span> <span class='ocrx_word' id='word_1_285' title='bbox 536 2173 625 2199; x_wconf 73' lang='grc' dir='ltr'><strong>οἰκίαν</strong></span> <span class='ocrx_word' id='word_1_286' title='bbox 639 2172 818 2208; x_wconf 74' lang='grc' dir='ltr'><strong>προσέθηκεν,</strong></span> <span class='ocrx_word' id='word_1_287' title='bbox 836 2172 880 2198; x_wconf 83' lang='grc' dir='ltr'><strong>ἵνα</strong></span> <span class='ocrx_word' id='word_1_288' title='bbox 898 2172 1005 2203; x_wconf 78' lang='grc' dir='ltr'><strong>πάντως</strong></span> 
     </span>
    </p>
   </div>
   <div class='ocr_carea' id='block_1_44' title="bbox 217 2216 1004 2256">
    <p class='ocr_par' dir='ltr' id='par_1_44' title="bbox 217 2216 1004 2256">
     <span class='ocr_line' id='line_1_44' title="bbox 217 2216 1004 2256; baseline -0.003 -9"><span class='ocrx_word' id='word_1_289' title='bbox 217 2220 324 2256; x_wconf 79' lang='grc' dir='ltr'><strong>δηλώσῃ</strong></span> <span class='ocrx_word' id='word_1_290' title='bbox 337 2221 374 2252; x_wconf 82' lang='grc' dir='ltr'><strong>ὡς</strong></span> <span class='ocrx_word' id='word_1_291' title='bbox 389 2218 494 2255; x_wconf 81' lang='grc' dir='ltr'><strong>πράξας</strong></span> <span class='ocrx_word' id='word_1_292' title='bbox 512 2219 547 2246; x_wconf 78' lang='grc' dir='ltr'><strong>τὰ</strong></span> <span class='ocrx_word' id='word_1_293' title='bbox 561 2218 608 2245; x_wconf 86' lang='grc' dir='ltr'><strong>νῦν</strong></span> <span class='ocrx_word' id='word_1_294' title='bbox 623 2219 859 2255; x_wconf 83' lang='grc' dir='ltr'><strong>προφητευόμενα,</strong></span> <span class='ocrx_word' id='word_1_295' title='bbox 876 2216 954 2251; x_wconf 73' lang='grc' dir='ltr'><strong>οὗτος</strong></span> <span class='ocrx_word' id='word_1_296' title='bbox 970 2218 1004 2256; x_wconf 80' lang='grc' dir='ltr'><strong>ἦν</strong></span> 
     </span>
    </p>
   </div>
   <div class='ocr_carea' id='block_1_45' title="bbox 772 186 1268 218">
    <p class='ocr_par' dir='ltr' id='par_1_45' title="bbox 772 186 1268 218">
     <span class='ocr_line' id='line_1_45' title="bbox 772 186 1268 218; baseline 0.006 -3"><span class='ocrx_word' id='word_1_297' title='bbox 772 186 1002 215; x_wconf 70' lang='lat' dir='ltr'><strong>FRAGMENTA</strong></span> <span class='ocrx_word' id='word_1_298' title='bbox 1030 187 1068 216; x_wconf 66' lang='lat' dir='ltr'><strong>IN</strong></span> <span class='ocrx_word' id='word_1_299' title='bbox 1090 188 1268 218; x_wconf 76' lang='lat' dir='ltr'><strong>I’SALMOS.</strong></span> 
     </span>
    </p>
   </div>
   <div class='ocr_carea' id='block_1_46' title="bbox 1778 185 1844 216">
    <p class='ocr_par' dir='ltr' id='par_1_46' title="bbox 1778 185 1844 216">
     <span class='ocr_line' id='line_1_46' title="bbox 1778 185 1844 216; baseline 0.015 -1"><span class='ocrx_word' id='word_1_300' title='bbox 1778 185 1823 215; x_wconf 62' lang='lat' dir='ltr'><strong>Ilii</strong></span> <span class='ocrx_word' id='word_1_301' title='bbox 1828 186 1844 216; x_wconf 83' lang='lat'>6</span> 
     </span>
    </p>
   </div>
   <div class='ocr_carea' id='block_1_47' title="bbox 1021 245 1804 280">
    <p class='ocr_par' dir='ltr' id='par_1_47' title="bbox 1021 245 1804 280">
     <span class='ocr_line' id='line_1_47' title="bbox 1021 245 1804 280; baseline -0.003 -8"><span class='ocrx_word' id='word_1_302' title='bbox 1021 245 1042 272; x_wconf 78' lang='grc' dir='ltr'><strong>Α</strong></span> <span class='ocrx_word' id='word_1_303' title='bbox 1090 246 1170 273; x_wconf 65' lang='lat' dir='ltr'><strong>Vens.</strong></span> <span class='ocrx_word' id='word_1_304' title='bbox 1189 246 1214 273; x_wconf 81' lang='grc'><strong>5.</strong></span> <span class='ocrx_word' id='word_1_305' title='bbox 1232 256 1240 271; x_wconf 82' lang='grc' dir='ltr'><strong>ι</strong></span> <span class='ocrx_word' id='word_1_306' title='bbox 1257 246 1338 273; x_wconf 87' lang='lat' dir='ltr'><strong>Scuto</strong></span> <span class='ocrx_word' id='word_1_307' title='bbox 1353 245 1533 273; x_wconf 87' lang='lat' dir='ltr'><strong>circumdabit</strong></span> <span class='ocrx_word' id='word_1_308' title='bbox 1547 249 1573 272; x_wconf 89' lang='lat' dir='ltr'><strong>te</strong></span> <span class='ocrx_word' id='word_1_309' title='bbox 1592 245 1692 272; x_wconf 79' lang='lat' dir='ltr'><strong>veritas</strong></span> <span class='ocrx_word' id='word_1_310' title='bbox 1705 245 1773 280; x_wconf 82' lang='lat' dir='ltr'><strong>ejus.</strong></span> <span class='ocrx_word' id='word_1_311' title='bbox 1795 253 1804 269; x_wconf 73' lang='grc' dir='ltr'><strong>ι</strong></span> 
     </span>
    </p>
   </div>
   <div class='ocr_carea' id='block_1_48' title="bbox 1091 291 1843 327">
    <p class='ocr_par' dir='ltr' id='par_1_48' title="bbox 1091 291 1843 327">
     <span class='ocr_line' id='line_1_48' title="bbox 1091 291 1843 327; baseline -0.001 -9"><span class='ocrx_word' id='word_1_312' title='bbox 1091 292 1143 324; x_wconf 86' lang='lat' dir='ltr'><strong>Qui</strong></span> <span class='ocrx_word' id='word_1_313' title='bbox 1165 292 1208 318; x_wconf 93' lang='lat' dir='ltr'><strong>illa</strong></span> <span class='ocrx_word' id='word_1_314' title='bbox 1230 292 1322 318; x_wconf 80' lang='lat' dir='ltr'><strong>omnia</strong></span> <span class='ocrx_word' id='word_1_315' title='bbox 1346 300 1479 327; x_wconf 79' lang='lat' dir='ltr'><strong>generose</strong></span> <span class='ocrx_word' id='word_1_316' title='bbox 1506 291 1635 324; x_wconf 82' lang='lat' dir='ltr'><strong>sustinet,</strong></span> <span class='ocrx_word' id='word_1_317' title='bbox 1660 291 1755 318; x_wconf 86' lang='lat' dir='ltr'><strong>eadem</strong></span> <span class='ocrx_word' id='word_1_318' title='bbox 1780 298 1843 317; x_wconf 90' lang='lat' dir='ltr'><strong>cum</strong></span> 
     </span>
    </p>
   </div>
   <div class='ocr_carea' id='block_1_49' title="bbox 1055 336 1843 372">
    <p class='ocr_par' dir='ltr' id='par_1_49' title="bbox 1055 336 1843 372">
     <span class='ocr_line' id='line_1_49' title="bbox 1055 336 1843 372; baseline -0.005 -6"><span class='ocrx_word' id='word_1_319' title='bbox 1055 339 1125 366; x_wconf 80' lang='lat' dir='ltr'><strong>Jobo</strong></span> <span class='ocrx_word' id='word_1_320' title='bbox 1149 339 1232 366; x_wconf 85' lang='lat' dir='ltr'><strong>dicit:</strong></span> <span class='ocrx_word' id='word_1_321' title='bbox 1249 339 1278 365; x_wconf 77' lang='lat' dir='ltr'><strong>Si</strong></span> <span class='ocrx_word' id='word_1_322' title='bbox 1297 339 1363 365; x_wconf 85' lang='lat' dir='ltr'><strong>bona</strong></span> <span class='ocrx_word' id='word_1_323' title='bbox 1382 338 1541 372; x_wconf 74' lang='lat' dir='ltr'><strong>suscepimus</strong></span> <span class='ocrx_word' id='word_1_324' title='bbox 1560 337 1591 364; x_wconf 80' lang='lat' dir='ltr'><strong>de</strong></span> <span class='ocrx_word' id='word_1_325' title='bbox 1616 345 1697 363; x_wconf 81' lang='lat' dir='ltr'><strong>manu</strong></span> <span class='ocrx_word' id='word_1_326' title='bbox 1726 336 1843 368; x_wconf 80' lang='lat' dir='ltr'><strong>Domini,</strong></span> 
     </span>
    </p>
   </div>
   <div class='ocr_carea' id='block_1_50' title="bbox 1057 382 1844 416">
    <p class='ocr_par' dir='ltr' id='par_1_50' title="bbox 1057 382 1844 416">
     <span class='ocr_line' id='line_1_50' title="bbox 1057 382 1844 416; baseline -0.003 -6"><span class='ocrx_word' id='word_1_327' title='bbox 1057 383 1130 410; x_wconf 83' lang='lat' dir='ltr'><strong>mala</strong></span> <span class='ocrx_word' id='word_1_328' title='bbox 1152 392 1200 410; x_wconf 80' lang='lat' dir='ltr'><strong>cur</strong></span> <span class='ocrx_word' id='word_1_329' title='bbox 1220 391 1270 410; x_wconf 82' lang='lat' dir='ltr'><strong>non</strong></span> <span class='ocrx_word' id='word_1_330' title='bbox 1290 383 1494 409; x_wconf 70' lang='lat' dir='ltr'><strong>sustinebimus?</strong></span> <span class='ocrx_word' id='word_1_331' title='bbox 1508 382 1582 409; x_wconf 79' lang='lat' dir='ltr'><strong>Sicut</strong></span> <span class='ocrx_word' id='word_1_332' title='bbox 1606 382 1715 409; x_wconf 85' lang='lat' dir='ltr'><strong>Domino</strong></span> <span class='ocrx_word' id='word_1_333' title='bbox 1732 382 1844 416; x_wconf 76' lang='lat' dir='ltr'><strong>placuit,</strong></span> 
     </span>
    </p>
   </div>
   <div class='ocr_carea' id='block_1_51' title="bbox 1056 428 1846 464">
    <p class='ocr_par' dir='ltr' id='par_1_51' title="bbox 1056 428 1846 464">
     <span class='ocr_line' id='line_1_51' title="bbox 1056 428 1846 464; baseline 0.001 -9"><span class='ocrx_word' id='word_1_334' title='bbox 1056 430 1094 455; x_wconf 79' lang='lat' dir='ltr'><strong>ila</strong></span> <span class='ocrx_word' id='word_1_335' title='bbox 1111 430 1208 463; x_wconf 75' lang='lat' dir='ltr'><strong>factum</strong></span> <span class='ocrx_word' id='word_1_336' title='bbox 1226 434 1265 456; x_wconf 76' lang='lat' dir='ltr'><strong>est</strong></span> <span class='ocrx_word' id='word_1_337' title='bbox 1277 429 1344 455; x_wconf 79' lang='lat'><strong>&quot;‘&quot;&#39;.</strong></span> <span class='ocrx_word' id='word_1_338' title='bbox 1357 429 1409 461; x_wconf 82' lang='lat' dir='ltr'><strong>Qui</strong></span> <span class='ocrx_word' id='word_1_339' title='bbox 1421 429 1501 463; x_wconf 79' lang='lat' dir='ltr'><strong>igitur</strong></span> <span class='ocrx_word' id='word_1_340' title='bbox 1516 429 1543 455; x_wconf 92' lang='lat' dir='ltr'><strong>in</strong></span> <span class='ocrx_word' id='word_1_341' title='bbox 1560 429 1642 456; x_wconf 85' lang='lat' dir='ltr'><strong>tantis</strong></span> <span class='ocrx_word' id='word_1_342' title='bbox 1659 429 1751 464; x_wconf 80' lang='lat' dir='ltr'><strong>probis</strong></span> <span class='ocrx_word' id='word_1_343' title='bbox 1765 428 1846 456; x_wconf 86' lang='lat' dir='ltr'><strong>factis</strong></span> 
     </span>
    </p>
   </div>
   <div class='ocr_carea' id='block_1_52' title="bbox 1057 474 1846 510">
    <p class='ocr_par' dir='ltr' id='par_1_52' title="bbox 1057 474 1846 510">
     <span class='ocr_line' id='line_1_52' title="bbox 1057 474 1846 510; baseline 0 -8"><span class='ocrx_word' id='word_1_344' title='bbox 1057 477 1185 502; x_wconf 84' lang='lat' dir='ltr'><strong>iuventus</strong></span> <span class='ocrx_word' id='word_1_345' title='bbox 1205 475 1298 507; x_wconf 83' lang='lat' dir='ltr'><strong>fuerit,</strong></span> <span class='ocrx_word' id='word_1_346' title='bbox 1317 483 1407 510; x_wconf 80' lang='lat' dir='ltr'><strong>neque</strong></span> <span class='ocrx_word' id='word_1_347' title='bbox 1430 474 1568 502; x_wconf 82' lang='lat' dir='ltr'><strong>diabolum</strong></span> <span class='ocrx_word' id='word_1_348' title='bbox 1585 475 1612 501; x_wconf 92' lang='lat' dir='ltr'><strong>in</strong></span> <span class='ocrx_word' id='word_1_349' title='bbox 1633 475 1759 510; x_wconf 81' lang='lat' dir='ltr'><strong>angelum</strong></span> <span class='ocrx_word' id='word_1_350' title='bbox 1776 475 1846 502; x_wconf 88' lang='lat' dir='ltr'><strong>lucis</strong></span> 
     </span>
    </p>
   </div>
   <div class='ocr_carea' id='block_1_53' title="bbox 1057 520 1846 553">
    <p class='ocr_par' dir='ltr' id='par_1_53' title="bbox 1057 520 1846 553">
     <span class='ocr_line' id='line_1_53' title="bbox 1057 520 1846 553; baseline 0 -5"><span class='ocrx_word' id='word_1_351' title='bbox 1057 521 1279 549; x_wconf 85' lang='lat' dir='ltr'><strong>transformatum</strong></span> <span class='ocrx_word' id='word_1_352' title='bbox 1303 521 1409 553; x_wconf 84' lang='lat' dir='ltr'><strong>metuit,</strong></span> <span class='ocrx_word' id='word_1_353' title='bbox 1433 529 1494 548; x_wconf 86' lang='lat' dir='ltr'><strong>eum</strong></span> <span class='ocrx_word' id='word_1_354' title='bbox 1519 520 1552 548; x_wconf 84' lang='lat' dir='ltr'><strong>sit</strong></span> <span class='ocrx_word' id='word_1_355' title='bbox 1578 521 1742 548; x_wconf 67' lang='lat' dir='ltr'><strong>daemonium</strong></span> <span class='ocrx_word' id='word_1_356' title='bbox 1764 521 1846 548; x_wconf 88' lang='lat' dir='ltr'><strong>meri-</strong></span> 
     </span>
    </p>
   </div>
   <div class='ocr_carea' id='block_1_54' title="bbox 1056 567 1844 602">
    <p class='ocr_par' dir='ltr' id='par_1_54' title="bbox 1056 567 1844 602">
     <span class='ocr_line' id='line_1_54' title="bbox 1056 567 1844 602; baseline -0.001 -8"><span class='ocrx_word' id='word_1_357' title='bbox 1056 568 1180 598; x_wconf 87' lang='lat' dir='ltr'><strong>dianum,</strong></span> <span class='ocrx_word' id='word_1_358' title='bbox 1196 571 1224 594; x_wconf 85' lang='lat' dir='ltr'><strong>et</strong></span> <span class='ocrx_word' id='word_1_359' title='bbox 1241 567 1350 594; x_wconf 80' lang='lat' dir='ltr'><strong>fervens</strong></span> <span class='ocrx_word' id='word_1_360' title='bbox 1370 567 1414 593; x_wconf 75' lang='lat' dir='ltr'><strong>lux</strong></span> <span class='ocrx_word' id='word_1_361' title='bbox 1436 567 1613 594; x_wconf 87' lang='lat' dir='ltr'><strong>annuntietur</strong></span> <span class='ocrx_word' id='word_1_362' title='bbox 1626 572 1738 602; x_wconf 88' lang='lat' dir='ltr'><strong>propter</strong></span> <span class='ocrx_word' id='word_1_363' title='bbox 1756 567 1844 602; x_wconf 86' lang='lat' dir='ltr'><strong>philo-</strong></span> 
     </span>
    </p>
   </div>
   <div class='ocr_carea' id='block_1_55' title="bbox 1056 611 1844 648">
    <p class='ocr_par' dir='ltr' id='par_1_55' title="bbox 1056 611 1844 648">
     <span class='ocr_line' id='line_1_55' title="bbox 1056 611 1844 648; baseline -0.003 -8"><span class='ocrx_word' id='word_1_364' title='bbox 1056 613 1180 648; x_wconf 81' lang='lat' dir='ltr'><strong>sophiam</strong></span> <span class='ocrx_word' id='word_1_365' title='bbox 1205 617 1234 640; x_wconf 88' lang='lat' dir='ltr'><strong>et</strong></span> <span class='ocrx_word' id='word_1_366' title='bbox 1269 613 1378 640; x_wconf 84' lang='lat' dir='ltr'><strong>inanem</strong></span> <span class='ocrx_word' id='word_1_367' title='bbox 1407 611 1553 639; x_wconf 77' lang='lat' dir='ltr'><strong>fallaciam.</strong></span> <span class='ocrx_word' id='word_1_368' title='bbox 1586 611 1613 638; x_wconf 89' lang='lat' dir='ltr'><strong>Id</strong></span> <span class='ocrx_word' id='word_1_369' title='bbox 1643 613 1731 647; x_wconf 89' lang='lat' dir='ltr'><strong>ipsum</strong></span> <span class='ocrx_word' id='word_1_370' title='bbox 1758 615 1844 639; x_wconf 89' lang='lat' dir='ltr'><strong>totum</strong></span> 
     </span>
    </p>
   </div>
   <div class='ocr_carea' id='block_1_56' title="bbox 1056 656 1844 692">
    <p class='ocr_par' dir='ltr' id='par_1_56' title="bbox 1056 656 1844 692">
     <span class='ocr_line' id='line_1_56' title="bbox 1056 656 1844 692; baseline -0.003 -6"><span class='ocrx_word' id='word_1_371' title='bbox 1056 664 1098 686; x_wconf 87' lang='lat' dir='ltr'><strong>est</strong></span> <span class='ocrx_word' id='word_1_372' title='bbox 1112 659 1278 686; x_wconf 68' lang='lat' dir='ltr'><strong>daemonium</strong></span> <span class='ocrx_word' id='word_1_373' title='bbox 1293 657 1488 685; x_wconf 83' lang='lat' dir='ltr'><strong>meridianum.</strong></span> <span class='ocrx_word' id='word_1_374' title='bbox 1504 656 1564 684; x_wconf 88' lang='lat' dir='ltr'><strong>Non</strong></span> <span class='ocrx_word' id='word_1_375' title='bbox 1577 657 1652 685; x_wconf 89' lang='lat' dir='ltr'><strong>solus</strong></span> <span class='ocrx_word' id='word_1_376' title='bbox 1664 662 1758 684; x_wconf 85' lang='lat' dir='ltr'><strong>autem</strong></span> <span class='ocrx_word' id='word_1_377' title='bbox 1775 657 1844 692; x_wconf 88' lang='lat' dir='ltr'><strong>ipse.</strong></span> 
     </span>
    </p>
   </div>
   <div class='ocr_carea' id='block_1_57' title="bbox 1057 703 1844 738">
    <p class='ocr_par' dir='ltr' id='par_1_57' title="bbox 1057 703 1844 738">
     <span class='ocr_line' id='line_1_57' title="bbox 1057 703 1844 738; baseline -0.003 -7"><span class='ocrx_word' id='word_1_378' title='bbox 1057 712 1151 731; x_wconf 91' lang='lat' dir='ltr'><strong>verum</strong></span> <span class='ocrx_word' id='word_1_379' title='bbox 1165 704 1248 730; x_wconf 89' lang='lat' dir='ltr'><strong>etiam</strong></span> <span class='ocrx_word' id='word_1_380' title='bbox 1262 703 1379 731; x_wconf 77' lang='lat' dir='ltr'><strong>ministri</strong></span> <span class='ocrx_word' id='word_1_381' title='bbox 1396 703 1466 738; x_wconf 84' lang='lat' dir='ltr'><strong>ejus,</strong></span> <span class='ocrx_word' id='word_1_382' title='bbox 1480 703 1527 738; x_wconf 88' lang='lat' dir='ltr'><strong>qui</strong></span> <span class='ocrx_word' id='word_1_383' title='bbox 1543 703 1726 730; x_wconf 83' lang='lat' dir='ltr'><strong>transformati</strong></span> <span class='ocrx_word' id='word_1_384' title='bbox 1741 707 1806 730; x_wconf 88' lang='lat' dir='ltr'><strong>sunt</strong></span> <span class='ocrx_word' id='word_1_385' title='bbox 1818 703 1844 730; x_wconf 87' lang='lat' dir='ltr'><strong>in</strong></span> 
     </span>
    </p>
   </div>
   <div class='ocr_carea' id='block_1_58' title="bbox 1057 748 1846 786">
    <p class='ocr_par' dir='ltr' id='par_1_58' title="bbox 1057 748 1846 786">
     <span class='ocr_line' id='line_1_58' title="bbox 1057 748 1846 786; baseline -0.003 -8"><span class='ocrx_word' id='word_1_386' title='bbox 1057 751 1197 779; x_wconf 84' lang='lat' dir='ltr'><strong>ministros</strong></span> <span class='ocrx_word' id='word_1_387' title='bbox 1214 751 1338 786; x_wconf 61' lang='lat' dir='ltr'><strong>iustitiae,</strong></span> <span class='ocrx_word' id='word_1_388' title='bbox 1354 750 1488 778; x_wconf 66' lang='lat' dir='ltr'><strong>daemonia</strong></span> <span class='ocrx_word' id='word_1_389' title='bbox 1507 749 1656 777; x_wconf 83' lang='lat' dir='ltr'><strong>meridiana</strong></span> <span class='ocrx_word' id='word_1_390' title='bbox 1669 753 1742 776; x_wconf 88' lang='lat' dir='ltr'><strong>sunt.</strong></span> <span class='ocrx_word' id='word_1_391' title='bbox 1757 748 1846 776; x_wconf 66' lang='lat' dir='ltr'><strong>Caete-</strong></span> 
     </span>
    </p>
   </div>
   <div class='ocr_carea' id='block_1_59' title="bbox 1057 795 1844 831">
    <p class='ocr_par' dir='ltr' id='par_1_59' title="bbox 1057 795 1844 831">
     <span class='ocr_line' id='line_1_59' title="bbox 1057 795 1844 831; baseline -0.003 -7"><span class='ocrx_word' id='word_1_392' title='bbox 1057 804 1129 830; x_wconf 88' lang='lat' dir='ltr'><strong>rum,</strong></span> <span class='ocrx_word' id='word_1_393' title='bbox 1149 797 1202 824; x_wconf 87' lang='lat' dir='ltr'><strong>etsi</strong></span> <span class='ocrx_word' id='word_1_394' title='bbox 1228 797 1343 831; x_wconf 93' lang='lat' dir='ltr'><strong>quilibet</strong></span> <span class='ocrx_word' id='word_1_395' title='bbox 1367 798 1465 823; x_wconf 85' lang='lat' dir='ltr'><strong>borum</strong></span> <span class='ocrx_word' id='word_1_396' title='bbox 1489 796 1600 823; x_wconf 84' lang='lat' dir='ltr'><strong>simulet</strong></span> <span class='ocrx_word' id='word_1_397' title='bbox 1619 803 1647 823; x_wconf 87' lang='lat' dir='ltr'><strong>se</strong></span> <span class='ocrx_word' id='word_1_398' title='bbox 1663 795 1844 823; x_wconf 88' lang='lat' dir='ltr'><strong>meridianum</strong></span> 
     </span>
    </p>
   </div>
   <div class='ocr_carea' id='block_1_60' title="bbox 1056 842 1845 887">
    <p class='ocr_par' dir='ltr' id='par_1_60' title="bbox 1056 842 1845 887">
     <span class='ocr_line' id='line_1_60' title="bbox 1056 842 1845 887; baseline -0.004 -16"><span class='ocrx_word' id='word_1_399' title='bbox 1056 851 1127 876; x_wconf 83' lang='lat' dir='ltr'><strong>esse,</strong></span> <span class='ocrx_word' id='word_1_400' title='bbox 1140 852 1197 871; x_wconf 87' lang='lat' dir='ltr'><strong>non</strong></span> <span class='ocrx_word' id='word_1_401' title='bbox 1213 848 1325 887; x_wconf 44' lang='lat' dir='ltr'><strong>manen‘t</strong></span> <span class='ocrx_word' id='word_1_402' title='bbox 1343 847 1432 870; x_wconf 87' lang='lat' dir='ltr'><strong>tamen</strong></span> <span class='ocrx_word' id='word_1_403' title='bbox 1449 843 1516 870; x_wconf 84' lang='lat' dir='ltr'><strong>tales</strong></span> <span class='ocrx_word' id='word_1_404' title='bbox 1532 843 1627 877; x_wconf 80' lang='lat' dir='ltr'><strong>quales</strong></span> <span class='ocrx_word' id='word_1_405' title='bbox 1640 850 1669 869; x_wconf 88' lang='lat' dir='ltr'><strong>se</strong></span> <span class='ocrx_word' id='word_1_406' title='bbox 1683 850 1744 869; x_wconf 84' lang='lat' dir='ltr'><strong>esse</strong></span> <span class='ocrx_word' id='word_1_407' title='bbox 1759 842 1845 869; x_wconf 89' lang='lat' dir='ltr'><strong>simu-</strong></span> 
     </span>
    </p>
   </div>
   <div class='ocr_carea' id='block_1_61' title="bbox 1057 888 1845 924">
    <p class='ocr_par' dir='ltr' id='par_1_61' title="bbox 1057 888 1845 924">
     <span class='ocr_line' id='line_1_61' title="bbox 1057 888 1845 924; baseline -0.004 -7"><span class='ocrx_word' id='word_1_408' title='bbox 1057 891 1121 922; x_wconf 78' lang='lat' dir='ltr'><strong>lant,</strong></span> <span class='ocrx_word' id='word_1_409' title='bbox 1139 891 1240 917; x_wconf 86' lang='lat' dir='ltr'><strong>lumine</strong></span> <span class='ocrx_word' id='word_1_410' title='bbox 1264 890 1408 924; x_wconf 87' lang='lat' dir='ltr'><strong>impiorum</strong></span> <span class='ocrx_word' id='word_1_411' title='bbox 1424 889 1579 920; x_wconf 80' lang='lat' dir='ltr'><strong>exstincto;</strong></span> <span class='ocrx_word' id='word_1_412' title='bbox 1597 889 1707 923; x_wconf 79' lang='lat' dir='ltr'><strong>quando</strong></span> <span class='ocrx_word' id='word_1_413' title='bbox 1718 888 1845 916; x_wconf 74' lang='lat' dir='ltr'><strong>Christus</strong></span> 
     </span>
    </p>
   </div>
   <div class='ocr_carea' id='block_1_62' title="bbox 1055 934 1844 970">
    <p class='ocr_par' dir='ltr' id='par_1_62' title="bbox 1055 934 1844 970">
     <span class='ocr_line' id='line_1_62' title="bbox 1055 934 1844 970; baseline -0.003 -8"><span class='ocrx_word' id='word_1_414' title='bbox 1055 936 1206 968; x_wconf 88' lang='lat' dir='ltr'><strong>advenerit,</strong></span> <span class='ocrx_word' id='word_1_415' title='bbox 1223 936 1268 970; x_wconf 85' lang='lat' dir='ltr'><strong>qui</strong></span> <span class='ocrx_word' id='word_1_416' title='bbox 1284 935 1443 962; x_wconf 80' lang='lat' dir='ltr'><strong>ilhuninahit</strong></span> <span class='ocrx_word' id='word_1_417' title='bbox 1456 935 1610 962; x_wconf 76' lang='lat' dir='ltr'><strong>abscondita</strong></span> <span class='ocrx_word' id='word_1_418' title='bbox 1625 934 1803 966; x_wconf 77' lang='lat' dir='ltr'><strong>tenebrarum,</strong></span> <span class='ocrx_word' id='word_1_419' title='bbox 1818 938 1844 961; x_wconf 83' lang='lat' dir='ltr'><strong>et</strong></span> 
     </span>
    </p>
   </div>
   <div class='ocr_carea' id='block_1_63' title="bbox 1055 981 1541 1016">
    <p class='ocr_par' dir='ltr' id='par_1_63' title="bbox 1055 981 1541 1016">
     <span class='ocr_line' id='line_1_63' title="bbox 1055 981 1541 1016; baseline -0.002 -8"><span class='ocrx_word' id='word_1_420' title='bbox 1055 981 1232 1016; x_wconf 69' lang='lat' dir='ltr'><strong>nmnifeslabit</strong></span> <span class='ocrx_word' id='word_1_421' title='bbox 1249 981 1359 1008; x_wconf 76' lang='lat' dir='ltr'><strong>consilia</strong></span> <span class='ocrx_word' id='word_1_422' title='bbox 1374 981 1493 1008; x_wconf 80' lang='lat' dir='ltr'><strong>cordium</strong></span> <span class='ocrx_word' id='word_1_423' title='bbox 1510 981 1541 1007; x_wconf 89' lang='lat'><strong>&quot;.</strong></span> 
     </span>
    </p>
   </div>
   <div class='ocr_carea' id='block_1_64' title="bbox 1092 1060 1699 1099">
    <p class='ocr_par' dir='ltr' id='par_1_64' title="bbox 1092 1060 1699 1099">
     <span class='ocr_line' id='line_1_64' title="bbox 1092 1060 1699 1099; baseline -0.002 -1"><span class='ocrx_word' id='word_1_424' title='bbox 1092 1072 1173 1099; x_wconf 69' lang='lat' dir='ltr'><strong>Vens.</strong></span> <span class='ocrx_word' id='word_1_425' title='bbox 1189 1073 1216 1098; x_wconf 84' lang='grc'><strong>7.</strong></span> <span class='ocrx_word' id='word_1_426' title='bbox 1237 1081 1246 1097; x_wconf 80' lang='grc' dir='ltr'><strong>ι</strong></span> <span class='ocrx_word' id='word_1_427' title='bbox 1260 1072 1365 1099; x_wconf 84' lang='lat' dir='ltr'><strong>Cadent</strong></span> <span class='ocrx_word' id='word_1_428' title='bbox 1380 1080 1395 1099; x_wconf 85' lang='lat' dir='ltr'><strong>a</strong></span> <span class='ocrx_word' id='word_1_429' title='bbox 1409 1073 1493 1099; x_wconf 81' lang='lat' dir='ltr'><strong>latere</strong></span> <span class='ocrx_word' id='word_1_430' title='bbox 1510 1074 1557 1099; x_wconf 85' lang='lat' dir='ltr'><strong>tuo</strong></span> <span class='ocrx_word' id='word_1_431' title='bbox 1571 1072 1654 1098; x_wconf 89' lang='lat' dir='ltr'><strong>mille.</strong></span> <span class='ocrx_word' id='word_1_432' title='bbox 1677 1060 1699 1097; x_wconf 33' lang='lat' dir='ltr'><strong>i-</strong></span> 
     </span>
    </p>
   </div>
   <div class='ocr_carea' id='block_1_65' title="bbox 1089 1109 1844 1152">
    <p class='ocr_par' dir='ltr' id='par_1_65' title="bbox 1089 1109 1844 1152">
     <span class='ocr_line' id='line_1_65' title="bbox 1089 1109 1844 1152; baseline -0.004 -6"><span class='ocrx_word' id='word_1_433' title='bbox 1089 1119 1187 1146; x_wconf 84' lang='lat' dir='ltr'><strong>Decem</strong></span> <span class='ocrx_word' id='word_1_434' title='bbox 1210 1118 1293 1146; x_wconf 83' lang='lat' dir='ltr'><strong>millia</strong></span> <span class='ocrx_word' id='word_1_435' title='bbox 1313 1116 1417 1145; x_wconf 77' lang='lat' dir='ltr'><strong>dextris</strong></span> <span class='ocrx_word' id='word_1_436' title='bbox 1433 1122 1561 1152; x_wconf 82' lang='lat' dir='ltr'><strong>tanquam</strong></span> <span class='ocrx_word' id='word_1_437' title='bbox 1588 1109 1790 1152; x_wconf 81' lang='lat' dir='ltr'><strong>potentioribus</strong></span> <span class='ocrx_word' id='word_1_438' title='bbox 1812 1123 1844 1144; x_wconf 85' lang='lat' dir='ltr'><strong>ac</strong></span> 
     </span>
    </p>
   </div>
   <div class='ocr_carea' id='block_1_66' title="bbox 1055 1163 1845 1198">
    <p class='ocr_par' dir='ltr' id='par_1_66' title="bbox 1055 1163 1845 1198">
     <span class='ocr_line' id='line_1_66' title="bbox 1055 1163 1845 1198; baseline -0.003 -7"><span class='ocrx_word' id='word_1_439' title='bbox 1055 1164 1214 1192; x_wconf 86' lang='lat' dir='ltr'><strong>fortioribus</strong></span> <span class='ocrx_word' id='word_1_440' title='bbox 1229 1164 1356 1192; x_wconf 83' lang='lat' dir='ltr'><strong>insidiata</strong></span> <span class='ocrx_word' id='word_1_441' title='bbox 1371 1168 1445 1191; x_wconf 90' lang='lat' dir='ltr'><strong>sunt.</strong></span> <span class='ocrx_word' id='word_1_442' title='bbox 1468 1163 1659 1192; x_wconf 83' lang='lat' dir='ltr'><strong>Verumtamen</strong></span> <span class='ocrx_word' id='word_1_443' title='bbox 1674 1163 1766 1198; x_wconf 81' lang='lat' dir='ltr'><strong>plures</strong></span> <span class='ocrx_word' id='word_1_444' title='bbox 1780 1166 1845 1190; x_wconf 89' lang='lat' dir='ltr'><strong>sunt</strong></span> 
     </span>
    </p>
   </div>
   <div class='ocr_carea' id='block_1_67' title="bbox 1055 1210 1844 1246">
    <p class='ocr_par' dir='ltr' id='par_1_67' title="bbox 1055 1210 1844 1246">
     <span class='ocr_line' id='line_1_67' title="bbox 1055 1210 1844 1246; baseline -0.003 -8"><span class='ocrx_word' id='word_1_445' title='bbox 1055 1211 1100 1246; x_wconf 91' lang='lat' dir='ltr'><strong>qui</strong></span> <span class='ocrx_word' id='word_1_446' title='bbox 1114 1211 1214 1239; x_wconf 85' lang='lat' dir='ltr'><strong>cadant</strong></span> <span class='ocrx_word' id='word_1_447' title='bbox 1228 1219 1261 1238; x_wconf 85' lang='lat' dir='ltr'><strong>eo</strong></span> <span class='ocrx_word' id='word_1_448' title='bbox 1274 1211 1346 1246; x_wconf 89' lang='lat' dir='ltr'><strong>quod</strong></span> <span class='ocrx_word' id='word_1_449' title='bbox 1361 1219 1375 1237; x_wconf 88' lang='lat' dir='ltr'><strong>a</strong></span> <span class='ocrx_word' id='word_1_450' title='bbox 1391 1211 1494 1238; x_wconf 80' lang='lat' dir='ltr'><strong>dextris</strong></span> <span class='ocrx_word' id='word_1_451' title='bbox 1509 1217 1570 1238; x_wconf 85' lang='lat' dir='ltr'><strong>esse</strong></span> <span class='ocrx_word' id='word_1_452' title='bbox 1591 1210 1745 1241; x_wconf 81' lang='lat' dir='ltr'><strong>videantur.</strong></span> <span class='ocrx_word' id='word_1_453' title='bbox 1762 1217 1844 1244; x_wconf 88' lang='lat' dir='ltr'><strong>quam</strong></span> 
     </span>
    </p>
   </div>
   <div class='ocr_carea' id='block_1_68' title="bbox 1055 1255 1844 1293">
    <p class='ocr_par' dir='ltr' id='par_1_68' title="bbox 1055 1255 1844 1293">
     <span class='ocr_line' id='line_1_68' title="bbox 1055 1255 1844 1293; baseline -0.003 -9"><span class='ocrx_word' id='word_1_454' title='bbox 1055 1258 1100 1293; x_wconf 91' lang='lat' dir='ltr'><strong>qui</strong></span> <span class='ocrx_word' id='word_1_455' title='bbox 1115 1257 1260 1284; x_wconf 83' lang='lat' dir='ltr'><strong>manifeste</strong></span> <span class='ocrx_word' id='word_1_456' title='bbox 1276 1261 1401 1292; x_wconf 87' lang='lat' dir='ltr'><strong>peccant.</strong></span> <span class='ocrx_word' id='word_1_457' title='bbox 1423 1256 1534 1283; x_wconf 83' lang='lat' dir='ltr'><strong>Plurimi</strong></span> <span class='ocrx_word' id='word_1_458' title='bbox 1552 1256 1624 1284; x_wconf 88' lang='lat' dir='ltr'><strong>enim</strong></span> <span class='ocrx_word' id='word_1_459' title='bbox 1639 1256 1766 1283; x_wconf 85' lang='lat' dir='ltr'><strong>homines</strong></span> <span class='ocrx_word' id='word_1_460' title='bbox 1779 1255 1844 1283; x_wconf 90' lang='lat' dir='ltr'><strong>dum</strong></span> 
     </span>
    </p>
   </div>
   <div class='ocr_carea' id='block_1_69' title="bbox 1053 1301 1844 1339">
    <p class='ocr_par' dir='ltr' id='par_1_69' title="bbox 1053 1301 1844 1339">
     <span class='ocr_line' id='line_1_69' title="bbox 1053 1301 1844 1339; baseline -0.004 -8"><span class='ocrx_word' id='word_1_461' title='bbox 1053 1304 1172 1339; x_wconf 83' lang='lat' dir='ltr'><strong>justitias</strong></span> <span class='ocrx_word' id='word_1_462' title='bbox 1191 1304 1296 1339; x_wconf 78' lang='lat' dir='ltr'><strong>aliquas</strong></span> <span class='ocrx_word' id='word_1_463' title='bbox 1326 1311 1381 1338; x_wconf 64' lang='lat' dir='ltr'><strong>pra:</strong></span> <span class='ocrx_word' id='word_1_464' title='bbox 1409 1310 1437 1330; x_wconf 88' lang='lat' dir='ltr'><strong>se</strong></span> <span class='ocrx_word' id='word_1_465' title='bbox 1460 1303 1561 1335; x_wconf 88' lang='lat' dir='ltr'><strong>ferunt,</strong></span> <span class='ocrx_word' id='word_1_466' title='bbox 1592 1301 1709 1337; x_wconf 80' lang='lat' dir='ltr'><strong>peccatis</strong></span> <span class='ocrx_word' id='word_1_467' title='bbox 1736 1301 1844 1328; x_wconf 82' lang='lat' dir='ltr'><strong>transﬁ-</strong></span> 
     </span>
    </p>
   </div>
   <div class='ocr_carea' id='block_1_70' title="bbox 1055 1353 1167 1384">
    <p class='ocr_par' dir='ltr' id='par_1_70' title="bbox 1055 1353 1167 1384">
     <span class='ocr_line' id='line_1_70' title="bbox 1055 1353 1167 1384; baseline 0.009 -9"><span class='ocrx_word' id='word_1_468' title='bbox 1055 1353 1167 1384; x_wconf 75' lang='lat' dir='ltr'><strong>gnntur.</strong></span> 
     </span>
    </p>
   </div>
   <div class='ocr_carea' id='block_1_71' title="bbox 1298 1393 1585 1422">
    <p class='ocr_par' dir='ltr' id='par_1_71' title="bbox 1298 1393 1585 1422">
     <span class='ocr_line' id='line_1_71' title="bbox 1298 1393 1585 1422; baseline 0.003 -3"><span class='ocrx_word' id='word_1_469' title='bbox 1298 1393 1457 1422; x_wconf 75' lang='lat' dir='ltr'><strong>PSALMUS</strong></span> <span class='ocrx_word' id='word_1_470' title='bbox 1483 1393 1585 1421; x_wconf 73' lang='lat' dir='ltr'><strong>XCVII.</strong></span> 
     </span>
    </p>
   </div>
   <div class='ocr_carea' id='block_1_72' title="bbox 1091 1439 1688 1475">
    <p class='ocr_par' dir='ltr' id='par_1_72' title="bbox 1091 1439 1688 1475">
     <span class='ocr_line' id='line_1_72' title="bbox 1091 1439 1688 1475; baseline 0 -9"><span class='ocrx_word' id='word_1_471' title='bbox 1091 1439 1172 1467; x_wconf 75' lang='lat' dir='ltr'><strong>Vens.</strong></span> <span class='ocrx_word' id='word_1_472' title='bbox 1191 1439 1215 1466; x_wconf 90' lang='lat' dir='ltr'><strong>I.</strong></span> <span class='ocrx_word' id='word_1_473' title='bbox 1236 1449 1245 1465; x_wconf 74' lang='grc' dir='ltr'><strong>ι</strong></span> <span class='ocrx_word' id='word_1_474' title='bbox 1259 1439 1379 1467; x_wconf 86' lang='lat' dir='ltr'><strong>Salvavit</strong></span> <span class='ocrx_word' id='word_1_475' title='bbox 1394 1440 1446 1475; x_wconf 80' lang='lat' dir='ltr'><strong>sibi</strong></span> <span class='ocrx_word' id='word_1_476' title='bbox 1464 1441 1575 1467; x_wconf 75' lang='lat' dir='ltr'><strong>dextera</strong></span> <span class='ocrx_word' id='word_1_477' title='bbox 1588 1439 1657 1475; x_wconf 79' lang='lat' dir='ltr'><strong>ejus.</strong></span> <span class='ocrx_word' id='word_1_478' title='bbox 1679 1449 1688 1466; x_wconf 75' lang='grc' dir='ltr'><strong>ο</strong></span> 
     </span>
    </p>
   </div>
   <div class='ocr_carea' id='block_1_73' title="bbox 1091 1486 1846 1521">
    <p class='ocr_par' dir='ltr' id='par_1_73' title="bbox 1091 1486 1846 1521">
     <span class='ocr_line' id='line_1_73' title="bbox 1091 1486 1846 1521; baseline -0.004 -7"><span class='ocrx_word' id='word_1_479' title='bbox 1091 1487 1194 1521; x_wconf 88' lang='lat' dir='ltr'><strong>Ecquid</strong></span> <span class='ocrx_word' id='word_1_480' title='bbox 1206 1487 1257 1514; x_wconf 84' lang='lat' dir='ltr'><strong>hoc</strong></span> <span class='ocrx_word' id='word_1_481' title='bbox 1268 1486 1331 1513; x_wconf 84' lang='lat' dir='ltr'><strong>miri</strong></span> <span class='ocrx_word' id='word_1_482' title='bbox 1347 1486 1470 1514; x_wconf 87' lang='lat' dir='ltr'><strong>continet</strong></span> <span class='ocrx_word' id='word_1_483' title='bbox 1482 1487 1493 1512; x_wconf 84' lang='lat'><strong>‘?</strong></span> <span class='ocrx_word' id='word_1_484' title='bbox 1504 1486 1723 1521; x_wconf 80' lang='lat' dir='ltr'><strong>quandoquidem</strong></span> <span class='ocrx_word' id='word_1_485' title='bbox 1737 1490 1846 1520; x_wconf 80' lang='lat' dir='ltr'><strong>propter</strong></span> 
     </span>
    </p>
   </div>
   <div class='ocr_carea' id='block_1_74' title="bbox 1055 1531 1843 1566">
    <p class='ocr_par' dir='ltr' id='par_1_74' title="bbox 1055 1531 1843 1566">
     <span class='ocr_line' id='line_1_74' title="bbox 1055 1531 1843 1566; baseline -0.001 -7"><span class='ocrx_word' id='word_1_486' title='bbox 1055 1539 1198 1560; x_wconf 82' lang='lat' dir='ltr'><strong>excessum</strong></span> <span class='ocrx_word' id='word_1_487' title='bbox 1220 1533 1329 1560; x_wconf 76' lang='lat' dir='ltr'><strong>malitia:</strong></span> <span class='ocrx_word' id='word_1_488' title='bbox 1349 1532 1462 1559; x_wconf 89' lang='lat' dir='ltr'><strong>omnino</strong></span> <span class='ocrx_word' id='word_1_489' title='bbox 1483 1532 1601 1566; x_wconf 73' lang='lat' dir='ltr'><strong>reiectus</strong></span> <span class='ocrx_word' id='word_1_490' title='bbox 1628 1532 1711 1558; x_wconf 84' lang='lat' dir='ltr'><strong>fuerit</strong></span> <span class='ocrx_word' id='word_1_491' title='bbox 1735 1531 1817 1558; x_wconf 80' lang='lat' dir='ltr'><strong>homo</strong></span> <span class='ocrx_word' id='word_1_492' title='bbox 1835 1540 1843 1564; x_wconf 83' lang='lat'><strong>;</strong></span> 
     </span>
    </p>
   </div>
   <div class='ocr_carea' id='block_1_75' title="bbox 1056 1577 1846 1613">
    <p class='ocr_par' dir='ltr' id='par_1_75' title="bbox 1056 1577 1846 1613">
     <span class='ocr_line' id='line_1_75' title="bbox 1056 1577 1846 1613; baseline 0 -9"><span class='ocrx_word' id='word_1_493' title='bbox 1056 1582 1222 1613; x_wconf 87' lang='lat' dir='ltr'><strong>quapropter</strong></span> <span class='ocrx_word' id='word_1_494' title='bbox 1237 1578 1285 1605; x_wconf 89' lang='lat' dir='ltr'><strong>Dei</strong></span> <span class='ocrx_word' id='word_1_495' title='bbox 1297 1579 1406 1605; x_wconf 83' lang='lat' dir='ltr'><strong>dextera</strong></span> <span class='ocrx_word' id='word_1_496' title='bbox 1421 1578 1601 1613; x_wconf 77' lang='lat' dir='ltr'><strong>ejusdemque</strong></span> <span class='ocrx_word' id='word_1_497' title='bbox 1616 1577 1729 1604; x_wconf 89' lang='lat' dir='ltr'><strong>brachio</strong></span> <span class='ocrx_word' id='word_1_498' title='bbox 1749 1585 1846 1604; x_wconf 89' lang='lat' dir='ltr'><strong>neces-</strong></span> 
     </span>
    </p>
   </div>
   <div class='ocr_carea' id='block_1_76' title="bbox 1057 1623 1846 1660">
    <p class='ocr_par' dir='ltr' id='par_1_76' title="bbox 1057 1623 1846 1660">
     <span class='ocr_line' id='line_1_76' title="bbox 1057 1623 1846 1660; baseline -0.003 -8"><span class='ocrx_word' id='word_1_499' title='bbox 1057 1626 1128 1652; x_wconf 91' lang='lat' dir='ltr'><strong>sario</strong></span> <span class='ocrx_word' id='word_1_500' title='bbox 1143 1625 1267 1660; x_wconf 78' lang='lat' dir='ltr'><strong>indiguit,</strong></span> <span class='ocrx_word' id='word_1_501' title='bbox 1282 1625 1385 1652; x_wconf 82' lang='lat' dir='ltr'><strong>scilicet</strong></span> <span class='ocrx_word' id='word_1_502' title='bbox 1399 1624 1547 1660; x_wconf 77' lang='lat' dir='ltr'><strong>Unigenito</strong></span> <span class='ocrx_word' id='word_1_503' title='bbox 1572 1625 1632 1659; x_wconf 84' lang='lat' dir='ltr'><strong>ejus</strong></span> <span class='ocrx_word' id='word_1_504' title='bbox 1646 1632 1652 1652; x_wconf 90' lang='lat'><strong>:</strong></span> <span class='ocrx_word' id='word_1_505' title='bbox 1670 1624 1759 1660; x_wconf 83' lang='lat' dir='ltr'><strong>ipsum</strong></span> <span class='ocrx_word' id='word_1_506' title='bbox 1773 1623 1846 1651; x_wconf 89' lang='lat' dir='ltr'><strong>enim</strong></span> 
     </span>
    </p>
   </div>
   <div class='ocr_carea' id='block_1_77' title="bbox 1057 1671 1848 1707">
    <p class='ocr_par' dir='ltr' id='par_1_77' title="bbox 1057 1671 1848 1707">
     <span class='ocr_line' id='line_1_77' title="bbox 1057 1671 1848 1707; baseline 0 -9"><span class='ocrx_word' id='word_1_507' title='bbox 1057 1676 1171 1706; x_wconf 88' lang='lat' dir='ltr'><strong>utraque</strong></span> <span class='ocrx_word' id='word_1_508' title='bbox 1196 1672 1377 1707; x_wconf 82' lang='lat' dir='ltr'><strong>appellatione</strong></span> <span class='ocrx_word' id='word_1_509' title='bbox 1403 1671 1538 1707; x_wconf 77' lang='lat' dir='ltr'><strong>designat,</strong></span> <span class='ocrx_word' id='word_1_510' title='bbox 1551 1671 1584 1699; x_wconf 89' lang='lat' dir='ltr'><strong>de</strong></span> <span class='ocrx_word' id='word_1_511' title='bbox 1598 1679 1652 1707; x_wconf 85' lang='lat' dir='ltr'><strong>quo</strong></span> <span class='ocrx_word' id='word_1_512' title='bbox 1669 1671 1750 1698; x_wconf 88' lang='lat' dir='ltr'><strong>etiam</strong></span> <span class='ocrx_word' id='word_1_513' title='bbox 1766 1671 1848 1698; x_wconf 84' lang='lat' dir='ltr'><strong>Isaias</strong></span> 
     </span>
    </p>
   </div>
   <div class='ocr_carea' id='block_1_78' title="bbox 1057 1717 1847 1753">
    <p class='ocr_par' dir='ltr' id='par_1_78' title="bbox 1057 1717 1847 1753">
     <span class='ocr_line' id='line_1_78' title="bbox 1057 1717 1847 1753; baseline -0.003 -9"><span class='ocrx_word' id='word_1_514' title='bbox 1057 1718 1112 1744; x_wconf 85' lang='lat' dir='ltr'><strong>ait:</strong></span> <span class='ocrx_word' id='word_1_515' title='bbox 1130 1718 1202 1745; x_wconf 83' lang='lat' dir='ltr'><strong>Sicut</strong></span> <span class='ocrx_word' id='word_1_516' title='bbox 1223 1723 1314 1752; x_wconf 73' lang='lat' dir='ltr'><strong>pastor</strong></span> <span class='ocrx_word' id='word_1_517' title='bbox 1329 1719 1413 1753; x_wconf 82' lang='lat' dir='ltr'><strong>pascit</strong></span> <span class='ocrx_word' id='word_1_518' title='bbox 1431 1726 1534 1753; x_wconf 79' lang='lat' dir='ltr'><strong>gregem</strong></span> <span class='ocrx_word' id='word_1_519' title='bbox 1557 1725 1645 1748; x_wconf 71' lang='lat' dir='ltr'><strong>suum,</strong></span> <span class='ocrx_word' id='word_1_520' title='bbox 1666 1721 1691 1743; x_wconf 87' lang='lat' dir='ltr'><strong>et</strong></span> <span class='ocrx_word' id='word_1_521' title='bbox 1711 1717 1847 1743; x_wconf 78' lang='lat' dir='ltr'><strong>brachium</strong></span> 
     </span>
    </p>
   </div>
   <div class='ocr_carea' id='block_1_79' title="bbox 1056 1763 1846 1801">
    <p class='ocr_par' dir='ltr' id='par_1_79' title="bbox 1056 1763 1846 1801">
     <span class='ocr_line' id='line_1_79' title="bbox 1056 1763 1846 1801; baseline -0.003 -10"><span class='ocrx_word' id='word_1_522' title='bbox 1056 1766 1113 1800; x_wconf 82' lang='lat' dir='ltr'><strong>ejus</strong></span> <span class='ocrx_word' id='word_1_523' title='bbox 1129 1766 1293 1801; x_wconf 81' lang='lat' dir='ltr'><strong>congregabit</strong></span> <span class='ocrx_word' id='word_1_524' title='bbox 1309 1773 1389 1800; x_wconf 75' lang='lat' dir='ltr'><strong>agnos</strong></span> <span class='ocrx_word' id='word_1_525' title='bbox 1399 1765 1431 1791; x_wconf 72' lang='grc' dir='ltr'><strong>η.</strong></span> <span class='ocrx_word' id='word_1_526' title='bbox 1445 1764 1532 1797; x_wconf 84' lang='lat' dir='ltr'><strong>Quem</strong></span> <span class='ocrx_word' id='word_1_527' title='bbox 1547 1771 1601 1790; x_wconf 92' lang='lat' dir='ltr'><strong>non</strong></span> <span class='ocrx_word' id='word_1_528' title='bbox 1613 1763 1713 1790; x_wconf 86' lang='lat' dir='ltr'><strong>frustra</strong></span> <span class='ocrx_word' id='word_1_529' title='bbox 1723 1763 1846 1790; x_wconf 84' lang='lat' dir='ltr'><strong>Psalmo-</strong></span> 
     </span>
    </p>
   </div>
   <div class='ocr_carea' id='block_1_80' title="bbox 1057 1811 1846 1848">
    <p class='ocr_par' dir='ltr' id='par_1_80' title="bbox 1057 1811 1846 1848">
     <span class='ocr_line' id='line_1_80' title="bbox 1057 1811 1846 1848; baseline -0.005 -7"><span class='ocrx_word' id='word_1_530' title='bbox 1057 1814 1108 1841; x_wconf 89' lang='lat' dir='ltr'><strong>dus</strong></span> <span class='ocrx_word' id='word_1_531' title='bbox 1123 1814 1203 1845; x_wconf 81' lang='lat' dir='ltr'><strong>modo</strong></span> <span class='ocrx_word' id='word_1_532' title='bbox 1211 1817 1334 1841; x_wconf 85' lang='lat' dir='ltr'><strong>sanctum</strong></span> <span class='ocrx_word' id='word_1_533' title='bbox 1351 1813 1506 1848; x_wconf 80' lang='lat' dir='ltr'><strong>appellavit,</strong></span> <span class='ocrx_word' id='word_1_534' title='bbox 1519 1812 1582 1846; x_wconf 85' lang='lat' dir='ltr'><strong>quia</strong></span> <span class='ocrx_word' id='word_1_535' title='bbox 1594 1812 1622 1838; x_wconf 89' lang='lat' dir='ltr'><strong>iu</strong></span> <span class='ocrx_word' id='word_1_536' title='bbox 1638 1811 1748 1846; x_wconf 88' lang='lat' dir='ltr'><strong>propria</strong></span> <span class='ocrx_word' id='word_1_537' title='bbox 1759 1811 1846 1845; x_wconf 87' lang='lat' dir='ltr'><strong>ipsum</strong></span> 
     </span>
    </p>
   </div>
   <div class='ocr_carea' id='block_1_81' title="bbox 1059 1856 1847 1894">
    <p class='ocr_par' dir='ltr' id='par_1_81' title="bbox 1059 1856 1847 1894">
     <span class='ocr_line' id='line_1_81' title="bbox 1059 1856 1847 1894; baseline -0.004 -9"><span class='ocrx_word' id='word_1_538' title='bbox 1059 1858 1195 1894; x_wconf 72' lang='lat' dir='ltr'><strong>hypnslasi</strong></span> <span class='ocrx_word' id='word_1_539' title='bbox 1210 1858 1340 1885; x_wconf 80' lang='lat' dir='ltr'><strong>exhibere</strong></span> <span class='ocrx_word' id='word_1_540' title='bbox 1365 1858 1482 1884; x_wconf 87' lang='lat' dir='ltr'><strong>volebat.</strong></span> <span class='ocrx_word' id='word_1_541' title='bbox 1509 1858 1568 1891; x_wconf 89' lang='lat' dir='ltr'><strong>Ipse</strong></span> <span class='ocrx_word' id='word_1_542' title='bbox 1591 1856 1675 1891; x_wconf 89' lang='lat' dir='ltr'><strong>ipitur</strong></span> <span class='ocrx_word' id='word_1_543' title='bbox 1687 1856 1847 1891; x_wconf 73' lang='lat' dir='ltr'><strong>ﬁgmentum</strong></span> 
     </span>
    </p>
   </div>
   <div class='ocr_carea' id='block_1_82' title="bbox 1058 1901 1848 1939">
    <p class='ocr_par' dir='ltr' id='par_1_82' title="bbox 1058 1901 1848 1939">
     <span class='ocr_line' id='line_1_82' title="bbox 1058 1901 1848 1939; baseline -0.005 -8"><span class='ocrx_word' id='word_1_544' title='bbox 1058 1904 1194 1939; x_wconf 86' lang='lat' dir='ltr'><strong>perditum</strong></span> <span class='ocrx_word' id='word_1_545' title='bbox 1209 1903 1337 1931; x_wconf 81' lang='lat' dir='ltr'><strong>servavit.</strong></span> <span class='ocrx_word' id='word_1_546' title='bbox 1354 1903 1414 1929; x_wconf 87' lang='lat' dir='ltr'><strong>Non</strong></span> <span class='ocrx_word' id='word_1_547' title='bbox 1433 1903 1505 1929; x_wconf 80' lang='lat' dir='ltr'><strong>enim</strong></span> <span class='ocrx_word' id='word_1_548' title='bbox 1526 1903 1601 1929; x_wconf 83' lang='lat' dir='ltr'><strong>venit</strong></span> <span class='ocrx_word' id='word_1_549' title='bbox 1615 1901 1756 1936; x_wconf 85' lang='lat' dir='ltr'><strong>utjudicct</strong></span> <span class='ocrx_word' id='word_1_550' title='bbox 1768 1908 1848 1928; x_wconf 89' lang='lat' dir='ltr'><strong>mun-</strong></span> 
     </span>
    </p>
   </div>
   <div class='ocr_carea' id='block_1_83' title="bbox 1058 1948 1582 1981">
    <p class='ocr_par' dir='ltr' id='par_1_83' title="bbox 1058 1948 1582 1981">
     <span class='ocr_line' id='line_1_83' title="bbox 1058 1948 1582 1981; baseline -0.004 -5"><span class='ocrx_word' id='word_1_551' title='bbox 1058 1951 1132 1981; x_wconf 83' lang='lat' dir='ltr'><strong>dum,</strong></span> <span class='ocrx_word' id='word_1_552' title='bbox 1150 1949 1196 1976; x_wconf 84' lang='lat' dir='ltr'><strong>sed</strong></span> <span class='ocrx_word' id='word_1_553' title='bbox 1212 1953 1239 1976; x_wconf 84' lang='lat' dir='ltr'><strong>ut</strong></span> <span class='ocrx_word' id='word_1_554' title='bbox 1259 1948 1388 1976; x_wconf 86' lang='lat' dir='ltr'><strong>salvilicct</strong></span> <span class='ocrx_word' id='word_1_555' title='bbox 1405 1948 1536 1975; x_wconf 80' lang='lat' dir='ltr'><strong>muluium</strong></span> <span class='ocrx_word' id='word_1_556' title='bbox 1552 1949 1582 1974; x_wconf 89' lang='lat'><strong>&quot;.</strong></span> 
     </span>
    </p>
   </div>
   <div class='ocr_carea' id='block_1_84' title="bbox 1093 2028 1848 2064">
    <p class='ocr_par' dir='ltr' id='par_1_84' title="bbox 1093 2028 1848 2064">
     <span class='ocr_line' id='line_1_84' title="bbox 1093 2028 1848 2064; baseline 0 -1"><span class='ocrx_word' id='word_1_557' title='bbox 1093 2037 1174 2064; x_wconf 77' lang='lat' dir='ltr'><strong>Vens.</strong></span> <span class='ocrx_word' id='word_1_558' title='bbox 1200 2037 1226 2063; x_wconf 80' lang='grc'><strong>5.</strong></span> <span class='ocrx_word' id='word_1_559' title='bbox 1257 2045 1266 2062; x_wconf 82' lang='grc' dir='ltr'><strong>ι</strong></span> <span class='ocrx_word' id='word_1_560' title='bbox 1284 2035 1386 2063; x_wconf 83' lang='lat' dir='ltr'><strong>Memor</strong></span> <span class='ocrx_word' id='word_1_561' title='bbox 1408 2036 1459 2063; x_wconf 83' lang='lat' dir='ltr'><strong>fuit</strong></span> <span class='ocrx_word' id='word_1_562' title='bbox 1490 2035 1682 2063; x_wconf 77' lang='lat' dir='ltr'><strong>misericordia:</strong></span> <span class='ocrx_word' id='word_1_563' title='bbox 1713 2028 1769 2063; x_wconf 57' lang='lat' dir='ltr'><strong>suae</strong></span> <span class='ocrx_word' id='word_1_564' title='bbox 1799 2036 1848 2063; x_wconf 79' lang='lat' dir='ltr'><strong>Ja-</strong></span> 
     </span>
    </p>
   </div>
   <div class='ocr_carea' id='block_1_85' title="bbox 1058 2085 1143 2111">
    <p class='ocr_par' dir='ltr' id='par_1_85' title="bbox 1058 2085 1143 2111">
     <span class='ocr_line' id='line_1_85' title="bbox 1058 2085 1143 2111; baseline -0.012 -1"><span class='ocrx_word' id='word_1_565' title='bbox 1058 2085 1117 2111; x_wconf 84' lang='lat' dir='ltr'><strong>eob.</strong></span> <span class='ocrx_word' id='word_1_566' title='bbox 1134 2093 1143 2109; x_wconf 82' lang='lat'><strong>)</strong></span> 
     </span>
    </p>
   </div>
   <div class='ocr_carea' id='block_1_86' title="bbox 1093 2129 1848 2166">
    <p class='ocr_par' dir='ltr' id='par_1_86' title="bbox 1093 2129 1848 2166">
     <span class='ocr_line' id='line_1_86' title="bbox 1093 2129 1848 2166; baseline -0.001 -9"><span class='ocrx_word' id='word_1_567' title='bbox 1093 2130 1262 2166; x_wconf 73' lang='lat' dir='ltr'><strong>Quapropter</strong></span> <span class='ocrx_word' id='word_1_568' title='bbox 1271 2137 1333 2157; x_wconf 89' lang='lat' dir='ltr'><strong>cum</strong></span> <span class='ocrx_word' id='word_1_569' title='bbox 1349 2130 1432 2158; x_wconf 84' lang='lat' dir='ltr'><strong>Jacob</strong></span> <span class='ocrx_word' id='word_1_570' title='bbox 1443 2129 1567 2162; x_wconf 81' lang='lat' dir='ltr'><strong>dixisset,</strong></span> <span class='ocrx_word' id='word_1_571' title='bbox 1581 2136 1635 2157; x_wconf 92' lang='lat' dir='ltr'><strong>non</strong></span> <span class='ocrx_word' id='word_1_572' title='bbox 1653 2131 1720 2158; x_wconf 85' lang='lat' dir='ltr'><strong>satis</strong></span> <span class='ocrx_word' id='word_1_573' title='bbox 1735 2130 1773 2157; x_wconf 91' lang='lat' dir='ltr'><strong>illi</strong></span> <span class='ocrx_word' id='word_1_574' title='bbox 1785 2129 1848 2162; x_wconf 79' lang='lat' dir='ltr'><strong>fuit,</strong></span> 
     </span>
    </p>
   </div>
   <div class='ocr_carea' id='block_1_87' title="bbox 1058 2177 1849 2212">
    <p class='ocr_par' dir='ltr' id='par_1_87' title="bbox 1058 2177 1849 2212">
     <span class='ocr_line' id='line_1_87' title="bbox 1058 2177 1849 2212; baseline 0 -7"><span class='ocrx_word' id='word_1_575' title='bbox 1058 2178 1104 2205; x_wconf 86' lang='lat' dir='ltr'><strong>sed</strong></span> <span class='ocrx_word' id='word_1_576' title='bbox 1120 2178 1201 2205; x_wconf 88' lang='lat' dir='ltr'><strong>etiam</strong></span> <span class='ocrx_word' id='word_1_577' title='bbox 1223 2177 1334 2205; x_wconf 91' lang='lat' dir='ltr'><strong>domum</strong></span> <span class='ocrx_word' id='word_1_578' title='bbox 1359 2178 1441 2204; x_wconf 86' lang='lat' dir='ltr'><strong>Israel</strong></span> <span class='ocrx_word' id='word_1_579' title='bbox 1455 2177 1590 2212; x_wconf 83' lang='lat' dir='ltr'><strong>adjnnxit,</strong></span> <span class='ocrx_word' id='word_1_580' title='bbox 1615 2181 1645 2204; x_wconf 92' lang='lat' dir='ltr'><strong>ut</strong></span> <span class='ocrx_word' id='word_1_581' title='bbox 1670 2178 1784 2205; x_wconf 89' lang='lat' dir='ltr'><strong>omnino</strong></span> <span class='ocrx_word' id='word_1_582' title='bbox 1801 2177 1849 2205; x_wconf 89' lang='lat' dir='ltr'><strong>de-</strong></span> 
     </span>
    </p>
   </div>
   <div class='ocr_carea' id='block_1_88' title="bbox 1058 2222 1850 2258">
    <p class='ocr_par' dir='ltr' id='par_1_88' title="bbox 1058 2222 1850 2258">
     <span class='ocr_line' id='line_1_88' title="bbox 1058 2222 1850 2258; baseline -0.001 -7"><span class='ocrx_word' id='word_1_583' title='bbox 1058 2225 1172 2252; x_wconf 85' lang='lat' dir='ltr'><strong>clararet</strong></span> <span class='ocrx_word' id='word_1_584' title='bbox 1189 2224 1263 2251; x_wconf 88' lang='lat' dir='ltr'><strong>illum</strong></span> <span class='ocrx_word' id='word_1_585' title='bbox 1279 2224 1324 2258; x_wconf 91' lang='lat' dir='ltr'><strong>qui</strong></span> <span class='ocrx_word' id='word_1_586' title='bbox 1340 2232 1371 2251; x_wconf 87' lang='lat' dir='ltr'><strong>ea</strong></span> <span class='ocrx_word' id='word_1_587' title='bbox 1386 2232 1447 2257; x_wconf 67' lang='lat' dir='ltr'><strong>quae</strong></span> <span class='ocrx_word' id='word_1_588' title='bbox 1458 2223 1538 2251; x_wconf 88' lang='lat' dir='ltr'><strong>modo</strong></span> <span class='ocrx_word' id='word_1_589' title='bbox 1555 2223 1684 2258; x_wconf 62' lang='lat' dir='ltr'><strong>praedicta</strong></span> <span class='ocrx_word' id='word_1_590' title='bbox 1698 2226 1763 2250; x_wconf 87' lang='lat' dir='ltr'><strong>sunt</strong></span> <span class='ocrx_word' id='word_1_591' title='bbox 1777 2222 1850 2250; x_wconf 86' lang='lat' dir='ltr'><strong>fece-</strong></span> 
     </span>
    </p>
   </div>
   <div class='ocr_carea' id='block_1_89' title="bbox 218 2264 1006 2304">
    <p class='ocr_par' dir='ltr' id='par_1_89' title="bbox 218 2264 1005 2300">
     <span class='ocr_line' id='line_1_89' title="bbox 218 2264 1005 2300; baseline -0.001 -8"><span class='ocrx_word' id='word_1_592' title='bbox 218 2268 232 2292; x_wconf 76' lang='grc' dir='ltr'><strong>δ</strong></span> <span class='ocrx_word' id='word_1_593' title='bbox 255 2266 300 2292; x_wconf 70' lang='grc' dir='ltr'><strong>τὸν</strong></span> <span class='ocrx_word' id='word_1_594' title='bbox 321 2265 419 2292; x_wconf 74' lang='grc' dir='ltr'><strong>Ἰακὼϐ</strong></span> <span class='ocrx_word' id='word_1_595' title='bbox 434 2265 482 2292; x_wconf 82' lang='grc' dir='ltr'><strong>καὶ</strong></span> <span class='ocrx_word' id='word_1_596' title='bbox 507 2265 551 2291; x_wconf 70' lang='grc' dir='ltr'><strong>τὸν</strong></span> <span class='ocrx_word' id='word_1_597' title='bbox 572 2264 681 2299; x_wconf 78' lang='grc' dir='ltr'><strong>Ἰσραὴλ</strong></span> <span class='ocrx_word' id='word_1_598' title='bbox 703 2264 895 2298; x_wconf 76' lang='grc' dir='ltr'><strong>ἐπονομάσας·</strong></span> <span class='ocrx_word' id='word_1_599' title='bbox 910 2264 1005 2300; x_wconf 78' lang='grc' dir='ltr'><strong>διόπερ</strong></span> 
     </span>
    </p>
   </div>
   <div class='ocr_carea' id='block_1_90' title="bbox 1056 2264 1850 2304">
    <p class='ocr_par' dir='ltr' id='par_1_90' title="bbox 1061 2268 1850 2304">
     <span class='ocr_line' id='line_1_90' title="bbox 1061 2268 1850 2304; baseline -0.004 -7"><span class='ocrx_word' id='word_1_600' title='bbox 1061 2274 1110 2301; x_wconf 68' lang='lat' dir='ltr'><strong>rat,</strong></span> <span class='ocrx_word' id='word_1_601' title='bbox 1125 2270 1251 2297; x_wconf 86' lang='lat' dir='ltr'><strong>eumdem</strong></span> <span class='ocrx_word' id='word_1_602' title='bbox 1267 2277 1328 2297; x_wconf 76' lang='lat' dir='ltr'><strong>esse</strong></span> <span class='ocrx_word' id='word_1_603' title='bbox 1343 2270 1389 2304; x_wconf 91' lang='lat' dir='ltr'><strong>qui</strong></span> <span class='ocrx_word' id='word_1_604' title='bbox 1402 2269 1488 2297; x_wconf 74' lang='lat' dir='ltr'><strong>Iacob</strong></span> <span class='ocrx_word' id='word_1_605' title='bbox 1504 2277 1614 2304; x_wconf 88' lang='lat' dir='ltr'><strong>quoque</strong></span> <span class='ocrx_word' id='word_1_606' title='bbox 1627 2268 1710 2296; x_wconf 86' lang='lat' dir='ltr'><strong>Israel</strong></span> <span class='ocrx_word' id='word_1_607' title='bbox 1724 2269 1850 2295; x_wconf 79' lang='lat' dir='ltr'><strong>nomina~</strong></span> 
     </span>
    </p>
   </div>
   <div class='ocr_carea' id='block_1_91' title="bbox 219 2309 1008 2346">
    <p class='ocr_par' dir='ltr' id='par_1_91' title="bbox 219 2309 1008 2346">
     <span class='ocr_line' id='line_1_91' title="bbox 219 2309 1008 2346; baseline -0.003 -8"><span class='ocrx_word' id='word_1_608' title='bbox 219 2313 265 2338; x_wconf 72' lang='grc' dir='ltr'><strong>καὶ</strong></span> <span class='ocrx_word' id='word_1_609' title='bbox 283 2311 340 2346; x_wconf 73' lang='grc' dir='ltr'><strong>μετ’</strong></span> <span class='ocrx_word' id='word_1_610' title='bbox 366 2310 448 2337; x_wconf 80' lang='grc' dir='ltr'><strong>αὐτοῦ</strong></span> <span class='ocrx_word' id='word_1_611' title='bbox 469 2310 593 2337; x_wconf 82' lang='grc' dir='ltr'><strong>ὲπάλαιε’</strong></span> <span class='ocrx_word' id='word_1_612' title='bbox 608 2309 786 2344; x_wconf 80' lang='grc' dir='ltr'><strong>προτυπῶσαι</strong></span> <span class='ocrx_word' id='word_1_613' title='bbox 804 2309 834 2335; x_wconf 84' lang='grc' dir='ltr'><strong>τὸ</strong></span> <span class='ocrx_word' id='word_1_614' title='bbox 855 2310 1008 2345; x_wconf 84' lang='grc' dir='ltr'><strong>μυστήριον</strong></span> 
     </span>
    </p>
   </div>
   <div class='ocr_carea' id='block_1_92' title="bbox 220 2355 1007 2392">
    <p class='ocr_par' dir='ltr' id='par_1_92' title="bbox 220 2355 1007 2392">
     <span class='ocr_line' id='line_1_92' title="bbox 220 2355 1007 2392; baseline -0.003 -9"><span class='ocrx_word' id='word_1_615' title='bbox 220 2357 360 2392; x_wconf 80' lang='grc' dir='ltr'><strong>βουληθεὶς</strong></span> <span class='ocrx_word' id='word_1_616' title='bbox 372 2357 420 2392; x_wconf 81' lang='grc' dir='ltr'><strong>τῆς</strong></span> <span class='ocrx_word' id='word_1_617' title='bbox 437 2355 612 2392; x_wconf 74' lang='grc' dir='ltr'><strong>σαρκώσεως·</strong></span> <span class='ocrx_word' id='word_1_618' title='bbox 635 2355 736 2390; x_wconf 83' lang='grc' dir='ltr'><strong>σαρκὸς</strong></span> <span class='ocrx_word' id='word_1_619' title='bbox 753 2355 807 2389; x_wconf 81' lang='grc' dir='ltr'><strong>γὰρ</strong></span> <span class='ocrx_word' id='word_1_620' title='bbox 831 2355 862 2380; x_wconf 84' lang='grc' dir='ltr'><strong>τὸ</strong></span> <span class='ocrx_word' id='word_1_621' title='bbox 881 2355 1007 2381; x_wconf 79' lang='grc' dir='ltr'><strong>παλαίειν</strong></span> 
     </span>
    </p>
   </div>
   <div class='ocr_carea' id='block_1_93' title="bbox 219 2399 1007 2438">
    <p class='ocr_par' dir='ltr' id='par_1_93' title="bbox 219 2399 1007 2438">
     <span class='ocr_line' id='line_1_93' title="bbox 219 2399 1007 2438; baseline -0.004 -9"><span class='ocrx_word' id='word_1_622' title='bbox 219 2403 267 2430; x_wconf 82' lang='grc' dir='ltr'><strong>καὶ</strong></span> <span class='ocrx_word' id='word_1_623' title='bbox 282 2402 497 2438; x_wconf 79' lang='grc' dir='ltr'><strong>περιπλέκεσθαι</strong></span> <span class='ocrx_word' id='word_1_624' title='bbox 512 2402 588 2428; x_wconf 70' lang='grc' dir='ltr'><strong>ἴδιον.</strong></span> <span class='ocrx_word' id='word_1_625' title='bbox 611 2400 749 2436; x_wconf 79' lang='grc' dir='ltr'><strong>Ἐμνήσθη</strong></span> <span class='ocrx_word' id='word_1_626' title='bbox 764 2401 856 2427; x_wconf 86' lang='grc' dir='ltr'><strong>τοίνυν</strong></span> <span class='ocrx_word' id='word_1_627' title='bbox 868 2399 921 2427; x_wconf 85' lang='grc' dir='ltr'><strong>τῶν</strong></span> <span class='ocrx_word' id='word_1_628' title='bbox 937 2400 1007 2436; x_wconf 78' lang='grc' dir='ltr'><strong>πρὸς</strong></span> 
     </span>
    </p>
   </div>
   <div class='ocr_carea' id='block_1_94' title="bbox 219 2445 1008 2482">
    <p class='ocr_par' dir='ltr' id='par_1_94' title="bbox 219 2445 1008 2482">
     <span class='ocr_line' id='line_1_94' title="bbox 219 2445 1008 2482; baseline -0.003 -7"><span class='ocrx_word' id='word_1_629' title='bbox 219 2448 265 2475; x_wconf 80' lang='grc' dir='ltr'><strong>τὺν</strong></span> <span class='ocrx_word' id='word_1_630' title='bbox 284 2447 380 2475; x_wconf 73' lang='grc' dir='ltr'><strong>Ἰακὼϐ</strong></span> <span class='ocrx_word' id='word_1_631' title='bbox 391 2448 438 2474; x_wconf 63' lang='grc' dir='ltr'><strong>καὶ¹</strong></span> <span class='ocrx_word' id='word_1_632' title='bbox 460 2448 505 2474; x_wconf 77' lang='grc' dir='ltr'><strong>τὸν</strong></span> <span class='ocrx_word' id='word_1_633' title='bbox 530 2446 636 2482; x_wconf 81' lang='grc' dir='ltr'><strong>Ἰσραὴλ</strong></span> <span class='ocrx_word' id='word_1_634' title='bbox 650 2445 878 2480; x_wconf 79' lang='grc' dir='ltr'><strong>ἐπαγγελμόιτων,</strong></span> <span class='ocrx_word' id='word_1_635' title='bbox 894 2447 942 2472; x_wconf 77' lang='grc' dir='ltr'><strong>καὶ</strong></span> <span class='ocrx_word' id='word_1_636' title='bbox 957 2447 1008 2480; x_wconf 79' lang='grc' dir='ltr'><strong>χά-</strong></span> 
     </span>
    </p>
   </div>
   <div class='ocr_carea' id='block_1_95' title="bbox 221 2491 1006 2529">
    <p class='ocr_par' dir='ltr' id='par_1_95' title="bbox 221 2491 1006 2529">
     <span class='ocr_line' id='line_1_95' title="bbox 221 2491 1006 2529; baseline -0.005 -8"><span class='ocrx_word' id='word_1_637' title='bbox 221 2503 276 2529; x_wconf 87' lang='grc' dir='ltr'><strong>ριτι</strong></span> <span class='ocrx_word' id='word_1_638' title='bbox 302 2495 449 2529; x_wconf 83' lang='grc' dir='ltr'><strong>μυστήριον</strong></span> <span class='ocrx_word' id='word_1_639' title='bbox 468 2495 501 2528; x_wconf 77' lang='grc' dir='ltr'><strong>τῇ</strong></span> <span class='ocrx_word' id='word_1_640' title='bbox 531 2492 598 2528; x_wconf 73' lang='grc' dir='ltr'><strong>πρὸς</strong></span> <span class='ocrx_word' id='word_1_641' title='bbox 627 2493 731 2518; x_wconf 75' lang='grc' dir='ltr'><strong>ἐκεῖνον</strong></span> <span class='ocrx_word' id='word_1_642' title='bbox 755 2491 925 2526; x_wconf 70' lang='grc' dir='ltr'><strong>ἐπλήρωσεν.</strong></span> <span class='ocrx_word' id='word_1_643' title='bbox 943 2492 1006 2524; x_wconf 81' lang='grc' dir='ltr'><strong>Τοῖς</strong></span> 
     </span>
    </p>
   </div>
   <div class='ocr_carea' id='block_1_96' title="bbox 223 2537 1006 2576">
    <p class='ocr_par' dir='ltr' id='par_1_96' title="bbox 223 2537 1006 2576">
     <span class='ocr_line' id='line_1_96' title="bbox 223 2537 1006 2576; baseline -0.006 -8"><span class='ocrx_word' id='word_1_644' title='bbox 223 2541 272 2576; x_wconf 73' lang='grc' dir='ltr'><strong>μὲν</strong></span> <span class='ocrx_word' id='word_1_645' title='bbox 288 2541 343 2575; x_wconf 82' lang='grc' dir='ltr'><strong>γὰρ</strong></span> <span class='ocrx_word' id='word_1_646' title='bbox 361 2540 496 2572; x_wconf 81' lang='grc' dir='ltr'><strong>Ἰουδαίοις</strong></span> <span class='ocrx_word' id='word_1_647' title='bbox 508 2539 545 2571; x_wconf 86' lang='grc' dir='ltr'><strong>ὡς</strong></span> <span class='ocrx_word' id='word_1_648' title='bbox 567 2538 691 2569; x_wconf 76' lang='grc' dir='ltr'><strong>Ἰουδαῖος</strong></span> <span class='ocrx_word' id='word_1_649' title='bbox 700 2537 882 2573; x_wconf 69' lang='grc' dir='ltr'><strong>ἐπεδήμησεν·</strong></span> <span class='ocrx_word' id='word_1_650' title='bbox 894 2538 1006 2564; x_wconf 76' lang='grc' dir='ltr'><strong>ἐκείνων</strong></span> 
     </span>
    </p>
   </div>
   <div class='ocr_carea' id='block_1_97' title="bbox 221 2583 1008 2621">
    <p class='ocr_par' dir='ltr' id='par_1_97' title="bbox 221 2583 1008 2621">
     <span class='ocr_line' id='line_1_97' title="bbox 221 2583 1008 2621; baseline -0.006 -7"><span class='ocrx_word' id='word_1_651' title='bbox 221 2588 250 2614; x_wconf 79' lang='grc' dir='ltr'><strong>δὲ</strong></span> <span class='ocrx_word' id='word_1_652' title='bbox 263 2589 326 2619; x_wconf 70' lang='grc' dir='ltr'><strong>τοὺς</strong></span> <span class='ocrx_word' id='word_1_653' title='bbox 344 2586 500 2621; x_wconf 71' lang='grc' dir='ltr'><strong>ὀφθαλμοὺς</strong></span> <span class='ocrx_word' id='word_1_654' title='bbox 520 2584 662 2621; x_wconf 83' lang='grc' dir='ltr'><strong>μυσάντων</strong></span> <span class='ocrx_word' id='word_1_655' title='bbox 677 2583 854 2619; x_wconf 72' lang='grc' dir='ltr'><strong>(ἐκάμμυσαν</strong></span> <span class='ocrx_word' id='word_1_656' title='bbox 871 2583 937 2618; x_wconf 74' lang='grc' dir='ltr'><strong>γὰρ,</strong></span> <span class='ocrx_word' id='word_1_657' title='bbox 955 2593 1008 2619; x_wconf 89' lang='grc' dir='ltr'><strong>φη-</strong></span> 
     </span>
    </p>
   </div>
   <div class='ocr_carea' id='block_1_98' title="bbox 222 2630 1007 2665">
    <p class='ocr_par' dir='ltr' id='par_1_98' title="bbox 222 2630 1007 2665">
     <span class='ocr_line' id='line_1_98' title="bbox 222 2630 1007 2665; baseline -0.004 -5"><span class='ocrx_word' id='word_1_658' title='bbox 222 2634 264 2660; x_wconf 76' lang='grc' dir='ltr'><strong>σὶν</strong></span> <span class='ocrx_word' id='word_1_659' title='bbox 283 2634 297 2660; x_wconf 87' lang='grc' dir='ltr'><strong><em>ὁ</em></strong></span> <span class='ocrx_word' id='word_1_660' title='bbox 315 2633 438 2665; x_wconf 72' lang='grc' dir='ltr'><strong>Ἡσαΐας,</strong></span> <span class='ocrx_word' id='word_1_661' title='bbox 455 2633 517 2662; x_wconf 81' lang='grc' dir='ltr'><strong>τοὺς</strong></span> <span class='ocrx_word' id='word_1_662' title='bbox 543 2630 701 2665; x_wconf 76' lang='grc' dir='ltr'><strong>ὀφθαλμοὺς</strong></span> <span class='ocrx_word' id='word_1_663' title='bbox 717 2630 808 2656; x_wconf 79' lang='grc' dir='ltr'><strong>αὐτῶν</strong></span> <span class='ocrx_word' id='word_1_664' title='bbox 825 2630 868 2656; x_wconf 80' lang='grc' dir='ltr'><strong>ἵνα</strong></span> <span class='ocrx_word' id='word_1_665' title='bbox 883 2630 921 2665; x_wconf 80' lang='grc' dir='ltr'><strong>μὴ</strong></span> <span class='ocrx_word' id='word_1_666' title='bbox 945 2631 1007 2658; x_wconf 61' lang='grc' dir='ltr'><strong>ἴδω-</strong></span> 
     </span>
    </p>
   </div>
   <div class='ocr_carea' id='block_1_99' title="bbox 222 2676 1011 2714">
    <p class='ocr_par' dir='ltr' id='par_1_99' title="bbox 222 2676 1011 2714">
     <span class='ocr_line' id='line_1_99' title="bbox 222 2676 1011 2714; baseline -0.001 -9"><span class='ocrx_word' id='word_1_667' title='bbox 222 2679 286 2714; x_wconf 84' lang='grc' dir='ltr'><strong>σιν),</strong></span> <span class='ocrx_word' id='word_1_668' title='bbox 304 2679 362 2706; x_wconf 76' lang='grc' dir='ltr'><strong>ἀντ’</strong></span> <span class='ocrx_word' id='word_1_669' title='bbox 381 2678 495 2705; x_wconf 82' lang='grc' dir='ltr'><strong>ἐκείνων</strong></span> <span class='ocrx_word' id='word_1_670' title='bbox 508 2677 545 2704; x_wconf 80' lang='grc' dir='ltr'><strong>τὰ</strong></span> <span class='ocrx_word' id='word_1_671' title='bbox 568 2677 680 2711; x_wconf 81' lang='grc' dir='ltr'><strong>πέρατα</strong></span> <span class='ocrx_word' id='word_1_672' title='bbox 705 2676 760 2710; x_wconf 69' lang='grc' dir='ltr'><strong>τῆς</strong></span> <span class='ocrx_word' id='word_1_673' title='bbox 780 2676 838 2710; x_wconf 75' lang='grc' dir='ltr'><strong>τῆς</strong></span> <span class='ocrx_word' id='word_1_674' title='bbox 853 2676 954 2711; x_wconf 84' lang='grc' dir='ltr'><strong>(πάντα</strong></span> <span class='ocrx_word' id='word_1_675' title='bbox 963 2677 1011 2712; x_wconf 83' lang='grc' dir='ltr'><strong>δη-</strong></span> 
     </span>
    </p>
   </div>
   <div class='ocr_carea' id='block_1_100' title="bbox 222 2722 1007 2759">
    <p class='ocr_par' dir='ltr' id='par_1_100' title="bbox 222 2722 1007 2759">
     <span class='ocr_line' id='line_1_100' title="bbox 222 2722 1007 2759; baseline -0.001 -9"><span class='ocrx_word' id='word_1_676' title='bbox 222 2725 288 2759; x_wconf 73' lang='grc' dir='ltr'><strong>λαδὴ</strong></span> <span class='ocrx_word' id='word_1_677' title='bbox 304 2724 338 2751; x_wconf 70' lang='grc' dir='ltr'><strong>τὰ</strong></span> <span class='ocrx_word' id='word_1_678' title='bbox 366 2724 443 2758; x_wconf 78' lang='grc' dir='ltr'><strong>ἔθνη)</strong></span> <span class='ocrx_word' id='word_1_679' title='bbox 457 2723 622 2751; x_wconf 73' lang='grc' dir='ltr'><strong>ἐθεάσαντο</strong></span> <span class='ocrx_word' id='word_1_680' title='bbox 637 2723 691 2749; x_wconf 76' lang='grc' dir='ltr'><strong>τοῦ</strong></span> <span class='ocrx_word' id='word_1_681' title='bbox 711 2722 785 2749; x_wconf 86' lang='grc' dir='ltr'><strong>Θεοῦ</strong></span> <span class='ocrx_word' id='word_1_682' title='bbox 803 2723 834 2749; x_wconf 86' lang='grc' dir='ltr'><strong>τὸ</strong></span> <span class='ocrx_word' id='word_1_683' title='bbox 849 2723 1007 2757; x_wconf 74' lang='grc' dir='ltr'><strong>σωτήριον,</strong></span> 
     </span>
    </p>
   </div>
   <div class='ocr_carea' id='block_1_101' title="bbox 222 2769 710 2805">
    <p class='ocr_par' dir='ltr' id='par_1_101' title="bbox 222 2769 710 2805">
     <span class='ocr_line' id='line_1_101' title="bbox 222 2769 710 2805; baseline -0.002 -8"><span class='ocrx_word' id='word_1_684' title='bbox 222 2770 313 2797; x_wconf 86' lang='grc' dir='ltr'><strong>καίτοι</strong></span> <span class='ocrx_word' id='word_1_685' title='bbox 326 2770 363 2805; x_wconf 85' lang='grc' dir='ltr'><strong>μὴ</strong></span> <span class='ocrx_word' id='word_1_686' title='bbox 374 2770 506 2805; x_wconf 78' lang='grc' dir='ltr'><strong>βλέποντα</strong></span> <span class='ocrx_word' id='word_1_687' title='bbox 526 2770 556 2796; x_wconf 76' lang='grc' dir='ltr'><strong>τὸ</strong></span> <span class='ocrx_word' id='word_1_688' title='bbox 567 2769 710 2805; x_wconf 78' lang='grc' dir='ltr'><strong>πρότερον.</strong></span> 
     </span>
    </p>
   </div>
   <div class='ocr_carea' id='block_1_102' title="bbox 263 2814 790 2850">
    <p class='ocr_par' dir='ltr' id='par_1_102' title="bbox 263 2814 790 2850">
     <span class='ocr_line' id='line_1_102' title="bbox 263 2814 790 2850; baseline -0.004 -7"><span class='ocrx_word' id='word_1_689' title='bbox 263 2825 273 2842; x_wconf 71' lang='grc' dir='ltr'><strong>ι</strong></span> <span class='ocrx_word' id='word_1_690' title='bbox 302 2815 465 2849; x_wconf 76' lang='grc' dir='ltr'><strong>’Δλαλάξατε</strong></span> <span class='ocrx_word' id='word_1_691' title='bbox 475 2816 514 2850; x_wconf 86' lang='grc' dir='ltr'><strong>τῷ</strong></span> <span class='ocrx_word' id='word_1_692' title='bbox 523 2815 593 2850; x_wconf 82' lang='grc' dir='ltr'><strong>Θεῷ,</strong></span> <span class='ocrx_word' id='word_1_693' title='bbox 605 2815 679 2842; x_wconf 78' lang='grc' dir='ltr'><strong>πᾶσα</strong></span> <span class='ocrx_word' id='word_1_694' title='bbox 691 2815 707 2850; x_wconf 81' lang='grc' dir='ltr'>ἡ</span> <span class='ocrx_word' id='word_1_695' title='bbox 718 2814 763 2850; x_wconf 78' lang='grc' dir='ltr'><strong>γῆ.</strong></span> <span class='ocrx_word' id='word_1_696' title='bbox 781 2825 790 2840; x_wconf 73' lang='grc' dir='ltr'><strong>ι</strong></span> 
     </span>
    </p>
   </div>
   <div class='ocr_carea' id='block_1_103' title="bbox 253 2913 1006 2950">
    <p class='ocr_par' dir='ltr' id='par_1_103' title="bbox 253 2913 998 2950">
     <span class='ocr_line' id='line_1_103' title="bbox 253 2913 998 2950; baseline -0.007 -4"><span class='ocrx_word' id='word_1_697' title='bbox 253 2917 310 2935; x_wconf 73' lang='grc'><strong>¹⁵”⁶</strong></span> <span class='ocrx_word' id='word_1_698' title='bbox 329 2917 379 2946; x_wconf 82' lang='lat' dir='ltr'><strong>Job</strong></span> <span class='ocrx_word' id='word_1_699' title='bbox 400 2926 418 2950; x_wconf 87' lang='grc' dir='ltr'><strong>ι,</strong></span> <span class='ocrx_word' id='word_1_700' title='bbox 436 2918 488 2950; x_wconf 72' lang='lat'><strong>21;</strong></span> <span class='ocrx_word' id='word_1_701' title='bbox 508 2925 538 2950; x_wconf 80' lang='grc' dir='ltr'><strong>ιι,</strong></span> <span class='ocrx_word' id='word_1_702' title='bbox 555 2918 595 2944; x_wconf 81' lang='grc'><strong>10.</strong></span> <span class='ocrx_word' id='word_1_703' title='bbox 637 2917 657 2932; x_wconf 69' lang='grc'><strong>’⁷</strong></span> <span class='ocrx_word' id='word_1_704' title='bbox 677 2915 783 2943; x_wconf 79' lang='lat' dir='ltr'><strong>Coloss.</strong></span> <span class='ocrx_word' id='word_1_705' title='bbox 799 2923 830 2948; x_wconf 85' lang='grc' dir='ltr'><strong>ιι,</strong></span> <span class='ocrx_word' id='word_1_706' title='bbox 851 2914 882 2947; x_wconf 80' lang='lat'><strong>8;</strong></span> <span class='ocrx_word' id='word_1_707' title='bbox 910 2913 998 2943; x_wconf 88' lang='lat' dir='ltr'><strong>lCor.</strong></span> 
     </span>
    </p>
   </div>
   <div class='ocr_carea' id='block_1_104' title="bbox 1056 2913 1342 2950">
    <p class='ocr_par' dir='ltr' id='par_1_104' title="bbox 1072 2914 1342 2948">
     <span class='ocr_line' id='line_1_104' title="bbox 1072 2914 1342 2948; baseline 0.004 -7"><span class='ocrx_word' id='word_1_708' title='bbox 1072 2914 1098 2941; x_wconf 82' lang='lat'><strong>5.</strong></span> <span class='ocrx_word' id='word_1_709' title='bbox 1139 2915 1160 2930; x_wconf 84' lang='grc'><strong>¹⁸</strong></span> <span class='ocrx_word' id='word_1_710' title='bbox 1177 2914 1228 2942; x_wconf 86' lang='lat' dir='ltr'><strong>Isa.</strong></span> <span class='ocrx_word' id='word_1_711' title='bbox 1242 2923 1283 2948; x_wconf 77' lang='grc' dir='ltr'><strong>ιιι..</strong></span> <span class='ocrx_word' id='word_1_712' title='bbox 1301 2914 1342 2942; x_wconf 86' lang='lat' dir='ltr'><strong>II.</strong></span> 
     </span>
    </p>
   </div>
   <div class='ocr_carea' id='block_1_105' title="bbox 1059 2315 1850 2351">
    <p class='ocr_par' dir='ltr' id='par_1_105' title="bbox 1059 2315 1850 2351">
     <span class='ocr_line' id='line_1_105' title="bbox 1059 2315 1850 2351; baseline -0.004 -7"><span class='ocrx_word' id='word_1_713' title='bbox 1059 2321 1136 2344; x_wconf 84' lang='lat' dir='ltr'><strong>verat</strong></span> <span class='ocrx_word' id='word_1_714' title='bbox 1153 2325 1160 2349; x_wconf 87' lang='lat'><strong>;</strong></span> <span class='ocrx_word' id='word_1_715' title='bbox 1179 2324 1211 2344; x_wconf 90' lang='lat' dir='ltr'><strong>eo</strong></span> <span class='ocrx_word' id='word_1_716' title='bbox 1224 2317 1296 2351; x_wconf 90' lang='lat' dir='ltr'><strong>quod</strong></span> <span class='ocrx_word' id='word_1_717' title='bbox 1308 2323 1370 2343; x_wconf 91' lang='lat' dir='ltr'><strong>cum</strong></span> <span class='ocrx_word' id='word_1_718' title='bbox 1387 2316 1446 2351; x_wconf 78' lang='lat' dir='ltr'><strong>ipso</strong></span> <span class='ocrx_word' id='word_1_719' title='bbox 1466 2315 1584 2343; x_wconf 83' lang='lat' dir='ltr'><strong>luctatus</strong></span> <span class='ocrx_word' id='word_1_720' title='bbox 1598 2315 1695 2342; x_wconf 81' lang='lat' dir='ltr'><strong>fuisset</strong></span> <span class='ocrx_word' id='word_1_721' title='bbox 1710 2323 1723 2348; x_wconf 48' lang='grc' dir='ltr'><strong>ς,</strong></span> <span class='ocrx_word' id='word_1_722' title='bbox 1733 2322 1782 2349; x_wconf 89' lang='lat' dir='ltr'><strong>per</strong></span> <span class='ocrx_word' id='word_1_723' title='bbox 1796 2315 1850 2342; x_wconf 89' lang='lat' dir='ltr'><strong>hoc</strong></span> 
     </span>
    </p>
   </div>
   <div class='ocr_carea' id='block_1_106' title="bbox 1059 2361 1851 2398">
    <p class='ocr_par' dir='ltr' id='par_1_106' title="bbox 1059 2361 1851 2398">
     <span class='ocr_line' id='line_1_106' title="bbox 1059 2361 1851 2398; baseline -0.003 -9"><span class='ocrx_word' id='word_1_724' title='bbox 1059 2362 1153 2389; x_wconf 86' lang='lat' dir='ltr'><strong>volens</strong></span> <span class='ocrx_word' id='word_1_725' title='bbox 1167 2362 1340 2397; x_wconf 63' lang='lat' dir='ltr'><strong>prmﬁgurare</strong></span> <span class='ocrx_word' id='word_1_726' title='bbox 1357 2362 1515 2398; x_wconf 79' lang='lat' dir='ltr'><strong>mysterium</strong></span> <span class='ocrx_word' id='word_1_727' title='bbox 1527 2361 1744 2394; x_wconf 86' lang='lat' dir='ltr'><strong>incarnationis;</strong></span> <span class='ocrx_word' id='word_1_728' title='bbox 1763 2361 1851 2395; x_wconf 89' lang='lat' dir='ltr'><strong>siqui-</strong></span> 
     </span>
    </p>
   </div>
   <div class='ocr_carea' id='block_1_107' title="bbox 1059 2400 1847 2443">
    <p class='ocr_par' dir='ltr' id='par_1_107' title="bbox 1059 2400 1847 2443">
     <span class='ocr_line' id='line_1_107' title="bbox 1059 2400 1847 2443; baseline -0.003 -8"><span class='ocrx_word' id='word_1_729' title='bbox 1059 2409 1120 2435; x_wconf 91' lang='lat' dir='ltr'><strong>dem</strong></span> <span class='ocrx_word' id='word_1_730' title='bbox 1143 2408 1234 2435; x_wconf 82' lang='lat' dir='ltr'><strong>carnis</strong></span> <span class='ocrx_word' id='word_1_731' title='bbox 1257 2408 1396 2443; x_wconf 87' lang='lat' dir='ltr'><strong>proprium</strong></span> <span class='ocrx_word' id='word_1_732' title='bbox 1421 2412 1464 2435; x_wconf 86' lang='lat' dir='ltr'><strong>est</strong></span> <span class='ocrx_word' id='word_1_733' title='bbox 1486 2400 1627 2435; x_wconf 27' lang='lat' dir='ltr'><strong>luctari&#39;et</strong></span> <span class='ocrx_word' id='word_1_734' title='bbox 1649 2407 1847 2442; x_wconf 88' lang='lat' dir='ltr'><strong>circumplecti.</strong></span> 
     </span>
    </p>
   </div>
   <div class='ocr_carea' id='block_1_108' title="bbox 1061 2452 1851 2490">
    <p class='ocr_par' dir='ltr' id='par_1_108' title="bbox 1061 2452 1851 2490">
     <span class='ocr_line' id='line_1_108' title="bbox 1061 2452 1851 2490; baseline -0.003 -8"><span class='ocrx_word' id='word_1_735' title='bbox 1061 2455 1163 2483; x_wconf 82' lang='lat' dir='ltr'><strong>Memor</strong></span> <span class='ocrx_word' id='word_1_736' title='bbox 1178 2454 1258 2490; x_wconf 78' lang='lat' dir='ltr'><strong>igitur</strong></span> <span class='ocrx_word' id='word_1_737' title='bbox 1274 2453 1323 2481; x_wconf 82' lang='lat' dir='ltr'><strong>fuit</strong></span> <span class='ocrx_word' id='word_1_738' title='bbox 1342 2453 1555 2489; x_wconf 83' lang='lat' dir='ltr'><strong>promissionum</strong></span> <span class='ocrx_word' id='word_1_739' title='bbox 1571 2453 1604 2481; x_wconf 87' lang='lat' dir='ltr'><strong>ad</strong></span> <span class='ocrx_word' id='word_1_740' title='bbox 1619 2452 1703 2481; x_wconf 69' lang='lat' dir='ltr'><strong>Iacob</strong></span> <span class='ocrx_word' id='word_1_741' title='bbox 1719 2457 1746 2480; x_wconf 88' lang='lat' dir='ltr'><strong>et</strong></span> <span class='ocrx_word' id='word_1_742' title='bbox 1768 2453 1851 2481; x_wconf 74' lang='lat' dir='ltr'><strong>Israel</strong></span> 
     </span>
    </p>
   </div>
   <div class='ocr_carea' id='block_1_109' title="bbox 1058 2499 1850 2535">
    <p class='ocr_par' dir='ltr' id='par_1_109' title="bbox 1058 2499 1850 2535">
     <span class='ocr_line' id='line_1_109' title="bbox 1058 2499 1850 2535; baseline -0.004 -7"><span class='ocrx_word' id='word_1_743' title='bbox 1058 2501 1203 2531; x_wconf 84' lang='lat' dir='ltr'><strong>factarum.</strong></span> <span class='ocrx_word' id='word_1_744' title='bbox 1217 2504 1244 2527; x_wconf 85' lang='lat' dir='ltr'><strong>et</strong></span> <span class='ocrx_word' id='word_1_745' title='bbox 1259 2500 1286 2526; x_wconf 89' lang='lat' dir='ltr'><strong>in</strong></span> <span class='ocrx_word' id='word_1_746' title='bbox 1299 2500 1358 2534; x_wconf 81' lang='lat' dir='ltr'><strong>ejus</strong></span> <span class='ocrx_word' id='word_1_747' title='bbox 1377 2499 1490 2535; x_wconf 79' lang='lat' dir='ltr'><strong>gratiam</strong></span> <span class='ocrx_word' id='word_1_748' title='bbox 1522 2499 1682 2534; x_wconf 83' lang='lat' dir='ltr'><strong>mysterium</strong></span> <span class='ocrx_word' id='word_1_749' title='bbox 1715 2499 1850 2533; x_wconf 86' lang='lat' dir='ltr'><strong>implevit.</strong></span> 
     </span>
    </p>
   </div>
   <div class='ocr_carea' id='block_1_110' title="bbox 1060 2544 1849 2579">
    <p class='ocr_par' dir='ltr' id='par_1_110' title="bbox 1060 2544 1849 2579">
     <span class='ocr_line' id='line_1_110' title="bbox 1060 2544 1849 2579; baseline 0 -7"><span class='ocrx_word' id='word_1_750' title='bbox 1060 2546 1099 2572; x_wconf 83' lang='lat' dir='ltr'><strong>Ad</strong></span> <span class='ocrx_word' id='word_1_751' title='bbox 1124 2545 1232 2572; x_wconf 65' lang='lat' dir='ltr'><strong>Judaaos</strong></span> <span class='ocrx_word' id='word_1_752' title='bbox 1250 2545 1383 2579; x_wconf 83' lang='lat' dir='ltr'><strong>siquidem</strong></span> <span class='ocrx_word' id='word_1_753' title='bbox 1405 2549 1534 2578; x_wconf 86' lang='lat' dir='ltr'><strong>tanquam</strong></span> <span class='ocrx_word' id='word_1_754' title='bbox 1570 2544 1681 2572; x_wconf 78' lang='lat' dir='ltr'><strong>Judzeus</strong></span> <span class='ocrx_word' id='word_1_755' title='bbox 1719 2545 1849 2576; x_wconf 86' lang='lat' dir='ltr'><strong>advenit;</strong></span> 
     </span>
    </p>
   </div>
   <div class='ocr_carea' id='block_1_111' title="bbox 1061 2590 1851 2626">
    <p class='ocr_par' dir='ltr' id='par_1_111' title="bbox 1061 2590 1851 2626">
     <span class='ocr_line' id='line_1_111' title="bbox 1061 2590 1851 2626; baseline -0.004 -8"><span class='ocrx_word' id='word_1_756' title='bbox 1061 2591 1127 2626; x_wconf 87' lang='lat' dir='ltr'><strong>ipsis</strong></span> <span class='ocrx_word' id='word_1_757' title='bbox 1141 2594 1231 2617; x_wconf 84' lang='lat' dir='ltr'><strong>autem</strong></span> <span class='ocrx_word' id='word_1_758' title='bbox 1243 2590 1335 2617; x_wconf 87' lang='lat' dir='ltr'><strong>oculos</strong></span> <span class='ocrx_word' id='word_1_759' title='bbox 1350 2590 1556 2618; x_wconf 79' lang='lat' dir='ltr'><strong>occludentibus</strong></span> <span class='ocrx_word' id='word_1_760' title='bbox 1573 2591 1750 2625; x_wconf 83' lang='lat' dir='ltr'><strong>(clauserunt</strong></span> <span class='ocrx_word' id='word_1_761' title='bbox 1768 2591 1851 2621; x_wconf 78' lang='lat' dir='ltr'><strong>enim.</strong></span> 
     </span>
    </p>
   </div>
   <div class='ocr_carea' id='block_1_112' title="bbox 1062 2635 1852 2671">
    <p class='ocr_par' dir='ltr' id='par_1_112' title="bbox 1062 2635 1852 2671">
     <span class='ocr_line' id='line_1_112' title="bbox 1062 2635 1852 2671; baseline -0.001 -8"><span class='ocrx_word' id='word_1_762' title='bbox 1062 2635 1149 2670; x_wconf 87' lang='lat' dir='ltr'><strong>inquit</strong></span> <span class='ocrx_word' id='word_1_763' title='bbox 1160 2636 1253 2667; x_wconf 83' lang='lat' dir='ltr'><strong>Isaias,</strong></span> <span class='ocrx_word' id='word_1_764' title='bbox 1266 2636 1359 2663; x_wconf 87' lang='lat' dir='ltr'><strong>oculos</strong></span> <span class='ocrx_word' id='word_1_765' title='bbox 1373 2644 1436 2663; x_wconf 88' lang='lat' dir='ltr'><strong>suos</strong></span> <span class='ocrx_word' id='word_1_766' title='bbox 1449 2644 1482 2663; x_wconf 88' lang='lat' dir='ltr'><strong>ne</strong></span> <span class='ocrx_word' id='word_1_767' title='bbox 1501 2637 1633 2671; x_wconf 85' lang='lat' dir='ltr'><strong>viderent)</strong></span> <span class='ocrx_word' id='word_1_768' title='bbox 1646 2645 1694 2671; x_wconf 91' lang='lat' dir='ltr'><strong>pro</strong></span> <span class='ocrx_word' id='word_1_769' title='bbox 1710 2636 1774 2671; x_wconf 87' lang='lat' dir='ltr'><strong>ipsis</strong></span> <span class='ocrx_word' id='word_1_770' title='bbox 1788 2636 1852 2670; x_wconf 73' lang='lat' dir='ltr'><strong>ﬁnes</strong></span> 
     </span>
    </p>
   </div>
   <div class='ocr_carea' id='block_1_113' title="bbox 1063 2680 1852 2716">
    <p class='ocr_par' dir='ltr' id='par_1_113' title="bbox 1063 2680 1852 2716">
     <span class='ocr_line' id='line_1_113' title="bbox 1063 2680 1852 2716; baseline -0.003 -8"><span class='ocrx_word' id='word_1_771' title='bbox 1063 2687 1139 2708; x_wconf 72' lang='lat' dir='ltr'><strong>terrm</strong></span> <span class='ocrx_word' id='word_1_772' title='bbox 1151 2681 1263 2716; x_wconf 83' lang='lat' dir='ltr'><strong>(scilicet</strong></span> <span class='ocrx_word' id='word_1_773' title='bbox 1276 2689 1372 2708; x_wconf 90' lang='lat' dir='ltr'><strong>omnes</strong></span> <span class='ocrx_word' id='word_1_774' title='bbox 1397 2683 1503 2716; x_wconf 76' lang='lat' dir='ltr'><strong>gentes)</strong></span> <span class='ocrx_word' id='word_1_775' title='bbox 1519 2681 1639 2708; x_wconf 72' lang='lat' dir='ltr'><strong>viderunt</strong></span> <span class='ocrx_word' id='word_1_776' title='bbox 1656 2681 1776 2708; x_wconf 73' lang='lat' dir='ltr'><strong>salutare</strong></span> <span class='ocrx_word' id='word_1_777' title='bbox 1792 2680 1852 2712; x_wconf 73' lang='lat' dir='ltr'><strong>Dei,</strong></span> 
     </span>
    </p>
   </div>
   <div class='ocr_carea' id='block_1_114' title="bbox 1064 2726 1437 2754">
    <p class='ocr_par' dir='ltr' id='par_1_114' title="bbox 1064 2726 1437 2754">
     <span class='ocr_line' id='line_1_114' title="bbox 1064 2726 1437 2754; baseline 0 -1"><span class='ocrx_word' id='word_1_778' title='bbox 1064 2727 1126 2754; x_wconf 85' lang='lat' dir='ltr'><strong>licet</strong></span> <span class='ocrx_word' id='word_1_779' title='bbox 1140 2732 1220 2753; x_wconf 84' lang='lat' dir='ltr'><strong>antea</strong></span> <span class='ocrx_word' id='word_1_780' title='bbox 1236 2734 1289 2753; x_wconf 79' lang='lat' dir='ltr'><strong>non</strong></span> <span class='ocrx_word' id='word_1_781' title='bbox 1304 2726 1437 2754; x_wconf 86' lang='lat' dir='ltr'><strong>viderent.</strong></span> 
     </span>
    </p>
   </div>
   <div class='ocr_carea' id='block_1_115' title="bbox 1100 2815 1703 2857">
    <p class='ocr_par' dir='ltr' id='par_1_115' title="bbox 1100 2815 1703 2857">
     <span class='ocr_line' id='line_1_115' title="bbox 1100 2815 1703 2857; baseline 0.002 -15"><span class='ocrx_word' id='word_1_782' title='bbox 1100 2815 1182 2842; x_wconf 73' lang='lat' dir='ltr'><strong>Vens.</strong></span> <span class='ocrx_word' id='word_1_783' title='bbox 1198 2816 1224 2843; x_wconf 70' lang='grc'><strong>6.</strong></span> <span class='ocrx_word' id='word_1_784' title='bbox 1241 2826 1249 2841; x_wconf 80' lang='grc' dir='ltr'><strong>ι</strong></span> <span class='ocrx_word' id='word_1_785' title='bbox 1263 2815 1382 2844; x_wconf 80' lang='lat' dir='ltr'><strong>Jubilate</strong></span> <span class='ocrx_word' id='word_1_786' title='bbox 1401 2817 1455 2844; x_wconf 85' lang='lat' dir='ltr'><strong>Deo</strong></span> <span class='ocrx_word' id='word_1_787' title='bbox 1466 2837 1473 2849; x_wconf 87' lang='lat'><strong><em>,</em></strong></span> <span class='ocrx_word' id='word_1_788' title='bbox 1491 2817 1580 2857; x_wconf 71' lang='lat' dir='ltr'><strong>omnis</strong></span> <span class='ocrx_word' id='word_1_789' title='bbox 1596 2821 1677 2844; x_wconf 85' lang='lat' dir='ltr'><strong>terra.</strong></span> <span class='ocrx_word' id='word_1_790' title='bbox 1691 2825 1703 2843; x_wconf 71' lang='grc' dir='ltr'><strong>ι</strong></span> 
     </span>
    </p>
   </div>
   <div class='ocr_carea' id='block_1_116' title="bbox 1394 2913 1624 2945">
    <p class='ocr_par' dir='ltr' id='par_1_116' title="bbox 1394 2913 1624 2945">
     <span class='ocr_line' id='line_1_116' title="bbox 1394 2913 1624 2945; baseline -0.009 -3"><span class='ocrx_word' id='word_1_791' title='bbox 1394 2915 1414 2931; x_wconf 75' lang='grc'><strong>³⁵</strong></span> <span class='ocrx_word' id='word_1_792' title='bbox 1427 2914 1505 2942; x_wconf 78' lang='lat' dir='ltr'><strong>Ioan.</strong></span> <span class='ocrx_word' id='word_1_793' title='bbox 1524 2921 1565 2945; x_wconf 88' lang='grc' dir='ltr'><strong>ιιι,</strong></span> <span class='ocrx_word' id='word_1_794' title='bbox 1580 2913 1624 2941; x_wconf 81' lang='lat' dir='ltr'><strong>I7.</strong></span> 
     </span>
    </p>
   </div>
  </div>
