2056 3148
147 195 214 229 1273

713 197 945 228 FRAGMENTA
968 199 1009 229 IN
1029 201 1209 234 PSALMOS.

1714 204 1781 238 1274

183 265 192 281 ι
222 254 277 281 Καὶ
300 254 335 282 τὰ
356 253 424 282 ὀστᾶ
451 263 502 291 μου
526 254 594 282 ὡσεὶ
625 255 742 290 φρύγιον
765 256 936 292 συνεφρύγη-

1024 259 1104 288 Vens.
1127 262 1153 288 4.
1188 271 1196 287 ι
1219 261 1253 289 Ει
1277 269 1340 290 ossa
1367 269 1429 290 mea
1452 261 1523 290 sicut
1547 262 1678 290 crcmium
1700 271 1781 291 arue-

146 310 207 329 σαν.
231 311 240 327 1

179 348 212 375 Τί
225 349 284 374 ἐστι
296 347 432 382 φρύγιον,
444 348 457 375 ό
472 347 621 384 Σύμμαχος
638 348 783 383 ἐδήλωσεν·
800 348 934 374 ἐκδέδωκε

146 395 210 430 γὰρ,
229 393 401 429 ἀπόκαυμα.
414 394 520 429 Ὠσπερ
536 394 626 421 τοίνυν
648 395 678 421 τὸ
700 394 868 425 ἀποκαυθὲν,
884 394 932 420 ἐὰν

148 440 183 476 μὴ
199 440 270 476 τύχῃ
287 438 334 466 τοῦ
346 440 450 475 ταχέως
463 440 631 472 σϐεννύντος,
643 441 762 471 εὐκόλως
772 440 934 476 ορὑπτεται“

145 485 232 517 οὕτως
259 486 332 520 ψυχὴ
357 487 414 517 τοῖς
441 486 579 520 βιωτικοῖς
604 485 790 520 συγκαιομένη
808 485 934 518 πάθεσιν,

146 532 192 558 ἐὰν
209 532 247 566 μὴ
263 531 308 557 τὴν
321 530 388 557 Θεὸν
404 530 597 565 φιλανθρωπίᾳ
615 530 762 557 σϐεννύντα
776 530 825 565 τὴν
840 530 937 558 ἐκκαυ-

146 585 187 602 σιν
201 576 347 610 κτήσηται,
371 575 492 607 εὐκόλως
505 576 692 610 διαφθείρεται
705 583 712 591 ·
739 575 785 602 καὶ
801 576 844 602 διὰ
857 576 936 602 τοῦτο

145 622 212 657 ταχῦ
235 622 445 656 εἰσακουσοῆναι
468 621 651 656 προσηύξατο.
679 622 778 656 "Apto;
801 621 829 647 δὲ
856 621 936 656 ἡμῶν

144 665 194 700 τῆς
215 665 316 700 ψυχῆς,
337 667 351 692 ὁ
370 665 417 692 τοῦ
439 665 507 692 θεοῦ
525 666 613 700 λόγος.
642 666 748 700 ’Ὠσπερ
770 666 825 701 γὰρ
849 667 864 692 ὁ
882 666 937 692 ἀπὸ

144 713 196 746 γῆς
213 713 294 747 ἄρτος
307 712 337 739 τὸ
352 711 432 747 σῶμα
443 713 550 748 τρέφει,
570 712 657 744 οὕτως
673 713 686 739 ὁ
707 712 736 745 ἐξ
751 712 868 747 οὐρανοῦ
891 712 935 738 λό-

108 756 113 761 ’
145 765 193 791 γος
216 757 267 792 τὴν
293 757 388 783 οὐσίαν
416 757 466 792 τῆς
492 757 591 792 ψυχῆς.
618 758 673 783 Καὶ
694 757 799 784 τούτων
816 757 898 792 χάριν
921 757 935 783 ό

144 802 265 838 Χριστὸς
284 803 334 835 τὴν
352 803 507 838 προσευχὴν
529 803 694 838 παραδιδοὺς
707 803 785 838 ἔλεγε
801 804 857 835 τοῖς
872 804 937 830 ἀπο-

146 849 260 880 στόλοις·
294 844 349 875 Τὸν
379 848 470 883 ἄρτον
498 849 584 883 ἡμῶν
617 849 672 876 τὸν
700 849 859 876 ἐπιούσιον
883 848 937 882 δὸς

144 894 218 928 ἡμῖν
231 893 376 928 σήμερον.
390 895 438 925 Ὃς
456 894 489 921 ἂν
501 894 592 921 τοίνυν
611 894 705 921 τοῦτον
726 895 824 929 φαγεῖν
838 894 935 921 ἐπιλά-

989 310 1062 333 runt.
1079 316 1088 332 ι

1024 351 1094 384 Quid
1110 353 1144 380 sit
1161 354 1287 380 cremium
1303 353 1484 389 Symmachus
1507 353 1655 381 declaravit
1673 362 1680 381 :
1695 361 1780 389 expo-

987 398 1043 424 suit
1057 398 1129 426 enim
1145 399 1305 431 incendium.
1321 400 1557 433 Quemadmodum
1571 400 1653 437 igitur
1668 401 1694 428 id
1708 401 1780 436 quod

986 451 1131 471 accensum
1149 449 1201 477 est,
1213 445 1264 473 nisi
1278 445 1349 473 illico
1363 446 1561 482 exstinguatur,
1572 446 1650 474 facile
1659 447 1781 474 absumi-

989 494 1050 523 tur;
1067 490 1103 518 ita
1120 491 1201 518 etiam
1218 491 1308 519 anima
1326 493 1504 520 saecularibus
1527 492 1719 521 affectionibus
1733 501 1780 522 ac-

987 543 1079 569 censa,
1097 537 1149 564 nisi
1174 537 1260 565 Deum
1284 538 1402 565 incendii
1419 539 1460 566 sui
1476 539 1719 568 clementissimum
1737 549 1782 568 rc-

987 581 1148 610 stinctorem
1162 587 1242 610 nacta
1257 583 1352 616 fuerit,
1368 584 1496 612 facillime
1519 587 1704 621 corrumpitur
1718 595 1725 613 :
1739 591 1782 614 at-

987 634 1039 662 que
1050 627 1152 655 idcirco
1162 628 1291 656 velociter
1299 629 1423 656 exaudiri
1435 630 1591 664 postulavit.
1604 630 1686 659 Panis
1699 639 1781 666 porro

987 673 1084 701 animze
1097 678 1196 702 nostra:
1208 681 1250 702 est
1260 676 1372 703 verbum
1386 675 1443 703 Dei.
1460 676 1694 709 Quemadmodum
1707 678 1780 705 enim

987 724 1113 747 terrenus
1126 720 1206 755 panis
1223 729 1322 756 corpus
1335 722 1392 754 alit,
1405 722 1440 749 ita
1454 722 1570 750 Verbum
1587 723 1697 750 caeleste
1715 724 1781 751 sub-

987 766 1115 793 stantiam
1131 767 1238 794 anilnte.
1252 768 1341 802 Atque
1356 768 1405 795 has
1418 769 1452 796 ob
1468 777 1564 796 causas
1580 769 1705 797 Christus
1715 778 1781 805 apo-

987 811 1065 838 stolis
1079 811 1188 838 tradcns
1206 811 1300 838 orandi
1317 812 1432 838 formam
1448 812 1532 840 dixit:
1548 812 1647 839 Panem
1662 817 1781 840 nostram

988 857 1170 891 quotidianum
1190 857 1224 883 da
1240 857 1313 883 nobis
1327 857 1403 884 hodie
1412 857 1445 883 '°.
1462 857 1591 892 Quisquis
1609 859 1690 893 igitur
1708 859 1782 885 hunc

987 901 1162 932 manducare,
1181 901 1208 928 id
1224 905 1265 929 est
1281 902 1400 936 operari,
1417 901 1518 930 oblitus
1530 901 1614 929 fuerit
1629 902 1781 937 (spiritalis

145 940 238 975 ὒηται,
254 941 393 967 τουτέστιν
407 940 579 976 ἐργάσασθαι
599 940 656 975 (τοῦ
670 941 724 977 γὰρ
737 941 835 975 νοητοῦ
849 940 934 974 ἄρτου

987 945 1066 980 panis
1083 946 1258 973 manducatio
1282 951 1324 973 est
1348 947 1481 982 operatio,
1497 947 1536 974 uti
1563 947 1694 983 apostolis
1721 948 1781 982 ipse

144 989 160 1023 ή
176 988 278 1023 βρῶσις
294 988 412 1022 ἐργασία
430 987 600 1021 καθέστηκε·
618 987 694 1022 δηλοῖ
707 988 735 1014 δὲ
746 987 833 1019 οὕτως
847 986 934 1014 εἰπὼν

143 1035 200 1065 τοῖς
214 1034 375 1065 ἀποστόλοις
386 1035 400 1059 ὁ
410 1033 513 1068 Κύριος
521 1041 527 1047 ·
551 1032 726 1067 Ἐργάζεσθε
738 1032 780 1067 μὴ
790 1032 847 1067 τὴν
856 1031 934 1066 ,βρῶ-

144 1087 198 1106 σιν
221 1079 278 1113 τὴν
293 1078 520 1113 ἀπολλυμένην,
545 1078 627 1106 ἀλλὰ
645 1079 702 1111 τὴν
718 1079 877 1113 μένουσαν
890 1080 934 1112 εὶς

145 1125 222 1158 ζωὴν
235 1124 376 1159 αἰώνιον),
392 1124 490 1151 τούτου
508 1125 524 1159 ἡ
545 1123 644 1160 καρδία
656 1124 734 1159 δίκην
750 1123 847 1160 χόρτου
864 1125 935 1159 πλη-

145 1172 224 1205 γεῖσα
252 1170 420 1206 ξηραίνεται.
440 1169 484 1201 Ὠς
511 1162 580 1196 δὲᾏ
598 1169 694 1204 χόρτος
717 1169 864 1204 πλήττεται
887 1170 935 1196 καὶ

146 1217 312 1252 ξηραίνεται,
327 1216 390 1243 ὅταν
406 1215 482 1248 ὑετὸς
496 1216 539 1243 ἐπ’
554 1215 635 1243 αὐτὸν
651 1216 770 1252 σπανίσῃ
780 1224 787 1231 ·
800 1215 871 1242 οὕτω
889 1216 935 1243 καὶ

144 1264 161 1298 ἡ
173 1263 283 1298 καρδία,
301 1263 365 1290 ὅταν
381 1262 483 1288 ἔνδειαν
495 1262 598 1297 νοσήσῃ
612 1261 658 1288 τοῦ
680 1261 752 1288 θείου
767 1261 858 1296 λόγου,
873 1262 935 1289 τότε

145 1309 292 1344 πλήττεται
316 1307 364 1335 καὶ
381 1307 559 1343 ξηραίνεται,
576 1307 656 1339 ἄνθος
670 1307 772 1343 ἀρετῆς
785 1307 935 1344 βλαστῆσαι

145 1354 195 1381 οὐκ
212 1354 354 1389 ίσχύουσα.

182 1409 192 1426 ‹
220 1400 287 1426 Ἀπὸ
302 1399 395 1434 φωνῆς
410 1399 456 1426 τοῦ
472 1399 627 1435 στεναγμοῦ
646 1408 696 1434 μου
707 1399 853 1435 ἐκολλήθη.
871 1409 880 1425 ι

179 1445 335 1478 Τουτέστιν,
362 1446 446 1481 ἐτάκη
471 1446 545 1472 πᾶσα
567 1446 670 1481 πιμελὴ
690 1446 737 1473 καὶ
758 1445 870 1480 εὐοηνὶα
886 1446 934 1472 τοῦ

144 1491 282 1526 σώματος.
306 1493 339 1517 '0
363 1492 417 1527 γὰρ
435 1491 537 1527 ἀληθὴς
562 1491 724 1526 στεναγμὸς,
739 1491 768 1524 ὅς
782 1491 830 1518 καὶ
843 1492 935 1527 φωνὴν

142 1538 200 1573 ἔχει
220 1538 404 1573 ἀκουομένην.
428 1538 507 1573 τήκει
528 1537 558 1564 τὸ
578 1537 669 1572 σῶμα,
689 1538 737 1565 καὶ
761 1538 810 1573 τῆς
833 1538 936 1573 σαρκὸς

142 1582 291 1618 ἐργάζεται
311 1582 462 1617 νέκρωσιν⁹
485 1582 580 1617 ἐπειδὴ
599 1582 661 1609 ὅσον
682 1583 695 1609 ὁ
717 1582 770 1614 ἔξω
790 1582 932 1618 ἄνθρωπος

142 1628 340 1664 διαφθείρεται,
355 1627 483 1654 τοσοῦτον
496 1628 510 1653 ὁ
523 1627 578 1654 ἔσω
591 1627 805 1660 ὰνακαινίζεται.

182 1684 192 1700 ι
219 1674 369 1710 Ὠμοιώθην
387 1674 518 1702 πελεκᾶνι
535 1674 673 1710 ἐρημικῷ.
693 1683 702 1700 ι

179 1766 341 1802 Θαυμαστὺν
364 1767 429 1802 ἡμῖν
445 1767 552 1803 καρπὸν
570 1767 620 1802 τῆς
642 1768 796 1802 ἀγρυπνίας
813 1767 915 1800 ἔδειξεν
926 1776 934 1784 ·

141 1814 218 1839 ποιεῖ
237 1813 290 1849 γὰρ
305 1813 380 1849 ἡμᾶς
395 1813 432 1845 ὡς
457 1813 598 1848 στρουθίον
621 1813 738 1848 μονάζον
753 1813 800 1841 ἐπὶ
812 1813 934 1849 δώματιο

141 1859 213 1894 ὅπερ
233 1858 303 1886 εἶναι
328 1859 376 1894 μὲν
398 1859 472 1886 δοκεῖ
490 1868 563 1886 τισιν
581 1859 833 1895 εὐκαταφρόνητον,
858 1859 935 1886 πολι-

142 1905 220 1931 τείαν
231 1905 258 1931 δὲ
270 1905 343 1939 ὅμως
358 1904 490 1940 ὲκλεκτὴν
505 1905 553 1932 καὶ
579 1905 719 1941 μακαρίαν
728 1904 872 1940 κέκτηται.
897 1905 934 1932 Οὺ

140 1950 248 1985 τροφῆς
263 1950 328 1985 γὰρ⁷
344 1950 394 1977 οὐκ
408 1950 571 1985 ἐσθημάτων
582 1950 719 1986 φροντίζει
730 1950 743 1977 ὁ
756 1950 881 1984 μονάζων
897 1950 935 1982 ὡς

142 1997 286 2031 στρουθίον
297 2017 304 2028 ,
322 1997 371 2024 οὐκ
389 1997 537 2033 ἐπιϐουλὴν
556 1997 673 2025 δέδοικε·
697 1998 824 2023 κατοικεῖ
837 1996 891 2032 γὰρ
907 1998 935 2023 ἐν

140 2043 259 2077 δώματι,
275 2043 323 2070 καὶ
339 2043 394 2069 τῶν
410 2043 642 2070 ἐπιϐουλευόντων
661 2042 735 2070 ἐστὶν
758 2042 932 2078 ὑψηλότερος.

140 2088 262 2123 Νοήσεις
276 2089 304 2115 δὲ
316 2089 425 2120 πάντως
438 2090 526 2116 ὲκεῖνο
542 2089 573 2115 τὸ
587 2088 665 2124 δῶμα
678 2088 726 2115 καὶ
740 2088 779 2123 τῷ
789 2087 934 2123 Ψαλμῳδῷ

141 2134 289 2168 λέγεσθαι,
306 2135 373 2170 ὅπερ
393 2137 407 2162 ό
423 2135 523 2170 Κύριος
536 2135 601 2170 περὶ
614 2135 769 2167 συντελείας
788 2134 934 2170 διηγούμε-

140 2189 188 2212 νος
208 2180 314 2217 ἔφρασε
326 2189 333 2196 ·
348 2181 414 2218 φησὶ
428 2182 483 2217 γάρ
500 2190 506 2196 ·
534 2181 565 2208 '0
583 2182 632 2209 ἐπὶ
651 2181 704 2209 τοῦ
731 2181 876 2215 δώματος,
890 2180 933 2215 μὴ

142 2227 344 2255 καταϐαινέτω
355 2224 423 2262 ἆραι
438 2227 472 2254 τὸ
492 2227 609 2262 ἱμάτιον
622 2227 725 2255 αὐτοῦ.

183 2316 286 2351 (Ὅλην
297 2316 348 2351 τὴν
362 2316 469 2351 ἡμέραν
488 2315 626 2347 ὠνείδιζόν
645 2324 689 2350 με.
707 2324 716 2340 t

179 2362 337 2395 Τουτέστιν,
351 2363 376 2389 ot
389 2361 532 2393 δοκοῦντες
550 2361 623 2395 φίλοι
636 2361 749 2396 χείρονα
759 2360 813 2386 τῶν
827 2359 933 2395 ἐχθρῶν

141 2407 304 2442 διέπραττον
314 2417 320 2423 ·
337 2409 401 2439 τοὺς
412 2409 467 2443 γὰρ
484 2408 611 2438 ἐπαίνους
631 2408 670 2438 εἰς
681 2407 779 2441 ὅρκους
795 2406 858 2436 τοὺς
874 2405 933 2432 κατ’

141 2453 210 2489 ἐμοῦ
219 2454 429 2489 μετεὸάλλοντο·
439 2454 456 2488 ἢ
471 2454 608 2489 συνθήκας
615 2453 692 2483 τινας
705 2453 744 2483 εἰς
757 2451 826 2487 ἐμὴν
833 2451 933 2483 ταύτας

140 2500 290 2534 ὲπιῦῆυλὴν
305 2499 452 2534 τιθέμενοι,
475 2499 521 2526 καὶ
537 2499 666 2525 τοσοῦτον
681 2498 730 2533 τὴν
751 2497 821 2532 ἐμὴν
835 2496 934 2523 ταπεί-

140 2554 224 2572 νωσιν
238 2545 521 2581 ὲκτρεπόμενοι,ὧστε
534 2546 571 2580 μὴ
585 2545 644 2571 κατ’
657 2544 707 2579 ἐμὲ
718 2544 855 2577 γενέσθαι,
866 2543 933 2579 μηδὲ

141 2590 282 2626 σλμῦῆναι
299 2592 401 2623 αὐτοῖς,
415 2589 459 2617 οἷα
479 2591 550 2626 ἐμοὶ,
567 2590 750 2625 ἀπόμνυσοαι.

185 2690 194 2707 α
214 2680 300 2715 Κάγὼ
316 2681 382 2707 ὡσεὶ
397 2680 493 2716 χόρτος
505 2680 666 2716 ἐξηράνθην.
688 2690 697 2705 ι

180 2727 227 2762 Μὴ
238 2727 330 2753 τοίνυν
344 2728 399 2758 τοῖς
417 2727 554 2762 βιωτικοῖς
569 2727 748 2762 ὲπαιρώμεθα
766 2727 913 2762 πράγμασι
926 2735 933 2742 ·

140 2772 238 2800 τούτου
254 2773 309 2809 γὰρ
320 2773 393 2809 ἡμᾶς
406 2774 488 2800 ’ἑνεκα
504 2774 582 2800 σκιὰν
594 2773 642 2800 καὶ
653 2773 749 2809 χόρτον
761 2773 775 2800 ὁ
788 2774 935 2809 Προφήτης

142 2819 293 2851 ἐκάλεσεν,
314 2820 358 2846 ἵνα
384 2819 479 2855 μηδενὶ
504 2819 558 2846 τῶν
584 2820 728 2854 παρόντων
752 2819 934 2854 θαρσήσωμεν

988 991 1117 1018 Dominus
1132 991 1254 1019 declarat
1268 993 1363 1020 dicens
1378 1001 1384 1019 :
1400 992 1554 1027 Operamini
1573 1001 1624 1020 non
1638 993 1722 1020 cibum
1735 993 1780 1028 qui

986 1038 1062 1073 perit,
1079 1039 1124 1065 sed
1144 1039 1189 1073 qui
1200 1043 1334 1073 permanet
1353 1039 1380 1065 in
1401 1039 1484 1065 vitam
1500 1039 1681 1074 wternam"),
1698 1039 1780 1075 hujus

985 1092 1033 1111 cor
1055 1085 1142 1111 instar
1165 1084 1220 1112 feni
1246 1092 1407 1119 percussum
1432 1085 1576 1113 exarescit.
1588 1084 1665 1112 Sicut
1687 1090 1779 1112 autem

986 1129 1078 1157 fenum
1091 1130 1243 1165 percutitur
1257 1135 1286 1158 et
1300 1131 1410 1163 arescit,
1427 1131 1538 1165 quando
1553 1138 1614 1158 raro
1631 1131 1724 1165 pluvia
1741 1131 1780 1158 ir-

985 1176 1105 1211 rigatur;
1130 1177 1166 1204 ita
1181 1177 1264 1204 etiam
1280 1177 1382 1208 anima.
1397 1177 1508 1211 quando
1527 1177 1612 1204 divini
1631 1177 1713 1204 Verbi
1729 1185 1780 1212 pe-

986 1221 1064 1248 nuria
1077 1222 1252 1254 laboraverit,
1265 1221 1339 1249 illico
1353 1225 1418 1249 tunc
1433 1221 1586 1257 percutitur
1596 1225 1623 1249 et
1634 1221 1778 1255 exarescit,

986 1275 1048 1295 cum
1066 1267 1115 1295 llos
1134 1268 1244 1295 virtutis
1259 1267 1414 1303 germinare
1427 1267 1543 1295 minime
1556 1267 1653 1295 valeat.

1020 1396 1101 1425 Vsus.
1116 1398 1143 1425 6.
1167 1407 1175 1423 ι
1189 1398 1212 1425 A
1228 1406 1294 1425 voce
1309 1398 1426 1433 gemitus
1441 1399 1495 1427 mei
1511 1399 1637 1427 adhaesit.
1651 1409 1661 1425 ι

1022 1443 1049 1470 ld
1060 1448 1112 1475 est,
1126 1443 1215 1471 omnis
1225 1443 1309 1478 adeps
1323 1449 1350 1471 et
1363 1444 1479 1472 felicitas
1491 1445 1615 1480 corporis
1626 1445 1778 1473 contabuit.

986 1491 1074 1519 Verus
1099 1492 1172 1520 enim
1197 1491 1325 1527 gemitus,
1341 1491 1387 1527 qui
1402 1496 1430 1520 et
1444 1498 1552 1520 acutam
1569 1500 1663 1520 vocem
1685 1493 1778 1525 habet,

986 1545 1087 1572 corpus
1112 1542 1253 1570 extenuat,
1269 1542 1297 1564 et
1317 1537 1409 1566 carnis
1430 1537 1670 1565 mortificationem
1684 1545 1780 1572 opera-

989 1589 1050 1618 tur;
1068 1584 1198 1618 quoniam
1209 1587 1341 1618 quantum
1355 1583 1475 1610 exterior
1488 1583 1571 1611 homo
1583 1582 1782 1618 corrumpitur;

989 1629 1157 1657 tantumdem
1176 1628 1291 1656 interior
1306 1628 1464 1656 innovatur.

1023 1675 1103 1703 Vens.
1121 1677 1147 1703 7.
1170 1684 1180 1701 ι
1193 1675 1297 1703 Similis
1316 1675 1404 1703 factus
1426 1682 1487 1703 sum
1506 1675 1640 1710 pellicano
1655 1674 1780 1703 solitudi-

987 1722 1040 1749 nis.
1057 1731 1067 1748 ι

1021 1768 1215 1796 Admirabilem
1232 1768 1312 1796 nobis
1325 1767 1480 1804 vigiliarum
1500 1767 1621 1796 fructum
1638 1766 1778 1796 ostendit:

987 1815 1092 1843 faciunt
1111 1815 1184 1842 enim
1207 1823 1259 1843 nos
1273 1816 1360 1843 instar
1377 1815 1496 1850 passeris
1511 1813 1624 1842 solitarii
1638 1813 1665 1840 in
1682 1817 1753 1840 tecto
1771 1821 1778 1839 :

986 1861 1058 1897 quod
1075 1861 1238 1896 quibusdam
1256 1861 1366 1896 quidem
1384 1861 1492 1889 videtur
1507 1859 1723 1894 contemptibile,
1736 1864 1780 1886 a2.-

986 1911 1075 1934 tamcn
1101 1907 1216 1934 electam
1236 1906 1318 1934 simul
1334 1910 1361 1933 et
1377 1907 1484 1934 beatam
1509 1905 1616 1933 vivendi
1643 1904 1778 1932 rationem

986 1951 1117 1980 continet.
1134 1951 1274 1986 Siquidem
1299 1959 1353 1978 non
1379 1951 1471 1978 cibum
1493 1957 1582 1985 neque
1597 1954 1687 1978 vestes
1702 1952 1780 1977 curat

986 1999 1009 2026 is
1026 1998 1073 2033 qui
1100 2002 1227 2032 tanquam
1253 2005 1348 2032 passer
1369 1997 1509 2025 solitarius
1533 1996 1650 2028 exsistit,
1666 1996 1780 2024 insidias

986 2043 1098 2070 minime
1113 2046 1243 2075 veretur;
1259 2042 1389 2077 quoniam
1406 2042 1432 2069 in
1450 2046 1523 2069 tecto
1538 2041 1653 2073 habitat,
1670 2045 1698 2068 et
1712 2040 1780 2068 insi-

986 2087 1124 2115 diantibus
1140 2087 1284 2115 sublimior
1294 2088 1391 2115 evasit.
1401 2087 1536 2114 Cteterum
1550 2085 1686 2121 intelliges
1697 2086 1779 2114 etiam

985 2141 1000 2161 τι
1016 2133 1157 2161 Psalmista
1176 2138 1277 2161 tectum
1291 2133 1356 2161 illud
1366 2133 1431 2166 dici,
1442 2133 1475 2161 de
1488 2140 1544 2168 quo
1557 2132 1688 2159 Dominus
1698 2131 1780 2159 verba

985 2179 1059 2212 fecit,
1086 2187 1149 2207 cum
1176 2179 1250 2206 orbis
1275 2179 1407 2207 describit
1431 2177 1712 2210 consummationem;
1742 2176 1781 2204 ait

985 2226 1057 2253 enim
1080 2235 1086 2252 :
1107 2225 1157 2258 Qui
1177 2226 1205 2252 in
1224 2230 1301 2258 tecto,
1322 2234 1373 2252 non
1393 2226 1531 2252 descendat
1553 2223 1644 2251 tollere
1663 2223 1779 2251 tunicam

950 2281 972 2308 ι)
986 2269 1102 2296 suam".

1023 2314 1104 2343 Vens.
1116 2316 1142 2344 9.
1167 2326 1176 2342 ι
1191 2316 1259 2351 Tota
1274 2316 1318 2343 die
1331 2317 1532 2352 exprobrabant
1547 2324 1600 2343 me.
1617 2324 1626 2340 ι

1023 2361 1050 2388 ld
1065 2366 1117 2394 est,
1134 2362 1161 2389 bi
1184 2363 1229 2397 qui
1245 2363 1410 2390 videbantur
1426 2361 1523 2392 amici,
1543 2359 1678 2388 deteriora
1693 2357 1782 2386 hosti-

985 2406 1036 2433 bus
1058 2406 1214 2441 irrogahant
1231 2417 1238 2434 :
1256 2407 1350 2435 laudes
1374 2407 1446 2434 enim
1465 2408 1492 2434 in
1509 2406 1707 2434 detestationes
1730 2404 1781 2432 ad-

985 2460 1095 2479 versum
1109 2460 1151 2479 me
1168 2453 1308 2480 uiutabant
1324 2462 1330 2480 :
1347 2453 1390 2480 vel
1404 2453 1437 2479 ad
1453 2460 1498 2479 me
1509 2451 1702 2486 decipiendum
1713 2457 1780 2477 con-

985 2498 1136 2533 spirabant,
1151 2504 1177 2526 et
1194 2499 1220 2525 in
1238 2503 1342 2526 tantum
1360 2498 1544 2526 humilitatem
1568 2497 1628 2524 sive
1650 2497 1781 2531 abjet-tio-

990 2552 1052 2571 nem
1067 2552 1157 2571 meam
1175 2544 1382 2576 aversabantur,
1397 2549 1427 2570 ut
1441 2544 1654 2575 obtestarentur,
1667 2549 1702 2570 ne
1714 2542 1779 2571 mihi

989 2591 1091 2618 similes
1114 2591 1272 2623 evaderent,
1289 2597 1379 2625 neque
1404 2589 1471 2625 ipsis
1497 2587 1662 2620 istiusmodi,
1690 2587 1782 2624 qualia

988 2637 1066 2669 mihi,
1082 2637 1235 2664 evenirent.

1025 2681 1104 2709 Vens.
1120 2682 1163 2710 12.
1187 2692 1196 2708 ι
1211 2682 1244 2709 Et
1256 2689 1306 2718 ego
1323 2682 1393 2709 sicut
1408 2681 1500 2709 fenum
1514 2680 1582 2708 arui.
1598 2689 1608 2706 ι

1021 2727 1062 2755 Nc
1082 2728 1165 2763 igitur
1186 2729 1268 2755 rebus
1284 2728 1460 2755 saecularibus
1477 2728 1641 2755 extollantur
1656 2735 1662 2753 :
1678 2725 1780 2753 ideirco

988 2773 1060 2802 enim
1075 2773 1211 2808 Propheta
1229 2780 1280 2800 nos
1292 2772 1415 2800 umbram
1430 2776 1456 2799 et
1471 2772 1562 2799 fenum
1580 2768 1734 2806 appellavit,
1744 2777 1779 2798 ne

989 2819 1017 2846 in
1038 2819 1091 2846 ulla
1113 2826 1203 2846 rerum
1219 2818 1394 2854 prmsemium
1411 2818 1623 2850 confidcrcmus,
1640 2815 1738 2860 fluxam
1752 2819 1780 2842 ct

176 2908 196 2925 λε
214 2907 311 2936 Manli.
332 2917 371 2942 vi,
388 2909 428 2935 tt.
462 2910 481 2923 ³¹
503 2908 580 2936 Joau.
599 2916 637 2941 vl,
657 2908 701 2934 ~27.
740 2908 760 2923 υ
781 2907 876 2935 Matth.
894 2914 967 2939 xxiv,
988 2907 1029 2936 Π.
