2056 3148
281 182 348 215 1281

298 201 345 216 ἆύί

874 182 1054 213 IlESl’ClIll
1085 180 1321 213 l’llESBYTERi

1846 181 1913 213 1233

280 241 366 268 tione.
378 239 452 275 lpsos
462 246 559 273 nempe
569 238 642 273 ligna
652 237 758 266 Domini
770 238 1068 273 appellavit?quoniam

1122 239 1220 269 αὐτοὺς
1239 238 1286 264 καὶ
1308 238 1374 271 ξύλα
1398 237 1445 264 τοῦ
1468 237 1573 273 Κυρίου
1596 237 1727 264 ἐκάλεσεν
1742 245 1748 251 ”
1771 237 1867 272 ἐπειδῆ
1888 239 1913 265 οί

280 287 326 321 qui
336 285 505 313 meditantur
515 284 542 311 in
553 284 611 319 lege
623 283 728 311 Domini
741 284 786 312 die
796 292 827 312 ac
835 289 927 316 nocte,
940 285 1070 312 dicuntur

280 333 383 368 lignum
405 330 478 365 quod
502 331 653 365 plantatum
673 335 714 358 est
735 339 815 358 secus
834 331 967 358 decursus
988 338 1071 365 aqua-

280 386 341 404 rum
362 378 395 404 ⁸⁵.
422 376 478 403 Etsi
508 377 582 404 enim
614 385 646 404 ex
691 378 818 413 gentibus
854 378 919 409 sint,
953 386 1069 413 quarum

281 423 402 450 Libanus
418 427 458 450 est
481 423 633 458 symbolum
652 432 659 456 ;
683 424 795 459 plantati
813 428 904 452 tamen
919 433 933 452 a
953 425 1008 452 Deo
1022 432 1071 459 per

280 468 407 504 baptismi
421 468 606 502 adoptionem,
620 473 647 495 et
659 469 744 504 legem
758 470 931 502 meditantes,
942 470 993 504 ipsi
1008 477 1072 504 quo-

280 524 334 551 que
347 516 394 542 Dei
416 515 572 551 cognitione
589 519 759 542 saturantur.
774 515 904 542 Passercs
917 523 981 542 vero
992 519 1071 542 vocat

280 563 385 590 animas
404 569 417 588 a
434 561 541 589 diabolo
560 565 587 588 ct
608 561 693 596 ipsius
710 561 824 588 asscclis
846 561 1069 596 persecutionem

280 615 374 644 passas
388 616 395 640 ;
412 615 471 642 qua:
484 611 574 634 tamen
586 607 646 641 ejus
657 607 769 640 laqueos
783 606 899 633 evadere
914 606 1069 639 valuerunt,

281 654 315 680 de
344 654 443 688 quibus
469 652 554 680 David
578 652 633 679 ait:
655 651 752 678 Anima
775 656 865 678 nostra
886 652 953 678 sicut
977 660 1070 685 passer

282 705 369 735 erepta
385 704 421 726 est
438 700 469 726 de
489 699 582 734 laqueo
593 699 747 726 venantium
760 699 793 725 ".

318 798 401 827 Vens.
414 799 456 826 l7.
473 809 482 825 ‹
501 799 610 826 llerodii
625 799 722 826 domus
736 798 791 826 dux
806 803 849 827 est
863 805 969 826 eorum.
986 808 996 825 ›

321 844 380 872 Νοη
400 845 583 876 aberraveris,
606 845 629 872 si
652 844 762 871 Petrum
789 844 891 872 dixeris
915 844 1070 877 herodium,

282 890 501 926 quandoquidem
511 889 650 917 Christum
661 895 795 926 perpetuo
810 895 922 918 secutus
932 891 978 918 sit.
995 890 1071 917 Sicut

281 937 354 964 enim
378 937 508 964 herodius
532 936 632 964 dicitur
653 936 690 964 iis
715 945 775 971 qua:
805 936 926 971 possidet
951 936 1071 971 separari

251 987 256 992 '
281 982 394 1009 minime
417 982 496 1015 velle,
522 981 562 1009 sic
577 982 659 1009 etiam
681 989 822 1017 passerum
848 982 902 1009 dux
926 983 1070 1009 exsistere.

281 1026 407 1055 Ostendit
423 1027 496 1054 enim
509 1028 558 1060 eis,
575 1027 714 1062 quomodo
731 1032 891 1055 venatorum
911 1028 1000 1063 laquei
1018 1028 1072 1056 sint

282 1073 473 1104 transiliendi;
493 1073 716 1107 quandoquidem
739 1073 822 1100 etiam
846 1074 905 1108 ipse
926 1073 1072 1109 negatione

282 1117 444 1152 illaqueatus
467 1118 715 1153 perpwniteutiam
741 1118 870 1153 laqueum
892 1118 1030 1153 eﬂ'ugerit.

316 1203 399 1232 Vens.
412 1204 455 1231 18.
471 1213 481 1230 ι
496 1203 574 1231 Petra
591 1203 726 1238 refugium
738 1203 898 1231 herinaeiis.
921 1209 938 1230 »κ

307 1250 487 1285 Symmachus
497 1248 659 1284 chirogryllis
670 1248 805 1284 exposuit.
816 1248 934 1276 Erinacii
943 1253 972 1276 et
982 1249 1071 1277 chiro-

282 1296 359 1332 grylli
372 1296 445 1323 inter
459 1295 599 1322 immunda
610 1299 638 1322 et
651 1295 757 1322 inﬁrma
771 1294 897 1321 animalia
913 1299 1070 1322 censentur.

283 1341 390 1369 Etenim
407 1341 533 1368 Salomon
555 1340 616 1367 ait:
638 1339 796 1374 Cltirogrylli
818 1348 880 1374 gens
903 1340 1020 1366 invalida
1033 1341 1071 1376 fe-

282 1393 373 1414 cerunt
389 1388 417 1414 in
432 1387 512 1422 petris
542 1387 632 1413 domos
650 1394 713 1412 suas
723 1385 757 1412 "’.
776 1385 881 1421 Moyses
902 1391 992 1413 autem
1008 1386 1046 1413 ait
1063 1394 1070 1413 :

283 1433 430 1465 Camelum,
440 1436 466 1459 et
476 1440 560 1464 suem,
572 1427 595 1458 et
605 1431 773 1466 dasypcdem,
786 1431 813 1458 id
827 1435 869 1459 est
881 1431 1011 1466 leporem,
1022 1439 1073 1458 non

281 1479 421 1506 contedeu's
430 1478 463 1505 ⁵⁸.
475 1478 524 1505 Per
532 1478 589 1505 haec
598 1477 729 1504 nimirum
744 1477 826 1504 David
839 1477 1072 1512 gentesiusinuat;

283 1526 326 1553 lue
340 1532 457 1559 namque
479 1523 617 1559 refugium
633 1523 775 1558 spirituale
791 1523 893 1550 habent
909 1527 1024 1558 petram,
1046 1523 1073 1550 id

283 1575 326 1599 est
335 1571 484 1598 Ecclesiam
496 1579 503 1598 :
518 1578 566 1605 per
582 1570 652 1597 hanc
663 1570 736 1596 enim
746 1570 908 1597 roborantur
920 1573 947 1596 et
959 1570 1071 1604 expian—

285 1622 340 1644 tur.
367 1615 447 1643 Cervi
482 1619 585 1648 autem,
619 1621 680 1641 cum
718 1614 820 1641 munda
855 1614 910 1641 sint
934 1614 1072 1648 animalia,

284 1661 439 1689 necessario
454 1664 518 1688 sunt
531 1660 630 1687 animae
640 1659 788 1694 iustorum,
807 1666 868 1694 qua:
879 1659 966 1694 legem
981 1667 1072 1687 servn-

283 1711 395 1735 verunt.

319 1794 401 1822 Vens.
421 1794 464 1822 l9.
483 1804 492 1820 ι
509 1793 586 1822 Fecit
596 1794 688 1821 lunam
698 1794 725 1821 in
739 1797 869 1830 tempora.
886 1804 896 1821 ι

324 1840 461 1868 Caeterum
475 1847 527 1868 non
552 1840 637 1867 solam
659 1841 761 1874 lunam,
782 1841 827 1868 sed
845 1841 927 1868 etiam
941 1841 1026 1868 solem
1045 1846 1073 1869 et

284 1885 387 1916 stellas,
399 1890 426 1914 et
435 1886 492 1913 dies
502 1894 534 1914 ac
548 1893 665 1918 menses,
683 1892 711 1914 et
726 1891 847 1921 tempora
864 1891 891 1914 et
907 1895 993 1915 annos
1006 1895 1072 1915 con-

284 1932 383 1960 stituit.
403 1932 507 1960 Lunam
525 1937 616 1960 autem
630 1933 683 1959 hoe
699 1933 758 1960 loco
775 1933 902 1968 intelligit
915 1933 1072 1961 Judteorum

284 1979 464 2014 Synagogam,
481 1986 562 2014 quam
584 1986 668 2013 usque
683 1979 716 2006 ad
742 1983 864 2014 tempora
876 1979 943 2014 legis
965 1987 996 2007 ac
1010 1988 1073 2015 pro-

283 2027 428 2062 phetarum
441 2026 561 2053 instituit
574 2034 582 2059 ;
599 2025 692 2053 Solum
704 2033 770 2053 vero
781 2026 930 2052 Christum.
944 2025 988 2054 Sic
998 2027 1071 2053 enim

283 2072 367 2099 etiam
390 2071 538 2099 Malaehias
566 2072 655 2106 ipsum
683 2071 828 2106 appellavit
847 2080 853 2098 :
875 2071 982 2099 Orielur
1003 2073 1072 2099 vobis

284 2117 435 2144 timentibus
444 2117 585 2143 Dominum
601 2115 647 2143 Sol
657 2116 773 2150 justitiw
782 2124 791 2142 :
801 2120 825 2142 et
833 2116 934 2142 sanitas
947 2116 973 2142 in
982 2118 1072 2150 pennis

284 2161 352 2196 ejus.
363 2161 414 2193 Qui
425 2162 542 2197 cognovit
557 2170 678 2188 occasum
689 2170 765 2188 suum
774 2162 806 2188 "z
819 2161 953 2196 siquidem
966 2166 1072 2197 tempus

284 2207 474 2243 cognoscebat,
494 2213 549 2241 quo
570 2206 659 2241 passio
676 2212 735 2234 erat
756 2207 936 2242 dispensanda
953 2208 964 2234 ?
987 2208 1023 2235 ita
1043 2213 1073 2235 ut

1122 283 1290 319 μελετῶντες
1313 284 1358 310 τὸν
1385 283 1469 319 νόμον
1488 283 1595 318 ἡμέρας
1623 283 1670 309 καὶ
1695 283 1803 315 νυκτὸς,
1834 283 1914 316 ξύλον

1122 330 1196 365 παρὰ
1208 331 1259 362 τὰς
1276 331 1415 364 διεξόδους
1439 331 1494 357 τῶν
1519 331 1623 357 ὑδάτων
1647 330 1854 364 πεφυτευμένον
1870 331 1916 356 λέ-

1121 385 1224 410 γονται.
1233 375 1361 412 Κᾶνχὰρ
1371 376 1401 408 ἐξ
1409 376 1494 402 ἐθνῶν
1504 373 1581 407 ὦσιν,
1589 373 1626 403 ὧν
1638 376 1753 408 Λίϐανος
1765 376 1796 402 σύ
1802 376 1913 411 μὸολον,

1121 421 1301 456 φυτευθέντες
1322 422 1351 448 δὲ
1377 422 1452 457 παρὰ
1469 419 1542 456 ¹Θεοῖι
1559 423 1592 457 τῇ
1615 421 1738 457 υἱοθεσία
1750 422 1797 448 τοῦ
1816 422 1914 457 βαπτί-

1123 477 1226 504 σματος
1240 469 1449 504 μελετήσαντες,
1460 469 1507 495 καὶ
1515 468 1594 494 αὐτοὶ
1603 468 1649 495 τὸν
1657 468 1739 503 νόμον
1747 467 1915 502 θεογνωσίας

1121 515 1310 550 χορτάζονται.
1327 515 1460 550 Στρουθία
1475 514 1503 541 δὲ
1518 515 1597 541 καλεῖ
1607 514 1656 546 τὰς
1677 515 1754 550 παρὰ
1766 514 1812 541 τοῦ
1824 515 1915 542 διαϐό-

1122 561 1168 587 λου
1177 561 1225 587 καὶ
1236 561 1292 587 τῶν
1303 561 1377 596 αὐτῷ
1388 561 1620 596 συμπραττόντων
1633 560 1803 594 διωκομένας
1813 560 1914 596 ψυχὰς,

1121 606 1155 632 δι’
1168 606 1309 633 εὐσέϐειαν
1331 606 1492 642 δυνηθείσας
1507 614 1536 633 τε
1551 605 1635 633 αὑτοῦ
1650 606 1700 638 τὰς
1723 606 1841 640 παγίδας
1855 606 1916 632 δια-

1122 654 1229 688 φυγεῖν,
1244 653 1310 688 περὶ
1328 651 1366 680 ὧν
1385 653 1399 679 ὁ
1421 653 1502 679 Δαὸὶδ
1525 653 1637 688 εἴρηκεν
1649 660 1656 667 ·
1678 653 1708 680 Ἡ
1724 652 1811 687 ψυχὴ
1827 653 1916 688 ἡμῶν

1121 700 1161 733 ὡς
1178 694 1342 733 στρουθίον
1357 698 1490 733 ἑρῤὐσθη
1505 699 1539 725 ὲκ
1559 697 1615 732 τῆς
1637 698 1766 734 παγίδος
1782 698 1841 725 τῶν
1860 701 1915 733 θη-

1118 745 1282 780 ρευόνγων.

1160 801 1169 817 ι
1187 791 1241 817 Τοῦ
1257 789 1399 826 ὲρωδιοῢή
1415 790 1545 816 κατοικία
1560 790 1667 825 ἡγεῖται
1683 789 1785 816 αὐτῶν.
1805 799 1813 815 ι

1157 836 1286 871 Ἐρωδιδν
1309 836 1360 863 οὐκ
1388 836 1421 863 ἂν
1450 836 1585 871 ἁμάρτοις
1608 836 1654 862 τὸν
1681 836 1786 870 Πέτρον
1816 835 1914 866 εἰπὼν,

1122 882 1215 917 ἐπειδὴ
1229 882 1268 917 τῷ
1284 881 1396 917 Χριστῷ
1415 881 1548 917 διηνεκῶς
1564 880 1718 916 ἠκολούθει.
1740 881 1847 915 Ὥσπερ
1859 881 1915 916 γὰρ

1124 931 1137 956 ὁ
1152 929 1265 964 ἑρωδιὺς
1285 929 1334 955 οὐκ
1354 928 1456 955 ἐθέλειν
1473 928 1639 964 χωρίζεσθαι
1659 927 1715 954 τῶν
1733 927 1915 962 κεκτημένων

1122 976 1240 1010 λέγεται,
1266 975 1338 1002 οὓτω
1363 976 1410 1002 καὶ
1433 974 1488 1001 τῶν
1516 975 1667 1010 στρουθίων
1689 973 1825 1009 ἡγεῖσθαι.
1853 973 1914 999 Δεί-

1123 1029 1202 1049 κνυσι
1216 1022 1271 1056 γὰρ
1284 1021 1386 1053 αὐτοῖς,
1403 1021 1460 1052 πῶς
1477 1021 1530 1056 χρὴ
1541 1020 1590 1052 τὰς
1607 1020 1661 1048 τῶν
1673 1019 1814 1055 θηρευτῶν
1830 1019 1916 1053 παγί-

1122 1069 1170 1100 δας
1199 1067 1419 1103 ὑπεράλλεσθαι·
1447 1068 1542 1102 ἐπειδὴ
1572 1067 1621 1093 καὶ
1647 1067 1728 1098 αὐτὸς
1761 1067 1793 1101 τῇ
1828 1066 1916 1101 ἀρνή-

1123 1123 1165 1141 σει
1201 1114 1376 1148 παγιδευθεὶς
1409 1113 1452 1140 διὰ
1485 1113 1632 1149 μετάνοιαν
1656 1113 1705 1147 τὴν
1734 1111 1836 1146 παγίδα
1869 1111 1916 1149 εξ-

1126 1160 1223 1194 έφυγε.

1160 1213 1170 1230 ι
1189 1203 1282 1240 Ιιέτρα
1294 1204 1442 1240 καταφυγὴ
1454 1205 1511 1235 τοῖς
1526 1203 1654 1238 λαγωοῖς.
1671 1212 1681 1229 ι

1157 1249 1317 1285 Σύμμαχος,
1330 1249 1392 1282 τοῖς
1401 1249 1654 1284 χοιρογτρυλλίοις,
1670 1249 1811 1282 ἐξέδωκεν.
1821 1250 1854 1276 Οί
1867 1250 1916 1276 λα-

1122 1296 1189 1331 γωοὶ
1200 1297 1248 1322 καὶ
1262 1297 1287 1322 οι
1298 1295 1495 1331 χοιρογρύλλιοι
1511 1296 1540 1322 ὲν
1554 1297 1610 1327 τοῖς
1624 1294 1705 1328 ζώοις
1717 1295 1773 1328 τοῖς
1790 1293 1915 1329 ἀκαθάρ-

1123 1350 1179 1373 τοις
1194 1341 1241 1368 καὶ
1267 1341 1398 1368 ἀσθενέσι
1420 1342 1575 1368 τάττονται.
1594 1340 1745 1376 Τοιγαροῦν
1761 1342 1775 1367 ὀ
1788 1341 1916 1376 Σολομὼν

1124 1396 1207 1423 φησιο
1234 1387 1459 1422 ΧοιρογῬύλλιοι
1487 1387 1575 1419 ἔθνος
1597 1387 1653 1413 οὐκ
1671 1386 1800 1421 ισχυρὸν
1816 1386 1917 1421 ἑποιήι

1124 1440 1218 1460 (farto
1230 1433 1267 1460 ὲν
1280 1433 1402 1466 πέτραις
1416 1432 1487 1465 τοὺς
1499 1432 1615 1459 ἑαυτῶν
1627 1432 1741 1465 οἴκους.
1755 1432 1860 1467 Μωσῆς
1870 1432 1898 1459 δέ
1907 1442 1915 1448 ·

1127 1479 1182 1505 Τὸν
1194 1478 1350 1513 κάμηλον,
1372 1477 1421 1505 καὶ
1443 1477 1497 1504 τὸν
1524 1475 1574 1511 ὗν,
1597 1478 1646 1504 καὶ
1667 1478 1721 1505 τὸν
1743 1477 1916 1510 δασύποδα,

1124 1525 1193 1558 ὅπερ
1213 1524 1271 1550 ἐστι
1285 1524 1391 1558 λαγωδς
1404 1543 1411 1555 ,
1429 1524 1486 1551 οὐκ
1498 1523 1613 1551 ἔθεσθε,
1630 1524 1681 1551 Διὰ
1699 1524 1804 1551 τούτων
1823 1524 1916 1550 τοίνυν

1123 1570 1137 1596 ὁ
1150 1569 1234 1596 Δασὶδ
1252 1570 1287 1596 τὰ
1309 1569 1373 1605 ἔθνη
1395 1570 1544 1597 αἰνίττεται
1557 1577 1564 1585 ·
1586 1567 1660 1596 οὗτοι
1678 1570 1734 1606 γὰρ
1753 1570 1916 1606 καταφυγήν

1123 1616 1172 1651 τὴν
1189 1616 1288 1651 νοητὴν
1307 1616 1410 1652 πέτραν
1425 1616 1475 1649 τὴν
1496 1615 1661 1650 Ἐκκλησίαν
1686 1616 1777 1652 ἔχουσι
1790 1625 1799 1633 α
1816 1619 1864 1644 καὶ
1881 1618 1916 1645 δι’

1123 1661 1206 1696 αὐτῆς
1230 1661 1414 1697 δυναμοῦνται
1445 1661 1492 1688 καὶ
1511 1661 1701 1697 καθαίρονται.
1735 1662 1849 1697 Ἐλαᾳοι
1875 1663 1914 1696 δὲ,

1123 1706 1218 1743 ἐπειδὴ
1227 1707 1334 1741 καθαρὰ
1347 1707 1406 1738 ζῶα
1416 1707 1609 1742 τυγχάνουσιν,
1620 1708 1775 1742 ἀναγκαίως
1788 1710 1816 1735 αἱ
1829 1709 1916 1745 ψυχαὶ

1122 1752 1176 1779 τῶν
1188 1752 1301 1779 δικαίων
1317 1752 1403 1786 εἰσὶν,
1419 1753 1480 1779 ὅσαι
1498 1753 1545 1780 τὸν
1560 1753 1643 1788 νόμον
1656 1753 1805 1788 ἐφύλαξαν.

1161 1807 1169 1823 ι
1186 1798 1314 1834 Ἐποίησε
1330 1798 1445 1834 σελήνην
1459 1799 1499 1830 είς
1512 1798 1634 1834 καιρούς.
1653 1808 1663 1826 ι

1153 1843 1208 1870 Καὶ
1218 1844 1271 1879 μὴν
1277 1844 1306 1870 οὐ
1318 1844 1403 1879 μόνην
1410 1844 1459 1880 τὴν
1468 1844 1594 1880 σελήνην,
1601 1845 1669 1873 ἀλλὰ
1676 1846 1776 1873 καὶτὸν
1783 1847 1862 1882 ἥλιον
1869 1849 1917 1875 καὶ

1122 1889 1186 1920 τοὺς
1199 1889 1325 1925 ἀστέρας,
1338 1889 1386 1916 καὶ
1398 1890 1437 1921 εἰς
1448 1890 1564 1925 ἡμέρας,
1581 1891 1628 1917 καὶ
1641 1894 1728 1926 μῆνας
1741 1893 1789 1920 καὶ
1800 1894 1917 1929 καιροὺς

1123 1935 1171 1962 καὶ
1185 1935 1325 1966 ἐνιαυτοὺς
1339 1935 1427 1962 ἔθετο.
1438 1935 1519 1963 Ἀλλὰ
1531 1936 1647 1972 σελήνην
1662 1938 1781 1965 ἐνταῦθα
1796 1939 1847 1973 τὴν
1861 1939 1915 1966 τῶν

1124 1979 1259 2007 Ἰουδαίων
1280 1980 1355 2014 λέγει
1376 1981 1563 2017 Συναγωγὴν,
1586 1982 1684 2016 ἦντινα
1706 1982 1788 2017 μέχρι
1807 1984 1916 2018 καιρῶν

1122 2025 1170 2053 τοῦ
1183 2027 1267 2062 νόμου
1290 2027 1337 2054 καὶ¹
1356 2028 1410 2053 τῶν
1429 2029 1578 2064 προφητῶν
1596 2029 1672 2056 ἔθετο
1685 2038 1691 2045 ·
1709 2030 1788 2064 ἥλιον
1805 2030 1846 2063 δὲ,
1869 2031 1915 2057 τὸν

1127 2073 1257 2108 Χριστόν.
1277 2073 1355 2100 Οὕτω
1378 2074 1433 2110 γὰρ
1460 2074 1541 2101 αὐτὸν
1570 2075 1617 2102 καὶ
1633 2075 1778 2111 Μαλαχίας
1798 2076 1893 2111 ἔλεγεν
1905 2085 1913 2091 ·

1123 2119 1278 2146 Ἀνατελεῖ
1302 2120 1374 2153 ὑμῖν·
1403 2121 1466 2153 τοῖς
1497 2121 1695 2156 φοϐουμένοις
1722 2122 1777 2148 τὸν
1803 2123 1915 2156 Κύριον

1124 2164 1228 2196 ’Ἤλιος
1242 2164 1440 2199 δικαιοσύνης
1450 2173 1456 2180 ·
1475 2166 1524 2194 καί
1542 2166 1624 2199 ἴασις
1635 2167 1670 2193 ἑν
1687 2167 1752 2200 ταῖς
1768 2167 1916 2202 πτέρυξιν

1123 2209 1342 2244 αὑτοῦ.”οστις
1365 2210 1443 2245 ἕγ-νω
1463 2211 1521 2244 τὴν
1547 2212 1641 2238 αὐτοῦ
1662 2212 1768 2239 δύσιν·
1792 2212 1839 2238 τὸν
1861 2214 1915 2246 γὰρ

285 2253 360 2288 prius
374 2251 483 2287 quidem
499 2259 581 2286 quam
595 2251 660 2278 illud
679 2251 836 2279 advenisset
852 2252 955 2279 diceret
972 2263 979 2280 :
995 2253 1070 2280 Non-

1122 2255 1217 2290 καιρὸν
1242 2254 1303 2282 καθ’
1327 2256 1356 2282 ὃν
1392 2258 1526 2292 προσήκει
1557 2257 1587 2283 τὺ
1617 2258 1704 2290 πάθος
1733 2259 1915 2294 οἰκονομῆσαι

283 2299 346 2325 dum
366 2298 435 2324 venit
455 2297 519 2324 hora
534 2298 555 2313 ⁵ο
571 2306 577 2324 :
596 2297 707 2331 quando
732 2302 821 2324 autem
845 2302 953 2332 tempus
971 2307 1072 2334 oppor—

284 2349 381 2371 tunum
394 2347 453 2370 erat
468 2342 540 2369 illam
555 2342 691 2369 subeundi
708 2352 714 2370 :
738 2342 822 2374 Venit,
840 2342 939 2377 inquit,
962 2344 1027 2371 liora
1042 2349 1071 2372 ut

283 2389 445 2423 clari/inetur
460 2387 549 2415 Filius
565 2388 690 2415 hominis.

327 2486 409 2514 Vsus.
436 2485 482 2514 20.
512 2495 522 2511 ι
552 2484 671 2512 Posuisti
700 2485 839 2518 tenebras,
868 2490 895 2512 et
925 2485 996 2514 facta
1026 2491 1069 2514 est

285 2538 349 2558 nox.
370 2540 379 2555 Ι

321 2575 462 2603 Manifeste
477 2575 565 2603 crucis
578 2580 687 2610 tempus
702 2575 835 2610 designat,
852 2583 907 2610 quo
919 2577 959 2603 sol
975 2581 1069 2604 noster

285 2622 394 2650 occidit.
411 2622 489 2649 Tunc
503 2622 575 2648 enim
589 2621 623 2648 ab
636 2621 703 2648 liora
720 2626 795 2649 sexta
814 2629 900 2656 usque
922 2623 956 2649 ad
974 2623 1068 2650 horam

284 2676 386 2696 nonam
403 2669 523 2695 tenebrat
538 2667 616 2694 facta;
635 2672 708 2699 sunt,
724 2675 784 2702 qum
798 2675 848 2703 pro
863 2668 968 2704 integra
987 2674 1069 2697 nocte

284 2719 403 2750 acceptae
420 2714 541 2747 luerunt,
566 2719 677 2749 propter
698 2714 857 2750 mysterium
880 2714 1012 2742 triduana:
1025 2723 1069 2742 re-

285 2759 474 2788 surreetionis.

324 2814 332 2830 ι
351 2803 379 2831 ln
392 2805 448 2840 ipsa
463 2803 667 2840 pertransibunt
689 2811 785 2831 omnes
799 2803 904 2831 hestire.
925 2813 933 2829 ι

315 2905 337 2920 ⁸⁵
355 2903 425 2933 Psal.
439 2913 458 2937 ι,
473 2906 500 2932 5.
537 2906 560 2922 ⁸⁸
575 2905 644 2932 Psal.
662 2911 758 2937 cmu,
773 2903 800 2931 7.
840 2905 861 2920 '”
876 2902 956 2932 Prov.
976 2912 1038 2938 xxx,
1051 2903 1097 2932 26.
1133 2906 1156 2921 ⁸⁸
1176 2906 1254 2933 Deut.
1268 2914 1324 2939 xxv,
1346 2906 1371 2932 7.
1411 2905 1434 2922 "
1450 2905 1546 2934 Matth.
1568 2915 1606 2939 Iv,
1627 2907 1654 2934 ‘2.

1121 2300 1287 2334 ἐγίνωσκενι
1314 2301 1385 2328 ὥστε
1404 2302 1469 2337 πρὶν
1494 2302 1544 2337 μὲν
1568 2302 1657 2329 ἐλθεῖν
1681 2303 1777 2329 τοῦτον
1801 2304 1913 2338 λέγειν·

1123 2347 1209 2373 Οὔπω
1221 2346 1287 2380 ἥκει
1303 2347 1322 2380 νὴ
1334 2347 1409 2381 ὥρα·
1430 2347 1475 2374 ὅτε
1493 2348 1522 2374 δὲ
1537 2349 1566 2374 ὲν
1580 2348 1619 2384 τῷ
1634 2350 1802 2384 προσήκοντι
1826 2358 1915 2376 κατα-

1120 2393 1210 2420 λαϐὼν
1222 2391 1257 2429 ἦν
1269 2402 1277 2411 ο
1291 2393 1462 2427 Ἐλήλυθεν
1477 2395 1495 2428 ἡ
1507 2394 1580 2428 ὧροι,
1600 2395 1693 2430 φησὶν,
1710 2395 1760 2421 ἵνα
1773 2395 1914 2430 δοξασθῇ

1121 2440 1137 2466 ό
1158 2441 1225 2473 Υίδς
1236 2440 1290 2468 τοῦ
1301 2440 1472 2474 ἀνθρώπου.

1159 2494 1169 2511 ι
1187 2485 1269 2513 Ἔθου
1282 2486 1387 2519 σκότος,
1405 2486 1452 2513 καὶ
1468 2486 1578 2521 ἐγένετο
1594 2486 1651 2519 νύξ.
1669 2495 1679 2513 ι

1159 2573 1256 2608 Σαφῶς
1265 2573 1310 2600 τδν
1323 2574 1371 2601 τοῦ
1385 2575 1503 2610 σταυροῦ
1512 2574 1586 2609 λέγει
1602 2575 1710 2610 καιρὸν,
1723 2571 1781 2608 ινῷ
1792 2575 1886 2602 ἔδυνεν
1900 2576 1915 2603 ὁ

1125 2619 1258 2654 ἡμέτερος
1266 2619 1352 2654 ἥλιος.
1364 2620 1432 2646 Τότε
1442 2619 1497 2655 γὰρ
1510 2620 1604 2652 σκότος
1614 2621 1667 2647 ἀπὸ
1680 2619 1755 2656 ὥρας
1763 2620 1846 2654 ἕκτης
1860 2621 1914 2652 ἕως

1121 2664 1196 2700 ὥρας
1225 2665 1323 2701 ἐνάτης
1342 2666 1461 2700 ἐγένετο,
1492 2667 1560 2702 ὅπερ
1581 2668 1622 2698 είς
1646 2667 1792 2702 ὀλόκληρον
1812 2667 1914 2700 νύκτα,

1121 2710 1204 2738 ἕνεκα
1226 2710 1275 2737 τοῦ
1302 2712 1453 2750 τριημέρου
1478 2712 1529 2747 τῆς
1551 2713 1728 2744 ἀναστάσεως
1758 2713 1914 2749 μυστηρίου

1121 2757 1317 2793 παρείληπται.

1162 2812 1171 2828 ι
1191 2803 1237 2830 Ἑν
1254 2803 1322 2838 αὐτῇ
1335 2803 1519 2831 διιλεύσονται
1536 2804 1628 2832 πάντα
1641 2805 1676 2832 τὰ
1692 2805 1784 2841 Θηρία,
1802 2815 1811 2832 ι

1693 2907 1716 2923 ⁶⁶
1732 2906 1812 2934 Ξοιιιι.
1833 2914 1864 2938 II.
1883 2906 1910 2934 4.
