2056 3148
249 175 315 210 1291

285 235 367 263 Vens.
384 233 430 261 9.7.
447 242 456 259 ι
477 231 574 261 Omnia
589 239 603 258 ο
618 236 643 259 te
657 236 826 266 exspectant.
847 242 856 257 ›

285 281 382 310 Omnia
397 281 471 308 enim
484 279 554 306 bona
573 286 655 306 manu
672 278 719 305 Dei
733 278 920 311 continentur.
935 284 965 306 ut
979 287 1041 306 cum

251 335 310 355 eam
334 325 481 361 aperuerit,
500 323 592 352 omnia
615 323 728 359 repleat,
745 331 777 352 ac
792 324 1040 352 saturctbonitatc.

251 373 335 400 Porro
356 378 486 399 manuum
517 370 578 404 ejus
600 369 772 405 apertionem
801 369 887 397 etiam
909 370 937 397 in
962 378 1042 398 cruce

249 416 446 452 expansionem
458 415 609 451 intelligere
621 420 744 450 oportet;
758 415 831 443 unde
848 415 940 443 omnia
951 415 1042 451 imple-

251 465 276 488 ta
292 465 355 488 sunt
373 461 507 492 bonitate,
519 460 546 488 id
562 465 605 487 est
616 460 803 496 benignitate;
821 461 1044 496 quandoquidem

250 515 331 536 omne
344 512 487 543 peccatum
502 515 551 543 per
564 514 674 535 crucem
688 507 832 535 remissum
849 512 900 535 est.

286 599 421 628 Vens.50.
435 608 444 624 ι
467 597 582 626 Emittes
594 598 720 633 Spiritum
738 601 825 625 tuum.
839 606 848 623 ι

287 645 356 672 lllud
371 643 405 672 de
430 648 602 671 mortuorum
618 643 820 670 resurrectione
841 641 895 669 dici
910 642 1046 677 potuisset

252 696 381 726 tanquam
395 689 428 718 de
444 690 564 717 humano
587 688 686 724 spiritu
710 688 738 715 in
761 692 861 716 terram
875 688 987 720 emisso,
1016 691 1047 714 ut

253 738 374 765 humana
388 740 484 764 natura
502 739 692 767 renovaretur,
707 734 761 762 nisi
780 734 918 770 Propheta
933 734 1046 762 dixisset

253 782 384 816 Spiritum
409 785 495 814 tuum,
515 780 662 808 manifeste
694 780 742 808 Dei
766 779 896 815 Spiritum
920 783 1045 807 sanctum

253 828 412 860 declarans;
423 827 501 862 cujus
517 826 648 854 missione
659 826 748 854 omnis
764 830 846 858 terra,
860 825 886 853 id
899 830 941 853 est
951 832 1047 853 omnes

253 878 350 909 gentes
364 876 463 900 creata:
480 876 555 905 sunt,
583 876 611 900 ct
626 875 780 904 renovatae;
798 871 903 898 scilicet
916 878 965 906 per
975 877 1046 906 prac-

254 919 419 947 dicationem
446 917 644 953 apostolorum.
672 916 740 944 Nam
768 918 796 944 in
824 925 926 944 onmem
946 921 1044 943 terram
1062 910 1082 940 Β

255 964 334 992 exiuit
355 971 434 991 sonus
456 971 556 996 eorum,
589 968 613 990 et
645 963 673 990 in
703 963 768 998 ﬁnes
797 967 873 990 terra:
898 962 975 990 verba
1000 970 1044 989 eo-

255 1017 314 1036 rum
333 1008 366 1035 “.

290 1107 370 1136 Vens.
387 1108 432 1136 '52.
452 1117 461 1134 ι
480 1107 532 1141 Qui
542 1107 654 1142 respicit
670 1114 753 1141 super
766 1110 878 1134 terram.
899 1115 908 1131 ι

291 1155 378 1182 Tanta
405 1154 477 1182 enim
498 1154 588 1182 virtus
612 1153 770 1182 Conditoris
787 1157 839 1184 est,
862 1156 893 1179 ut
908 1151 951 1179 vel
971 1150 1046 1178 solus

255 1201 316 1235 ejus
331 1204 460 1236 aspectus
485 1199 553 1228 satis
567 1199 602 1226 sit
627 1199 661 1226 ad
678 1202 790 1231 terram,
807 1205 868 1232 quae
884 1196 1045 1224 inconcussa

256 1247 373 1279 videtur,
382 1245 604 1274 concutiendam.

291 1292 373 1320 Vens.
390 1293 435 1320 53.
454 1301 464 1318 ι
479 1291 602 1320 Cantabo
614 1290 729 1318 Domino
747 1289 775 1317 in
789 1288 847 1316 vita
855 1296 926 1316 mea.
947 1298 956 1314 ι

291 1337 457 1364 Promissum
481 1337 584 1364 bonum
616 1341 644 1363 et
671 1335 756 1362 vitam
773 1339 904 1362 aeternam
923 1333 1046 1368 implenti

256 1383 391 1415 tribuens,
402 1382 505 1410 scilicet
519 1389 568 1417 pro
581 1381 699 1417 quadam
710 1380 774 1408 vitae
789 1385 862 1408 meta
875 1379 923 1407 Dei
938 1379 1046 1407 laudem

257 1435 370 1464 ponere.
399 1427 473 1455 Talis
497 1427 572 1455 enim
593 1427 628 1456 ad
656 1427 815 1463 angelorum
837 1425 964 1454 ordinem
981 1432 1048 1453 con-

257 1475 373 1504 scendit.

292 1522 373 1550 Vens.
389 1521 433 1548 Si.
451 1530 461 1547 ι
477 1520 633 1549 Iucundum
657 1520 694 1548 sit
714 1520 739 1547 ei
754 1519 893 1554 eloquium
911 1526 1014 1546 meum.
1035 1527 1044 1545 ι

291 1568 360 1594 Cum
380 1567 452 1594 enim
469 1566 524 1593 Deo
538 1566 678 1593 orationes
692 1568 793 1593 nostrae
805 1565 967 1599 placuerint,
983 1569 1048 1591 tunc

257 1613 340 1641 ctiam
365 1620 416 1640 nos
439 1612 536 1639 merito
561 1611 589 1638 in
614 1611 674 1647 ipso
697 1611 839 1644 laetamur;
863 1611 927 1646 quia
949 1610 1048 1646 partim
1062 1605 1084 1634 C

257 1660 367 1695 quidem
386 1659 458 1685 bona
473 1658 507 1686 ab
521 1658 582 1692 ipso
602 1657 769 1692 accepimus,
791 1656 889 1691 partim
908 1656 991 1684 etiam
1002 1663 1049 1684 ex-

258 1709 428 1740 spectamus;
437 1708 518 1738 atque
529 1702 607 1735 illud,
617 1702 735 1731 Gaudete
745 1702 772 1729 in
785 1701 898 1730 Domino
906 1709 1007 1737 semper
1014 1702 1048 1735 ε’,

258 1751 371 1785 implere
382 1755 539 1785 possumus.

294 1795 377 1823 Vens.
397 1795 442 1822 55.
461 1804 471 1821 ‹
490 1793 623 1822 Deﬁciant
637 1798 797 1828 peccatores
811 1801 826 1821 a
847 1798 930 1821 terra.
947 1802 956 1818 ι

295 1842 432 1870 Ρτοωωὶο
443 1841 525 1869 ﬁnem
541 1839 750 1869 convenientem
769 1840 907 1874 imposuit.
932 1839 1049 1867 Decebat

259 1889 333 1918 enim
352 1888 439 1923 utqui
454 1887 584 1916 detentis
597 1886 732 1922 mysteriis
745 1887 827 1914 verba
841 1885 962 1914 facturus
979 1890 1046 1919 erat,

259 1935 423 1973 principium
444 1939 472 1963 et
491 1934 573 1963 linem
597 1933 732 1961 sermonis
745 1937 879 1961 statueret
904 1933 952 1960 Dei
966 1932 1049 1960 bene-

259 1982 417 2014 dictionem,
433 1981 477 2009 cui
508 1980 590 2008 etiam
603 1987 654 2007 nos
685 1979 832 2015 diligenter
860 1978 1047 2011 attendamus.

258 2028 375 2056 Assidua
395 2026 468 2055 enim
493 2026 541 2054 Dei
560 2025 715 2054 benedictio
731 2025 814 2053 vitam
832 2029 951 2053 nostram
974 2028 1049 2052 recte

258 2074 388 2110 disponit.

523 2117 685 2145 PSALMUS
701 2117 767 2145 ειν.

295 2165 376 2192 Vens.
391 2165 417 2192 l.
432 2175 441 2191 ‹
454 2163 630 2199 Conﬁtem'mi
644 2163 772 2192 Domino.
789 2173 799 2190 ι

295 2210 354 2237 Non
371 2209 471 2237 frustra
485 2209 603 2244 primunt
616 2209 740 2237 conﬁteri
763 2217 795 2237 ac
810 2209 911 2236 deinde
919 2207 1049 2236 invocare

258 2257 352 2291 jubet;
370 2255 417 2283 sed
441 2260 471 2283 ut
485 2264 533 2290 per
552 2255 754 2284 confessionem
773 2263 788 2284 a
801 2255 921 2290 peccatis
936 2253 1049 2282 nostris

259 2300 410 2334 emendati,
447 2308 485 2330 ex
520 2305 615 2328 sancto
655 2300 756 2335 templo
788 2307 913 2335 puroque
945 2306 1049 2335 organo

259 2347 389 2383 hymnum
400 2345 559 2378 plleramus.
768 2359 770 2361 ι

296 2447 306 2463 σ
322 2437 490 2470 Annuntiate
503 2437 576 2464 inter
595 2440 698 2471 gentes.
719 2444 729 2460 ι

236 2472 255 2505 Ἀ
293 2483 380 2517 Quam
395 2483 430 2510 ob
445 2483 574 2510 causam?
594 2482 657 2517 quia
680 2481 809 2509 nimirum
827 2481 927 2516 populo
941 2480 1048 2508 Iudaeo-

258 2537 319 2557 rum
353 2528 528 2564 immorigero
553 2533 581 2556 et
609 2528 777 2558 inobedienti
811 2527 984 2556 annuntiatio
1004 2528 1048 2555 illa

258 2574 388 2610 prodesse
406 2581 462 2600 non
481 2578 597 2608 poterat.
620 2574 713 2610 itaque
737 2573 873 2609 Propheta
896 2573 941 2601 hic
960 2573 1048 2600 mani—

259 2621 327 2648 [este
345 2619 469 2654 praedicit
493 2619 561 2655 legis
577 2627 609 2647 ac
635 2620 832 2654 prophetarum
847 2619 992 2648 transitum
1015 2619 1049 2647 ad

259 2671 364 2702 gentes.
532 2679 534 2681 -

295 2709 377 2738 Vens.
394 2709 422 2737 ὅ.
439 2719 449 2735 ι
476 2709 596 2737 Laetetur
609 2717 656 2737 cor
671 2711 851 2745 quaerentium
873 2711 1045 2739 Dominum.»

295 2754 359 2782 Vult
377 2761 439 2782 eum
451 2754 498 2789 qui
518 2754 663 2781 Dominum
677 2756 773 2790 quaerit
791 2756 977 2785 fortitudinem
988 2758 1046 2785 ani<

260 2801 295 2828 mi
312 2807 451 2829 assumere
466 2807 515 2835 per
528 2800 725 2828 continentiam
740 2801 921 2837 voluptatum.
938 2803 1046 2831 Faciem

297 2908 319 2924 “
331 2907 401 2935 Psal.
422 2915 499 2940 xvm,
512 2906 538 2934 5.
579 2906 600 2922 ⁸⁷
617 2905 686 2933 Phil.
706 2907 781 2938 tv,-£.

838 180 840 182 '
856 174 999 203 IIESYCH
1008 175 1031 204 Η
1050 175 1097 205 1⁸ιί
1104 175 1283 205 ΕςΒΥτΕιιι

1818 175 1887 209 1292

1133 243 1141 259 ι
1166 234 1259 260 Πάντα
1272 234 1340 268 πρὸς
1355 234 1382 260 οἳ,
1402 234 1584 269 προσδοκῶσι.
1608 242 1617 259 t

1128 281 1220 307 Πάντα
1235 280 1289 315 γὰρ
1302 282 1337 306 τὰ
1345 280 1434 314 ἀγαοὰ
1448 281 1481 316 τῇ
1498 280 1570 315 χειρὶ
1583 279 1630 306 τοῦ
1642 279 1710 306 Θεοῦ
1727 281 1889 316 περιὲσᾳιγ-

1093 336 1156 354 κται
1170 347 1177 359 ,
1199 327 1232 354 ἶν’
1249 327 1313 354 ὅταν
1330 327 1423 362 ἀνοίξῃ
1435 347 1442 359 ,
1469 327 1557 354 πάντα
1574 326 1675 361 πληροῖ
1698 327 1747 353 καὶ
1767 328 1887 364 χορτάζῃ

1093 374 1290 409 χρηστότητος.
1306 372 1428 405 Ἀνοιξιν
1442 373 1471 399 δὲ
1486 373 1568 399 αὑτοῦ
1587 372 1686 408 χειρῶν
1709 373 1756 400 καὶ
1776 374 1826 408 τὴν
1844 373 1890 401 ἔκ-

1093 427 1172 446 τασιν
1186 419 1236 454 τὴν
1249 419 1295 446 ἐπὶ
1311 418 1358 445 τοῦ
1376 418 1493 454 σταυροῦ
1510 419 1643 454 προσήκει
1657 418 1826 452 λογίζεσθαιο
1841 421 1888 454 ἀφ’

1093 462 1128 500 ἧς
1140 465 1229 492 πάντα
1244 465 1368 501 ἐπλήσθη
1380 465 1576 501 χρηστότητος,
1592 466 1717 491 τουτέστι
1736 465 1889 500 φιλανθρω-

1095 511 1171 544 πίας·
1186 512 1281 547 ἐπειδὴ
1302 513 1377 539 πᾶσα
1400 512 1524 548 ἁμαρτία
1544 511 1588 538 διὰ
1607 511 1727 547 σταυροῦ
1747 511 1890 552 συγκεχώ-

1096 567 1164 594 ρητα
1169 568 1189 587 ι.

1133 615 1143 631 ε
1169 605 1374 637 Ἑξαποστελεῖς
1389 605 1419 631 τὸ
1440 603 1550 639 πνεῦμά
1565 613 1622 631 σου.
1644 613 1653 630 ι

1133 649 1187 678 Ἤν
1203 651 1236 678 ἂν
1253 651 1332 678 τοῦτο
1354 651 1419 686 περὶ
1439 650 1489 685 τῆς
1510 650 1566 677 τῶν
1591 650 1696 685 νεκρῶν
1712 650 1889 681 ἀναστάσεως

1095 697 1235 731 λέγεσθαι,
1249 697 1286 729 ὡς
1311 697 1358 723 ἐπὶ
1380 696 1429 733 τὴν
1445 697 1497 731 γῆν
1522 696 1756 731 ἀποστελλομένου
1777 696 1824 722 τοῦ
1844 697 1889 723 ἁν-

1096 743 1234 778 Θρωπίνου
1253 741 1420 777 πνεύματος,
1439 742 1510 768 ὥστε
1530 741 1756 777 ἁνακαινισϐἧναι
1776 742 1826 776 τὴν
1839 742 1889 768 ἀν-

1096 787 1269 824 ορωπότητα,
1281 788 1305 814 si
1322 787 1360 823 μὴ
1370 787 1400 813 τὸ
1416 787 1538 822 Πνεῦμά
1556 795 1614 814 σου
1627 787 1640 813 ό
1652 788 1801 822 Προφήτης
1813 785 1886 818 εἷπε,

1097 832 1190 867 σαφῶς
1208 832 1236 859 τὸ
1256 832 1303 859 τοῦ
1327 831 1396 858 Θεοῦ
1411 831 1526 867 Πνεῦμα
1537 832 1568 858 τὺ
1583 831 1661 866 ἅγιον
1683 831 1780 868 δηλῶν·
1795 828 1826 859 οἵ)
1855 834 1888 867 τῇ

1096 877 1232 914 ἀποστολῇ
1249 879 1325 905 πᾶσα
1337 879 1354 914 ἡ
1373 878 1420 912 γῆ,
1439 877 1564 904 τουτέστι
1581 878 1671 904 πάντα
1693 877 1728 905 τὰ
1752 877 1815 913 ἔθνη
1844 879 1890 904 ὲκ-

1096 925 1186 959 τίσθη,
1205 924 1253 951 καὶ
1270 923 1424 958 ὲκαινίσοη·
1441 924 1485 951 διὰ
1496 923 1543 950 τοῦ
1558 923 1740 959 κηρύγματος
1756 925 1810 951 τῶν
1821 925 1891 950 ἀπο-

1097 970 1210 1002 στόλων,
1223 969 1347 1004 εὔδηλον.
1360 970 1411 1002 Εἰς
1426 967 1531 996 πᾶσαν
1545 968 1599 1004 γὰρ
1613 968 1671 1002 τὴν
1685 969 1752 1003 τῆν
1761 968 1891 1002 ἐξῆλθεν

1097 1017 1113 1042 ὁ
1127 1016 1258 1050 φθόγγος
1271 1013 1381 1047 αὐτῶν,
1405 1013 1455 1041 καὶ
1474 1014 1518 1046 είς
1534 1014 1571 1040 τὰ
1586 1014 1700 1048 πέρατα
1718 1014 1773 1048 τῆς
1789 1015 1890 1042 olxou-

1095 1061 1189 1096 μένης
1200 1060 1235 1087 τὰ
1241 1059 1361 1095 ῥήματα
1373 1059 1481 1087 αὐτῶν.

1135 1116 1144 1132 ι
1170 1106 1198 1132 '0
1214 1106 1371 1133 ἐπιϐλέπων
1385 1106 1431 1132 ἐπὶ
1444 1106 1504 1141 γῆν.
1524 1115 1534 1131 ι

1132 1150 1257 1186 Τοσαύτη
1290 1151 1345 1185 γὰρ
1359 1151 1376 1186 ἡ
1391 1151 1438 1178 τοὺ
1457 1150 1633 1186 Δημιουργοῦ
1655 1150 1782 1186 δύναμις,
1798 1151 1892 1178 ἱκανὸν

1097 1197 1179 1224 αὐτοῦ
1192 1197 1238 1224 καὶ
1254 1197 1284 1224 τὸ
1306 1196 1416 1232 βλέμμα
1434 1193 1516 1230 εἶναι,
1537 1196 1670 1224 σαλεῦσαι
1691 1197 1742 1233 τὴν
1757 1196 1890 1224 δοκοῦσαν

1097 1243 1257 1270 ἀσάλευτον.

1135 1300 1144 1314 ‹
1162 1289 1237 1324 ’ᾼσω
1251 1288 1289 1323 τῷ
1305 1288 1399 1324 Κυρίῳ
1413 1288 1442 1315 ὲν
1458 1289 1491 1324 τῇ
1513 1287 1568 1324 ζωῇ
1583 1297 1644 1323 μου.
1664 1297 1672 1314 ι

1137 1335 1301 1370 Ὑπόσχεσις
1316 1334 1405 1370 ἀγαθὴ
1418 1335 1465 1361 καὶ
1481 1334 1554 1370 ζωὴν
1567 1334 1677 1361 αἰώνιον
1687 1334 1725 1370 τῷ
1742 1334 1890 1370 πληροῦντι

1098 1381 1265 1417 παρέχουσα,
1280 1380 1342 1416 ὅρον
1358 1380 1406 1407 τοῦ
1424 1380 1482 1415 βίου
1502 1381 1562 1407 τινὰ
1577 1381 1626 1417 τὴν
1641 1381 1688 1408 τοῦ
1704 1381 1771 1408 Θεοῦ
1785 1381 1891 1414 δοξολο-

1098 1429 1162 1463 γίαν
1186 1428 1318 1456 τίθεσθαι.
1345 1429 1392 1459 Et:
1408 1428 1532 1463 ἀγγέλων
1561 1429 1615 1464 γὰρ
1635 1428 1710 1462 τάξιν
1730 1428 1745 1455 ὁ
1769 1428 1891 1460 τοιοῦτος

1099 1474 1253 1510 ἀνέρχεται.

1138 1530 1146 1547 ι
1170 1521 1313 1556 Ἦδυνοείη
1328 1521 1402 1556 αὐτῷ
1417 1522 1433 1557 ἡ
1450 1520 1563 1556 διαλογή
1583 1529 1644 1556 μου.
1667 1530 1676 1546 ι

1142 1567 1205 1594 Ἐὰν
1220 1567 1274 1603 γὰρ
1295 1568 1309 1594 ό
1333 1567 1399 1599 Θεὸς
1423 1567 1471 1594 ἐπὶ
1497 1567 1717 1602 ταϊςὴμετέραις
1731 1567 1835 1602 ἁρεσοῇ
1846 1567 1891 1594 λέν

1101 1610 1169 1644 ξεσι,
1186 1612 1245 1638 τότε
1263 1612 1310 1639 καὶ
1318 1613 1399 1647 ἡμεῖς
1414 1612 1527 1644 εἰκότως
1539 1611 1582 1638 ἐπ’
1594 1611 1668 1647 αὐτῷ
1677 1611 1890 1647 εὺξςραινόμεοα,

1100 1657 1191 1691 ἀγαθὰ
1216 1658 1282 1692 παρ’
1299 1657 1382 1685 αὐτοῦ
1397 1657 1432 1685 τὰ
1454 1657 1503 1693 μὲν
1515 1658 1566 1692 ἤδη
1581 1657 1777 1692 λαμϐάνοντες,
1805 1658 1839 1683 τὰ
1863 1657 1892 1683 δὲ

1100 1703 1323 1738 προσδεχόμενοι·
1339 1703 1388 1732 καὶ
1397 1702 1438 1736 τδ,
1449 1703 1570 1737 Χαίρετε
1588 1703 1624 1730 ἐν
1637 1703 1735 1738 Κυρίῳ
1750 1701 1891 1736 πάντοτε,

1101 1748 1299 1784 ἀποπληρῶσαι
1314 1748 1464 1785 δυνάμεθα.

1139 1803 1148 1820 ι
1169 1793 1338 1821 Ἐκλείποιεν
1351 1795 1509 1830 ἁμαρτωλοὶ
1525 1795 1579 1822 ἀπὸ
1589 1795 1638 1830 τῆς
1656 1796 1716 1830 γῆς,
1738 1804 1748 1821 t

1142 1840 1244 1872 Ὲοικὺς
1256 1841 1295 1876 τῷ
1304 1841 1440 1876 προοιμίῳ
1451 1841 1536 1868 καὶτὸ
1550 1841 1625 1874 τέλος
1638 1841 1784 1877 ἐπέθηκεν.
1794 1842 1894 1876 Ἐχρῆν

1100 1885 1155 1921 γὰρ
1174 1886 1240 1922 περὶ
1263 1885 1434 1921 τηλικούτων
1452 1887 1611 1923 μυστηρίων
1632 1887 1788 1923 ἐνθέμενον,
1804 1888 1894 1922 ἀρχὴν

1100 1932 1147 1958 καὶ
1167 1931 1243 1964 τέλος
1258 1932 1305 1959 τοῦ
1323 1932 1402 1967 λόγου
1426 1933 1477 1969 τὴν
1497 1934 1538 1966 εις
1553 1933 1619 1960 Θεὸν
1639 1933 1764 1968 εὐλογίαν
1777 1934 1895 1968 ποιήσα-

1101 1977 1173 2009 σθαι,
1188 1975 1221 2013 ἧς
1244 1978 1292 2005 καὶ
1302 1979 1382 2014 ἡμεῖς
1400 1979 1470 2014 μετὰ
1482 1979 1603 2013 σπουδῆς
1622 1978 1761 2014 ἐχώμεθα.
1773 1977 1894 2011 Εὑλογία

1100 2024 1154 2060 γὰρ
1172 2024 1240 2051 Θεοῦ
1253 2025 1379 2061 διηνεκὴς
1396 2027 1436 2058 εἰς
1447 2026 1565 2058 εὑςωταν
1578 2025 1706 2061 ῥυθμίζει
1717 2025 1762 2052 τὸν
1777 2025 1835 2060 βίον
1848 2026 1895 2052 τὸν

1099 2071 1244 2107 ἡμέτερον.

1382 2117 1529 2144 ΨΛΛΜΟΣ
1546 2117 1607 2145 ΡΔ’.

1139 2172 1148 2189 ‹
1170 2163 1392 2199 Ἐξομολογεῖσθε
1407 2163 1446 2198 τῷ
1466 2164 1574 2199 Κυρίῳ.
1594 2173 1604 2189 ι

1135 2209 1172 2236 Οὐ
1199 2209 1287 2245 μάτην
1312 2209 1535 2245 ἐξομολογεῖσθαι
1551 2210 1695 2245 πρότερον,
1711 2210 1758 2236 καὶ
1767 2209 1897 2245 δεύτερον

1100 2255 1288 2282 ἐπικαλεῖσθαι
1319 2256 1456 2290 βούλεται·
1487 2255 1546 2282 ἀλλ’
1573 2255 1616 2282 ἵνα
1645 2256 1761 2292 καθαροὶ
1779 2256 1824 2282 διὰ
1843 2257 1898 2291 τῆς

1101 2302 1322 2337 ἔξομολογήσεως
1344 2301 1399 2329 τῶν
1422 2301 1567 2336 ἡμετέρων
1590 2301 1801 2337 ἁμαρτημάτων
1815 2302 1896 2335 γενό-

1104 2356 1190 2383 μενοι,
1201 2347 1230 2379 ἐξ
1246 2347 1326 2382 ἁγίου
1340 2347 1405 2374 ναοῦ
1421 2347 1468 2374 καὶ
1485 2347 1602 2382 ὀργάνου
1615 2347 1736 2380 καοαροῦ
1748 2348 1793 2374 τὸν
1808 2346 1897 2382 ὕμνον

1104 2394 1342 2429 προσενέγκωμεν.

1142 2448 1152 2465 ‹
1180 2439 1380 2472 Ἀπαγγείλατε
1394 2439 1423 2465 ἐν
1440 2439 1497 2470 τοῖς
1513 2439 1611 2465 ἔθνεσι.
1631 2448 1640 2464 t

1137 2485 1215 2516 Τίνος
1239 2485 1338 2520 χάριν;
1360 2485 1454 2520 ἐπειδὴ
1471 2485 1517 2512 τὸν
1545 2485 1681 2512 Ἰουδαίων
1697 2485 1760 2511 λαὶν
1777 2485 1897 2520 ἀνήκοον

1102 2531 1166 2557 ὄντα
1182 2531 1230 2557 καὶ
1251 2530 1352 2565 ἀπειθῆ
1379 2531 1396 2566 ἡ
1421 2530 1575 2565 ἐπαγγελία
1604 2530 1719 2565 ὠφελεῖν
1746 2531 1796 2557 οὐκ
1828 2531 1897 2565 ἠδύ-

1909 2413 1918 2444 ἦ

1103 2585 1178 2604 νατο.
1205 2577 1286 2603 Ὥστε
1314 2577 1407 2611 σαφῶς
1430 2578 1445 2603 ό
1475 2578 1624 2613 Προφήτης
1647 2577 1830 2613 προαγορεύει
1846 2577 1896 2613 τὴν

1103 2621 1150 2649 τοῦ
1166 2622 1249 2658 νόμου
1274 2623 1324 2660 καὶζ
1345 2623 1400 2650 τῶν
1427 2623 1575 2659 προφητῶν
1604 2624 1644 2654 είς
1670 2624 1703 2650 τὰ
1728 2622 1793 2658 ἔθνη
1810 2623 1897 2658 μετά-

1103 2667 1190 2695 ϐασιν.

1140 2723 1149 2739 ι
1164 2714 1348 2750 Εὺφρανθήτω
1363 2714 1460 2750 καρδία
1471 2714 1625 2750 ζητούντων
1639 2715 1684 2741 τὸν
1698 2714 1812 2750 Κύριον.
1829 2724 1840 2740 ι

1145 2761 1232 2796 Ἱσχὺν
1246 2761 1394 2788 ἀναλαϐεῖν
1418 2763 1450 2797 τῇ
1468 2761 1541 2798 ψυχῇ
1555 2763 1588 2798 τῇ
1602 2762 1773 2798 τῶν-ἡδονῶν
1790 2763 1897 2797 ἐγκρα-

1101 2805 1163 2841 τείᾳ
1176 2805 1301 2840 βούλεται
1320 2805 1416 2833 τοῦτον
1433 2806 1508 2838 ὅστις
1527 2806 1606 2841 ζητεῖ
1619 2806 1664 2833 τὸν
1676 2805 1788 2841 Κύριον.
1806 2804 1898 2840 Πρόσ-
