2056 3148
151 177 220 209 1297

723 184 958 216 FRAGMENTA
976 187 1017 218 IN
1038 188 1217 219 PSALMOS.

1714 188 1781 223 1298

191 232 344 266 Ἀπόδειξις
373 235 460 271 σαφὴς
480 237 521 264 ὅτι
539 238 600 273 χεὶρ
629 238 697 265 Θεοῦ
719 238 837 276 ὑπῆρχεν
851 242 880 275 ἐξ
894 243 936 269 Λί-

1030 243 1086 270 lloe
1113 243 1206 277 utique
1230 243 1405 271 manifestum
1433 249 1474 271 est
1501 239 1718 280 argumentumf
1734 245 1782 272 Dei

148 280 255 313 γὺπτου
280 280 328 307 τὸν
356 282 464 317 Ἰσραὴλ
480 284 627 319 ἐξάγουσα.
651 286 714 318 Πῶς
730 287 784 323 γὰρ
800 289 829 314 ἐν
843 289 940 316 τοσαύ-

148 334 211 358 ταις
230 327 362 362 μυριάσιν
389 329 478 362 οὐδεὶς
505 331 629 359 ἀσθενεῖν
644 333 752 369 ἔμελλε,
778 336 826 363 καὶ
852 336 940 363 ταῦτα

149 372 244 404 κακῶς
276 373 366 401 αὐτῶν
394 378 563 412 πασχόντων,
597 380 643 406 καί
669 377 939 418 ταλαιπωρουμένων

147 421 205 452 τοῖς
217 420 309 456 ἔργοις
324 423 474 459 ὁσημέραι;

189 473 197 489 ι
216 465 362 502 Εὑφράνθη
377 468 514 502 Αἴγυπτος
531 471 560 497 ἐν
576 473 608 508 τῇ
626 471 719 508 ἐξόδῳ,
740 483 748 499 ,

184 554 327 592 Τοσαύτην
358 557 407 585 τοῦ
434 560 501 587 Θεοῦ
527 563 680 598 μεταδολὴν
708 564 855 599 δεδωκότος
881 568 938 600 τοῖς

148 600 321 635 πράγμασιν,
337 602 408 631 ὥστε
423 606 487 638 τοὺς
503 608 635 644 πρότερον
650 610 718 646 πρὸς
731 611 791 646 βίαν
808 613 938 648 κατέχον-

145 655 197 695 τας
222 649 333 682 αὐτοὺς,
359 654 530 687 παρακαλεῖν
547 656 654 692 ἀπᾶραι
677 659 723 685 καὶ
750 661 935 695 κατεπείγειν.

146 692 247 729 Διόπερ
269 695 346 723 οὐδὲν
369 697 419 732 τῆς
442 699 582 735 δυνάμεως
596 702 650 729 τῶν
665 703 771 739 ἐχθρῶν
785 705 849 732 ὅταν
867 692 937 741 έχω-

148 752 200 777 μεν
235 745 461 782 ὑπερμαχοῦντα,
492 749 634 778 τὸν-Θεὸν
668 752 822 788 φροντίζειν
858 755 935 789 ὀφεί-

145 789 242 825 λομεν.

185 846 194 862 ι
213 837 348 873 ’ῌτησαν,
369 841 415 866 καὶ
432 838 516 876 ἦλθεν
528 843 728 880 ὀρτυγομήτρα.
746 855 756 872 ι

182 882 219 909 Τὸ
233 884 320 918 μάννα
338 886 412 920 λέγει
436 888 486 923 οὐχ
509 888 547 920 ὠς
567 890 596 923 ἐξ
625 891 708 918 αὑτοῦ
733 892 780 919 τοῦ
806 893 933 928 οὺρανοῦ,

995 294 1107 315 manum
1134 288 1218 315 fuisse
1242 296 1302 323 qua:
1331 288 1458 316 lsraelem
1479 297 1512 316 ex
1530 289 1645 325 Egypto
1675 289 1779 318 eduxit.

994 332 1136 366 Quomodo
1155 333 1229 361 enim
1244 334 1316 361 inter
1332 338 1372 361 tot
1387 334 1471 361 millia
1498 342 1580 361 nemo
1604 339 1781 370 aegrotasset;

995 378 1076 413 idque
1090 387 1152 406 cum
1178 380 1296 414 pessime
1314 380 1494 412 haberentur,
1521 383 1549 407 et
1564 380 1731 414 qtrotidianis
1746 380 1782 407 la-

994 424 1106 452 boribus
1120 425 1314 461 aﬂligcrentur.
1718 420 1729 427 4

1028 471 1107 498 Vens.
1136 472 1181 499 58.
1214 480 1223 497 ι
1254 471 1356 500 Laetata
1384 475 1426 499 est
1457 471 1600 508 [Egyptus
1626 473 1654 498 in
1688 471 1781 507 prefe-

993 519 1093 547 ctione.
1110 530 1119 545 )
1727 515 1740 536 λ

1028 565 1083 593 Deo
1093 565 1223 593 nimirum
1232 570 1334 594 tantam
1343 574 1435 594 rerum
1449 565 1628 594 mutationem
1640 563 1779 603 largiente,

993 616 1023 640 ut
1039 612 1085 647 qui
1113 613 1188 647 prius
1212 613 1286 648 ipsos
1308 613 1335 640 vi
1359 613 1530 644 detinebant,
1555 612 1731 640 hortarentur
1754 617 1784 640 ρι’

993 664 1124 693 urgerent
1137 659 1298 686 discessum.
1309 658 1484 695 Quapropter
1502 658 1673 686 inimicorum
1688 659 1728 686 vis
1743 659 1780 686 nil

991 704 1071 732 nobis
1082 704 1201 732 curanda
1216 709 1269 739 est,
1286 706 1395 740 quando
1416 705 1502 733 Deum
1528 705 1660 733 habemus
1684 704 1780 732 defen-

991 756 1081 777 sorem
1086 769 1093 776 .

1027 839 1109 867 Vens.
1127 839 1172 867 60.
1193 848 1203 866 ι
1220 839 1375 873 Petierunt,
1388 845 1415 868 et
1429 840 1506 868 venit
1521 839 1659 867 coturnix.
1675 848 1686 865 ι

1026 885 1125 913 Manna
1144 886 1210 914 dicit
1226 886 1299 921 quod
1315 894 1369 914 non
1389 893 1422 913 ex
1446 886 1563 921 ipsomet
1583 885 1663 917 caelo,
1680 884 1728 912 sed
1747 892 1779 912 ex

148 929 208 957 ἀλλ’
225 931 257 958 ὲκ
277 931 324 958 τοῦ
340 932 411 969 ὑπὲρ
434 936 557 970 κεφαλῆς
576 936 658 972 ἀέρος
676 937 773 974 (ὅνπερ
786 925 902 974 οὐρανὸν

988 937 1051 958 aere
1074 939 1156 966 supra
1176 935 1258 967 caput
1277 936 1402 959 nostrum
1424 931 1572 958 exsistente
1593 930 1683 966 (quem
1704 929 1778 956 Seri-

146 976 207 1022 θεία
218 977 315 1014 Γραφὴ
325 979 459 1013 πολλάκις
476 983 688 1019 προσαγορεύει)
702 986 863 1020 φερόμενον,
878 986 937 1022 ἅμα

148 1021 177 1048 δὲ
189 1023 237 1049 καὶ
251 1024 288 1056 ὡς
300 1025 394 1052 εἰκόνα
405 1026 452 1053 τοῦ
468 1027 596 1062 οὐρανίου
609 1029 692 1064 ἄρτου
710 1031 758 1057 τοῦ
775 1021 937 1064 δοθέντοςγὲν

147 1068 292 1103 μυστηρίῳ
306 1070 339 1104 τῇ
348 1070 498 1108 Ἐκκλησία
511 1072 640 1108 φέροντα.

184 1121 194 1138 ι
212 1113 345 1150 Διέρρηξε
359 1116 480 1152 πέτραν,
497 1119 544 1144 καὶ
555 1119 694 1155 ἐρρύησαν
708 1120 802 1149 ὕδατα.
826 1132 834 1148 ι

184 1203 241 1231 οὐκ
253 1205 308 1240 ἄρα
323 1205 353 1232 τὸ
368 1206 491 1242 ὑπάρχον
514 1207 587 1244 ὕδωρ
609 1209 639 1235 ὲν
655 1211 689 1246 τῇ
707 1211 794 1247 πέτρᾳ
809 1211 826 1245 ἡ
843 1211 935 1248 πληγὴ

146 1247 197 1282 τῆς
208 1248 307 1283 ῥάϐδου
322 1250 370 1276 καὶ
384 1251 400 1285 ἠ
415 1251 493 1286 ῥῆξις
504 1252 647 1287 ἐπήγαγεν
659 1260 666 1268 '
681 1254 750 1281 ἀλλὰ
762 1255 797 1282 τὰ
809 1255 856 1282 τοῦ
867 1255 935 1283 Θεοῦ

145 1293 366 1328 προστάγματα,
388 1296 437 1322 καὶ
461 1297 580 1332 ῥαγῆναι
606 1299 656 1334 τὴν
682 1298 786 1335 πέτραν
812 1301 865 1328 ὑπὸ
887 1303 936 1338 τῆς

147 1339 262 1374 ῥάϐδου,
273 1340 320 1367 καὶ
331 1340 404 1377 ὕδωρ
415 1342 510 1377 ῥεῦσαι
524 1343 538 1369 ὃ
551 1343 684 1380 πρότερον
699 1346 749 1373 οὐκ
763 1344 798 1382 ἦν
811 1347 841 1374 ὲν
854 1347 934 1384 αὐτῇ,

145 1385 350 1421 παρεσκεύασε.
362 1388 447 1415 Τοῦτο
455 1389 508 1425 γὲιρ
518 1390 532 1416 6
541 1390 689 1427 Προφήτης
701 1393 935 1429 μαρτυρούμενος,

153 1431 380 1466 Ἐπορεύθησαν
402 1433 437 1461 ἐν
462 1434 605 1470 ἀνύδροις
631 1438 768 1473 ποταμοὶ,
792 1438 936 1474 ἐξεϐόησεν

145 1477 237 1513 χάριν·
245 1478 290 1505 ἵνα
297 1478 346 1513 τῆς
358 1480 410 1514 γῆς
417 1480 524 1515 ἐκείνης
534 1483 565 1507 τὸ
574 1481 654 1517 ξηρὸν
663 1483 778 1519 ᾇνικμον
786 1484 834 1511 καὶ
841 1484 936 1519 ἄγονον

145 1524 200 1550 τῶν
207 1524 312 1551 ὑδάτων
318 1525 561 1561 αἰνιξηται,ταῦτα
568 1528 598 1554 δὲ
606 1529 679 1561 τίνος
687 1529 936 1566 ὲθαυματουργεῖτο

145 1569 246 1622 χάριν
265 1570 482 1622 ὀτι-ἐμνήσθη
493 1573 545 1601 τοῦ
557 1574 651 1609 ,λόγου
665 1575 718 1602 τοῦ
730 1575 816 1611 ἁγίου
830 1577 934 1605 αὐτοῦ.
949 1593 970 1622 c

185 1626 195 1642 ε
213 1616 248 1643 ⁸’0
255 1626 313 1650 πως
328 1618 362 1645 ἂν
377 1618 516 1653 φυλάξωσι
531 1619 566 1647 τὰ
575 1619 760 1656 δικαιώματα.
780 1631 789 1648 ι

184 1662 239 1690 Kal
255 1664 308 1690 τὸν
322 1664 418 1698 νόμον
433 1665 528 1692 αὐτοῦ
548 1665 746 1700 ἐκζητήσωσι,
762 1668 886 1704 δηλονότι
905 1670 936 1697 τὺ

147 1708 326 1743 Εὐαγγέλιον.
357 1710 390 1737 Τί
418 1711 473 1747 γὰρ
505 1711 618 1747 ἔμελλον
644 1713 737 1749 ζητεῖν
763 1715 831 1751 ὅπερ
860 1716 936 1749 ἅπαξ

145 1753 236 1791 εἷχον;
261 1756 368 1783 Οὐκοῦν
385 1757 435 1793 τὴν
453 1755 587 1794 διαθήκην
600 1759 709 1791 πάντως
735 1762 784 1796 τήν
805 1761 935 1797 δευτέραν

145 1802 306 1830 αἰνίττεται.

431 1850 577 1878 ΨΔΛΜΟΣ
589 1852 650 1879 ΡΕ’.

184 1903 193 1920 t
212 1894 269 1921 Καὶ
281 1895 423 1931 ὡδήγησεν
438 1897 540 1928 αὐτοὺς
553 1898 582 1923 ὲν
593 1897 715 1933 ἀὸύσσῳ.
733 1908 742 1923 ι

180 1938 249 1965 οὐδὲ
268 1939 322 1975 γὰρ
347 1940 403 1976 ἁφὴ
422 1941 472 1976 τῆς
490 1941 589 1977 ῥάϐδου
601 1962 609 1974 ,
631 1943 700 1969 ἀλλὰ
714 1943 745 1969 τδ
769 1944 934 1980 πρόσταγμα

144 1983 193 2010 τοῦ
210 1984 278 2011 Θεοῦ
289 1985 386 2020 χέρσον
399 1986 487 2013 ἐποίει
502 1987 532 2013 τὸ
543 1986 673 2022 πέλαγος.

183 2039 193 2056 ι
207 2030 263 2057 Καὶ
278 2030 381 2059 ἔσωσεν
395 2032 496 2065 αὐτοὺς
511 2032 543 2060 ὲκ
561 2033 653 2069 χειρὸς
667 2033 828 2069 μισούντων.
849 2044 859 2061 ›

180 2120 217 2147 υὺ
242 2120 331 2156 μάτην
357 2121 444 2149 ταῦτα
463 2122 550 2157 λέγει,
577 2122 628 2158 τὴν
649 2123 678 2150 δὲ
702 2123 757 2151 τῶν
796 2124 932 2152 Ἰουδαίων

143 2166 307 2201 ἀχαριστίαν
330 2168 506 2204 τραγῳδῆσαι
528 2169 707 2205 βουλόμενος,
736 2171 777 2198 ὅτι
803 2172 932 2208 τοιαύτης

143 2213 305 2247 εὐεργεσίας
323 2214 518 2247 ἀπολαύοντες,
537 2215 694 2252 ἀγνώμονες
716 2217 792 2252 ὅμως
808 2219 872 2253 περὶ
885 2219 932 2245 τὸν

988 981 1067 1011 plura
1083 977 1174 1004 divina
1193 984 1267 1012 saepe
1283 977 1382 1005 caelum
1401 977 1529 1012 appellat)
1549 976 1735 1008 deferebatur,
1751 979 1778 1002 et

988 1024 1069 1051 simul
1087 1024 1170 1052 etiam
1196 1024 1342 1059 imaginem
1367 1023 1503 1051 referebat
1523 1023 1602 1058 panis
1626 1023 1777 1050 illius‘cm-

988 1069 1064 1096 lestis
1078 1069 1124 1104 qui
1142 1069 1270 1096 Ecclesia:
1290 1069 1370 1096 datus
1385 1072 1427 1095 est
1443 1068 1470 1095 in
1489 1071 1670 1101 sacramento.

1024 1114 1106 1142 Vens.
1143 1115 1188 1142 41.
1229 1125 1238 1140 ι
1267 1114 1374 1149 Dirupit
1412 1119 1537 1149 petram,
1574 1116 1602 1140 et
1640 1112 1779 1140 fluxerunt

987 1168 1074 1197 aquae.
1100 1171 1110 1187 ι

1024 1206 1101 1234 Haud
1124 1207 1218 1242 utique
1240 1214 1336 1241 aquam
1359 1206 1386 1233 in
1410 1211 1487 1242 petra
1504 1206 1681 1233 exsistentem
1696 1206 1778 1241 virga:

988 1253 1130 1287 percussio
1148 1257 1175 1279 et
1191 1256 1275 1287 petrae
1298 1251 1394 1279 scissio
1419 1250 1560 1286 produxit;
1579 1251 1627 1278 sed
1650 1251 1778 1278 mandata

988 1299 1035 1326 Dei
1059 1303 1118 1326 tam
1133 1303 1237 1334 petram
1257 1299 1343 1333 ipsam
1359 1305 1374 1325 a
1391 1297 1465 1332 virga
1487 1296 1565 1329 findi,
1581 1304 1662 1331 quam
1679 1303 1777 1331 aquam

987 1345 1016 1372 in
1042 1345 1100 1380 ipsa
1127 1345 1203 1379 prius
1231 1344 1343 1371 minimc
1370 1344 1546 1371 exsistentem
1570 1342 1681 1370 efﬂuere
1702 1343 1776 1370 fecit.

988 1390 1045 1418 Hoc
1058 1390 1130 1417 enim
1145 1390 1282 1425 Propheta
1294 1395 1410 1418 testatus
1423 1389 1594 1421 exclamavit,
1605 1389 1778 1417 Transierunt

987 1437 1015 1464 in
1029 1438 1103 1464 siccis
1120 1437 1232 1471 ﬂumina
1248 1445 1257 1464 :
1273 1441 1302 1464 ut
1317 1442 1395 1464 terra:
1412 1437 1485 1464 illius
1504 1435 1618 1463 ariditas
1629 1440 1657 1463 et
1669 1435 1777 1463 siccitas

987 1482 1172 1518 stcrilitasque
1194 1489 1324 1517 aquarum
1342 1482 1514 1509 innueretur.
1533 1480 1595 1509 Haec
1612 1486 1703 1509 autem
1725 1482 1777 1508 mi-

988 1530 1077 1557 racula
1095 1537 1143 1557 cur
1160 1529 1353 1565 contigerunt?
1373 1528 1502 1562 Quoniam
1523 1536 1622 1556 memor
1639 1528 1690 1564 fuit
1706 1527 1776 1554 verbi

987 1574 1071 1601 sancti
1087 1575 1138 1602 sui.

1026 1620 1106 1648 Vens.
1123 1621 1168 1648 45.
1189 1630 1199 1647 ι
1222 1620 1258 1649 Ut
1272 1621 1428 1651 custodiant
1442 1621 1662 1657 justiﬁcationes.
1680 1629 1690 1645 ι

1024 1666 1057 1693 Et
1081 1666 1162 1702 legem
1187 1667 1244 1702 ejus
1269 1668 1425 1701 exquirant,
1455 1668 1560 1696 scilicet
1587 1665 1775 1701 Evangelium.

986 1712 1121 1745 Quorsum
1143 1712 1215 1740 enim
1234 1718 1391 1749 quaererent
1408 1714 1434 1742 id
1449 1714 1522 1750 quod
1544 1713 1667 1741 absolute
1691 1711 1777 1739 babe—

985 1757 1070 1784 bant?
1095 1757 1189 1793 Itaque
1212 1758 1326 1786 alterum
1350 1759 1464 1787 omnino
1487 1763 1681 1787 testamentum
1707 1756 1776 1784 insi-

985 1808 1061 1830 nuat.

1260 1849 1419 1878 PSALMUS
1438 1849 1492 1877 CV.

1021 1893 1103 1923 Vens.
1125 1895 1152 1922 9.
1175 1905 1184 1922 ι
1206 1895 1240 1923 Ει
1254 1895 1366 1923 deduxit
1380 1903 1428 1923 eos
1443 1896 1470 1922 in
1485 1895 1594 1931 abysso.
1613 1904 1622 1920 ι

1020 1939 1079 1967 Non
1109 1941 1183 1968 enim
1209 1945 1328 1968 attactus
1354 1941 1448 1976 virgae,
1469 1941 1517 1967 sed
1543 1940 1702 1968 mandatum
1727 1939 1776 1967 Dei

984 1985 1097 2021 pelagus
1111 1985 1213 2013 fecerat
1227 1991 1326 2013 terram
1344 1986 1485 2013 incultam.

1020 2031 1102 2060 Vens.
1130 2031 1173 2059 l0.
1203 2041 1212 2057 ι
1241 2032 1272 2059 Et
1297 2032 1412 2060 salvavit
1439 2040 1486 2060 eos
1513 2032 1546 2060 de
1568 2040 1651 2060 manu
1679 2032 1776 2060 odien-

984 2077 1063 2105 tium.
1084 2087 1094 2104 ›

1020 2123 1080 2151 Νοη
1102 2129 1206 2152 temere
1225 2124 1284 2152 haec
1306 2124 1382 2158 dicit,
1399 2124 1447 2153 sed
1465 2129 1493 2152 ut
1512 2124 1668 2153 Judazorum
1685 2123 1777 2159 ingra-

985 2170 1129 2198 tiludinem
1155 2176 1344 2207 exaggeraret,
1359 2171 1432 2206 quod
1459 2176 1532 2199 tanta
1556 2170 1688 2199 beneﬁcia
1709 2178 1776 2198 con-

985 2217 1088 2250 secuti,
1117 2221 1208 2245 tamen
1238 2225 1303 2253 erga
1332 2217 1536 2245 benefactorem
1568 2225 1647 2245 suum
1677 2216 1776 2252 ingrati

143 2258 293 2294 εὐεργέτην
308 2259 354 2286 τὸν
368 2260 470 2287 οἰκεῖον
482 2262 622 2295 γεγόνασι,
639 2263 686 2289 τὸν
702 2262 777 2290 ὕδατι
794 2264 858 2296 τοὺς
876 2264 928 2292 θλί-

988 2261 1156 2295 exstiterint,
1183 2262 1230 2298 qui
1260 2263 1339 2298 aquis
1365 2264 1529 2299 sepeliverat
1554 2271 1601 2290 eos
1626 2262 1671 2297 qui
1702 2263 1777 2297 ipsos

142 2303 241 2336 εον-τας
265 2305 365 2337 αὐτοὺς
387 2307 434 2332 καὶ
461 2307 526 2338 τοὺς
557 2306 762 2343 ὲπηρεάζοντας
785 2309 933 2338 θάπτοντα.

144 2350 250 2384 Ὥσπερ
267 2352 394 2387 ἐπιφέρει
407 2361 414 2368 ·

181 2403 194 2421 ε
219 2395 378 2430 Ἐτάχυναν,
397 2397 573 2426 ἐπελάθοντο.
593 2407 602 2424 ι

185 2441 321 2467 Ἀπίστων
335 2442 415 2469 τοῦτο
437 2443 485 2469 καὶ
503 2443 644 2479 ὀλιγώρων
666 2444 748 2479 ῐδιον,
767 2445 805 2482 μὴ
829 2446 933 2483 ἀναμέ-

143 2493 200 2512 νειν
218 2485 268 2521 τὴν
283 2485 330 2512 τοῦ
350 2486 418 2513 Θεοῦ
434 2487 532 2522 βουλὴν
545 2506 552 2518 ,
570 2488 634 2514 ὅταν
652 2489 721 2524 μετὰ
741 2490 934 2527 μακροθυμίας

142 2531 321 2566 οἰκονομῆσαι
342 2533 445 2564 ἐκεῖνος
463 2533 592 2568 βούληται
608 2533 727 2568 ἅπαντα,
752 2536 817 2563 ἀλλ’
835 2538 934 2573 ἀπογι-

143 2575 269 2609 νώσκειν,
285 2576 371 2612 λήθην
395 2578 533 2611 παθόντας
555 2579 609 2606 τῶν
633 2579 781 2615 θαυμάτων
805 2582 860 2609 τῶν
883 2583 933 2619 έμ-

143 2623 272 2658 προσθεν.

181 2677 191 2695 ι
208 2669 265 2696 Καὶ
279 2670 456 2706 ἐπεθύμησαν
467 2671 613 2707 ἐπιθυμίαν
625 2672 654 2699 ἐν
665 2674 698 2709 τῇ
714 2673 821 2710 ἐρήμῳ.
838 2684 846 2701 ι

178 2755 231 2782 Δύο
244 2757 298 2783 τῶν
319 2757 454 2785 Ἰουδαίων
463 2758 588 2793 συνῆψεν
599 2760 789 2796 ἁμαρτήματα
801 2770 808 2777 ·
822 2762 851 2789 ἓν
871 2765 931 2797 μὲν,

141 2801 336 2845 ὂτιγσαρκικὴν
359 2804 506 2839 ἐπιθυμίαν
529 2805 686 2839 ἐπεθύμουν
709 2807 738 2832 ὲν
755 2808 788 2842 τῇ
815 2809 910 2845 ἐρήμῳ
924 2831 930 2843 ,

143 2848 171 2874 ὲν
184 2844 200 2884 ᾖ
215 2849 370 2883 φιλοσοφεῖν
387 2849 452 2882 ἔδει,
465 2850 513 2877 καὶ
527 2850 581 2877 ἀπὸ
593 2850 683 2885 πάσης
701 2852 828 2887 τοιαύτης
838 2855 932 2881 ἐπιθυ-

145 2895 211 2929 μίας
233 2896 466 2932 ὲγκρατεύεσθαι·
489 2897 612 2933 δεύτερον
636 2898 664 2924 δὲ
678 2918 686 2932 ,
718 2899 758 2926 ὅτι
791 2899 932 2930 δεηθέντες

986 2307 1142 2343 allligebant
1168 2315 1201 2335 ac
1227 2309 1401 2337 divexabant.
1425 2309 1503 2337 Unde
1527 2309 1645 2337 subdit:
1666 2308 1776 2344 Operut't

985 2360 1055 2388 aqua
1069 2353 1223 2381 tribulanles
1236 2362 1292 2386 eos.

1020 2405 1101 2434 Vens.
1120 2406 1163 2434 l5.
1183 2416 1192 2432 ι
1211 2405 1432 2439 Festinaverunt,
1454 2406 1530 2435 obliti
1550 2410 1623 2434 sunt.
1643 2414 1653 2431 ι
1787 2414 1792 2451 ε

1019 2452 1227 2480 lncredulorum
1243 2456 1271 2480 et
1284 2453 1480 2488 negligentium
1497 2453 1549 2480 hoc
1564 2456 1605 2479 est
1624 2451 1775 2487 proprium,

984 2502 1014 2525 ut
1028 2498 1140 2526 minime
1157 2503 1316 2534 exspectent
1335 2498 1383 2525 Dei
1398 2499 1574 2528 sententiam.
1589 2498 1699 2532 quando
1714 2505 1777 2525 cum

983 2544 1193 2579 longanimitate
1221 2548 1321 2573 cuncta
1345 2544 1510 2580 dispensare.
1531 2543 1701 2576 decreverit,
1728 2543 1777 2572 sed

985 2590 1142 2626 desperent,
1159 2591 1298 2625 praeterita
1320 2591 1451 2618 miracula
1474 2590 1605 2618 oblivioni
1626 2590 1778 2618 tradentes.

1022 2675 1101 2703 Vens.
1119 2676 1161 2704 l4.
1181 2686 1190 2703 ι
1211 2677 1245 2707 Ει
1264 2677 1462 2713 concupierunt
1478 2676 1729 2713 concupiscentiam
1745 2677 1772 2704 in

986 2722 1104 2749 deserto.
1122 2731 1132 2747 ι

1020 2768 1078 2795 Duo
1092 2767 1250 2795 Judaeorum
1264 2774 1375 2804 peccata
1389 2769 1530 2805 conjunxit
1544 2779 1550 2797 :
1564 2777 1650 2798 unum
1665 2768 1774 2804 quidem

984 2813 1056 2848 quod
1076 2814 1213 2841 carnalem
1238 2815 1488 2850 concupiscentiam
1510 2815 1719 2851 concupiverint
1744 2814 1775 2842 in

984 2861 1103 2892 deserto,
1125 2860 1170 2887 ubi
1192 2860 1378 2895 philosophari
1402 2866 1578 2897 oportuerat,
1601 2866 1630 2890 et
1647 2861 1681 2888 ab
1699 2860 1773 2889 omni

985 2905 1068 2932 simili
1079 2905 1299 2941 concupiscentia
1315 2907 1366 2934 sibi
1382 2912 1535 2936 tcmnerare
1550 2917 1556 2936 :
1569 2907 1684 2935 alterum
1696 2914 1774 2943 vero,
