2056 3148
271 161 344 196 1299-
399 182 405 190 .

867 168 1052 200 HESYC‘HII
1072 170 1310 203 PRESBYTERI

1839 172 1909 206 13M)

269 220 343 257 quod
364 228 438 257 aqua
458 226 571 257 egentes
595 221 667 250 illam
688 223 804 252 minime
827 227 992 261 pctiverint.
1016 228 1061 258 sed

1116 228 1214 261 ὓδατος
1228 229 1281 257 οὐκ
1295 229 1388 264 ᾔτουν,
1402 229 1461 257 ἀλλ’
1473 230 1630 265 ἐπείραζον.
1644 230 1718 266 Πλὴν
1732 231 1874 266 (lappa-sou
1879 243 1910 269 ρ-

269 270 355 298 Deum
380 267 556 297 mutaverint.
573 268 768 302 Verumtamen
788 271 861 300 Deus
883 281 898 300 a
922 274 1061 304 miraculis

269 314 383 341 minime
409 312 538 340 cessavit.
570 313 632 342 Non
658 314 731 342 enim
761 315 882 350 distulit,
913 325 1002 353 neque
1033 319 1060 346 in

268 359 352 389 alium
369 357 459 385 locum
473 358 591 394 migrare
602 359 694 394 jussit,
715 365 745 387 ut
759 359 841 396 aqua?
851 363 958 398 copiam
982 371 1060 399 repe—

269 403 366 437 rirent,
381 404 429 432 sed
444 407 543 431 terram
561 404 697 432 desertam
713 410 741 433 et
754 406 922 437 sitibundam
936 409 970 438 de
984 414 1061 445 petra

268 449 373 478 fontem
387 457 465 485 aqua:
481 450 634 485 producere
649 450 725 480 fecit.

243 505 245 507 ·
303 495 388 522 Vens.
407 495 450 522 l7.
470 504 480 521 ε
494 495 596 531 Aperta
611 501 653 524 est
670 501 753 526 terra.
773 508 783 523 ι

303 540 420 574 Quando
433 542 670 572 tumultuabantur
683 549 779 573 contra
795 545 914 582 Moysem
928 551 957 575 et
975 547 1060 574 Aaro-

268 594 344 621 nem,
364 586 437 615 facta
460 588 590 624 voragine
614 589 735 624 absorpti
751 595 826 620 sunt.
849 591 944 621 Merito
969 596 1060 621 autem

269 632 336 668 ipsis
359 633 413 661 hoc
438 641 524 671 genus
547 635 674 671 supplicii
698 636 808 665 accidit.
827 637 895 666 Cum
917 638 991 667 enim
1013 645 1061 666 eos

268 681 316 716 qui
342 689 418 710 mare
435 681 559 711 Rubrum
574 684 811 720 pertransiverant
826 686 1041 715 subsannasscnt
1051 706 1060 719 ,

269 727 321 763 ipsi
337 732 409 756 terra
423 729 544 764 absorpti
561 730 713 765 perierunt.

304 772 386 804 Vens.
402 774 448 802 24.
467 784 477 801 ι
494 775 530 803 Et
542 783 592 811 pro
603 776 690 804 nihilo
702 777 859 806 habuerunt
872 784 973 807 terram
986 780 1060 808 desi~

269 817 432 847 derabilem.
449 828 459 845 ι

304 864 417 892 Terram
452 867 614 900 promissam
645 867 789 903 intelligit,
824 870 934 904 quando
966 871 1061 899 labore

1115 275 1171 310 γῶν
1189 276 1204 302 ό
1216 275 1283 308 Θεὸς
1301 276 1352 303 οὐκ
1367 276 1497 304 ἐπαύετο.
1515 277 1584 304 Οὐδὲ
1598 277 1654 313 γὰρ
1669 277 1829 311 ἁνεϐἀλετθ,
1847 279 1910 307 οὐδὲ

1114 321 1154 352 είς
1181 321 1276 356 ἕτερον
1293 322 1462 356 μεταστῆναι
1485 323 1586 355 τόπον,
1609 322 1680 349 ὥστε
1700 322 1799 355 ὕδατος
1817 324 1910 359 εὑρεῖν

1114 366 1248 401 χορηγίαν
1285 366 1447 401 ἐκέλευσεν,
1475 367 1544 394 ἀλλὰ
1576 367 1627 403 τὴν
1659 367 1764 403 ἔρημον
1793 368 1842 395 καὶ
1874 369 1910 395 δι-

1114 412 1186 446 ψάδα
1215 412 1327 448 ἔνυδρον
1348 412 1440 448 πηγὴν
1459 413 1626 448 προαγαγὼν
1650 413 1706 441 ἀπὸ
1728 415 1779 448 τῆς
1801 414 1910 450 πέτρας

1115 457 1156 484 ἔδε
1161 457 1225 490 ιξεν.

1153 511 1163 527 ί
1181 501 1310 538 Ἦνοίχθη
1328 503 1343 538 ὴ
1358 503 1403 538 γῆ.
1422 512 1431 528 ι

1158 546 1255 574 Ἠνίκα
1285 547 1434 580 συστάντες
1462 547 1535 575 κατὰ
1557 547 1698 579 Μωῡσέως
1722 549 1771 575 καὶ
1791 548 1907 584 Ἀαρὼν,

1114 594 1255 629 χάσματος
1267 593 1414 629 γενομένου
1423 593 1625 629 κατεπόθησαν.
1638 593 1760 626 Εἰκότως
1770 594 1801 621 δὲ
1815 595 1907 629 αὐτοῖς

1114 638 1195 666 τοῦτο
1207 639 1256 674 τῆς
1270 638 1407 676 τιμωρίας
1422 639 1454 666 τὸ
1466 636 1537 671 εἶδος
1549 638 1718 667 συνέσαινεν.
1731 639 1842 676 Ἐπειδὴ
1854 639 1908 675 γὰρ

1114 685 1177 716 τοὺς
1189 685 1239 720 τὴν
1253 684 1393 720 Ἐρυθρὰν
1415 684 1556 713 θάλασσαν
1571 684 1726 718 διελθόντας
1744 685 1907 720 ἱφαὺλισαν,

1114 731 1192 758 αὐτοὶ
1209 731 1259 767 τῆς
1275 731 1329 767 γῆς
1343 731 1547 767 συλληφθείσης
1564 731 1714 758 ἀπώλοντο.

1153 785 1162 801 ι
1180 775 1235 802 Καὶ
1247 775 1429 808 ἑξουδένωσαν
1444 777 1496 812 γῆν
1511 776 1697 812 ἐπιθυμητήν.
1718 786 1727 802 ι

1151 862 1208 898 Τὴν
1221 863 1438 897 ἐπαγγελθεῖσαν
1448 864 1534 899 λέγει,
1544 865 1627 900 ἡνίκα
1641 865 1705 897 τοὺς
1714 865 1909 896 κατασκόπους

269 907 357 938 fessos
380 909 524 943 miserant.
546 915 575 939 et
594 912 679 940 multa
703 921 855 949 magnaque
870 914 904 943 de
919 915 971 942 ista
989 919 1061 942 terra

1117 908 1283 944 πέμψαντες,
1297 909 1346 936 καὶ
1358 909 1444 936 πολλὰ
1456 910 1506 936 ὅσα
1518 910 1568 945 τῆς
1581 910 1633 946 γῆς
1646 910 1799 946 ἀκηκοότες
1818 909 1908 944 ἐγκώ-

269 955 393 984 encomia
418 955 579 990 audientes.
607 958 635 986 in
662 959 810 996 [Egyptum
840 961 940 988 reverti
966 961 1062 989 volue-

269 1003 346 1028 runt.

304 1045 386 1073 Vens.
403 1046 447 1075 32.
469 1056 478 1073 ι
495 1047 529 1075 Ει
541 1048 719 1078 irritaverunt
729 1058 791 1078 eum
804 1051 839 1079 ad
851 1059 959 1087 aquam.
978 1063 987 1078 ›

304 1091 370 1120 Hzec
384 1093 468 1121 verba
482 1093 623 1122 declarant
639 1100 827 1132 contemptum
844 1101 924 1125 terra:
941 1107 948 1124 :
966 1098 1062 1125 Audite

269 1143 321 1169 me,
337 1137 483 1170 increduli;
499 1140 619 1174 nunquid
633 1147 665 1167 ea:
679 1145 754 1175 petra
774 1142 824 1168 hac
841 1142 980 1170 educemus
992 1143 1063 1170 vobis

270 1189 369 1217 aquam
383 1183 426 1209 "‘2
446 1182 656 1212 Distinctionem
679 1193 746 1214 vero
768 1186 796 1214 in
819 1187 899 1214 labiis
920 1195 974 1215 non
997 1187 1063 1215 dicit

269 1227 418 1256 verborum
447 1228 672 1265 ambiguitatem,
701 1238 784 1266 quam
809 1231 915 1268 Moyses
941 1241 957 1260 e
984 1237 1061 1268 petra

270 1272 433 1302 miraculum
453 1274 558 1303 faciens
583 1277 722 1312 sustinuit,
739 1278 787 1306 sed
808 1278 835 1311 id
857 1280 941 1314 quod,
957 1280 995 1307 uti
1013 1287 1062 1315 par

270 1323 339 1350 erat,
352 1319 512 1351 Judaaorum
531 1324 633 1358 populo
648 1324 800 1360 contigerat
813 1326 959 1361 expendit;
974 1334 1062 1362 quan-

270 1365 415 1401 doquidem
440 1367 552 1396 assidue
574 1369 765 1399 inobedicutes
784 1376 813 1400 et
830 1375 968 1403 tentantes
987 1373 1061 1401 iece-

269 1415 333 1446 rant
349 1416 378 1440 ut
392 1412 454 1449 ipse
468 1416 637 1451 contemptui
655 1416 813 1446 haberetur.

305 1501 387 1530 Vens.
403 1502 450 1530 55.
468 1511 477 1528 ι
497 1503 531 1531 Ει
546 1505 683 1532 commisti
700 1509 766 1533 sunt
781 1506 853 1533 inter
867 1510 972 1542 gentes.
990 1516 999 1532 ι

303 1545 365 1573 Non
379 1546 467 1574 solum
481 1548 573 1583 impiis
584 1555 780 1584 pepercerunt,
792 1559 888 1579 verum
901 1551 984 1579 etiam
1000 1560 1061 1580 cum

270 1590 337 1626 ipsis
351 1593 574 1623 communionem
589 1594 701 1630 impiam
713 1602 906 1625 exercuerunt.

308 1635 390 1664 Vens.
416 1638 461 1671 '59.
485 1648 494 1664 ι
514 1638 546 1667 Et
566 1639 693 1670 fornicati
718 1645 783 1668 sunt
807 1642 836 1672 in
861 1641 1063 1671 adinventioni-

270 1679 332 1709 bus.
353 1690 376 1708 ι.

306 1727 526 1758 Fornicationcm
552 1730 634 1767 igitur
659 1732 704 1761 hic
731 1739 810 1762 vocat
837 1734 1019 1763 defectionem
1048 1744 1062 1763 a

271 1773 338 1804 Deo.

306 1822 379 1850 Vsus
398 1823 442 1851 4|.
470 1833 480 1850 ι
499 1823 533 1852 Et
556 1826 666 1854 tradidit
688 1835 737 1856 eos
761 1828 790 1857 in
813 1837 912 1859 manus
935 1832 1062 1859 inimico-

269 1875 342 1896 rum.
362 1878 372 1894 ι

304 1914 392 1949 Simul
417 1920 445 1957 et
468 1915 516 1944 Dei
543 1916 719 1946 clementiam
744 1920 881 1953 laudavit.
902 1928 930 1951 et
953 1924 1062 1952 illorum

270 1957 401 1986 malitiam
429 1959 531 1995 tragice
560 1961 711 1996 deploravit
733 1973 740 1991 :
761 1966 897 2000 siquidem
920 1968 979 2003 ipse
1005 1976 1063 1996 non

269 2004 376 2032 destitit
390 2005 445 2038 illis
460 2005 595 2040 beneficia
614 2009 740 2037 conferre
757 2015 784 2037 et
803 2019 818 2038 a
835 2013 919 2041 rebus
938 2014 1062 2043 tristibus

269 2058 317 2078 eos
332 2051 460 2085 liberare,
475 2051 527 2087 ipsi
541 2061 606 2081 vero
619 2054 744 2083 similiter
760 2064 971 2091 perseverarunt
986 2060 1063 2089 illum

269 2096 391 2124 irritare.

305 2139 377 2166 Vens
393 2140 438 2168 46.
461 2150 470 2167 ι
490 2141 523 2169 Ει
539 2141 615 2169 dedit
629 2149 676 2170 eos
692 2144 718 2171 in
734 2146 945 2176 misericordias.
965 2158 974 2175 ι

302 2183 399 2212 Viden'
428 2191 528 2221 quanta
558 2188 594 2216 sit
622 2190 670 2218 Dei
702 2191 908 2228 benevolentia;
938 2196 1062 2230 quando-

1118 962 1178 990 μια,
1193 955 1233 986 είς
1247 955 1385 989 Αἴγυπτον
1399 955 1577 991 ἐπιστρέφειν
1592 956 1745 989 ἐδούλοντο.

1154 1065 1163 1081 ι
1180 1056 1235 1082 Καὶ
1251 1056 1431 1092 παρώργισαν
1445 1057 1526 1085 αὑτὸν
1539 1057 1587 1085 ἐπὶ
1603 1057 1708 1090 ὓδατος.
1726 1068 1735 1084 ι

1150 1102 1284 1138 Δηλοῖτὴν
1292 1102 1347 1129 ἀπὸ
1356 1102 1406 1137 τῆς
1414 1102 1465 1137 γῆς
1474 1102 1622 1138 ὀλιγωρίαν
1631 1103 1666 1131 τὰ
1674 1104 1707 1140 ﬁt}
1713 1113 1796 1139 ματα·
1805 1104 1906 1133 Ἀκούν

1118 1147 1193 1174 σατέ
1209 1156 1282 1182 μου,
1300 1149 1327 1175 οι
1351 1147 1499 1181 ἀπειθεῖς·
1523 1148 1572 1183 Μὴ
1588 1149 1622 1176 ἐκ
1643 1149 1700 1183 τῆς
1713 1150 1824 1184 πέτρας
1835 1151 1908 1178 ταύ-

1116 1201 1170 1227 της
1181 1192 1330 1228 ὲξάξομεν
1342 1192 1414 1228 ὑμῖν
1426 1192 1524 1228 camp,-
1536 1194 1686 1230 Διαστολὴν
1700 1194 1729 1222 δὲ
1739 1195 1768 1222 ὲν
1782 1196 1838 1227 τοῖς
1848 1195 1906 1231 χεί-

1115 1239 1189 1267 λεσιν
1200 1239 1231 1266 οὺ
1250 1238 1301 1274 τὴν
1321 1239 1375 1266 τῶν
1391 1240 1524 1274 ῥημάτων
1544 1240 1713 1275 ἀμφιϐολίαν
1734 1241 1810 1275 λέγει
1820 1261 1828 1273 ,
1843 1241 1877 1277 ἣν
1890 1243 1904 1268 ὁ

1115 1284 1218 1319 Μωσῆς
1237 1285 1292 1313 ἀπὸ
1315 1285 1365 1320 τῆς
1390 1285 1494 1320 πέτρας
1512 1285 1731 1322 θαυματουργῶν
1745 1286 1905 1321 ὑπέμεινεν,

1115 1331 1183 1359 ἀλλὰ
1199 1331 1229 1357 τὸ
1245 1331 1365 1367 συμϐὰν,
1381 1331 1495 1363 εἰκότως
1517 1331 1556 1367 τῷ
1570 1332 1629 1367 λαῷ
1640 1332 1695 1358 τῶν
1710 1332 1847 1359 Ἰουδαίων
1861 1332 1907 1359 λο-

1115 1377 1236 1411 γίζεται·
1270 1377 1366 1412 ἐπειδὴ
1397 1377 1519 1413 συνεχῶς
1552 1377 1730 1410 ἀπειθοῦντες
1759 1378 1808 1405 καὶ
1847 1387 1907 1405 πει-

1117 1423 1258 1458 ράζοντες,
1272 1424 1312 1454 είς
1337 1422 1486 1458 ὀλιγωρίαν
1511 1423 1593 1450 αὑτὸν
1623 1423 1793 1459 καταστῆναι
1813 1423 1906 1460 εποίη-

1116 1477 1174 1495 σαν.

1154 1523 1163 1540 ‹
1179 1514 1233 1541 Καὶ
1244 1513 1380 1549 ἑμίγησαν
1395 1514 1426 1541 ἐν
1436 1515 1493 1545 τοῖς
1508 1514 1608 1542 ἔθνεσι.
1625 1524 1635 1540 ι

1152 1561 1190 1587 Οὐ
1207 1560 1287 1596 μόνον
1303 1560 1451 1595 ἐφείσαντο
1471 1560 1526 1591 τῶν
1539 1561 1658 1594 ἀσεϐῶν,
1676 1561 1745 1588 ἀλλὰ
1756 1562 1804 1588 καὶ
1819 1561 1907 1598 ἀσιεῆ

1116 1605 1184 1642 πρὸς
1199 1606 1300 1639 αὐτοὺς
1313 1608 1461 1637 κοινωνίαν
1470 1607 1643 1643 εἰργάσαντο.

1155 1662 1164 1678 ι
1184 1653 1239 1680 Καὶ
1252 1653 1422 1688 ἐπόρνευσαν
1434 1653 1463 1680 ἐν
1475 1654 1532 1685 τοῖς
1549 1653 1777 1689 ἐπιτηδεύμασιν.
1795 1663 1806 1680 ι

1149 1744 1282 1779 Πορνείαν
1298 1740 1344 1770 οὖν
1359 1743 1478 1771 ἐνταῦθα
1490 1743 1539 1780 τὴν
1557 1744 1612 1772 ἀπὸ
1632 1743 1680 1773 τοῦ
1696 1743 1765 1772 Θεοῦ
1784 1744 1908 1772 ἀποστα-

1114 1790 1173 1817 σίαν
1188 1790 1276 1818 καλεῖ.
1628 1792 1633 1794 ⁷

1153 1846 1162 1863 ι
1182 1838 1236 1864 Καὶ
1252 1837 1413 1873 παρέδωκεν
1428 1836 1528 1868 αὐτοὺς
1540 1837 1581 1867 εἰς
1596 1837 1690 1872 χεῖρας
1705 1835 1821 1871 ἐχθρῶν.
1840 1843 1851 1860 ι

1155 1924 1238 1960 Ὁμοῦ
1258 1925 1307 1961 τὴν
1321 1925 1370 1952 τοῦ
1394 1924 1463 1952 Θεοῦ
1484 1925 1695 1962 φιλανθρωπίαν
1715 1925 1834 1961 ὕμνησε,
1857 1927 1905 1952 καὶ

1113 1971 1162 2006 τὴν
1179 1971 1291 1998 ἐκείνων
1308 1970 1408 2002 κακίαν
1425 1971 1634 2006 ὲτραγῲδησεψ
1663 1972 1678 1998 ὁ
1694 1972 1745 2006 μὲν
1757 1972 1812 2006 γὰρ
1827 1971 1908 2007 εὐερ-

1113 2016 1201 2050 γετῶν
1229 2016 1276 2043 xal.
1304 2017 1437 2052 ῥυόμενος
1473 2017 1572 2049 αὐτοὺς
1602 2019 1657 2045 τῶν
1684 2018 1817 2054 λυπηρῶν
1853 2017 1906 2045 οὐχ

1114 2062 1241 2094 ἐπαύετο,
1257 2062 1282 2088 οἱ
1300 2061 1329 2090 δὲ
1344 2062 1391 2089 καὶ
1405 2063 1619 2098 παροργίζοντες
1639 2063 1731 2097 αὑτὸν,
1747 2064 1795 2090 καὶ
1811 2072 1904 2099 παρα-

1113 2107 1305 2143 πικραίνοντες
1320 2108 1422 2143 ὁμοίως
1434 2108 1577 2144 ἐπέμενον.

1151 2164 1163 2183 ι
1176 2154 1232 2181 Kal.
1244 2153 1346 2181 ἔδωκεν
1357 2155 1456 2186 αὐτοὺς
1467 2155 1508 2187 εἰς
1519 2155 1689 2190 οίκτιρμούς.
1712 2165 1723 2181 ι

1154 2199 1237 2235 Ὁρᾷς
1252 2199 1345 2235 ἡλίκον
1356 2200 1432 2227 ἐστὶν
1446 2201 1579 2236 εὐμένεια
1593 2201 1661 2227 Θεοῦ
1672 2209 1679 2216 ·
1689 2201 1764 2232 ὅπως
1779 2200 1845 2236 ἡμῖν
1857 2201 1907 2228 καὶ

269 2229 379 2266 quidem
405 2231 486 2259 etiam
514 2233 640 2264 inimicos
667 2237 748 2266 nobis
779 2238 926 2274 placabiles
947 2229 1060 2276 reddit,

1115 2246 1178 2277 τοὺς
1188 2229 1305 2281 ἒγόρόὺς
1313 2245 1437 2281 εὐμενεῖς
1445 2229 1603 2282 ἐργάζεται,
1612 2246 1659 2273 καὶ
1669 2246 1729 2273 οὐδέ
1739 2229 1825 2278 {ws},
1836 2245 1908 2274 ἀλλὰ

269 2283 371 2312 eosque
398 2284 453 2304 non
478 2278 595 2314 aliquos,
610 2281 660 2309 sed
683 2290 795 2317 omnes;
818 2289 846 2312 et
869 2286 978 2321 quidem
1001 2288 1062 2316 illos

267 2321 314 2356 qui
332 2326 460 2357 tanquam
477 2322 569 2351 hostes
586 2325 708 2361 captivos
729 2334 863 2362 ceperant
882 2339 888 2358 :
912 2331 940 2358 hi
959 2339 1060 2368 nempe

268 2370 382 2402 paterna
398 2368 504 2397 viscera
524 2377 586 2406 erga
603 2376 697 2407 captos
714 2373 842 2407 induunt,
859 2381 889 2404 ut
904 2377 1008 2405 clarum
1024 2378 1060 2406 sit

268 2413 334 2441 illud
355 2414 465 2449 quidem
490 2415 538 2443 ira:
560 2417 673 2449 divinat,
690 2418 743 2446 hoe
766 2425 858 2448 autem
881 2422 1059 2459 benignitatis

269 2465 331 2485 esse
347 2467 353 2486 :
372 2459 495 2496 utrisque
518 2460 591 2489 enim
615 2462 649 2490 ad
670 2464 872 2494 correctionem
890 2474 959 2502 Opus
976 2468 1061 2499 habe-

270 2510 343 2530 Inus.

305 2547 388 2577 Vens.
421 2548 466 2576 47.
503 2561 512 2577 ι
540 2551 634 2581 Salvos
670 2562 721 2583 nos
753 2556 805 2590 fac,
840 2557 958 2592 Domine
989 2559 1066 2593 Deus.

270 2596 374 2622 noster.
396 2603 406 2620 ι

306 2638 363 2671 lloc
381 2644 424 2668 est
446 2641 520 2669 enim
536 2650 632 2671 revera
653 2645 761 2681 salvari,
781 2638 885 2678 scilicet
903 2654 1061 2688 congregari

269 2693 303 2716 ex
329 2685 467 2721 gentibus,
485 2691 512 2714 et
539 2695 633 2717 earum
656 2699 749 2720 errore
778 2694 891 2724 minime
918 2685 1061 2732 aspersum

269 2739 339 2763 esse.
364 2731 445 2759 Modo
466 2733 541 2760 enim
561 2739 656 2770 gentes
673 2739 791 2774 appellat
810 2741 880 2776 illos,
895 2731 1060 2777 quiiambu-

269 2779 327 2810 lant
342 2779 370 2806 in
387 2779 525 2815 impietate
539 2789 599 2818 quae
615 2790 708 2820 gentes
723 2787 800 2822 prius
815 2790 975 2826 occupabat.

305 2879 326 2898 “
341 2879 421 2915 Num.
441 2889 487 2915 xx,
511 2882 553 2916 10.

1117 2290 1221 2323 πάντας
1232 2299 1238 2305 ·
1256 2291 1304 2318 καὶ
1322 2292 1348 2318 ot
1362 2291 1493 2323 λαϐόντες
1504 2292 1693 2327 αἰχμαλώτους
1709 2291 1747 2324 ὡς
1761 2291 1886 2326 πολέμιοι
1896 2311 1905 2324 ,

1115 2333 1189 2363 οὗτοι
1212 2337 1355 2372 σπλάγχνα
1367 2337 1495 2373 πατέρων
1511 2337 1577 2372 περὶ
1591 2337 1654 2369 τοὺς
1668 2336 1907 2373 αἰχμαλωτισθέν-

1115 2391 1164 2415 τας
1185 2382 1432 2418 ἀναλαμὸάνουσιν,
1453 2382 1524 2410 ὥστε
1543 2383 1625 2417 δῆλον
1649 2381 1719 2410 εἶναι
1737 2383 1768 2409 τὺ
1793 2382 1843 2418 μὲν
1858 2382 1908 2418 ὀρ-

1114 2430 1166 2464 γῆς
1183 2429 1262 2462 Θεοῦ,
1277 2429 1308 2455 τὸ
1317 2429 1346 2457 δὲ
1355 2428 1562 2464 φιλανθρωπίας
1572 2437 1580 2444 ·
1592 2429 1695 2464 ἀμφοῖν
1717 2429 1771 2465 γὰρ
1781 2429 1822 2460 είς
1831 2428 1908 2464 διόρ-

1115 2475 1198 2502 Θωσιν
1214 2474 1362 2510 χρῄζομεν.

1154 2571 1162 2588 ι
1176 2562 1266 2588 Σῶσον
1277 2562 1363 2597 ἡμᾶς,
1378 2561 1464 2597 Κύριε
1477 2562 1492 2587 ὁ
1506 2560 1573 2593 Θεὺς
1589 2560 1678 2596 ἡμῶν.
1697 2569 1708 2586 ι

1151 2648 1236 2675 Τοῦτο
1249 2649 1303 2684 γάρ
1319 2649 1394 2676 ἐστιν
1411 2648 1497 2681 ὅντως
1521 2649 1660 2684 σωθῆναι,
1675 2648 1706 2676 τὸ
1719 2647 1908 2684 ἐπισυναχθῆ-

1114 2705 1158 2722 ναι
1188 2696 1221 2722 ὲκ
1245 2695 1299 2722 τῶν
1323 2694 1408 2722 ὲθνῶν
1424 2715 1432 2729 ,
1457 2695 1505 2721 καὶ¹
1538 2694 1576 2730 μὴ
1600 2694 1765 2730 διεσπάρθαι
1788 2694 1827 2725 εἰς
1853 2693 1908 2729 τὴν

1113 2741 1228 2767 ἐκείνων
1249 2741 1362 2776 πλάνην,
1395 2740 1480 2774 Λέγει
1508 2739 1563 2775 γὰρ
1592 2739 1656 2776 ἔθνη
1687 2739 1756 2771 νῦν,
1783 2738 1848 2771 τοὺς
1873 2739 1908 2765 ιν

1113 2787 1228 2821 ἀσεϐείᾳ
1249 2786 1450 2825 πορευομένους
1464 2805 1471 2818 ,
1484 2786 1545 2822 ἥτις
1566 2786 1619 2814 τῶν
1631 2786 1715 2814 ἐθνῶν
1737 2785 1849 2822 ἐκράτει
1873 2786 1908 2812 τὸ

1114 2833 1196 2871 πρότε
1200 2841 1258 2870 ρον.
