2056 3148
145 186 208 220 i301

180 254 189 270 ι
209 243 364 279 Εὐλογητὸς
381 243 484 280 Κύριος
495 245 509 272 ὁ
521 243 588 276 Θεδς
606 243 725 280 Ἰσραήλ.
745 254 754 271 ι

179 289 270 324 Μέχρι
284 288 337 316 τῶν
349 290 470 317 ἐνταῦθα
481 289 532 325 τὴν
544 289 681 325 τετάρτην
698 289 787 324 βίϐλον
798 289 852 316 τῶν
863 289 936 316 Ψαλ-

147 334 204 370 μῶν
228 334 364 370 Ἐϐραίων
377 334 473 367 παῖδες
489 335 644 370 ὁρίζονται·
663 335 703 367 είς
722 335 803 362 πέντε
822 335 875 371 γὰρ
887 335 936 371 τὴν

148 381 192 408 τοῦ
208 382 292 408 Δαϐὶδ
307 383 479 418 προφητείαν
493 382 626 414 διελόντες
645 382 726 418 (καθὰ
744 382 938 418 καὶπρότερον

149 423 276 463 Ξιραμεν),
301 427 418 455 ἕκαστον
433 427 551 463 ψαλμὸν,
610 428 691 455 τοῦτο
714 429 789 460 τέλος
807 429 939 464 πρόσκει-

150 482 191 499 ται
216 474 321 508 Ἀμὴν,
347 473 439 508 ἀμὴν,
455 474 653 510 συμπλήρωσιν
670 473 740 502 εἶναι
761 475 824 510 μιᾶς
840 474 934 509 βίὸλου

151 519 314 553 νομίζουσιν.

423 566 573 593 animos
594 566 664 600 Pq'.

189 621 199 636 ι
223 610 394 646 Ἀλληλούῖα.
415 622 424 638 ι

187 655 393 692 Παραπλησίως
404 658 460 689 τοῖς
475 658 618 693 προτέροις
641 658 687 684 καὶ
701 655 779 689 οὗτος
793 658 944 694 ἐπιγέγρα-

154 710 236 728 πται·
266 702 315 737 τῆς
339 702 393 739 γὰρ
410 703 497 738 αὐτῆς
522 703 678 735 ὑποθέσεως
699 703 800 739 ἔχεται,
828 704 943 739 ἱστορῶν

153 750 181 775 ὲν
205 748 287 784 μέρει
303 749 337 775 τὰ
357 749 491 784 γενόμενα
505 751 562 782 τοῖς
577 749 717 781 Ἰουδαίοις
729 750 869 786 Θαύματα.

191 803 200 818 ι
216 793 370 825 ῐΙεινῶντες
385 795 433 821 καὶ
447 794 589 830 διψῶντες.
609 804 617 820 ι

189 839 278 866 Ὅταν
295 840 350 876 γὰρ
364 840 438 876 ψυχὴ
458 840 566 877 λιμώξῃ
581 841 629 867 καὶ
645 840 747 877 διψήσῃ
768 840 853 877 ἀκοὴν
866 841 946 876 λόγου

156 885 200 912 τοῦ
215 885 295 919 Θεοῦ,
306 886 481 919 διδασκαλίας
492 887 542 914 οὐκ
559 887 669 922 ἔχουσα,
687 888 846 922 ἀναγκαίως
860 887 947 915 ἐκλείε

718 188 950 219 FRAGMENTA
967 189 1010 220 IN
1030 190 1209 220 PSALMOS.

1711 175 1782 218 1302

950 248 974 277 Α
1022 246 1103 273 Vens.
1125 246 1169 273 68.
1190 255 1198 271 ι
1217 245 1384 274 Benedictus
1404 244 1537 272 Dominus
1559 243 1631 271 Deus
1652 243 1746 270 Israel.
1767 253 1777 269 ›

1024 291 1082 318 Huc
1102 299 1188 326 usque
1204 297 1331 326 quartum
1348 291 1518 318 Psalmorum
1533 290 1634 317 librum
1647 290 1781 318 deﬁniunt

989 337 1095 366 Hebraei
1114 347 1120 365 :
1138 339 1165 365 in
1179 339 1301 374 quinque
1323 338 1396 366 enim
1419 337 1504 365 libros
1523 337 1679 365 universam
1701 336 1781 364 Davi-

990 383 1032 411 dis
1055 384 1228 419 prophetiam
1254 384 1407 411 dividentes
1432 383 1483 424 (uti
1510 383 1588 418 prius
1611 381 1780 417 dicebamus)

990 430 1138 465 quemlibet
1161 430 1315 465 psalmum,
1341 430 1385 457 cui
1409 429 1472 457 ﬁnis
1497 433 1548 463 est,
1575 429 1669 464 Amen,
1694 437 1781 461 amen.

991 477 1073 504 unius
1085 474 1396 511 libri'eomplementum
1410 483 1471 504 esse
1487 475 1666 504 arbitrantur.

1259 563 1418 592 PSALMUS
1437 564 1504 592 CVI.

1033 619 1043 636 ι
1062 610 1186 638 Alleluia.
1208 619 1218 636 ι

1031 656 1135 684 Eodem
1155 656 1235 684 modo
1249 663 1304 691 quo
1321 655 1509 690 praecedentes
1524 655 1570 683 hic
1589 656 1671 684 etiam
1687 655 1785 683 inseri-

995 706 1058 737 ptus
1072 706 1114 730 est
1131 711 1138 729 :
1153 701 1276 737 ejusdem
1293 702 1367 729 enim
1387 705 1429 730 est
1443 701 1610 737 argumenti,
1628 709 1689 729 cum
1708 708 1788 728 enar-

996 753 1038 776 ret
1050 748 1182 777 miracula
1198 756 1258 783 quae
1271 748 1298 776 in
1313 752 1390 783 parte
1404 747 1505 776 iudicis
1519 748 1689 776 acciderunt.

1029 795 1111 823 Vens.
1133 795 1160 823 5.
1178 804 1187 821 ι
1206 795 1365 823 Esurientes
1377 800 1405 823 et
1417 795 1552 823 sitientes.
1570 805 1579 822 ι

1034 841 1149 874 Quando
1168 841 1243 870 enim
1264 841 1353 868 anima
1376 848 1506 877 perpessa
1530 842 1613 869 fuerit
1632 842 1731 869 famem
1752 841 1789 868 si-

1000 887 1102 922 timque
1120 887 1249 915 audiendi
1273 888 1386 915 verbum
1406 888 1465 920 Dei,
1482 895 1544 915 cum
1563 888 1715 915 doctrinam
1733 893 1788 914 non

156 941 201 958 πει
212 932 258 959 καὶ
270 932 430 960 ἐλαττοῦται
444 942 449 948 ·
463 934 557 969 ἐπειδὴ
574 935 661 970 τροφῆ
683 935 772 970 ψυχῆς
792 936 806 962 ὁ
823 935 872 970 τῆς
887 935 946 962 θεο-

1003 934 1109 966 habeat,
1128 934 1284 961 necessario
1304 933 1395 962 deﬁcit
1416 939 1444 962 et
1463 938 1644 965 extenuatur;
1665 932 1789 968 quando-

159 979 277 1012 γνωσίας
291 979 384 1014 ἄρτος.

197 1077 206 1093 ι
230 1068 543 1104 Ἐξομολογησάσοωσαν
560 1071 598 1106 τῷ
610 1071 714 1106 Κυρίῳ.
735 1081 744 1097 ι

200 1114 280 1149 Ἐλέη
298 1115 345 1141 καὶ
358 1114 499 1151 θαυμάσια
521 1116 568 1144 τοῦ
581 1117 648 1144 Θεοῦ
663 1117 696 1145 τὰ
714 1118 797 1145 αὑτοῦ
813 1119 950 1154 προσηγό-

161 1161 349 1195 ρευσεν.”Οςα
371 1162 426 1197 γὰρ
441 1163 716 1199 ἑθαυματούργησεν,
739 1165 790 1191 οὐκ
811 1165 950 1197 ἐνδείξεώς

159 1215 231 1239 τινος
244 1207 260 1242 ῆ
276 1208 431 1243 φιλοτιμίας
446 1210 607 1245 παρήγαγεν
630 1210 721 1243 ἕνεκα,
738 1211 828 1243 ἐλέους
847 1211 874 1238 δὲ
884 1211 951 1238 πάν-

160 1261 213 1284 τως
225 1254 274 1287 καὶ
286 1253 491 1290 φιλανθρωπίας
510 1255 591 1291 χάριν
606 1256 654 1291 τὴν
665 1256 733 1291 πρὸς
743 1257 864 1288 ἐκείνους
882 1257 951 1292 ὑπὲρ

161 1296 198 1325 ὧν
214 1299 341 1336 ἐπράχθη
360 1301 408 1327 καὶ
423 1301 458 1328 τὰ
471 1301 608 1336 Θαύματα.

199 1355 207 1371 ι
224 1345 286 1372 ’Ότι
299 1346 429 1382 ὲχὸρτασε
445 1347 533 1383 ψυχὴν
547 1348 639 1384 κενήν.
656 1358 664 1374 ι

196 1390 250 1417 Καὶ
267 1390 322 1426 μὴν
343 1391 392 1427 τὴν
406 1393 491 1428 αὐτὴν
508 1393 556 1420 καὶ
576 1393 713 1422 πεινῶσαν
735 1394 831 1426 εἰπὼν,
853 1393 952 1425 ἔδειξεν

162 1436 199 1467 ὠς
220 1437 378 1473 ἁμαρτωλοί
399 1447 470 1470 τινες
487 1436 559 1474 ἦσαν
590 1441 615 1466 οἱ
635 1439 825 1475 λιμώττοντες.
841 1439 878 1466 Τὸ
898 1439 953 1474 γὰρ

163 1482 239 1508 κενὸν
256 1483 317 1510 ἀντὶ
331 1483 378 1510 τοῦ
397 1484 512 1519 ματαίου
529 1485 728 1521 παρείληπται.

202 1538 211 1555 ί
234 1529 411 1556 ’Λντελάϐετο
427 1530 560 1563 αὐτῶνὲξ
572 1530 632 1558 ὀδοῦ
653 1531 778 1566 ἀνομίας.
799 1541 810 1558 ι

204 1575 281 1602 ὀδὺν
292 1576 406 1611 ἀνομίας
421 1577 579 1611 ἀναγκαίως
596 1578 796 1613 προσαγορεύει
810 1578 856 1605 τὸν
869 1579 952 1607 θάνα-

164 1630 219 1648 τον.
251 1621 331 1648 Δίτία
351 1622 406 1658 γὰρ
429 1622 468 1657 τῷ
487 1622 623 1659 θανάτῳ-1]
647 1624 775 1660 παρακοὴ
801 1624 849 1652 τοῦ
872 1626 955 1661 νόμου

164 1668 210 1696 τοῦ
231 1668 352 1701 δοθέντος
372 1669 401 1695 ὲν
420 1669 577 1705 παραδείσῳ
597 1670 755 1705 γεγένηται.
781 1670 852 1697 Ἀλλ’
881 1672 956 1706 ὅμως

165 1714 283 1750 Χριστὸς
293 1715 367 1750 ἡμᾶς
383 1715 416 1741 ἐκ
429 1714 478 1741 τοῦ
491 1715 607 1742 Θανάτου
623 1715 797 1749 ἀντελάϐετο,
810 1716 894 1751 μέσον
902 1717 957 1744 τῶν

166 1760 271 1796 νεκρῶν
291 1761 308 1795 ἠ
326 1760 394 1796 ζωὴ,
407 1760 452 1788 ἵνα
464 1761 533 1796 λύσῃ
548 1761 596 1788 τοῦ
615 1761 731 1790 θανάτου
746 1762 796 1797 τὴν
811 1763 957 1799 τυραννίδα

166 1807 320 1841 γενομένος.

205 1861 215 1878 ι
231 1851 290 1879 Πᾶν
302 1851 401 1887 βρῶμα
412 1851 574 1884 ὲὸδελύξατο
585 1853 603 1887 ἡ
620 1851 705 1888 ψυχή.
721 1861 731 1878 ›

203 1941 307 1977 Βρῶμα
325 1941 375 1977 τὴν
390 1941 493 1977 τροιρὴν
512 1940 630 1969 ἐνταῦθα
658 1940 708 1976 τὴν
726 1940 839 1976 λογικὴν
862 1942 957 1977 νοήσο-

169 1995 228 2022 μεν·
246 1987 311 2022 περὶ
328 1984 361 2023 ἦς
375 1988 389 2012 ὁ
402 1987 506 2024 Κύριος
519 1989 574 2019 τοῖς
589 1987 751 2019 ἀποστόλοις
763 1987 857 2020 ἔλεγεν
868 1996 874 2002 ·
898 1989 960 2022 Ἐρ-

169 2032 292 2067 γάζεσθε
303 2033 346 2068 μὴ
365 2033 423 2068 τὴν
433 2033 551 2069 βρῶσιν
565 2033 620 2068 τὴν
635 2032 866 2068 ἀπολλυμένην,
880 2032 961 2060 ἀλλὰ

168 2079 226 2113 τὴν
234 2079 392 2114 μένουσαν
402 2081 446 2113 εἰς
463 2079 539 2114 {ith
550 2080 682 2107 αἰώνιον.
698 2078 807 2114 Ταύτης
825 2080 877 2106 πᾶν
892 2077 961 2111 εἶδος

168 2125 184 2151 ὁ
200 2118 355 2160 ’ἄνθρωπος
377 2124 546 2157 ὲϐδελύξατο.
574 2125 642 2152 Οὔτε
667 2125 722 2161 γὰρ
743 2126 858 2160 φυσικὸν
879 2126 961 2160 νόμον

168 2169 231 2197 οὔτε
247 2171 371 2205 γραπτὸν
395 2170 544 2205 ἐφύλαξαν,
559 2172 605 2198 καὶ
616 2171 661 2198 διὰ
681 2170 761 2198 τοῦτο
774 2165 893 2206 ἤγγισαν
909 2171 962 2204 ἕως

168 2217 224 2243 τῶν
239 2217 333 2244 πυλῶν
346 2217 391 2244 τοῦ
404 2217 531 2244 θανάτου.
547 2218 634 2245 Πύλαι
652 2218 680 2245 δὲ
694 2218 809 2246 θανάτου
826 2220 860 2246 τὰ
874 2219 964 2256 ἁμαρ-

998 981 1109 1015 quidem
1142 980 1220 1008 cibus
1255 981 1353 1008 animae
1383 981 1420 1008 sit
1451 980 1530 1015 panis
1561 979 1662 1008 divinae
1695 978 1790 1014 cogni-

999 1026 1092 1054 tionis.
1412 1048 1413 1052 η

1036 1071 1116 1098 Vens.
1133 1071 1160 1098 8.
1183 1081 1192 1097 ι
1213 1071 1403 1099 Conﬁteantur
1421 1071 1545 1099 Domino.
1564 1080 1574 1097 ι

1037 1117 1236 1146 Misericordias
1257 1122 1285 1146 et
1300 1118 1434 1146 mirabilia
1457 1117 1647 1153 appellavitea
1662 1123 1723 1151 quae
1744 1113 1790 1142 Dei

1001 1169 1074 1193 sunt.
1096 1164 1273 1199 Quaecunque
1295 1163 1368 1191 enim
1386 1163 1518 1190 miracula
1540 1161 1667 1197 patravit,
1685 1168 1739 1188 non
1757 1160 1791 1187 ad

1002 1211 1212 1239 ostentationem
1225 1214 1273 1238 aut
1284 1210 1376 1246 gloriae
1387 1209 1478 1237 studio
1492 1209 1608 1244 peregit,
1619 1207 1667 1236 sed
1680 1207 1792 1235 omnino

1002 1262 1113 1293 propter
1139 1256 1361 1292 miserieOrdiam,
1384 1260 1411 1284 et
1439 1255 1636 1291 benignitatem
1661 1261 1739 1282 suam
1764 1253 1792 1280 in

1002 1313 1050 1333 eos
1066 1313 1114 1340 pro
1129 1305 1229 1340 quibus
1244 1304 1304 1332 haec
1315 1303 1448 1331 miracula
1463 1306 1568 1338 patrata
1584 1306 1657 1329 sunt.

1039 1348 1120 1376 Vens.
1137 1349 1164 1376 9.
1183 1358 1192 1374 ι
1210 1348 1279 1380 Quia
1294 1347 1403 1375 satiavit
1418 1347 1536 1374 animam
1554 1346 1676 1373 inanem.
1693 1354 1701 1370 I

1038 1392 1145 1420 Etenim
1163 1400 1225 1421 eum
1236 1392 1360 1420 eamdem
1377 1399 1487 1427 quoque
1502 1391 1669 1419 esurientem
1683 1389 1792 1421 dixerit,

1004 1440 1125 1468 ostendit
1148 1439 1286 1474 quomodo
1306 1443 1464 1474 peccatores
1484 1437 1568 1473 aliqui
1591 1437 1647 1465 sint
1666 1435 1793 1464 famelici.

1004 1483 1116 1512 Inancm
1131 1484 1204 1511 enim
1219 1491 1269 1518 pro
1283 1491 1354 1512 vano
1366 1482 1482 1518 accepit.

1041 1531 1121 1558 Vens.
1143 1531 1186 1558 l7.
1206 1540 1216 1556 ι
1232 1530 1359 1565 Suscepit
1373 1537 1421 1557 eos
1435 1529 1469 1557 de
1484 1529 1527 1557 via
1545 1528 1705 1564 iniquitatis.
1723 1537 1732 1554 ι

1043 1577 1121 1604 Viam
1149 1576 1302 1612 iniquitatis
1334 1575 1491 1604 necessario
1519 1575 1636 1610 appellat
1668 1577 1794 1601 mortem.

1007 1624 1095 1652 Causa
1113 1623 1185 1651 enim
1205 1623 1302 1651 mortis
1322 1622 1374 1650 fuit
1393 1621 1581 1658 praevaricatio
1597 1621 1664 1656 legis
1681 1620 1751 1647 data:
1769 1619 1796 1646 in

1007 1670 1144 1706 paradiso.
1156 1669 1350 1696 Verumtamen
1361 1668 1488 1696 Christus
1500 1675 1549 1695 nos
1561 1667 1594 1695 de
1607 1670 1694 1694 morte
1707 1673 1798 1693 susce-

1008 1717 1058 1752 pit,
1077 1716 1164 1744 I'aetus
1179 1715 1232 1744 vita
1250 1716 1277 1742 in
1293 1715 1385 1743 medio
1403 1719 1585 1748 mortuorum,
1601 1717 1631 1741 ut
1643 1713 1740 1740 mortis
1758 1716 1799 1748 ty-

1009 1763 1152 1790 rannidem
1169 1762 1341 1790 dissolveret.

1046 1853 1127 1881 Vens.
1163 1853 1204 1880 18.
1247 1862 1256 1877 ι
1287 1850 1402 1878 Omnem
1440 1856 1532 1878 escam
1565 1847 1721 1875 abominata
1757 1850 1800 1873 est

1010 1899 1110 1926 anima.
1129 1908 1138 1924 ι

1048 1944 1145 1972 Esca‘m
1163 1943 1215 1970 hoe
1233 1942 1295 1969 loco
1314 1940 1491 1975 intelligimus
1510 1939 1600 1967 cibum
1623 1937 1799 1970 rationalem;

1011 1991 1045 2019 de
1068 1998 1121 2025 qua
1143 1988 1275 2016 Dominus
1302 1986 1432 2022 apostolis
1455 1985 1523 2013 dixit
1544 1994 1551 2012 :
1570 1983 1724 2019 Operamini
1750 1991 1801 2009 non

1012 2037 1098 2064 cibum
1121 2035 1165 2071 qui
1187 2034 1270 2069 peril,
1294 2033 1338 2060 sed
1359 2033 1403 2068 qui
1426 2035 1561 2066 permanet
1583 2031 1610 2071 in
1626 2030 1707 2056 vitam
1722 2034 1803 2056 (vter-

1013 2090 1076 2109 nam.
1091 2081 1127 2108 τ’.
1146 2081 1261 2107 Omnem
1282 2079 1364 2114 hujus
1385 2079 1504 2113 speciem
1522 2077 1604 2104 homo
1624 2073 1803 2102 abominabit-

1013 2132 1069 2156 tur.
1089 2126 1156 2154 Nam
1178 2134 1266 2161 neque
1285 2125 1372 2160 legem
1392 2123 1544 2151 naturalem
1565 2129 1654 2156 neque
1673 2120 1802 2155 scriptam

1014 2173 1238 2205 observaverant,
1253 2176 1281 2199 et
1295 2171 1398 2199 idcirco
1417 2169 1703 2205 appropinquaverant
1718 2173 1804 2202 usque

1015 2220 1048 2248 ad
1063 2223 1156 2255 portas
1171 2218 1277 2246 mortis.
1294 2218 1382 2245 Porta:
1397 2221 1489 2244 autem
1505 2215 1601 2243 mortis
1614 2219 1678 2242 sunt
1693 2217 1803 2249 peccata

169 2264 282 2298 τὴματα
292 2261 333 2296 οἷς
344 2263 402 2291 δέον
414 2264 511 2296 αὐτοὺς
524 2264 721 2300 μακρύνεσθαι.
733 2265 816 2292 Ὅσον
830 2266 885 2302 γὰρ
895 2266 955 2294 ταύι

1016 2274 1032 2293 a
1051 2265 1150 2301 quibus
1171 2266 1331 2299 oportuerat
1354 2269 1401 2289 eos
1420 2261 1551 2296 elongari.
1569 2260 1707 2293 Quantum
1730 2258 1804 2285 enim

170 2317 231 2340 ταις
247 2309 375 2343 ἡγγισαν,
392 2309 519 2335 τοσοῦτον
542 2309 637 2344 πόρρω
653 2309 708 2335 τῶν
725 2309 815 2337 πυλῶν
827 2311 876 2345 τῆς
890 2310 963 2347 ζωῆς

170 2354 329 2388 ἀναγκαίως
353 2354 489 2389 ἐγένοντο.
507 2354 577 2381 Ἀλλ’
602 2355 616 2380 ὁ
640 2354 760 2390 Χριστὸς
789 2355 887 2388 αὐτοὺς
916 2358 963 2383 καὶ

173 2401 284 2434 μακρὰν
307 2400 387 2432 ὄντας
417 2400 502 2435 ἐγγὺς
523 2400 567 2428 διὰ
585 2399 632 2426 τοῦ
655 2400 771 2435 αἵματος
791 2401 838 2427 τοῦ
860 2402 962 2429 οἰκείου

173 2445 333 2481 πεποίηκεν.

212 2501 221 2518 ι
240 2491 296 2518 Καὶ
312 2490 466 2526 ὲκέκραξαν
478 2490 547 2527 πρὸς
564 2491 676 2528 Κύριον.
697 2501 705 2517 ι

210 2536 342 2572 Κραυγὴν
360 2537 375 2563 ὁ
398 2536 465 2568 Θεὸς
491 2537 521 2564 οὗ
544 2536 592 2572 τὴν
614 2537 658 2563 διὰ
685 2536 777 2571 φωνῆς
801 2537 962 2572 γενομένην,
982 2570 984 2572 τ

173 2582 243 2609 ἀλλὰ
271 2582 321 2617 τὴν
345 2581 466 2609 διάθεσιν
491 2582 542 2617 τῆς
566 2582 685 2614 διανοίας
717 2581 872 2617 λογίζεται·
903 2583 965 2610 ἐπεὶ

174 2629 223 2655 καὶ
248 2627 390 2660 Μωῡσέως
414 2627 571 2660 σιωπῶντος
603 2628 695 2663 ἔλεγε,
727 2629 758 2656 Τί
780 2627 860 2662 ,βοᾷς
889 2631 965 2664 πρός

187 2681 232 2700 ιεε

187 2683 212 2700 18
224 2683 232 2687 “

172 2683 186 2708 l
214 2693 230 2746 ί
247 2719 406 2747 Ἀπέστειλε
420 2719 466 2746 τὸν
482 2718 569 2754 Λόγον
582 2719 676 2746 αὐτοῦ.
697 2729 706 2745 ι

211 2765 245 2792 Τί
264 2765 360 2793 τούτου
384 2765 552 2802 σαφέστερον
569 2766 637 2800 πρὸς
653 2764 766 2798 ἔνδειξιν
780 2765 830 2800 τῆς
849 2765 897 2793 τοῦ
913 2766 968 2793 Σωθ

176 2812 261 2848 τῆρος
288 2811 473 2848 σαρκώσεως;
510 2812 697 2839 ἀποσταλέντα
723 2812 777 2847 γὰρ
807 2812 894 2847 Λόγον
921 2813 967 2840 τὸν

217 2918 238 2934 ⁷⁸
252 2917 333 2946 Joan.
349 2929 384 2949 γι,
405 2917 448 2945 '27.
488 2918 510 2934 ⁷³
529 2917 614 2945 Exod.
628 2925 683 2951 xw,
699 2917 741 2944 15.

1018 2312 1061 2340 his
1090 2310 1391 2348 appropinquavernnt,
1411 2307 1580 2335 tantumdem
1604 2304 1762 2334 necessario
1789 2312 1804 2332 a

991 2393 994 2396 ν
1017 2358 1104 2394 portis
1121 2358 1183 2385 vitae
1197 2356 1277 2392 longe
1293 2353 1357 2383 facti
1375 2360 1448 2384 sunt.
1470 2353 1571 2381 Verum
1588 2353 1712 2381 Christus
1732 2351 1807 2387 ipsos

1017 2406 1101 2434 etiam
1117 2405 1258 2440 clongatos
1278 2411 1327 2439 per
1351 2401 1512 2438 sanguinem
1537 2407 1616 2428 suum
1637 2399 1806 2435 propinquos

1019 2451 1146 2481 reddidit.

1056 2498 1138 2526 Vens.
1156 2497 1200 2525 19.
1220 2507 1229 2524 ι
1246 2497 1280 2525 Et
1294 2497 1483 2525 elamaverunt
1494 2495 1529 2523 ad
1541 2494 1699 2522 Dominum.
1715 2502 1724 2519 ι

1056 2544 1128 2572 Deus
1150 2544 1267 2571 aestimat
1286 2543 1436 2570 clamorem
1453 2550 1508 2570 non
1527 2540 1573 2576 qui
1590 2548 1639 2576 per
1654 2539 1740 2571 vocis,
1760 2537 1808 2565 sed

1022 2597 1070 2624 per
1081 2590 1180 2616 mentis
1188 2589 1315 2616 allectum
1327 2588 1473 2620 emittitur;
1487 2585 1705 2622 quandoquidem
1719 2583 1808 2619 Moyse

1019 2635 1102 2662 etiam
1114 2634 1210 2662 silente
1225 2633 1340 2661 dixerit:
1357 2633 1425 2666 Quid
1439 2633 1539 2660 clamas
1553 2633 1587 2659 ad
1601 2640 1641 2659 me
1651 2631 1695 2657 7'?

1054 2721 1134 2750 Vens.
1152 2721 1197 2749 ‘20.
1217 2730 1226 2747 ι
1244 2720 1318 2747 Misit
1333 2719 1454 2747 Verbum
1470 2726 1560 2747 suum.
1580 2728 1589 2744 ι

1054 2767 1123 2800 Quid
1144 2767 1197 2795 hoc
1213 2766 1387 2794 manifestius
1401 2765 1434 2793 ad
1452 2762 1693 2793 demonstrandam
1714 2759 1809 2788 Salva-

1020 2814 1085 2842 toris
1107 2813 1343 2842 incarnationem?
1368 2811 1480 2840 Missum
1500 2810 1573 2840 enim
1594 2807 1719 2844 intelligit
1741 2806 1810 2834 Ver—
