2056 3148
165 175 235 216 1305

163 234 226 266 τοὺς
252 233 467 269 πειραζομένους
492 235 580 269 οἰκείᾳ
609 236 658 270 μὲν
687 236 802 271 δυνάμει
826 237 864 272 μὴ
887 236 954 271 θαῤ-
970 239 993 266 Α

165 280 240 314 ῥεῖν,
258 278 326 314 μόνῃ
347 278 376 306 δὲ
399 281 433 316 τῇ
454 280 523 316 πρὸς
547 281 593 307 τὸν
611 281 678 308 Θεὸν
706 282 869 316 πεποιθήσει
892 282 958 318 χρῆ-

164 325 237 352 σθαι.

202 382 211 398 ι
226 373 282 400 Καὶ
295 373 500 409 εὐφράνθησαν,
517 374 557 401 ὅτι
573 374 723 410 ἡσύχασαν.
745 385 753 401 ι

206 417 320 453 Ἐπειδὴ
344 418 375 445 τὸ
399 419 592 453 εὑαγγελικδν,
608 420 736 455 καθάπερ
761 419 877 455 ἔφημεν,
901 420 960 455 ᾐνί-

165 465 231 497 ξατο
245 465 390 500 κήρυγμα,
419 465 579 499 ἀναγκαίως
606 466 770 501 Ἐκκλησίας
789 466 911 502 ᾐνίξατο,
928 466 960 493 οὗ

164 510 253 542 λαοῦ,
267 511 374 546 μήποτε
399 511 478 548 δόξῃς
489 512 538 547 τὴν
550 512 716 548 Συναγωγὴν
727 512 866 547 λέγεσθαι.
878 512 961 540 λαῶν

164 555 193 582 δὲ
213 555 268 582 τῶν
295 556 381 582 ἐθνῶν
409 557 632 592 ἐμνημόνευσεν·
656 555 745 589 ὲν·οἷ’ς
769 559 816 585 καὶ
841 557 959 592 καθέδρα

166 602 373 638 πρεσϐυτέρων,
386 603 535 631 αἰνούντων
547 604 593 630 τὸν
606 604 672 631 Θεὸν
684 605 742 635 ταῖς
757 603 960 635 διδασκαλικαῑς

166 649 303 682 γλώσσαις
314 656 320 662 ·
341 649 406 684 περὶ
420 645 456 675 ὧν
472 649 579 680 Παῦλος
593 650 699 683 ἑλεγεν⁴
713 651 744 677 Ol
764 650 961 684 πρεσϐύτεροι

165 693 277 728 διπλῆς
290 693 379 729 τιμῆς
393 694 608 722 ἁὶῖιούσθωσαν
619 690 634 710 ·’
642 695 778 730 μάλιστα
792 697 819 722 al
835 695 961 722 κοπιῶν-

166 749 216 773 τες
231 740 268 767 ἑν
278 741 358 775 λόγῳ
374 741 423 768 καί
440 740 633 775 διδασκαλίᾳ.

205 795 214 812 ι
234 786 332 813 Ἐθετο
347 787 487 822 ποταμοὺς
499 788 538 818 είς
554 787 670 823 ἔρημον.
693 797 703 814 ι

202 833 258 868 Τὴν
274 833 340 868 παρ’
354 833 483 868 ’Ἓλλησιν
497 833 616 860 ὲνταῦοα
633 833 729 868 σοφίαν
745 833 864 870 ᾐνίξατο.
883 833 963 869 Ἐζή-

167 878 232 906 λουν
249 880 303 915 γὰρ
323 881 463 915 ποταμοὺς
485 880 529 906 διὰ
548 879 596 914 τὴν
614 880 729 916 ῥέουσαν
744 880 868 914 γλῶτταν
886 880 961 915 φιλό-

167 912 318 961 σοφοιξκαὶ
333 912 469 960 σοφισταὶ,
487 927 535 952 καὶ
558 912 672 961 ῥητορες
683 934 690 941 ·
709 912 766 953 ἀλλ’
779 927 882 962 ἔρημον
892 912 958 954 τού-
977 912 998 939 Β

165 980 222 1003 τοις
245 971 358 1006 ἐλέγξας
385 972 476 998 αὐτῶν
502 972 533 998 τὸ
545 972 643 1006 ψεῦδος
670 973 716 999 καὶ
749 973 957 1008 πεπλασμένον,

165 1018 243 1045 ἔθετο
255 1018 302 1044 καὶ
313 1018 363 1049 τὰς
378 1018 509 1051 διεξόδους
524 1018 579 1045 τῶν
596 1018 684 1052 λόγων
707 1018 829 1054 (τούτους
845 1019 898 1054 γὰρ
915 1019 960 1046 διὰ

165 1064 216 1098 τὴν
242 1063 333 1098 βιαίαν
357 1063 447 1098 ὁρμὴν
480 1064 703 1099 προσηγόρευσεν
735 1063 831 1097 ὖὸατσ)
863 1065 903 1096 εἰς
922 1064 961 1090 δί-

167 1110 230 1144 ψαν.
268 1108 428 1144 ’Δκυρὼσας
462 1109 517 1144 γὰρ
552 1109 641 1135 αὐτῶν
668 1109 719 1145 τὴν
745 1109 842 1145 χρῆσιν
874 1117 961 1144 μετα-

166 1157 311 1190 ὁέὄληκεν.

204 1211 214 1227 c
229 1202 285 1237 Τῆν
299 1201 474 1237 καρποφόρον
490 1202 529 1233 είς
545 1202 644 1237 ἅλμην.
660 1211 669 1227 ι

201 1247 288 1274 Τοῦτο
308 1247 403 1282 σαφῶς
423 1248 463 1278 εἰς
477 1247 527 1283 τὴν
556 1247 689 1275 Ἰουδαίαν
714 1248 765 1284 γῆν
786 1249 961 1285 καρποφόρον

169 1294 312 1330 γινομένην
324 1293 369 1320 διὰ
381 1294 443 1325 τοὺς
459 1292 490 1326 ἐξ
513 1294 598 1329 αὐτῆς
619 1295 764 1330 προφήτας
780 1295 827 1321 καὶ
840 1295 905 1327 τοὺς
922 1295 962 1322 δι-

167 1340 263 1371 καίους
279 1339 399 1375 εἴρηται,
421 1339 482 1375 ἥτις
502 1340 543 1372 είς
559 1339 651 1375 ἅλμην
672 1340 727 1366 ἀπὸ
747 1340 847 1372 κακίας
859 1340 915 1368 τῶν
932 1341 962 1368 ὲν

165 1386 236 1422 αὐτῇ
248 1385 448 1413 κατοικούντων
460 1386 654 1421 Γραμματέων
671 1387 718 1412 καὶ
732 1387 899 1422 Φαρισαίων,
913 1387 962 1413 καὶ

167 1433 277 1459 πάντων
308 1431 363 1458 τῶν
397 1431 591 1467 ἀσεϐησάντων
619 1432 660 1463 εἰς
692 1432 811 1467 Χριστὸν
843 1433 962 1467 μεταϐέ-

166 1478 273 1514 ϐληται.
297 1477 397 1505 Οὐκέτι
420 1478 474 1513 γὰρ
498 1478 529 1505 ἐν
556 1478 649 1510 αὐτοῖς
673 1478 773 1513 ἱερεὺς,
800 1478 831 1504 οὒ
855 1479 963 1514 προφή-

165 1532 216 1559 της
226 1531 234 1538 ε
253 1523 311 1550 ἀλλ’
324 1523 386 1550 οὐδὲ
398 1523 505 1559 καρπὸς
520 1523 615 1559 ἔτερος
627 1523 678 1558 τῆς
693 1523 810 1559 ἀρχαίας
823 1522 962 1555 πολιτείας

166 1569 336 1605 εὑρίσκεται.

204 1624 214 1640 ι
234 1614 334 1642 Ἐθετο
352 1614 456 1651 ἔρημον
471 1615 511 1647 είς
524 1615 624 1649 λίμνας
644 1615 760 1643 ὑδάτων.
779 1625 788 1642 ι

202 1705 294 1733 Είπὼν
311 1706 361 1732 ὅσα
370 1707 426 1738 τοῖς
436 1705 561 1738 ἀπίστοις
573 1705 712 1741 Ἕλλησιν,
726 1706 766 1732 ἔτι
783 1706 816 1742 δὴ
831 1706 877 1732 καὶ
898 1706 963 1732 Ἰου-

165 1751 251 1783 inim;
264 1751 360 1787 ἔμελλε
374 1752 534 1787 συμσαίνειν
553 1752 664 1787 (ἔϐλεπε
680 1753 735 1788 γὰρ
756 1752 825 1779 αὐτὰ
839 1753 895 1784 τοῖς
911 1752 961 1786 όφ-

167 1797 279 1832 θαλμοῖς
291 1797 338 1824 τοῦ
359 1797 537 1833 πνεύματος),
567 1799 622 1825 ἰδοὺ
635 1799 682 1825 νῦν
698 1799 732 1826 τὰ
753 1799 818 1834 περὶ
834 1799 884 1834 τῆς
901 1799 961 1825 Ἑκ-

167 1843 281 1878 κλησίας
300 1843 454 1879 συμφώνως
473 1844 512 1879 τῷ
532 1844 632 1881 Ἡσαΐᾳ
649 1844 787 1872 ἐκτίθεται
802 1853 809 1860 ·
826 1846 893 1880 φησὶ
907 1845 961 1880 γὰρ

168 1890 303 1920 κάκεῖνος·
314 1889 402 1922 Θήσω
417 1890 474 1923 τὴν
486 1890 599 1925 ἔρημον
613 1892 656 1923 είς
666 1890 732 1923 ἕλη.
747 1890 796 1917 καί
805 1890 861 1924 τὴν
869 1890 962 1924 διψῶ-

166 1943 228 1963 σαν
248 1935 309 1970 γῆν
321 1937 365 1968 είς
378 1935 581 1971 ὐδραγωγούς.
596 1933 682 1968 Οὗτος
698 1936 727 1963 δὲ
742 1936 841 1971 λίμνην
859 1935 962 1962 ὑδάτων

165 1981 216 2013 τὰς
231 1981 427 2017 κολυμϐήθρας
451 1982 547 2017 ἐνόησε
564 1983 612 2008 τοῦ
637 1982 847 2018 βαπτίσματος·
867 1982 963 2016 ὥσπερ

166 2026 320 2063 αὑτάςικαὶ
344 2020 483 2062 Σολομῶν
498 2027 597 2059 ἐντοῖς
627 2028 778 2064 ’ᾼσμασι-Ι,
806 2027 888 2062 ἡνίκα
917 2026 962 2053 τὸν

166 2074 284 2109 Χριστὸν
298 2073 367 2109 πρὸς
382 2074 431 2109 τὴν
449 2074 546 2101 ἑαυτοῦ
564 2074 673 2109 νύμφην
688 2075 820 2109 είσήγαγε
832 2073 880 2109 τὴν
900 2073 962 2099 Ἐκ-

166 2120 282 2155 κλησίαν
298 2121 411 2155 λέγοντα
422 2132 430 2139 ·
445 2122 477 2148 οι
490 2122 639 2156 ὀφθαλμοί
657 2130 715 2148 σου
738 2121 779 2154 ὡς
802 2121 907 2156 λίμναι
927 2121 962 2147 ἐν

172 2167 306 2195 Ἔσεϐῶν
316 2167 352 2194 ἐν
365 2168 478 2200 πύλαις
498 2167 645 2202 θυγατρὸς
663 2167 788 2194 πολλῶν
799 2176 805 2184 ο
825 2167 963 2202 θυγατέρα

166 2213 273 2239 πολλῶν
287 2213 337 2248 τὴν
361 2213 526 2248 Ἐκκλησίαν
538 2212 684 2248 νενοηκώς·
696 2214 727 2240 οὐ
740 2213 794 2249 γὰρ
805 2213 893 2248 μόνων
906 2212 961 2239 τῶν

166 2259 335 2292 ἀποστόλων,
358 2259 426 2286 ἀλλὰ
446 2260 492 2286 καὶ
517 2259 668 2295 προφητῶν
684 2259 809 2294 θυγάτηρ
840 2259 960 2294 ἐγένετο.
979 2249 1001 2276 Ῑ)

167 2307 225 2334 Οὐκ
244 2305 279 2342 ἦν
299 2307 327 2334 δὲ
346 2308 375 2334 ὲν
398 2308 467 2343 αὐτῇ
497 2308 631 2343 πρότερον
651 2307 739 2341 Λόγος
763 2307 842 2341 Θεοῦ,
867 2307 915 2334 νῦν
933 2308 962 2334 δὲ

167 2353 293 2380 τοσοῦτον
316 2355 443 2380 πλουτεί-
460 2353 531 2381 ὦστε
548 2355 585 2385 είς
599 2355 688 2381 πᾶσαν
702 2353 787 2388 αὐτῆς
805 2353 855 2388 τὴν
871 2354 963 2379 οἰκου-

171 2400 255 2436 μένην
266 2400 415 2427 διαεαίνειν
428 2399 462 2426 τὰ
473 2399 604 2435 δόγματα·
621 2401 650 2427 ὲν
667 2397 707 2431 οἷς
724 2399 892 2433 φυτευθῆναι
910 2407 962 2434 μα-

170 2447 276 2481 κάριον.
294 2446 377 2473 Ξύλον
388 2446 442 2482 γάρ
456 2455 483 2473 τι
501 2446 658 2482 εὑρίσκεται
676 2446 705 2472 ὲν
727 2445 816 2480 καιρῷ
833 2445 879 2472 τὸν
896 2454 963 2480 καρ-

169 2492 221 2518 πὸν
239 2493 345 2525 ποιοῦν,
358 2493 405 2519 καὶ
418 2493 524 2528 μήποτε
541 2493 572 2519 τὸ
585 2492 683 2526 φύλλον
699 2491 865 2523 ἀποϐάλλον,
879 2491 917 2523 ὡς
933 2493 961 2518 ἐν

169 2538 224 2569 τοῖς
235 2537 389 2573 προοιμίοις
400 2538 455 2565 τῶν
470 2537 593 2573 Ψαλμῶν
609 2537 830 2572 ἀναγέγραπται.

209 2593 219 2610 ι
236 2584 293 2611 Καὶ
307 2584 510 2620 συνεστήσαντο
526 2583 619 2615 πόλεις
637 2583 825 2614 κατοικεσίας.
843 2593 853 2609 ›

205 2673 243 2699 Οὐ
261 2673 350 2706 πόλιν,
368 2673 436 2699 ἀλλὰ
455 2672 559 2704 πόλεις.
581 2672 733 2707 Διαιρὸρους
753 2672 807 2707 γὰρ
823 2672 961 2703 πολιτεῖας

169 2719 184 2745 δ
195 2718 226 2751 ἐξ
243 2718 328 2745 ἐθνῶν
340 2718 404 2750 λαὸς
418 2718 486 2753 ἔχει,
507 2719 536 2744 ὲν
553 2717 597 2750 αἷς
612 2717 750 2745 κατοικίαι
772 2717 828 2743 τῶν
844 2718 961 2752 ἀρετῶν,

171 2764 276 2796 ¹αἵτινες
299 2765 345 2791 τόν
370 2764 472 2792 ἔσωθεν
494 2764 572 2800 ήμῶν
588 2764 734 2799 ἄνθρωπον
758 2763 900 2797 σκέπουσι,
915 2763 964 2791 κέ-

134 2818 138 2824 ·
171 2819 283 2846 κτηται.

207 2900 253 2929 "l
271 2901 342 2929 Tim.
354 2909 381 2934 ν,
397 2901 441 2927 17.
479 2901 502 2917 ⁸ο
516 2900 568 2928 lsa.
582 2908 636 2933 xu,
649 2899 691 2928 18.
729 2899 749 2915 ⁸¹
763 2899 842 2927 Cant.
859 2907 907 2930 vn,
924 2899 951 2926 αἱ.

746 179 975 210 FRAGMENTA
998 179 1038 209 ΙΝ
1060 180 1238 213 PSALMOS.

1741 184 1810 217 1306

1009 240 1150 266 tentantur
1176 240 1294 275 propria:
1319 241 1430 276 quidem
1456 242 1549 271 virtuti
1573 243 1687 271 minitne
1714 243 1809 277 ﬁdere,

1009 286 1056 312 sed
1072 285 1129 312 sola
1145 285 1193 313 Dci
1209 286 1309 313 ﬁducia
1325 287 1387 314 niti.

1045 373 1126 402 Vens.
1139 375 1187 402 .50.
1204 386 1213 402 ε
1231 377 1265 403 Ει
1277 377 1361 404 laetati
1375 382 1450 410 sunt,
1464 377 1527 412 quia
1543 378 1692 407 siluerunt.
1712 389 1720 405 I

1045 421 1284 457 Quandoquidem,
1304 424 1345 451 uti
1367 425 1537 456 dicebamus,
1559 426 1718 461 evangelica
1739 433 1810 460 pra:—

1010 468 1110 496 dicatio
1126 469 1214 496 fuerat
1230 470 1380 502 insinuata,
1396 471 1554 498 necessario
1573 471 1655 499 etiam
1675 472 1811 499 Ecelesias

1011 515 1112 548 innuit,
1134 523 1190 543 non
1214 517 1317 551 populi,
1336 525 1372 544 ne
1391 518 1463 545 forte
1483 522 1562 553 putes
1583 517 1751 553 Synagogam
1769 519 1812 545 in-

1012 560 1108 595 telligi,
1126 561 1174 587 sed
1195 561 1364 596 populorum.
1381 562 1407 589 id
1428 567 1469 590 est
1490 564 1623 597 gentium,
1642 563 1809 590 mentionem

1012 605 1097 632 fecit:
1116 606 1143 632 in
1162 607 1263 641 quibus
1282 607 1364 634 etiam
1384 613 1426 635 est
1443 609 1573 636 cathedra
1593 609 1744 642 seniorum,
1762 609 1812 636 lin-

1012 651 1072 687 guis
1099 652 1298 681 doctrinalibus
1322 654 1493 682 laudantium
1517 655 1602 682 Deum
1626 665 1632 682 :
1653 656 1687 683 de
1711 656 1810 690 quibus

1012 699 1113 726 Paulus
1127 699 1165 726 ait
1180 708 1186 726 :
1202 700 1352 735 Presbyteri
1367 701 1465 735 duplici
1486 702 1583 728 honore
1607 702 1681 737 digni
1699 702 1812 729 habeam

1013 749 1072 778 tur;
1089 746 1206 772 maxime
1218 747 1263 781 qui
1276 746 1400 774 laborant
1415 747 1443 774 in
1457 748 1534 774 verbo
1547 752 1571 774 et
1585 747 1706 774 doctrina
1722 748 1755 775 7°.

1049 789 1130 817 Vens.
1143 791 1188 818 55.
1203 803 1212 817 ι
1229 791 1324 818 Posuit
1339 791 1451 819 ﬂuutina
1469 793 1496 819 in
1513 793 1664 820 desertum.
1684 802 1693 818 ι

1048 834 1203 862 Graecorum
1238 836 1284 863 hic
1316 836 1408 863 innuit
1441 837 1616 871 sapientiam.
1648 837 1808 873 Philosophi

1013 879 1086 906 enim
1099 880 1284 915 sophistmquc
1297 888 1328 907 ac
1342 881 1467 908 rhetores
1481 881 1516 908 ob
1529 882 1627 916 lingua:
1642 882 1809 910 atlluentiam

1013 924 1110 953 ﬂuvios
1128 926 1330 953 aemulabantur
1347 936 1353 953 :
1373 927 1422 954 sed
1442 927 1566 962 ipsorum
1587 929 1761 955 mendacium
1778 937 1810 957 ac

1012 971 1151 999 ﬁctionem
1174 979 1292 1007 arguens
1315 972 1455 1000 desertum
1484 973 1537 1000 illis
1561 974 1653 1008 posuit
1675 977 1703 1001 et
1721 974 1810 1001 exitus

1012 1025 1169 1045 sermonum
1191 1019 1254 1053 (hos
1276 1019 1350 1046 enim
1377 1024 1490 1054 propter
1511 1020 1703 1047 vehementem
1722 1020 1810 1055 impc-

1014 1068 1069 1090 tum
1085 1071 1171 1097 aquas
1191 1064 1349 1100 appellavit)
1367 1064 1393 1091 in
1412 1065 1496 1092 sitim.
1515 1065 1626 1092 Illorum
1643 1065 1716 1092 enim
1730 1074 1808 1092 usum

1012 1109 1148 1146 abrogans
1163 1110 1327 1138 immutavit.

1048 1199 1130 1228 Vens.
1146 1201 1191 1228 54.
1210 1210 1219 1227 ι
1235 1201 1349 1229 Terram
1370 1201 1538 1229 l'ructit‘eram
1555 1202 1584 1229 in
1602 1201 1779 1237 salsuginem.
1797 1211 1807 1227 ι

1047 1244 1106 1273 Hoc
1132 1246 1279 1281 perspicue
1306 1247 1410 1274 dictum
1435 1251 1478 1274 est
1508 1247 1535 1274 in
1563 1251 1662 1274 terram
1689 1247 1809 1274 .Iudzeam

1012 1291 1184 1320 fructiferam
1217 1297 1330 1328 propter
1356 1293 1507 1328 prophetas
1534 1297 1562 1320 et
1583 1293 1674 1328 justos
1700 1301 1733 1320 ex
1764 1293 1809 1319 illa

1012 1337 1155 1371 oriundos,
1169 1345 1231 1372 qua
1245 1338 1273 1365 iu
1284 1338 1452 1374 salsuginem
1468 1342 1635 1365 commutata
1651 1342 1692 1365 est.
1708 1345 1723 1364 a
1733 1337 1810 1364 mali-

1012 1383 1049 1410 tia
1074 1383 1290 1411 inhabitantium
1316 1384 1344 1411 in
1364 1391 1397 1411 ea
1419 1383 1578 1411 Scribarum
1601 1391 1633 1410 ac
1656 1383 1810 1410 Pharisaeo-

1012 1436 1086 1461 rum,
1104 1433 1132 1456 et
1151 1429 1276 1456 omnium
1301 1437 1371 1464 erga
1393 1429 1533 1457 Christum
1560 1429 1719 1464 impiorum.
1746 1429 1808 1456 Non

1012 1475 1131 1510 amplius
1147 1475 1222 1503 enim
1246 1475 1273 1502 in
1292 1475 1346 1503 illis
1364 1476 1503 1507 sacerdos,
1520 1483 1575 1502 non
1592 1475 1744 1510 propheta;
1762 1475 1810 1502 sed

1012 1527 1102 1556 neque
1116 1521 1225 1548 [ructus
1240 1521 1310 1548 alius
1321 1521 1442 1556 antiquae
1457 1520 1616 1556 reipublicae
1628 1520 1775 1555 reperitur.

1048 1613 1132 1641 Vens.
1161 1614 1206 1641 35.
1227 1622 1237 1639 ι
1257 1613 1352 1641 Posuit
1385 1613 1524 1640 desertum
1550 1613 1578 1640 in
1610 1618 1707 1648 stagna
1725 1620 1810 1647 aqua—

1013 1669 1086 1688 rum.
1104 1670 1114 1687 ι

1047 1707 1116 1734 Cum
1131 1706 1246 1734 dixisset
1260 1706 1305 1733 illa
1319 1714 1380 1740 qua:
1396 1705 1545 1733 incredulis
1558 1706 1686 1740 gentibus
1701 1710 1729 1733 et
1747 1714 1809 1741 qua:

1013 1752 1125 1787 insuper
1144 1751 1246 1779 Judaeis
1267 1756 1400 1779 eventura
1417 1756 1497 1779 erant
1514 1751 1570 1786 (illa
1586 1752 1659 1778 enim
1679 1752 1811 1787 spiritali-

1012 1798 1063 1825 bus
1074 1799 1160 1825 oculis
1183 1798 1342 1833 cernebat),
1360 1805 1425 1825 ecce
1445 1805 1521 1824 nunc
1537 1805 1569 1824 ea
1584 1806 1645 1832 quae
1667 1798 1700 1825 ad
1720 1797 1812 1825 Eccle-

1013 1845 1082 1872 siam
1110 1845 1252 1879 pertinent
1281 1843 1461 1872 conformiter
1491 1852 1554 1871 curn
1585 1844 1654 1871 lsaia
1681 1844 1811 1879 exponit;

1014 1899 1077 1918 nam
1091 1895 1120 1918 et
1133 1891 1177 1918 ille
1193 1891 1234 1918 ait
1251 1899 1259 1919 :
1280 1890 1383 1917 Ponam
1403 1893 1535 1917 desertum
1555 1890 1582 1916 in
1600 1890 1720 1925 paludes,
1733 1895 1758 1916 et
1774 1891 1812 1916 si-

1014 1937 1120 1964 tientem
1133 1941 1232 1963 terram
1245 1937 1274 1962 in
1286 1937 1457 1971 aquwditclus
1467 1936 1501 1962 '°.
1516 1936 1566 1963 Hic
1578 1941 1670 1962 autem
1685 1941 1811 1970 stagnum

1013 1990 1148 2017 aquarqu
1169 1982 1260 2009 fontes
1279 1982 1453 2016 baptismatis
1472 1982 1530 2009 sive
1549 1981 1708 2016 baptisteria
1730 1981 1812 2007 intel-

1013 2029 1096 2062 lexit;
1123 2033 1205 2063 prout
1228 2029 1312 2056 etiam
1337 2028 1467 2055 Salomon
1493 2028 1520 2055 in
1543 2027 1681 2060 Canticis,
1704 2028 1812 2063 quando

1013 2075 1155 2102 Christum
1179 2075 1212 2102 ad
1240 2082 1368 2109 sponsam
1391 2082 1468 2101 suam
1488 2074 1638 2101 Ecclesiam
1661 2074 1813 2102 introduxit

1014 2121 1151 2149 dicentem
1169 2130 1176 2149 :
1196 2121 1273 2148 Oculi
1293 2121 1332 2147 tui
1355 2126 1483 2156 tanquam
1499 2126 1594 2156 stagna
1614 2121 1641 2147 in
1659 2120 1760 2147 Esebon
1785 2121 1812 2146 in

1014 2168 1097 2203 portis
1110 2167 1174 2202 ﬁliae
1187 2167 1333 2194 multorum
1345 2167 1386 2200 5';
1403 2166 1486 2194 ﬁliam
1502 2167 1651 2194 multorum
1663 2166 1812 2193 Ecclesium

1015 2214 1171 2249 intelligens
1193 2222 1201 2240 ι
1227 2213 1363 2248 siquidem
1389 2221 1444 2240 non
1468 2213 1588 2240 solorum
1615 2212 1812 2247 apostolorum,

1016 2261 1064 2288 sed
1086 2260 1169 2287 etiam
1197 2260 1394 2294 prophetarum
1419 2259 1472 2286 ﬁlia
1500 2258 1614 2286 exstitit.
1635 2258 1733 2285 Verum
1758 2265 1813 2284 non

1016 2311 1075 2335 erat
1090 2307 1117 2333 in
1131 2314 1163 2334 ea
1178 2306 1254 2341 prius
1269 2305 1388 2333 Verbum
1404 2305 1462 2338 Dei,
1480 2305 1527 2332 sed
1547 2312 1620 2331 nunc
1642 2304 1707 2331 illud
1726 2303 1813 2338 possi-

1017 2354 1081 2385 det;
1100 2353 1135 2380 ita
1155 2356 1185 2379 ut
1200 2360 1310 2379 omnem
1333 2356 1466 2379 terrarum
1491 2351 1585 2378 orbem
1609 2350 1668 2384 ejus
1687 2350 1813 2383 dogmata

1016 2403 1180 2434 penetrem;
1205 2398 1231 2424 in
1254 2398 1353 2432 quibus
1377 2397 1532 2424 institutum
1550 2403 1611 2423 esse
1630 2396 1740 2422 beatqu
1760 2399 1812 2420 est.

1018 2444 1090 2472 'l‘alis
1109 2444 1183 2471 enim
1203 2444 1339 2478 reperitur
1357 2443 1460 2478 lignum
1477 2442 1551 2477 quod
1566 2442 1594 2468 in
1612 2445 1734 2475 tempore
1755 2439 1813 2466 fru—

1016 2495 1091 2518 ctum
1115 2491 1189 2522 t'acit,
1208 2495 1235 2517 et
1251 2489 1295 2517 cui
1313 2497 1454 2524 nunquam
1479 2489 1574 2515 folium
1597 2487 1711 2520 decidit,
1734 2491 1764 2513 ut
1785 2486 1813 2513 in

1017 2536 1158 2572 principiis
1174 2537 1344 2564 Psalmorum
1361 2535 1495 2569 scriptum
1511 2539 1563 2562 est.

1053 2583 1133 2611 Vens.
1159 2583 1204 2611 56.
1232 2593 1241 2609 I
1265 2584 1300 2610 Et
1326 2582 1530 2610 constituerunt
1552 2575 1811 2608 civitatesin-abita-

1017 2629 1110 2656 tionis.
1131 2638 1140 2654 ι

1051 2673 1110 2701 Non
1127 2674 1277 2706 civitatem,
1295 2674 1342 2701 sed
1361 2673 1496 2701 civitates.
1511 2674 1638 2700 Divcrsas
1657 2671 1730 2698 enim
1753 2678 1810 2697 res-

1017 2720 1139 2754 publicas
1154 2720 1235 2747 habet
1248 2720 1363 2754 populus
1375 2727 1406 2747 ex
1420 2720 1556 2755 gentibus,
1569 2719 1597 2745 in
1609 2717 1708 2752 quibus
1721 2716 1809 2750 possi-

1019 2766 1065 2793 det
1080 2765 1210 2793 virtutum
1229 2766 1421 2798 habitationes,
1437 2773 1496 2802 qua:
1513 2764 1670 2792 interiorem
1686 2766 1809 2790 nostrum

1019 2813 1158 2840 hominem
1174 2815 1329 2848 protegunt.
