  <div class='ocr_page' id='page_1' title='image "/cluster/home/n/w/nwhite01/storage/ocr_20150623/93/njp.32101077772836/723.png"; bbox 0 0 2056 3148; ppageno 0'>
   <div class='ocr_carea' id='block_1_1' title="bbox 217 146 288 180">
    <p class='ocr_par' dir='ltr' id='par_1_1' title="bbox 217 146 288 180">
     <span class='ocr_line' id='line_1_1' title="bbox 217 146 288 180; baseline 0.028 -2"><span class='ocrx_word' id='word_1_1' title='bbox 217 146 288 180; x_wconf 72' lang='lat'><strong>1307</strong></span> 
     </span>
    </p>
   </div>
   <div class='ocr_carea' id='block_1_2' title="bbox 250 204 832 239">
    <p class='ocr_par' dir='ltr' id='par_1_2' title="bbox 250 204 832 239">
     <span class='ocr_line' id='line_1_2' title="bbox 250 204 832 239; baseline -0.009 -4"><span class='ocrx_word' id='word_1_2' title='bbox 250 208 332 235; x_wconf 74' lang='lat' dir='ltr'><strong>Vens.</strong></span> <span class='ocrx_word' id='word_1_3' title='bbox 350 206 394 233; x_wconf 80' lang='grc'><strong>57.</strong></span> <span class='ocrx_word' id='word_1_4' title='bbox 415 216 423 232; x_wconf 81' lang='grc' dir='ltr'><strong>ι</strong></span> <span class='ocrx_word' id='word_1_5' title='bbox 441 205 474 232; x_wconf 88' lang='lat' dir='ltr'><strong>Et</strong></span> <span class='ocrx_word' id='word_1_6' title='bbox 488 204 693 232; x_wconf 77' lang='lat' dir='ltr'><strong>seminaverunt</strong></span> <span class='ocrx_word' id='word_1_7' title='bbox 710 212 800 239; x_wconf 67' lang='lat' dir='ltr'><strong>agros.</strong></span> <span class='ocrx_word' id='word_1_8' title='bbox 822 214 832 230; x_wconf 70' lang='grc' dir='ltr'><strong>ι</strong></span> 
     </span>
    </p>
   </div>
   <div class='ocr_carea' id='block_1_3' title="bbox 252 249 1010 289">
    <p class='ocr_par' dir='ltr' id='par_1_3' title="bbox 252 249 1010 289">
     <span class='ocr_line' id='line_1_3' title="bbox 252 249 1010 289; baseline -0.005 -9"><span class='ocrx_word' id='word_1_9' title='bbox 252 254 323 289; x_wconf 79' lang='lat' dir='ltr'><strong>Ager</strong></span> <span class='ocrx_word' id='word_1_10' title='bbox 333 251 467 286; x_wconf 86' lang='lat' dir='ltr'><strong>siquidem</strong></span> <span class='ocrx_word' id='word_1_11' title='bbox 479 255 522 278; x_wconf 88' lang='lat' dir='ltr'><strong>est</strong></span> <span class='ocrx_word' id='word_1_12' title='bbox 532 250 704 286; x_wconf 78' lang='lat' dir='ltr'><strong>philosophia</strong></span> <span class='ocrx_word' id='word_1_13' title='bbox 716 250 760 277; x_wconf 90' lang='lat' dir='ltr'><strong>illa</strong></span> <span class='ocrx_word' id='word_1_14' title='bbox 773 257 833 285; x_wconf 63' lang='lat' dir='ltr'><strong>qure</strong></span> <span class='ocrx_word' id='word_1_15' title='bbox 847 249 880 277; x_wconf 88' lang='lat' dir='ltr'><strong>ad</strong></span> <span class='ocrx_word' id='word_1_16' title='bbox 895 257 1010 285; x_wconf 79' lang='lat' dir='ltr'><strong>regnum</strong></span> 
     </span>
    </p>
   </div>
   <div class='ocr_carea' id='block_1_4' title="bbox 216 296 1011 327">
    <p class='ocr_par' dir='ltr' id='par_1_4' title="bbox 216 296 1011 327">
     <span class='ocr_line' id='line_1_4' title="bbox 216 296 1011 327; baseline -0.004 -1"><span class='ocrx_word' id='word_1_17' title='bbox 216 299 349 327; x_wconf 65' lang='lat' dir='ltr'><strong>caelorum</strong></span> <span class='ocrx_word' id='word_1_18' title='bbox 372 297 492 325; x_wconf 89' lang='lat' dir='ltr'><strong>adducit.</strong></span> <span class='ocrx_word' id='word_1_19' title='bbox 519 296 565 323; x_wconf 85' lang='lat' dir='ltr'><strong>Sic</strong></span> <span class='ocrx_word' id='word_1_20' title='bbox 588 297 661 324; x_wconf 89' lang='lat' dir='ltr'><strong>enim</strong></span> <span class='ocrx_word' id='word_1_21' title='bbox 683 297 720 323; x_wconf 89' lang='lat' dir='ltr'><strong>ait</strong></span> <span class='ocrx_word' id='word_1_22' title='bbox 743 296 875 324; x_wconf 80' lang='lat' dir='ltr'><strong>Dominus</strong></span> <span class='ocrx_word' id='word_1_23' title='bbox 895 296 1011 324; x_wconf 84' lang='lat' dir='ltr'><strong>:Simile</strong></span> 
     </span>
    </p>
   </div>
   <div class='ocr_carea' id='block_1_5' title="bbox 218 342 1010 379">
    <p class='ocr_par' dir='ltr' id='par_1_5' title="bbox 218 342 1010 379">
     <span class='ocr_line' id='line_1_5' title="bbox 218 342 1010 379; baseline -0.004 -7"><span class='ocrx_word' id='word_1_24' title='bbox 218 350 254 372; x_wconf 76' lang='lat' dir='ltr'><strong>est</strong></span> <span class='ocrx_word' id='word_1_25' title='bbox 276 351 385 379; x_wconf 64' lang='lat' dir='ltr'><strong>regnum</strong></span> <span class='ocrx_word' id='word_1_26' title='bbox 407 342 531 369; x_wconf 65' lang='lat' dir='ltr'><strong>caelorum</strong></span> <span class='ocrx_word' id='word_1_27' title='bbox 558 342 681 368; x_wconf 76' lang='lat' dir='ltr'><strong>thesauro</strong></span> <span class='ocrx_word' id='word_1_28' title='bbox 706 342 857 370; x_wconf 68' lang='lat' dir='ltr'><strong>abscondito</strong></span> <span class='ocrx_word' id='word_1_29' title='bbox 876 343 904 369; x_wconf 84' lang='lat' dir='ltr'><strong>in</strong></span> <span class='ocrx_word' id='word_1_30' title='bbox 923 350 1010 377; x_wconf 76' lang='lat' dir='ltr'><strong>agro:</strong></span> 
     </span>
    </p>
   </div>
   <div class='ocr_carea' id='block_1_6' title="bbox 218 388 1010 424">
    <p class='ocr_par' dir='ltr' id='par_1_6' title="bbox 218 388 1010 424">
     <span class='ocr_line' id='line_1_6' title="bbox 218 388 1010 424; baseline -0.003 -8"><span class='ocrx_word' id='word_1_31' title='bbox 218 399 294 424; x_wconf 72' lang='lat' dir='ltr'><strong>quem</strong></span> <span class='ocrx_word' id='word_1_32' title='bbox 309 390 354 424; x_wconf 81' lang='lat' dir='ltr'><strong>qui</strong></span> <span class='ocrx_word' id='word_1_33' title='bbox 367 389 464 416; x_wconf 78' lang='lat' dir='ltr'><strong>invenit</strong></span> <span class='ocrx_word' id='word_1_34' title='bbox 479 389 555 415; x_wconf 76' lang='lat' dir='ltr'><strong>Itonia</strong></span> <span class='ocrx_word' id='word_1_35' title='bbox 569 389 714 418; x_wconf 63' lang='lat' dir='ltr'><strong>abscondit.</strong></span> <span class='ocrx_word' id='word_1_36' title='bbox 732 393 755 415; x_wconf 76' lang='lat' dir='ltr'><strong>et</strong></span> <span class='ocrx_word' id='word_1_37' title='bbox 767 397 821 423; x_wconf 75' lang='lat' dir='ltr'><strong>pra:</strong></span> <span class='ocrx_word' id='word_1_38' title='bbox 833 388 1010 424; x_wconf 78' lang='lat' dir='ltr'><strong>gaudioillius</strong></span> 
     </span>
    </p>
   </div>
   <div class='ocr_carea' id='block_1_7' title="bbox 217 432 1011 468">
    <p class='ocr_par' dir='ltr' id='par_1_7' title="bbox 217 432 1011 468">
     <span class='ocr_line' id='line_1_7' title="bbox 217 432 1011 468; baseline -0.003 -7"><span class='ocrx_word' id='word_1_39' title='bbox 217 435 289 462; x_wconf 75' lang='lat' dir='ltr'><strong>vadi!</strong></span> <span class='ocrx_word' id='word_1_40' title='bbox 306 439 329 461; x_wconf 74' lang='lat' dir='ltr'><strong>ct</strong></span> <span class='ocrx_word' id='word_1_41' title='bbox 342 434 428 460; x_wconf 67' lang='lat' dir='ltr'><strong>vendit</strong></span> <span class='ocrx_word' id='word_1_42' title='bbox 441 434 564 460; x_wconf 80' lang='lat' dir='ltr'><strong>universa</strong></span> <span class='ocrx_word' id='word_1_43' title='bbox 580 440 638 467; x_wconf 74' lang='lat' dir='ltr'><strong>qua:</strong></span> <span class='ocrx_word' id='word_1_44' title='bbox 652 433 738 464; x_wconf 80' lang='lat' dir='ltr'><strong>lmbcl,</strong></span> <span class='ocrx_word' id='word_1_45' title='bbox 751 438 775 459; x_wconf 76' lang='lat' dir='ltr'><strong>et</strong></span> <span class='ocrx_word' id='word_1_46' title='bbox 790 434 852 460; x_wconf 84' lang='lat' dir='ltr'><strong>emit</strong></span> <span class='ocrx_word' id='word_1_47' title='bbox 869 441 963 468; x_wconf 83' lang='lat' dir='ltr'><strong><em>agrum</em></strong></span> <span class='ocrx_word' id='word_1_48' title='bbox 979 432 1011 459; x_wconf 82' lang='lat' dir='ltr'><strong>il-</strong></span> 
     </span>
    </p>
   </div>
   <div class='ocr_carea' id='block_1_8' title="bbox 218 479 1011 514">
    <p class='ocr_par' dir='ltr' id='par_1_8' title="bbox 218 479 1011 514">
     <span class='ocr_line' id='line_1_8' title="bbox 218 479 1011 514; baseline 0 -8"><span class='ocrx_word' id='word_1_49' title='bbox 218 481 272 507; x_wconf 78' lang='lat' dir='ltr'><strong>lum</strong></span> <span class='ocrx_word' id='word_1_50' title='bbox 287 480 320 506; x_wconf 72' lang='grc' dir='ltr'><strong>θ’.</strong></span> <span class='ocrx_word' id='word_1_51' title='bbox 340 480 412 506; x_wconf 85' lang='lat' dir='ltr'><strong>Idem</strong></span> <span class='ocrx_word' id='word_1_52' title='bbox 429 487 479 514; x_wconf 89' lang='lat' dir='ltr'><strong>per</strong></span> <span class='ocrx_word' id='word_1_53' title='bbox 502 479 659 513; x_wconf 80' lang='lat' dir='ltr'><strong>parabolam</strong></span> <span class='ocrx_word' id='word_1_54' title='bbox 680 479 869 513; x_wconf 70' lang='lat' dir='ltr'><strong>operariorum</strong></span> <span class='ocrx_word' id='word_1_55' title='bbox 886 479 1011 506; x_wconf 88' lang='lat' dir='ltr'><strong>mercede</strong></span> 
     </span>
    </p>
   </div>
   <div class='ocr_carea' id='block_1_9' title="bbox 218 519 1011 557">
    <p class='ocr_par' dir='ltr' id='par_1_9' title="bbox 218 519 1011 557">
     <span class='ocr_line' id='line_1_9' title="bbox 218 519 1011 557; baseline -0.001 -4"><span class='ocrx_word' id='word_1_56' title='bbox 218 526 414 553; x_wconf 80' lang='lat' dir='ltr'><strong>conductorum</strong></span> <span class='ocrx_word' id='word_1_57' title='bbox 428 519 548 552; x_wconf 88' lang='lat' dir='ltr'><strong>ostendit</strong></span> <span class='ocrx_word' id='word_1_58' title='bbox 561 532 621 552; x_wconf 86' lang='lat' dir='ltr'><strong>esse</strong></span> <span class='ocrx_word' id='word_1_59' title='bbox 635 525 742 552; x_wconf 77' lang='lat' dir='ltr'><strong>vineam</strong></span> <span class='ocrx_word' id='word_1_60' title='bbox 755 525 795 557; x_wconf 60' lang='lat'><strong>“3;</strong></span> <span class='ocrx_word' id='word_1_61' title='bbox 812 525 931 552; x_wconf 79' lang='lat' dir='ltr'><strong>fructum</strong></span> <span class='ocrx_word' id='word_1_62' title='bbox 946 533 1011 552; x_wconf 90' lang='lat' dir='ltr'><strong>vero</strong></span> 
     </span>
    </p>
   </div>
   <div class='ocr_carea' id='block_1_10' title="bbox 217 571 1012 607">
    <p class='ocr_par' dir='ltr' id='par_1_10' title="bbox 217 571 1012 607">
     <span class='ocr_line' id='line_1_10' title="bbox 217 571 1012 607; baseline -0.001 -9"><span class='ocrx_word' id='word_1_63' title='bbox 217 572 365 607; x_wconf 79' lang='lat' dir='ltr'><strong>geniminis</strong></span> <span class='ocrx_word' id='word_1_64' title='bbox 388 576 442 598; x_wconf 85' lang='lat' dir='ltr'><strong>tam</strong></span> <span class='ocrx_word' id='word_1_65' title='bbox 467 571 637 598; x_wconf 73' lang='lat' dir='ltr'><strong>tricesimum</strong></span> <span class='ocrx_word' id='word_1_66' title='bbox 660 579 741 605; x_wconf 87' lang='lat' dir='ltr'><strong>quam</strong></span> <span class='ocrx_word' id='word_1_67' title='bbox 763 571 960 606; x_wconf 74' lang='lat' dir='ltr'><strong>sexagesimum</strong></span> <span class='ocrx_word' id='word_1_68' title='bbox 984 577 1012 598; x_wconf 87' lang='lat' dir='ltr'><strong>et</strong></span> 
     </span>
    </p>
   </div>
   <div class='ocr_carea' id='block_1_11' title="bbox 218 617 1010 652">
    <p class='ocr_par' dir='ltr' id='par_1_11' title="bbox 218 617 1010 652">
     <span class='ocr_line' id='line_1_11' title="bbox 218 617 1010 652; baseline 0.001 -8"><span class='ocrx_word' id='word_1_69' title='bbox 218 617 399 644; x_wconf 79' lang='lat' dir='ltr'><strong>centesimum</strong></span> <span class='ocrx_word' id='word_1_70' title='bbox 417 617 439 632; x_wconf 57' lang='grc' dir='ltr'><strong>εδ</strong></span> <span class='ocrx_word' id='word_1_71' title='bbox 459 624 506 643; x_wconf 86' lang='lat' dir='ltr'><strong>eos</strong></span> <span class='ocrx_word' id='word_1_72' title='bbox 530 617 632 644; x_wconf 76' lang='lat' dir='ltr'><strong>referre</strong></span> <span class='ocrx_word' id='word_1_73' title='bbox 657 617 759 644; x_wconf 79' lang='lat' dir='ltr'><strong>clarum</strong></span> <span class='ocrx_word' id='word_1_74' title='bbox 781 624 821 644; x_wconf 81' lang='lat' dir='ltr'><strong>cst</strong></span> <span class='ocrx_word' id='word_1_75' title='bbox 845 618 890 652; x_wconf 91' lang='lat' dir='ltr'><strong>qui</strong></span> <span class='ocrx_word' id='word_1_76' title='bbox 908 618 1010 645; x_wconf 81' lang='lat' dir='ltr'><strong>Christi</strong></span> 
     </span>
    </p>
   </div>
   <div class='ocr_carea' id='block_1_12' title="bbox 219 663 1011 699">
    <p class='ocr_par' dir='ltr' id='par_1_12' title="bbox 219 663 1011 699">
     <span class='ocr_line' id='line_1_12' title="bbox 219 663 1011 699; baseline 0.001 -9"><span class='ocrx_word' id='word_1_77' title='bbox 219 664 419 699; x_wconf 80' lang='lat' dir='ltr'><strong>philosophiam</strong></span> <span class='ocrx_word' id='word_1_78' title='bbox 449 663 596 696; x_wconf 75' lang='lat' dir='ltr'><strong>excolunt,</strong></span> <span class='ocrx_word' id='word_1_79' title='bbox 623 669 651 691; x_wconf 86' lang='lat' dir='ltr'><strong>et</strong></span> <span class='ocrx_word' id='word_1_80' title='bbox 677 663 794 691; x_wconf 76' lang='lat' dir='ltr'><strong>virtutes</strong></span> <span class='ocrx_word' id='word_1_81' title='bbox 822 665 850 691; x_wconf 86' lang='lat' dir='ltr'><strong>in</strong></span> <span class='ocrx_word' id='word_1_82' title='bbox 875 673 906 691; x_wconf 80' lang='lat' dir='ltr'><strong>ea</strong></span> <span class='ocrx_word' id='word_1_83' title='bbox 933 664 1011 699; x_wconf 85' lang='lat' dir='ltr'><strong>plan-</strong></span> 
     </span>
    </p>
   </div>
   <div class='ocr_carea' id='block_1_13' title="bbox 221 714 288 736">
    <p class='ocr_par' dir='ltr' id='par_1_13' title="bbox 221 714 288 736">
     <span class='ocr_line' id='line_1_13' title="bbox 221 714 288 736; baseline 0 0"><span class='ocrx_word' id='word_1_84' title='bbox 221 714 288 736; x_wconf 80' lang='lat' dir='ltr'><strong>lunt.</strong></span> 
     </span>
    </p>
   </div>
   <div class='ocr_carea' id='block_1_14' title="bbox 255 801 1011 836">
    <p class='ocr_par' dir='ltr' id='par_1_14' title="bbox 255 801 1011 836">
     <span class='ocr_line' id='line_1_14' title="bbox 255 801 1011 836; baseline 0 -8"><span class='ocrx_word' id='word_1_85' title='bbox 255 801 335 829; x_wconf 79' lang='lat' dir='ltr'><strong>Vens.</strong></span> <span class='ocrx_word' id='word_1_86' title='bbox 361 802 404 829; x_wconf 78' lang='lat'><strong>58.</strong></span> <span class='ocrx_word' id='word_1_87' title='bbox 431 812 440 828; x_wconf 83' lang='grc' dir='ltr'><strong>ι</strong></span> <span class='ocrx_word' id='word_1_88' title='bbox 461 802 494 829; x_wconf 81' lang='lat' dir='ltr'><strong>Et</strong></span> <span class='ocrx_word' id='word_1_89' title='bbox 521 802 662 830; x_wconf 70' lang='lat' dir='ltr'><strong>benedixit</strong></span> <span class='ocrx_word' id='word_1_90' title='bbox 690 809 756 835; x_wconf 86' lang='lat' dir='ltr'><strong>eos,</strong></span> <span class='ocrx_word' id='word_1_91' title='bbox 784 807 812 829; x_wconf 88' lang='lat' dir='ltr'><strong>et</strong></span> <span class='ocrx_word' id='word_1_92' title='bbox 841 802 1011 836; x_wconf 81' lang='lat' dir='ltr'><strong>multiplicati</strong></span> 
     </span>
    </p>
   </div>
   <div class='ocr_carea' id='block_1_15' title="bbox 220 851 327 874">
    <p class='ocr_par' dir='ltr' id='par_1_15' title="bbox 220 851 327 874">
     <span class='ocr_line' id='line_1_15' title="bbox 220 851 327 874; baseline -0.019 0"><span class='ocrx_word' id='word_1_93' title='bbox 220 851 294 874; x_wconf 83' lang='lat' dir='ltr'><strong>sunt.</strong></span> <span class='ocrx_word' id='word_1_94' title='bbox 319 857 327 872; x_wconf 64' lang='grc' dir='ltr'><strong>ι</strong></span> 
     </span>
    </p>
   </div>
   <div class='ocr_carea' id='block_1_16' title="bbox 243 879 1049 928">
    <p class='ocr_par' dir='ltr' id='par_1_16' title="bbox 243 879 1049 928">
     <span class='ocr_line' id='line_1_16' title="bbox 243 879 1049 928; baseline 0 -9"><span class='ocrx_word' id='word_1_95' title='bbox 243 893 365 920; x_wconf 77' lang='lat' dir='ltr'><strong>&#39;Scilicet</strong></span> <span class='ocrx_word' id='word_1_96' title='bbox 379 901 411 920; x_wconf 81' lang='lat' dir='ltr'><strong>ex</strong></span> <span class='ocrx_word' id='word_1_97' title='bbox 426 893 571 921; x_wconf 85' lang='lat' dir='ltr'><strong>duodecim</strong></span> <span class='ocrx_word' id='word_1_98' title='bbox 584 894 627 921; x_wconf 88' lang='lat' dir='ltr'><strong>vel</strong></span> <span class='ocrx_word' id='word_1_99' title='bbox 643 893 714 921; x_wconf 79' lang='lat' dir='ltr'><strong>forte</strong></span> <span class='ocrx_word' id='word_1_100' title='bbox 728 893 901 928; x_wconf 80' lang='lat' dir='ltr'><strong>septuaginta</strong></span> <span class='ocrx_word' id='word_1_101' title='bbox 918 893 945 919; x_wconf 91' lang='lat' dir='ltr'><strong>in</strong></span> <span class='ocrx_word' id='word_1_102' title='bbox 961 893 1011 920; x_wconf 84' lang='lat' dir='ltr'><strong>tria</strong></span> <span class='ocrx_word' id='word_1_103' title='bbox 1028 879 1049 908; x_wconf 76' lang='grc' dir='ltr'><strong>Β</strong></span> 
     </span>
    </p>
   </div>
   <div class='ocr_carea' id='block_1_17' title="bbox 222 939 1012 976">
    <p class='ocr_par' dir='ltr' id='par_1_17' title="bbox 222 939 1012 976">
     <span class='ocr_line' id='line_1_17' title="bbox 222 939 1012 976; baseline 0.004 -11"><span class='ocrx_word' id='word_1_104' title='bbox 222 939 316 971; x_wconf 79' lang='lat' dir='ltr'><strong>millia,</strong></span> <span class='ocrx_word' id='word_1_105' title='bbox 332 939 430 967; x_wconf 85' lang='lat' dir='ltr'><strong>deinde</strong></span> <span class='ocrx_word' id='word_1_106' title='bbox 443 941 575 976; x_wconf 88' lang='lat' dir='ltr'><strong>quinque,</strong></span> <span class='ocrx_word' id='word_1_107' title='bbox 588 941 687 968; x_wconf 90' lang='lat' dir='ltr'><strong>deinde</strong></span> <span class='ocrx_word' id='word_1_108' title='bbox 701 941 727 967; x_wconf 94' lang='lat' dir='ltr'><strong>in</strong></span> <span class='ocrx_word' id='word_1_109' title='bbox 743 944 782 967; x_wconf 83' lang='lat' dir='ltr'><strong>tot</strong></span> <span class='ocrx_word' id='word_1_110' title='bbox 796 945 912 967; x_wconf 82' lang='lat' dir='ltr'><strong>centena</strong></span> <span class='ocrx_word' id='word_1_111' title='bbox 927 940 1012 968; x_wconf 86' lang='lat' dir='ltr'><strong>millia</strong></span> 
     </span>
    </p>
   </div>
   <div class='ocr_carea' id='block_1_18' title="bbox 219 987 1013 1022">
    <p class='ocr_par' dir='ltr' id='par_1_18' title="bbox 219 987 1013 1022">
     <span class='ocr_line' id='line_1_18' title="bbox 219 987 1013 1022; baseline 0.003 -10"><span class='ocrx_word' id='word_1_112' title='bbox 219 990 287 1020; x_wconf 88' lang='lat' dir='ltr'><strong>quot</strong></span> <span class='ocrx_word' id='word_1_113' title='bbox 316 987 440 1014; x_wconf 86' lang='lat' dir='ltr'><strong>videmus</strong></span> <span class='ocrx_word' id='word_1_114' title='bbox 469 987 661 1022; x_wconf 75' lang='lat' dir='ltr'><strong>profecerunt;</strong></span> <span class='ocrx_word' id='word_1_115' title='bbox 686 995 747 1022; x_wconf 58' lang='lat' dir='ltr'><strong>qua</strong></span> <span class='ocrx_word' id='word_1_116' title='bbox 771 987 810 1014; x_wconf 90' lang='lat' dir='ltr'><strong>uti</strong></span> <span class='ocrx_word' id='word_1_117' title='bbox 835 995 884 1022; x_wconf 86' lang='lat' dir='ltr'><strong>par</strong></span> <span class='ocrx_word' id='word_1_118' title='bbox 906 992 948 1014; x_wconf 88' lang='lat' dir='ltr'><strong>est</strong></span> <span class='ocrx_word' id='word_1_119' title='bbox 968 987 1013 1022; x_wconf 79' lang='lat' dir='ltr'><strong>ju-</strong></span> 
     </span>
    </p>
   </div>
   <div class='ocr_carea' id='block_1_19' title="bbox 219 1032 1013 1068">
    <p class='ocr_par' dir='ltr' id='par_1_19' title="bbox 219 1032 1013 1068">
     <span class='ocr_line' id='line_1_19' title="bbox 219 1032 1013 1068; baseline 0.003 -10"><span class='ocrx_word' id='word_1_120' title='bbox 219 1037 313 1059; x_wconf 87' lang='lat' dir='ltr'><strong>menta</strong></span> <span class='ocrx_word' id='word_1_121' title='bbox 334 1033 520 1067; x_wconf 80' lang='lat' dir='ltr'><strong>apostolorum</strong></span> <span class='ocrx_word' id='word_1_122' title='bbox 542 1033 698 1068; x_wconf 80' lang='lat' dir='ltr'><strong>appellavit,</strong></span> <span class='ocrx_word' id='word_1_123' title='bbox 716 1036 811 1067; x_wconf 83' lang='lat' dir='ltr'><strong>utpote</strong></span> <span class='ocrx_word' id='word_1_124' title='bbox 831 1033 866 1060; x_wconf 80' lang='lat' dir='ltr'><strong>ab</strong></span> <span class='ocrx_word' id='word_1_125' title='bbox 885 1032 952 1068; x_wconf 86' lang='lat' dir='ltr'><strong>ipsis</strong></span> <span class='ocrx_word' id='word_1_126' title='bbox 971 1033 1013 1060; x_wconf 87' lang='lat' dir='ltr'><strong>iu-</strong></span> 
     </span>
    </p>
   </div>
   <div class='ocr_carea' id='block_1_20' title="bbox 220 1076 324 1104">
    <p class='ocr_par' dir='ltr' id='par_1_20' title="bbox 220 1076 324 1104">
     <span class='ocr_line' id='line_1_20' title="bbox 220 1076 324 1104; baseline 0.019 -2"><span class='ocrx_word' id='word_1_127' title='bbox 220 1076 253 1103; x_wconf 79' lang='lat' dir='ltr'><strong>sti</strong></span> <span class='ocrx_word' id='word_1_128' title='bbox 258 1081 324 1104; x_wconf 85' lang='lat' dir='ltr'><strong>tuta.</strong></span> 
     </span>
    </p>
   </div>
   <div class='ocr_carea' id='block_1_21' title="bbox 254 1123 1013 1161">
    <p class='ocr_par' dir='ltr' id='par_1_21' title="bbox 254 1123 1013 1161">
     <span class='ocr_line' id='line_1_21' title="bbox 254 1123 1013 1161; baseline 0.003 -11"><span class='ocrx_word' id='word_1_129' title='bbox 254 1123 336 1151; x_wconf 78' lang='lat' dir='ltr'><strong>Vens.</strong></span> <span class='ocrx_word' id='word_1_130' title='bbox 356 1123 400 1150; x_wconf 59' lang='lat'><strong>40.</strong></span> <span class='ocrx_word' id='word_1_131' title='bbox 423 1133 432 1150; x_wconf 79' lang='grc' dir='ltr'><strong>ι</strong></span> <span class='ocrx_word' id='word_1_132' title='bbox 457 1124 550 1152; x_wconf 73' lang='lat' dir='ltr'><strong>Ell‘usa</strong></span> <span class='ocrx_word' id='word_1_133' title='bbox 575 1129 616 1153; x_wconf 87' lang='lat' dir='ltr'><strong>est</strong></span> <span class='ocrx_word' id='word_1_134' title='bbox 639 1124 810 1160; x_wconf 83' lang='lat' dir='ltr'><strong>contemptio</strong></span> <span class='ocrx_word' id='word_1_135' title='bbox 831 1132 915 1160; x_wconf 86' lang='lat' dir='ltr'><strong>super</strong></span> <span class='ocrx_word' id='word_1_136' title='bbox 936 1125 1013 1161; x_wconf 85' lang='lat' dir='ltr'><strong>prin-</strong></span> 
     </span>
    </p>
   </div>
   <div class='ocr_carea' id='block_1_22' title="bbox 220 1170 441 1204">
    <p class='ocr_par' dir='ltr' id='par_1_22' title="bbox 220 1170 441 1204">
     <span class='ocr_line' id='line_1_22' title="bbox 220 1170 441 1204; baseline 0.005 -7"><span class='ocrx_word' id='word_1_137' title='bbox 220 1170 295 1204; x_wconf 85' lang='lat' dir='ltr'><strong>cipes</strong></span> <span class='ocrx_word' id='word_1_138' title='bbox 310 1178 417 1198; x_wconf 87' lang='lat' dir='ltr'><strong>eorum.</strong></span> <span class='ocrx_word' id='word_1_139' title='bbox 432 1180 441 1197; x_wconf 80' lang='grc' dir='ltr'><strong>ι</strong></span> 
     </span>
    </p>
   </div>
   <div class='ocr_carea' id='block_1_23' title="bbox 255 1217 1011 1255">
    <p class='ocr_par' dir='ltr' id='par_1_23' title="bbox 255 1217 1011 1255">
     <span class='ocr_line' id='line_1_23' title="bbox 255 1217 1011 1255; baseline 0.001 -10"><span class='ocrx_word' id='word_1_140' title='bbox 255 1217 307 1250; x_wconf 85' lang='lat' dir='ltr'><strong>Qui</strong></span> <span class='ocrx_word' id='word_1_141' title='bbox 325 1226 423 1254; x_wconf 86' lang='lat' dir='ltr'><strong>nempe</strong></span> <span class='ocrx_word' id='word_1_142' title='bbox 438 1223 573 1255; x_wconf 82' lang='lat' dir='ltr'><strong>martyres</strong></span> <span class='ocrx_word' id='word_1_143' title='bbox 592 1219 625 1246; x_wconf 85' lang='lat' dir='ltr'><strong>ad</strong></span> <span class='ocrx_word' id='word_1_144' title='bbox 647 1220 816 1255; x_wconf 85' lang='lat' dir='ltr'><strong>impietatem</strong></span> <span class='ocrx_word' id='word_1_145' title='bbox 835 1219 1011 1255; x_wconf 84' lang='lat' dir='ltr'><strong>instigabant.</strong></span> 
     </span>
    </p>
   </div>
   <div class='ocr_carea' id='block_1_24' title="bbox 220 1263 1011 1300">
    <p class='ocr_par' dir='ltr' id='par_1_24' title="bbox 220 1263 1011 1300">
     <span class='ocr_line' id='line_1_24' title="bbox 220 1263 1011 1300; baseline 0.004 -10"><span class='ocrx_word' id='word_1_146' title='bbox 220 1263 276 1290; x_wconf 88' lang='lat' dir='ltr'><strong>lllis</strong></span> <span class='ocrx_word' id='word_1_147' title='bbox 294 1263 367 1291; x_wconf 88' lang='lat' dir='ltr'><strong>enim</strong></span> <span class='ocrx_word' id='word_1_148' title='bbox 387 1264 554 1292; x_wconf 78' lang='lat' dir='ltr'><strong>instantibus</strong></span> <span class='ocrx_word' id='word_1_149' title='bbox 577 1265 635 1292; x_wconf 76' lang='lat' dir='ltr'><strong>zelo</strong></span> <span class='ocrx_word' id='word_1_150' title='bbox 660 1265 740 1298; x_wconf 84' lang='lat' dir='ltr'><strong>ﬁdei,</strong></span> <span class='ocrx_word' id='word_1_151' title='bbox 765 1265 920 1300; x_wconf 86' lang='lat' dir='ltr'><strong>principum</strong></span> <span class='ocrx_word' id='word_1_152' title='bbox 946 1273 1011 1293; x_wconf 82' lang='lat' dir='ltr'><strong>eon-</strong></span> 
     </span>
    </p>
   </div>
   <div class='ocr_carea' id='block_1_25' title="bbox 222 1309 1013 1344">
    <p class='ocr_par' dir='ltr' id='par_1_25' title="bbox 222 1309 1013 1344">
     <span class='ocr_line' id='line_1_25' title="bbox 222 1309 1013 1344; baseline 0.004 -9"><span class='ocrx_word' id='word_1_153' title='bbox 222 1309 345 1343; x_wconf 70' lang='lat' dir='ltr'><strong>trtnptio,</strong></span> <span class='ocrx_word' id='word_1_154' title='bbox 364 1309 391 1336; x_wconf 92' lang='lat' dir='ltr'><strong>id</strong></span> <span class='ocrx_word' id='word_1_155' title='bbox 414 1313 456 1336; x_wconf 89' lang='lat' dir='ltr'><strong>est</strong></span> <span class='ocrx_word' id='word_1_156' title='bbox 473 1309 612 1343; x_wconf 81' lang='lat' dir='ltr'><strong>despectio</strong></span> <span class='ocrx_word' id='word_1_157' title='bbox 634 1318 668 1338; x_wconf 85' lang='lat' dir='ltr'><strong>ac</strong></span> <span class='ocrx_word' id='word_1_158' title='bbox 685 1310 784 1343; x_wconf 83' lang='lat' dir='ltr'><strong>vilitas,</strong></span> <span class='ocrx_word' id='word_1_159' title='bbox 805 1310 893 1338; x_wconf 63' lang='grc' dir='ltr'>σίτοιο</span> <span class='ocrx_word' id='word_1_160' title='bbox 916 1316 967 1344; x_wconf 86' lang='lat' dir='ltr'><strong>est,</strong></span> <span class='ocrx_word' id='word_1_161' title='bbox 986 1315 1013 1338; x_wconf 89' lang='lat' dir='ltr'><strong>et</strong></span> 
     </span>
    </p>
   </div>
   <div class='ocr_carea' id='block_1_26' title="bbox 221 1355 1011 1392">
    <p class='ocr_par' dir='ltr' id='par_1_26' title="bbox 221 1355 1011 1392">
     <span class='ocr_line' id='line_1_26' title="bbox 221 1355 1011 1392; baseline 0.005 -11"><span class='ocrx_word' id='word_1_162' title='bbox 221 1355 377 1382; x_wconf 77' lang='lat' dir='ltr'><strong>exundavit.</strong></span> <span class='ocrx_word' id='word_1_163' title='bbox 405 1355 554 1390; x_wconf 89' lang='lat' dir='ltr'><strong>lmpiorum</strong></span> <span class='ocrx_word' id='word_1_164' title='bbox 579 1355 737 1392; x_wconf 88' lang='lat' dir='ltr'><strong>principum</strong></span> <span class='ocrx_word' id='word_1_165' title='bbox 762 1358 933 1392; x_wconf 82' lang='lat' dir='ltr'><strong>propositum</strong></span> <span class='ocrx_word' id='word_1_166' title='bbox 957 1365 1011 1385; x_wconf 83' lang='lat' dir='ltr'><strong>non</strong></span> 
     </span>
    </p>
   </div>
   <div class='ocr_carea' id='block_1_27' title="bbox 221 1400 1013 1440">
    <p class='ocr_par' dir='ltr' id='par_1_27' title="bbox 221 1400 1013 1440">
     <span class='ocr_line' id='line_1_27' title="bbox 221 1400 1013 1440; baseline 0.006 -14"><span class='ocrx_word' id='word_1_167' title='bbox 221 1405 281 1427; x_wconf 85' lang='lat' dir='ltr'><strong>erat</strong></span> <span class='ocrx_word' id='word_1_168' title='bbox 290 1400 349 1428; x_wconf 86' lang='lat' dir='ltr'><strong>via:</strong></span> <span class='ocrx_word' id='word_1_169' title='bbox 365 1409 455 1436; x_wconf 86' lang='lat' dir='ltr'><strong>neque</strong></span> <span class='ocrx_word' id='word_1_170' title='bbox 466 1401 538 1429; x_wconf 90' lang='lat' dir='ltr'><strong>enim</strong></span> <span class='ocrx_word' id='word_1_171' title='bbox 552 1409 601 1437; x_wconf 85' lang='lat' dir='ltr'><strong>per</strong></span> <span class='ocrx_word' id='word_1_172' title='bbox 612 1402 752 1440; x_wconf 84' lang='lat' dir='ltr'><strong>Christum</strong></span> <span class='ocrx_word' id='word_1_173' title='bbox 767 1403 954 1436; x_wconf 80' lang='lat' dir='ltr'><strong>ambulabant,</strong></span> <span class='ocrx_word' id='word_1_174' title='bbox 967 1403 1013 1438; x_wconf 89' lang='lat' dir='ltr'><strong>qui</strong></span> 
     </span>
    </p>
   </div>
   <div class='ocr_carea' id='block_1_28' title="bbox 222 1448 1014 1484">
    <p class='ocr_par' dir='ltr' id='par_1_28' title="bbox 222 1448 1014 1484">
     <span class='ocr_line' id='line_1_28' title="bbox 222 1448 1014 1484; baseline 0.005 -11"><span class='ocrx_word' id='word_1_175' title='bbox 222 1451 281 1473; x_wconf 84' lang='lat' dir='ltr'><strong>erat</strong></span> <span class='ocrx_word' id='word_1_176' title='bbox 305 1454 400 1475; x_wconf 82' lang='lat' dir='ltr'><strong>revera</strong></span> <span class='ocrx_word' id='word_1_177' title='bbox 424 1448 484 1481; x_wconf 84' lang='lat' dir='ltr'><strong>via,</strong></span> <span class='ocrx_word' id='word_1_178' title='bbox 507 1451 535 1476; x_wconf 86' lang='lat' dir='ltr'><strong>et</strong></span> <span class='ocrx_word' id='word_1_179' title='bbox 558 1449 676 1482; x_wconf 84' lang='lat' dir='ltr'><strong>veritas,</strong></span> <span class='ocrx_word' id='word_1_180' title='bbox 702 1453 730 1477; x_wconf 92' lang='lat' dir='ltr'><strong>et</strong></span> <span class='ocrx_word' id='word_1_181' title='bbox 754 1449 818 1477; x_wconf 81' lang='lat' dir='ltr'><strong>vita.</strong></span> <span class='ocrx_word' id='word_1_182' title='bbox 842 1449 1014 1484; x_wconf 83' lang='lat' dir='ltr'><strong>Quapropter</strong></span> 
     </span>
    </p>
   </div>
   <div class='ocr_carea' id='block_1_29' title="bbox 223 1495 1014 1532">
    <p class='ocr_par' dir='ltr' id='par_1_29' title="bbox 223 1495 1014 1532">
     <span class='ocr_line' id='line_1_29' title="bbox 223 1495 1014 1532; baseline 0.005 -12"><span class='ocrx_word' id='word_1_183' title='bbox 223 1501 323 1528; x_wconf 75' lang='lat' dir='ltr'><strong>scapus</strong></span> <span class='ocrx_word' id='word_1_184' title='bbox 343 1502 438 1522; x_wconf 86' lang='lat' dir='ltr'><strong>eorum</strong></span> <span class='ocrx_word' id='word_1_185' title='bbox 454 1500 514 1523; x_wconf 84' lang='lat' dir='ltr'><strong>erat</strong></span> <span class='ocrx_word' id='word_1_186' title='bbox 531 1496 623 1523; x_wconf 84' lang='lat' dir='ltr'><strong>invius</strong></span> <span class='ocrx_word' id='word_1_187' title='bbox 643 1504 650 1522; x_wconf 91' lang='lat'><strong>:</strong></span> <span class='ocrx_word' id='word_1_188' title='bbox 668 1495 802 1530; x_wconf 83' lang='lat' dir='ltr'><strong>siquidem</strong></span> <span class='ocrx_word' id='word_1_189' title='bbox 817 1496 903 1531; x_wconf 89' lang='lat' dir='ltr'><strong>spinis</strong></span> <span class='ocrx_word' id='word_1_190' title='bbox 917 1496 1014 1532; x_wconf 89' lang='lat' dir='ltr'><strong>impie-</strong></span> 
     </span>
    </p>
   </div>
   <div class='ocr_carea' id='block_1_30' title="bbox 818 145 1257 176">
    <p class='ocr_par' dir='ltr' id='par_1_30' title="bbox 818 145 1257 176">
     <span class='ocr_line' id='line_1_30' title="bbox 818 145 1257 176; baseline 0.002 -1"><span class='ocrx_word' id='word_1_191' title='bbox 818 145 999 176; x_wconf 76' lang='lat' dir='ltr'><strong>HESYCHII</strong></span> <span class='ocrx_word' id='word_1_192' title='bbox 1019 146 1257 176; x_wconf 76' lang='lat' dir='ltr'><strong>PRESBYTERI</strong></span> 
     </span>
    </p>
   </div>
   <div class='ocr_carea' id='block_1_31' title="bbox 1789 143 1858 178">
    <p class='ocr_par' dir='ltr' id='par_1_31' title="bbox 1789 143 1858 178">
     <span class='ocr_line' id='line_1_31' title="bbox 1789 143 1858 178; baseline 0.029 -2"><span class='ocrx_word' id='word_1_193' title='bbox 1789 143 1858 178; x_wconf 84' lang='lat'><strong>1308</strong></span> 
     </span>
    </p>
   </div>
   <div class='ocr_carea' id='block_1_32' title="bbox 1025 205 1485 241">
    <p class='ocr_par' dir='ltr' id='par_1_32' title="bbox 1025 205 1485 241">
     <span class='ocr_line' id='line_1_32' title="bbox 1025 205 1485 241; baseline -0.002 -10"><span class='ocrx_word' id='word_1_194' title='bbox 1025 205 1049 234; x_wconf 85' lang='lat' dir='ltr'><strong>A</strong></span> <span class='ocrx_word' id='word_1_195' title='bbox 1100 215 1111 231; x_wconf 75' lang='grc' dir='ltr'><strong>ι</strong></span> <span class='ocrx_word' id='word_1_196' title='bbox 1127 205 1182 232; x_wconf 79' lang='grc' dir='ltr'><strong>Καὶ</strong></span> <span class='ocrx_word' id='word_1_197' title='bbox 1199 205 1332 241; x_wconf 80' lang='grc' dir='ltr'>ἐσπειραν</span> <span class='ocrx_word' id='word_1_198' title='bbox 1345 205 1455 240; x_wconf 69' lang='grc' dir='ltr'>ἀγρούς.</span> <span class='ocrx_word' id='word_1_199' title='bbox 1475 213 1485 229; x_wconf 68' lang='grc' dir='ltr'><strong>ι</strong></span> 
     </span>
    </p>
   </div>
   <div class='ocr_carea' id='block_1_33' title="bbox 1102 249 1860 286">
    <p class='ocr_par' dir='ltr' id='par_1_33' title="bbox 1102 249 1860 286">
     <span class='ocr_line' id='line_1_33' title="bbox 1102 249 1860 286; baseline -0.001 -9"><span class='ocrx_word' id='word_1_200' title='bbox 1102 250 1200 285; x_wconf 78' lang='grc' dir='ltr'>’Δγρδς</span> <span class='ocrx_word' id='word_1_201' title='bbox 1219 251 1267 286; x_wconf 72' lang='grc' dir='ltr'>μὲν</span> <span class='ocrx_word' id='word_1_202' title='bbox 1279 249 1325 277; x_wconf 80' lang='grc' dir='ltr'>οὖν</span> <span class='ocrx_word' id='word_1_203' title='bbox 1335 251 1409 277; x_wconf 82' lang='grc' dir='ltr'>ἐστιν</span> <span class='ocrx_word' id='word_1_204' title='bbox 1422 251 1438 286; x_wconf 80' lang='grc' dir='ltr'>ἡ</span> <span class='ocrx_word' id='word_1_205' title='bbox 1449 249 1621 285; x_wconf 80' lang='grc' dir='ltr'>φιλοσοφίαὴ</span> <span class='ocrx_word' id='word_1_206' title='bbox 1637 249 1707 284; x_wconf 73' lang='grc' dir='ltr'>πρὸς</span> <span class='ocrx_word' id='word_1_207' title='bbox 1721 249 1770 284; x_wconf 78' lang='grc' dir='ltr'><strong>τὴν</strong></span> <span class='ocrx_word' id='word_1_208' title='bbox 1780 249 1860 284; x_wconf 81' lang='grc' dir='ltr'>βασι-</span> 
     </span>
    </p>
   </div>
   <div class='ocr_carea' id='block_1_34' title="bbox 1061 295 1858 332">
    <p class='ocr_par' dir='ltr' id='par_1_34' title="bbox 1061 295 1858 332">
     <span class='ocr_line' id='line_1_34' title="bbox 1061 295 1858 332; baseline -0.001 -9"><span class='ocrx_word' id='word_1_209' title='bbox 1061 297 1134 324; x_wconf 82' lang='grc' dir='ltr'>λείαν</span> <span class='ocrx_word' id='word_1_210' title='bbox 1158 297 1213 323; x_wconf 88' lang='grc' dir='ltr'>τῶν</span> <span class='ocrx_word' id='word_1_211' title='bbox 1235 297 1357 332; x_wconf 82' lang='grc' dir='ltr'><strong>οὐρανῶν</strong></span> <span class='ocrx_word' id='word_1_212' title='bbox 1381 297 1541 331; x_wconf 83' lang='grc' dir='ltr'>ἀπάγουσα.</span> <span class='ocrx_word' id='word_1_213' title='bbox 1565 296 1635 331; x_wconf 82' lang='grc' dir='ltr'><strong>Φησὶ</strong></span> <span class='ocrx_word' id='word_1_214' title='bbox 1657 295 1712 331; x_wconf 83' lang='grc' dir='ltr'><strong>γὰρ</strong></span> <span class='ocrx_word' id='word_1_215' title='bbox 1734 295 1823 328; x_wconf 82' lang='grc' dir='ltr'>οὓτως</span> <span class='ocrx_word' id='word_1_216' title='bbox 1843 297 1858 323; x_wconf 81' lang='grc' dir='ltr'>ὁ</span> 
     </span>
    </p>
   </div>
   <div class='ocr_carea' id='block_1_35' title="bbox 1062 341 1859 378">
    <p class='ocr_par' dir='ltr' id='par_1_35' title="bbox 1062 341 1859 378">
     <span class='ocr_line' id='line_1_35' title="bbox 1062 341 1859 378; baseline -0.001 -8"><span class='ocrx_word' id='word_1_217' title='bbox 1062 343 1181 378; x_wconf 81' lang='grc' dir='ltr'>Κύριος·</span> <span class='ocrx_word' id='word_1_218' title='bbox 1207 344 1311 378; x_wconf 79' lang='grc' dir='ltr'>Ὅμοια</span> <span class='ocrx_word' id='word_1_219' title='bbox 1328 343 1415 370; x_wconf 80' lang='grc' dir='ltr'>ἐστὶν</span> <span class='ocrx_word' id='word_1_220' title='bbox 1437 343 1456 377; x_wconf 69' lang='lat'><strong>1)</strong></span> <span class='ocrx_word' id='word_1_221' title='bbox 1480 342 1627 375; x_wconf 78' lang='grc' dir='ltr'>,βασιλεία</span> <span class='ocrx_word' id='word_1_222' title='bbox 1642 342 1701 369; x_wconf 82' lang='grc' dir='ltr'>τῶν</span> <span class='ocrx_word' id='word_1_223' title='bbox 1720 341 1859 376; x_wconf 79' lang='grc' dir='ltr'><strong>οὐρανῶν</strong></span> 
     </span>
    </p>
   </div>
   <div class='ocr_carea' id='block_1_36' title="bbox 1062 387 1858 424">
    <p class='ocr_par' dir='ltr' id='par_1_36' title="bbox 1062 387 1858 424">
     <span class='ocr_line' id='line_1_36' title="bbox 1062 387 1858 424; baseline -0.003 -8"><span class='ocrx_word' id='word_1_224' title='bbox 1062 389 1203 423; x_wconf 75' lang='grc' dir='ltr'><strong>θησαυρῷ</strong></span> <span class='ocrx_word' id='word_1_225' title='bbox 1214 389 1248 416; x_wconf 84' lang='grc' dir='ltr'><strong>ὲν</strong></span> <span class='ocrx_word' id='word_1_226' title='bbox 1262 388 1342 424; x_wconf 69' lang='grc' dir='ltr'>ἀγερῷ</span> <span class='ocrx_word' id='word_1_227' title='bbox 1359 389 1552 423; x_wconf 73' lang='grc' dir='ltr'><strong>κεκρυμμένῳ</strong></span> <span class='ocrx_word' id='word_1_228' title='bbox 1561 397 1567 405; x_wconf 93' lang='grc'>·</span> <span class='ocrx_word' id='word_1_229' title='bbox 1586 387 1623 415; x_wconf 80' lang='grc' dir='ltr'><strong>ὃν</strong></span> <span class='ocrx_word' id='word_1_230' title='bbox 1637 388 1735 422; x_wconf 80' lang='grc' dir='ltr'>εὑρὼν</span> <span class='ocrx_word' id='word_1_231' title='bbox 1749 388 1858 422; x_wconf 78' lang='grc' dir='ltr'>ἀνθρω-</span> 
     </span>
    </p>
   </div>
   <div class='ocr_carea' id='block_1_37' title="bbox 1062 433 1858 469">
    <p class='ocr_par' dir='ltr' id='par_1_37' title="bbox 1062 433 1858 469">
     <span class='ocr_line' id='line_1_37' title="bbox 1062 433 1858 469; baseline -0.001 -9"><span class='ocrx_word' id='word_1_232' title='bbox 1062 441 1119 467; x_wconf 77' lang='grc' dir='ltr'><strong>πος</strong></span> <span class='ocrx_word' id='word_1_233' title='bbox 1137 435 1261 468; x_wconf 70' lang='grc' dir='ltr'>ἔκρυψε,</span> <span class='ocrx_word' id='word_1_234' title='bbox 1277 435 1326 461; x_wconf 74' lang='grc' dir='ltr'>καὶ</span> <span class='ocrx_word' id='word_1_235' title='bbox 1348 434 1408 462; x_wconf 82' lang='grc' dir='ltr'><strong>ἀπὸ</strong></span> <span class='ocrx_word' id='word_1_236' title='bbox 1433 433 1488 469; x_wconf 80' lang='grc' dir='ltr'>τῆς</span> <span class='ocrx_word' id='word_1_237' title='bbox 1510 433 1606 469; x_wconf 74' lang='grc' dir='ltr'>χαρᾶς</span> <span class='ocrx_word' id='word_1_238' title='bbox 1634 433 1728 460; x_wconf 78' lang='grc' dir='ltr'>αὑτοῦ</span> <span class='ocrx_word' id='word_1_239' title='bbox 1747 433 1858 469; x_wconf 68' lang='grc' dir='ltr'>ὑπάγει</span> 
     </span>
    </p>
   </div>
   <div class='ocr_carea' id='block_1_38' title="bbox 1062 477 1858 514">
    <p class='ocr_par' dir='ltr' id='par_1_38' title="bbox 1062 477 1858 514">
     <span class='ocr_line' id='line_1_38' title="bbox 1062 477 1858 514; baseline -0.003 -7"><span class='ocrx_word' id='word_1_240' title='bbox 1062 480 1117 507; x_wconf 77' lang='grc' dir='ltr'><strong>καὶ</strong></span> <span class='ocrx_word' id='word_1_241' title='bbox 1133 480 1228 507; x_wconf 61' lang='lat' dir='ltr'><strong>mods?</strong></span> <span class='ocrx_word' id='word_1_242' title='bbox 1250 480 1351 508; x_wconf 81' lang='grc' dir='ltr'>πάντα</span> <span class='ocrx_word' id='word_1_243' title='bbox 1378 480 1438 507; x_wconf 81' lang='grc' dir='ltr'>ὅσα</span> <span class='ocrx_word' id='word_1_244' title='bbox 1463 479 1545 514; x_wconf 72' lang='grc' dir='ltr'>ἔχει,</span> <span class='ocrx_word' id='word_1_245' title='bbox 1570 479 1620 507; x_wconf 78' lang='grc' dir='ltr'>καὶ</span> <span class='ocrx_word' id='word_1_246' title='bbox 1644 477 1779 514; x_wconf 74' lang='grc' dir='ltr'>ἀγοράζει</span> <span class='ocrx_word' id='word_1_247' title='bbox 1803 478 1858 506; x_wconf 79' lang='grc' dir='ltr'><strong>τὸν</strong></span> 
     </span>
    </p>
   </div>
   <div class='ocr_carea' id='block_1_39' title="bbox 1062 524 1853 564">
    <p class='ocr_par' dir='ltr' id='par_1_39' title="bbox 1062 524 1853 564">
     <span class='ocr_line' id='line_1_39' title="bbox 1062 524 1853 564; baseline -0.004 -10"><span class='ocrx_word' id='word_1_248' title='bbox 1062 527 1155 562; x_wconf 66' lang='grc' dir='ltr'>ἀπρὸν</span> <span class='ocrx_word' id='word_1_249' title='bbox 1177 527 1304 555; x_wconf 74' lang='grc' dir='ltr'><strong>ἐκεῖνον.</strong></span> <span class='ocrx_word' id='word_1_250' title='bbox 1321 527 1386 564; x_wconf 60' lang='grc' dir='ltr'><strong>Τὴνη</strong></span> <span class='ocrx_word' id='word_1_251' title='bbox 1398 527 1483 563; x_wconf 82' lang='grc' dir='ltr'>αὐτὴν</span> <span class='ocrx_word' id='word_1_252' title='bbox 1503 527 1551 553; x_wconf 80' lang='grc' dir='ltr'>καὶ</span> <span class='ocrx_word' id='word_1_253' title='bbox 1574 525 1725 562; x_wconf 78' lang='grc' dir='ltr'><strong>ἀμπελῶνα</strong></span> <span class='ocrx_word' id='word_1_254' title='bbox 1746 524 1791 552; x_wconf 84' lang='grc' dir='ltr'><strong>διὰ</strong></span> <span class='ocrx_word' id='word_1_255' title='bbox 1803 526 1853 561; x_wconf 83' lang='grc' dir='ltr'>τῆς</span> 
     </span>
    </p>
   </div>
   <div class='ocr_carea' id='block_1_40' title="bbox 1063 571 1855 610">
    <p class='ocr_par' dir='ltr' id='par_1_40' title="bbox 1063 571 1855 610">
     <span class='ocr_line' id='line_1_40' title="bbox 1063 571 1855 610; baseline -0.003 -10"><span class='ocrx_word' id='word_1_256' title='bbox 1063 574 1221 610; x_wconf 77' lang='grc' dir='ltr'>παραϐολῆς</span> <span class='ocrx_word' id='word_1_257' title='bbox 1237 574 1292 601; x_wconf 86' lang='grc' dir='ltr'><strong>τῶν</strong></span> <span class='ocrx_word' id='word_1_258' title='bbox 1310 574 1434 610; x_wconf 79' lang='grc' dir='ltr'>ἐργατῶν</span> <span class='ocrx_word' id='word_1_259' title='bbox 1455 574 1510 600; x_wconf 84' lang='grc' dir='ltr'>τῶν</span> <span class='ocrx_word' id='word_1_260' title='bbox 1536 572 1729 609; x_wconf 78' lang='grc' dir='ltr'>μισθωθέντων</span> <span class='ocrx_word' id='word_1_261' title='bbox 1750 571 1855 604; x_wconf 75' lang='grc' dir='ltr'>ἔδειξε.</span> 
     </span>
    </p>
   </div>
   <div class='ocr_carea' id='block_1_41' title="bbox 1062 618 1842 656">
    <p class='ocr_par' dir='ltr' id='par_1_41' title="bbox 1062 618 1842 656">
     <span class='ocr_line' id='line_1_41' title="bbox 1062 618 1842 656; baseline -0.001 -10"><span class='ocrx_word' id='word_1_262' title='bbox 1062 621 1168 655; x_wconf 74' lang='grc' dir='ltr'>καρπὸν</span> <span class='ocrx_word' id='word_1_263' title='bbox 1180 621 1208 647; x_wconf 80' lang='grc' dir='ltr'>δὲ</span> <span class='ocrx_word' id='word_1_264' title='bbox 1220 621 1388 656; x_wconf 77' lang='grc' dir='ltr'><strong>γεννήματος</strong></span> <span class='ocrx_word' id='word_1_265' title='bbox 1398 620 1449 656; x_wconf 60' lang='grc' dir='ltr'>,τὸν</span> <span class='ocrx_word' id='word_1_266' title='bbox 1459 621 1488 647; x_wconf 84' lang='grc' dir='ltr'>ὲν</span> <span class='ocrx_word' id='word_1_267' title='bbox 1505 619 1652 655; x_wconf 80' lang='grc' dir='ltr'>τριάκοντα</span> <span class='ocrx_word' id='word_1_268' title='bbox 1670 619 1716 646; x_wconf 72' lang='grc' dir='ltr'>καὶ</span> <span class='ocrx_word' id='word_1_269' title='bbox 1730 619 1759 645; x_wconf 83' lang='grc' dir='ltr'>ὲν</span> <span class='ocrx_word' id='word_1_270' title='bbox 1777 618 1842 654; x_wconf 77' lang='grc' dir='ltr'><strong>ἑξή-</strong></span> 
     </span>
    </p>
   </div>
   <div class='ocr_carea' id='block_1_42' title="bbox 1063 664 1850 702">
    <p class='ocr_par' dir='ltr' id='par_1_42' title="bbox 1063 664 1850 702">
     <span class='ocr_line' id='line_1_42' title="bbox 1063 664 1850 702; baseline -0.004 -8"><span class='ocrx_word' id='word_1_271' title='bbox 1063 677 1145 694; x_wconf 87' lang='grc' dir='ltr'>κοντα</span> <span class='ocrx_word' id='word_1_272' title='bbox 1172 669 1218 694; x_wconf 65' lang='grc' dir='ltr'>καὶ</span> <span class='ocrx_word' id='word_1_273' title='bbox 1236 668 1333 694; x_wconf 72' lang='grc' dir='ltr'>ἑκατὸν</span> <span class='ocrx_word' id='word_1_274' title='bbox 1346 667 1457 702; x_wconf 75' lang='grc' dir='ltr'>εὔδηλον</span> <span class='ocrx_word' id='word_1_275' title='bbox 1472 667 1510 698; x_wconf 83' lang='grc' dir='ltr'>ὡς</span> <span class='ocrx_word' id='word_1_276' title='bbox 1527 664 1697 701; x_wconf 71' lang='grc' dir='ltr'>γεωργοῦσιν</span> <span class='ocrx_word' id='word_1_277' title='bbox 1712 665 1736 691; x_wconf 78' lang='lat' dir='ltr'><strong>at</strong></span> <span class='ocrx_word' id='word_1_278' title='bbox 1753 665 1804 700; x_wconf 78' lang='grc' dir='ltr'><strong>τὴν</strong></span> <span class='ocrx_word' id='word_1_279' title='bbox 1821 665 1850 692; x_wconf 77' lang='grc' dir='ltr'>ὲν</span> 
     </span>
    </p>
   </div>
   <div class='ocr_carea' id='block_1_43' title="bbox 1062 709 1903 751">
    <p class='ocr_par' dir='ltr' id='par_1_43' title="bbox 1062 709 1903 751">
     <span class='ocr_line' id='line_1_43' title="bbox 1062 709 1903 751; baseline -0.005 -12"><span class='ocrx_word' id='word_1_280' title='bbox 1062 713 1172 749; x_wconf 81' lang='grc' dir='ltr'>Χριστῷ</span> <span class='ocrx_word' id='word_1_281' title='bbox 1188 712 1348 747; x_wconf 76' lang='grc' dir='ltr'><strong>φιλοσοφίαν</strong></span> <span class='ocrx_word' id='word_1_282' title='bbox 1362 712 1570 748; x_wconf 79' lang='grc' dir='ltr'><strong>μελετήσαντες,</strong></span> <span class='ocrx_word' id='word_1_283' title='bbox 1583 710 1629 737; x_wconf 79' lang='grc' dir='ltr'>καὶ</span> <span class='ocrx_word' id='word_1_284' title='bbox 1643 710 1746 745; x_wconf 82' lang='grc' dir='ltr'>ἀρετὰς</span> <span class='ocrx_word' id='word_1_285' title='bbox 1761 710 1791 736; x_wconf 81' lang='grc' dir='ltr'>ἐν</span> <span class='ocrx_word' id='word_1_286' title='bbox 1805 709 1856 736; x_wconf 88' lang='grc' dir='ltr'><strong>αὑ-</strong></span> <span class='ocrx_word' id='word_1_287' title='bbox 1899 749 1903 751; x_wconf 68' lang='lat'>_</span> 
     </span>
    </p>
   </div>
   <div class='ocr_carea' id='block_1_44' title="bbox 1061 758 1379 794">
    <p class='ocr_par' dir='ltr' id='par_1_44' title="bbox 1061 758 1379 794">
     <span class='ocr_line' id='line_1_44' title="bbox 1061 758 1379 794; baseline 0 -10"><span class='ocrx_word' id='word_1_288' title='bbox 1061 760 1095 794; x_wconf 80' lang='grc' dir='ltr'><strong>τῇ</strong></span> <span class='ocrx_word' id='word_1_289' title='bbox 1111 758 1379 793; x_wconf 66' lang='grc' dir='ltr'>καταφυτεέσαντες.</span> 
     </span>
    </p>
   </div>
   <div class='ocr_carea' id='block_1_45' title="bbox 1101 801 1818 840">
    <p class='ocr_par' dir='ltr' id='par_1_45' title="bbox 1101 801 1818 840">
     <span class='ocr_line' id='line_1_45' title="bbox 1101 801 1818 840; baseline -0.001 -10"><span class='ocrx_word' id='word_1_290' title='bbox 1101 814 1110 830; x_wconf 77' lang='grc' dir='ltr'><strong>ι</strong></span> <span class='ocrx_word' id='word_1_291' title='bbox 1132 804 1187 831; x_wconf 77' lang='grc' dir='ltr'><strong>Καὶ</strong></span> <span class='ocrx_word' id='word_1_292' title='bbox 1203 801 1350 839; x_wconf 76' lang='grc' dir='ltr'>εὗλὸγησεν</span> <span class='ocrx_word' id='word_1_293' title='bbox 1368 804 1480 836; x_wconf 81' lang='grc' dir='ltr'>αὐτοὺς,</span> <span class='ocrx_word' id='word_1_294' title='bbox 1500 803 1548 831; x_wconf 83' lang='grc' dir='ltr'>καὶ</span> <span class='ocrx_word' id='word_1_295' title='bbox 1563 802 1786 840; x_wconf 79' lang='grc' dir='ltr'>ἐπληθύνϐησαν.</span> <span class='ocrx_word' id='word_1_296' title='bbox 1809 812 1818 828; x_wconf 79' lang='grc' dir='ltr'><strong>ι</strong></span> 
     </span>
    </p>
   </div>
   <div class='ocr_carea' id='block_1_46' title="bbox 1106 888 1858 930">
    <p class='ocr_par' dir='ltr' id='par_1_46' title="bbox 1106 888 1858 930">
     <span class='ocr_line' id='line_1_46' title="bbox 1106 888 1858 930; baseline -0.005 -9"><span class='ocrx_word' id='word_1_297' title='bbox 1106 895 1172 921; x_wconf 67' lang='grc' dir='ltr'><strong>Ἀπὸ</strong></span> <span class='ocrx_word' id='word_1_298' title='bbox 1187 895 1241 930; x_wconf 72' lang='grc' dir='ltr'><strong>γὰρ</strong></span> <span class='ocrx_word' id='word_1_299' title='bbox 1254 888 1359 920; x_wconf 74' lang='grc' dir='ltr'>δώδεκα</span> <span class='ocrx_word' id='word_1_300' title='bbox 1377 893 1393 928; x_wconf 81' lang='grc' dir='ltr'>ἦ</span> <span class='ocrx_word' id='word_1_301' title='bbox 1413 893 1493 928; x_wconf 75' lang='grc' dir='ltr'>τυχὸν</span> <span class='ocrx_word' id='word_1_302' title='bbox 1510 892 1695 928; x_wconf 76' lang='grc' dir='ltr'>ἐϐδομήκοντα</span> <span class='ocrx_word' id='word_1_303' title='bbox 1715 892 1755 923; x_wconf 81' lang='grc' dir='ltr'><strong>εἰς</strong></span> <span class='ocrx_word' id='word_1_304' title='bbox 1769 891 1858 926; x_wconf 81' lang='grc' dir='ltr'>χιλιά-</span> 
     </span>
    </p>
   </div>
   <div class='ocr_carea' id='block_1_47' title="bbox 1064 937 1856 976">
    <p class='ocr_par' dir='ltr' id='par_1_47' title="bbox 1064 937 1856 976">
     <span class='ocr_line' id='line_1_47' title="bbox 1064 937 1856 976; baseline -0.006 -8"><span class='ocrx_word' id='word_1_305' title='bbox 1064 941 1112 973; x_wconf 88' lang='grc' dir='ltr'><strong>δας</strong></span> <span class='ocrx_word' id='word_1_306' title='bbox 1136 942 1229 976; x_wconf 67' lang='grc' dir='ltr'>τρεῖς,</span> <span class='ocrx_word' id='word_1_307' title='bbox 1250 939 1309 966; x_wconf 67' lang='grc' dir='ltr'>εἶτα</span> <span class='ocrx_word' id='word_1_308' title='bbox 1336 939 1429 972; x_wconf 80' lang='grc' dir='ltr'><strong>πέντε,</strong></span> <span class='ocrx_word' id='word_1_309' title='bbox 1450 938 1510 966; x_wconf 68' lang='grc' dir='ltr'>εἶτα</span> <span class='ocrx_word' id='word_1_310' title='bbox 1532 938 1631 974; x_wconf 83' lang='grc' dir='ltr'>μυρίας</span> <span class='ocrx_word' id='word_1_311' title='bbox 1661 939 1728 970; x_wconf 83' lang='grc' dir='ltr'>ὅσας</span> <span class='ocrx_word' id='word_1_312' title='bbox 1746 937 1856 974; x_wconf 82' lang='grc' dir='ltr'>ὁρῶμεν</span> 
     </span>
    </p>
   </div>
   <div class='ocr_carea' id='block_1_48' title="bbox 1066 983 1859 1022">
    <p class='ocr_par' dir='ltr' id='par_1_48' title="bbox 1066 983 1859 1022">
     <span class='ocr_line' id='line_1_48' title="bbox 1066 983 1859 1022; baseline -0.005 -8"><span class='ocrx_word' id='word_1_313' title='bbox 1066 986 1239 1022; x_wconf 78' lang='grc' dir='ltr'>προέχοψαν·</span> <span class='ocrx_word' id='word_1_314' title='bbox 1255 985 1383 1018; x_wconf 71' lang='grc' dir='ltr'>οὕστινας</span> <span class='ocrx_word' id='word_1_315' title='bbox 1402 986 1489 1020; x_wconf 88' lang='grc' dir='ltr'><strong>κτήνη</strong></span> <span class='ocrx_word' id='word_1_316' title='bbox 1512 985 1566 1012; x_wconf 84' lang='grc' dir='ltr'><strong>τῶν</strong></span> <span class='ocrx_word' id='word_1_317' title='bbox 1601 984 1762 1012; x_wconf 76' lang='grc' dir='ltr'><strong>ἀποστόλων</strong></span> <span class='ocrx_word' id='word_1_318' title='bbox 1784 983 1859 1010; x_wconf 77' lang='grc' dir='ltr'>εἰκό-</span> 
     </span>
    </p>
   </div>
   <div class='ocr_carea' id='block_1_49' title="bbox 1063 1031 1748 1068">
    <p class='ocr_par' dir='ltr' id='par_1_49' title="bbox 1063 1031 1748 1068">
     <span class='ocr_line' id='line_1_49' title="bbox 1063 1031 1748 1068; baseline -0.003 -8"><span class='ocrx_word' id='word_1_319' title='bbox 1063 1042 1128 1067; x_wconf 81' lang='grc' dir='ltr'>τως,</span> <span class='ocrx_word' id='word_1_320' title='bbox 1143 1033 1180 1064; x_wconf 75' lang='grc' dir='ltr'>ὡς</span> <span class='ocrx_word' id='word_1_321' title='bbox 1195 1033 1240 1060; x_wconf 82' lang='grc' dir='ltr'><strong>ὑπ’</strong></span> <span class='ocrx_word' id='word_1_322' title='bbox 1252 1032 1342 1059; x_wconf 76' lang='grc' dir='ltr'>αὐτῶν</span> <span class='ocrx_word' id='word_1_323' title='bbox 1356 1031 1591 1068; x_wconf 79' lang='grc' dir='ltr'>μσθητευθέντας,</span> <span class='ocrx_word' id='word_1_324' title='bbox 1607 1031 1748 1058; x_wconf 75' lang='grc' dir='ltr'>ἐκάλεσεν.</span> 
     </span>
    </p>
   </div>
   <div class='ocr_carea' id='block_1_50' title="bbox 1104 1120 1811 1158">
    <p class='ocr_par' dir='ltr' id='par_1_50' title="bbox 1104 1120 1811 1158">
     <span class='ocr_line' id='line_1_50' title="bbox 1104 1120 1811 1158; baseline -0.004 -9"><span class='ocrx_word' id='word_1_325' title='bbox 1104 1132 1112 1148; x_wconf 83' lang='grc' dir='ltr'><strong>ι</strong></span> <span class='ocrx_word' id='word_1_326' title='bbox 1138 1122 1268 1158; x_wconf 76' lang='grc' dir='ltr'>Ἐξεχύοη</span> <span class='ocrx_word' id='word_1_327' title='bbox 1280 1122 1455 1156; x_wconf 80' lang='grc' dir='ltr'>ὲξουδένωσις</span> <span class='ocrx_word' id='word_1_328' title='bbox 1473 1122 1517 1148; x_wconf 76' lang='grc' dir='ltr'><strong>ἐπ’</strong></span> <span class='ocrx_word' id='word_1_329' title='bbox 1529 1122 1662 1157; x_wconf 76' lang='grc' dir='ltr'>ἄρχοντας</span> <span class='ocrx_word' id='word_1_330' title='bbox 1679 1120 1780 1147; x_wconf 79' lang='grc' dir='ltr'>αὐτῶν.</span> <span class='ocrx_word' id='word_1_331' title='bbox 1799 1129 1811 1147; x_wconf 66' lang='grc' dir='ltr'><strong>ι</strong></span> 
     </span>
    </p>
   </div>
   <div class='ocr_carea' id='block_1_51' title="bbox 1100 1209 1857 1246">
    <p class='ocr_par' dir='ltr' id='par_1_51' title="bbox 1100 1209 1857 1246">
     <span class='ocr_line' id='line_1_51' title="bbox 1100 1209 1857 1246; baseline -0.007 -6"><span class='ocrx_word' id='word_1_332' title='bbox 1100 1213 1168 1245; x_wconf 75' lang='grc' dir='ltr'>Τοὺς</span> <span class='ocrx_word' id='word_1_333' title='bbox 1199 1212 1308 1239; x_wconf 76' lang='grc' dir='ltr'>ἁσεϐεἶν</span> <span class='ocrx_word' id='word_1_334' title='bbox 1339 1211 1582 1246; x_wconf 77' lang='grc' dir='ltr'><strong>προτρεπομένους</strong></span> <span class='ocrx_word' id='word_1_335' title='bbox 1610 1210 1674 1241; x_wconf 78' lang='grc' dir='ltr'>τοὺς</span> <span class='ocrx_word' id='word_1_336' title='bbox 1701 1209 1857 1244; x_wconf 76' lang='grc' dir='ltr'>μάρτυρας.</span> 
     </span>
    </p>
   </div>
   <div class='ocr_carea' id='block_1_52' title="bbox 1070 1255 1856 1293">
    <p class='ocr_par' dir='ltr' id='par_1_52' title="bbox 1070 1255 1856 1293">
     <span class='ocr_line' id='line_1_52' title="bbox 1070 1255 1856 1293; baseline -0.008 -8"><span class='ocrx_word' id='word_1_337' title='bbox 1070 1258 1270 1293; x_wconf 83' lang='grc' dir='ltr'>Ἐνισταμένων</span> <span class='ocrx_word' id='word_1_338' title='bbox 1290 1257 1345 1292; x_wconf 77' lang='grc' dir='ltr'><strong>γὰρ</strong></span> <span class='ocrx_word' id='word_1_339' title='bbox 1376 1256 1467 1283; x_wconf 85' lang='grc' dir='ltr'>αὐτῶν</span> <span class='ocrx_word' id='word_1_340' title='bbox 1484 1255 1523 1291; x_wconf 82' lang='grc' dir='ltr'>τῷ</span> <span class='ocrx_word' id='word_1_341' title='bbox 1539 1255 1614 1291; x_wconf 80' lang='grc' dir='ltr'>ζήλῳ</span> <span class='ocrx_word' id='word_1_342' title='bbox 1628 1255 1678 1289; x_wconf 78' lang='grc' dir='ltr'>τῆς</span> <span class='ocrx_word' id='word_1_343' title='bbox 1689 1255 1824 1288; x_wconf 71' lang='grc' dir='ltr'>πίστεως,</span> <span class='ocrx_word' id='word_1_344' title='bbox 1839 1255 1856 1288; x_wconf 85' lang='grc' dir='ltr'>ἡ</span> 
     </span>
    </p>
   </div>
   <div class='ocr_carea' id='block_1_53' title="bbox 1063 1301 1860 1341">
    <p class='ocr_par' dir='ltr' id='par_1_53' title="bbox 1063 1301 1860 1341">
     <span class='ocr_line' id='line_1_53' title="bbox 1063 1301 1860 1341; baseline -0.008 -9"><span class='ocrx_word' id='word_1_345' title='bbox 1063 1305 1119 1332; x_wconf 81' lang='grc' dir='ltr'>τῶν</span> <span class='ocrx_word' id='word_1_346' title='bbox 1132 1304 1273 1341; x_wconf 84' lang='grc' dir='ltr'>ἀρχόντων</span> <span class='ocrx_word' id='word_1_347' title='bbox 1282 1303 1466 1336; x_wconf 79' lang='grc' dir='ltr'>ὲξουδένωσις,</span> <span class='ocrx_word' id='word_1_348' title='bbox 1474 1303 1613 1329; x_wconf 80' lang='grc' dir='ltr'><strong>τουτέστιν</strong></span> <span class='ocrx_word' id='word_1_349' title='bbox 1626 1301 1799 1336; x_wconf 72' lang='grc' dir='ltr'>όφαυλισμὸς</span> <span class='ocrx_word' id='word_1_350' title='bbox 1811 1301 1860 1326; x_wconf 81' lang='grc' dir='ltr'>καὶ</span> 
     </span>
    </p>
   </div>
   <div class='ocr_carea' id='block_1_54' title="bbox 1064 1345 1857 1386">
    <p class='ocr_par' dir='ltr' id='par_1_54' title="bbox 1064 1345 1857 1386">
     <span class='ocr_line' id='line_1_54' title="bbox 1064 1345 1857 1386; baseline -0.005 -9"><span class='ocrx_word' id='word_1_351' title='bbox 1064 1352 1081 1386; x_wconf 83' lang='grc' dir='ltr'>ὴ</span> <span class='ocrx_word' id='word_1_352' title='bbox 1093 1351 1227 1382; x_wconf 79' lang='grc' dir='ltr'><strong>εὐτέλεια,</strong></span> <span class='ocrx_word' id='word_1_353' title='bbox 1247 1349 1375 1385; x_wconf 80' lang='grc' dir='ltr'>ἐξεχεῖτο,</span> <span class='ocrx_word' id='word_1_354' title='bbox 1389 1350 1436 1376; x_wconf 82' lang='grc' dir='ltr'>καὶ</span> <span class='ocrx_word' id='word_1_355' title='bbox 1449 1347 1625 1380; x_wconf 79' lang='grc' dir='ltr'>ὲπλεόναζεν.</span> <span class='ocrx_word' id='word_1_356' title='bbox 1642 1347 1700 1374; x_wconf 80' lang='grc' dir='ltr'>υὺκ</span> <span class='ocrx_word' id='word_1_357' title='bbox 1718 1345 1753 1382; x_wconf 81' lang='grc' dir='ltr'>ἦν</span> <span class='ocrx_word' id='word_1_358' title='bbox 1764 1347 1823 1378; x_wconf 75' lang='grc' dir='ltr'>ὁδὸς</span> <span class='ocrx_word' id='word_1_359' title='bbox 1839 1347 1857 1382; x_wconf 80' lang='grc' dir='ltr'><strong>ἡ</strong></span> 
     </span>
    </p>
   </div>
   <div class='ocr_carea' id='block_1_55' title="bbox 1064 1394 1860 1434">
    <p class='ocr_par' dir='ltr' id='par_1_55' title="bbox 1064 1394 1860 1434">
     <span class='ocr_line' id='line_1_55' title="bbox 1064 1394 1860 1434; baseline -0.008 -8"><span class='ocrx_word' id='word_1_360' title='bbox 1064 1399 1119 1426; x_wconf 84' lang='grc' dir='ltr'>τῶν</span> <span class='ocrx_word' id='word_1_361' title='bbox 1139 1398 1248 1425; x_wconf 78' lang='grc' dir='ltr'>ἁσεσῶν</span> <span class='ocrx_word' id='word_1_362' title='bbox 1266 1397 1406 1434; x_wconf 82' lang='grc' dir='ltr'>ἀρχόντων</span> <span class='ocrx_word' id='word_1_363' title='bbox 1426 1397 1572 1433; x_wconf 80' lang='grc' dir='ltr'>πρόθεσις·</span> <span class='ocrx_word' id='word_1_364' title='bbox 1593 1395 1654 1422; x_wconf 79' lang='grc' dir='ltr'>οὐδὲ</span> <span class='ocrx_word' id='word_1_365' title='bbox 1668 1395 1724 1431; x_wconf 82' lang='grc' dir='ltr'>γὰρ</span> <span class='ocrx_word' id='word_1_366' title='bbox 1741 1394 1860 1430; x_wconf 74' lang='grc' dir='ltr'>Χριστὸν</span> 
     </span>
    </p>
   </div>
   <div class='ocr_carea' id='block_1_56' title="bbox 1064 1441 1858 1481">
    <p class='ocr_par' dir='ltr' id='par_1_56' title="bbox 1064 1441 1858 1481">
     <span class='ocr_line' id='line_1_56' title="bbox 1064 1441 1858 1481; baseline -0.008 -9"><span class='ocrx_word' id='word_1_367' title='bbox 1064 1446 1114 1481; x_wconf 79' lang='grc' dir='ltr'>τὴν</span> <span class='ocrx_word' id='word_1_368' title='bbox 1128 1446 1213 1476; x_wconf 75' lang='grc' dir='ltr'>ὅντως</span> <span class='ocrx_word' id='word_1_369' title='bbox 1236 1445 1306 1479; x_wconf 79' lang='grc' dir='ltr'>ὁδὸν,</span> <span class='ocrx_word' id='word_1_370' title='bbox 1327 1444 1375 1472; x_wconf 85' lang='grc' dir='ltr'><strong>καὶ</strong></span> <span class='ocrx_word' id='word_1_371' title='bbox 1400 1443 1485 1479; x_wconf 78' lang='grc' dir='ltr'>ζωὴν,</span> <span class='ocrx_word' id='word_1_372' title='bbox 1510 1444 1558 1471; x_wconf 74' lang='grc' dir='ltr'>καὶ</span> <span class='ocrx_word' id='word_1_373' title='bbox 1578 1442 1725 1478; x_wconf 75' lang='grc' dir='ltr'>ἀλήθειαν,</span> <span class='ocrx_word' id='word_1_374' title='bbox 1747 1441 1858 1468; x_wconf 83' lang='grc' dir='ltr'>ὥδευον.</span> 
     </span>
    </p>
   </div>
   <div class='ocr_carea' id='block_1_57' title="bbox 1065 1487 1860 1528">
    <p class='ocr_par' dir='ltr' id='par_1_57' title="bbox 1065 1487 1860 1528">
     <span class='ocr_line' id='line_1_57' title="bbox 1065 1487 1860 1528; baseline -0.009 -8"><span class='ocrx_word' id='word_1_375' title='bbox 1065 1493 1166 1528; x_wconf 83' lang='grc' dir='ltr'>Διόπερ</span> <span class='ocrx_word' id='word_1_376' title='bbox 1185 1492 1288 1524; x_wconf 76' lang='grc' dir='ltr'>ἄϐατος</span> <span class='ocrx_word' id='word_1_377' title='bbox 1300 1492 1391 1519; x_wconf 77' lang='grc' dir='ltr'>αὐτῶν</span> <span class='ocrx_word' id='word_1_378' title='bbox 1412 1492 1426 1518; x_wconf 83' lang='grc' dir='ltr'>ὁ</span> <span class='ocrx_word' id='word_1_379' title='bbox 1449 1490 1550 1522; x_wconf 80' lang='grc' dir='ltr'>σκοπὸς</span> <span class='ocrx_word' id='word_1_380' title='bbox 1574 1490 1716 1525; x_wconf 80' lang='grc' dir='ltr'><strong>ὑπῆρχεν·</strong></span> <span class='ocrx_word' id='word_1_381' title='bbox 1733 1487 1860 1514; x_wconf 80' lang='grc' dir='ltr'>ἀκανθῶν</span> 
     </span>
    </p>
   </div>
   <div class='ocr_carea' id='block_1_58' title="bbox 222 1534 1016 1588">
    <p class='ocr_par' dir='ltr' id='par_1_58' title="bbox 222 1539 1014 1578">
     <span class='ocr_line' id='line_1_58' title="bbox 222 1539 1014 1578; baseline 0.006 -13"><span class='ocrx_word' id='word_1_382' title='bbox 222 1539 286 1566; x_wconf 81' lang='lat' dir='ltr'><strong>tatis</strong></span> <span class='ocrx_word' id='word_1_383' title='bbox 309 1547 341 1567; x_wconf 90' lang='lat' dir='ltr'><strong>ac</strong></span> <span class='ocrx_word' id='word_1_384' title='bbox 362 1539 469 1568; x_wconf 85' lang='lat' dir='ltr'><strong>tribulis</strong></span> <span class='ocrx_word' id='word_1_385' title='bbox 496 1541 660 1576; x_wconf 87' lang='lat' dir='ltr'><strong>opplebatur</strong></span> <span class='ocrx_word' id='word_1_386' title='bbox 681 1550 688 1569; x_wconf 91' lang='lat'><strong>:</strong></span> <span class='ocrx_word' id='word_1_387' title='bbox 710 1542 739 1568; x_wconf 92' lang='lat' dir='ltr'><strong>in</strong></span> <span class='ocrx_word' id='word_1_388' title='bbox 765 1550 819 1577; x_wconf 91' lang='lat' dir='ltr'><strong>quo</strong></span> <span class='ocrx_word' id='word_1_389' title='bbox 843 1542 916 1569; x_wconf 87' lang='lat' dir='ltr'><strong>Deus</strong></span> <span class='ocrx_word' id='word_1_390' title='bbox 941 1543 1014 1578; x_wconf 80' lang='lat' dir='ltr'><strong>ipsos</strong></span> 
     </span>
    </p>
   </div>
   <div class='ocr_carea' id='block_1_59' title="bbox 1066 1534 1862 1588">
    <p class='ocr_par' dir='ltr' id='par_1_59' title="bbox 1066 1534 1862 1574">
     <span class='ocr_line' id='line_1_59' title="bbox 1066 1534 1862 1574; baseline -0.009 -8"><span class='ocrx_word' id='word_1_391' title='bbox 1066 1539 1121 1574; x_wconf 83' lang='grc' dir='ltr'>γὰρ</span> <span class='ocrx_word' id='word_1_392' title='bbox 1130 1539 1185 1565; x_wconf 85' lang='grc' dir='ltr'>τῶν</span> <span class='ocrx_word' id='word_1_393' title='bbox 1206 1538 1235 1571; x_wconf 77' lang='grc' dir='ltr'>ἐξ</span> <span class='ocrx_word' id='word_1_394' title='bbox 1258 1537 1388 1569; x_wconf 77' lang='grc' dir='ltr'>ἀσεϐείας</span> <span class='ocrx_word' id='word_1_395' title='bbox 1405 1537 1452 1564; x_wconf 72' lang='grc' dir='ltr'>καὶ</span> <span class='ocrx_word' id='word_1_396' title='bbox 1470 1536 1604 1572; x_wconf 77' lang='grc' dir='ltr'>τριϐόλων</span> <span class='ocrx_word' id='word_1_397' title='bbox 1627 1535 1810 1571; x_wconf 76' lang='grc' dir='ltr'>πεπλήρωτο·</span> <span class='ocrx_word' id='word_1_398' title='bbox 1832 1534 1862 1559; x_wconf 77' lang='grc' dir='ltr'>ὲν</span> 
     </span>
    </p>
   </div>
   <div class='ocr_carea' id='block_1_60' title="bbox 223 1585 1013 1624">
    <p class='ocr_par' dir='ltr' id='par_1_60' title="bbox 223 1585 1013 1624">
     <span class='ocr_line' id='line_1_60' title="bbox 223 1585 1013 1624; baseline 0.008 -13"><span class='ocrx_word' id='word_1_399' title='bbox 223 1585 340 1620; x_wconf 84' lang='lat' dir='ltr'><strong>decepit.</strong></span> <span class='ocrx_word' id='word_1_400' title='bbox 363 1586 555 1614; x_wconf 83' lang='lat' dir='ltr'><strong>Existimantes</strong></span> <span class='ocrx_word' id='word_1_401' title='bbox 579 1589 652 1615; x_wconf 85' lang='lat' dir='ltr'><strong>enim</strong></span> <span class='ocrx_word' id='word_1_402' title='bbox 674 1595 703 1615; x_wconf 88' lang='lat' dir='ltr'><strong>se</strong></span> <span class='ocrx_word' id='word_1_403' title='bbox 722 1596 772 1622; x_wconf 85' lang='lat' dir='ltr'><strong>per</strong></span> <span class='ocrx_word' id='word_1_404' title='bbox 790 1592 938 1624; x_wconf 85' lang='lat' dir='ltr'><strong>martyrum</strong></span> <span class='ocrx_word' id='word_1_405' title='bbox 960 1597 1013 1617; x_wconf 65' lang='lat'><strong>(‘19-</strong></span> 
     </span>
    </p>
   </div>
   <div class='ocr_carea' id='block_1_61' title="bbox 223 1631 1013 1669">
    <p class='ocr_par' dir='ltr' id='par_1_61' title="bbox 223 1631 1013 1669">
     <span class='ocr_line' id='line_1_61' title="bbox 223 1631 1013 1669; baseline 0.006 -12"><span class='ocrx_word' id='word_1_406' title='bbox 223 1631 285 1658; x_wconf 85' lang='lat' dir='ltr'><strong>dem</strong></span> <span class='ocrx_word' id='word_1_407' title='bbox 302 1631 357 1666; x_wconf 81' lang='lat' dir='ltr'><strong>jam</strong></span> <span class='ocrx_word' id='word_1_408' title='bbox 381 1632 522 1660; x_wconf 82' lang='lat' dir='ltr'><strong>dilatatam</strong></span> <span class='ocrx_word' id='word_1_409' title='bbox 543 1641 575 1660; x_wconf 87' lang='lat' dir='ltr'><strong>ac</strong></span> <span class='ocrx_word' id='word_1_410' title='bbox 595 1639 752 1661; x_wconf 86' lang='lat' dir='ltr'><strong>currentem</strong></span> <span class='ocrx_word' id='word_1_411' title='bbox 772 1634 852 1661; x_wconf 85' lang='lat' dir='ltr'><strong>ﬁdem</strong></span> <span class='ocrx_word' id='word_1_412' title='bbox 870 1635 1013 1669; x_wconf 88' lang='lat' dir='ltr'><strong>incisuros,</strong></span> 
     </span>
    </p>
   </div>
   <div class='ocr_carea' id='block_1_62' title="bbox 223 1678 1015 1716">
    <p class='ocr_par' dir='ltr' id='par_1_62' title="bbox 223 1678 1015 1716">
     <span class='ocr_line' id='line_1_62' title="bbox 223 1678 1015 1716; baseline 0.008 -13"><span class='ocrx_word' id='word_1_413' title='bbox 223 1678 402 1710; x_wconf 80' lang='lat' dir='ltr'><strong>aberrarunt;</strong></span> <span class='ocrx_word' id='word_1_414' title='bbox 417 1679 639 1714; x_wconf 84' lang='lat' dir='ltr'><strong>quandoquidem</strong></span> <span class='ocrx_word' id='word_1_415' title='bbox 653 1680 704 1715; x_wconf 90' lang='lat' dir='ltr'><strong>ipsi</strong></span> <span class='ocrx_word' id='word_1_416' title='bbox 715 1681 748 1707; x_wconf 88' lang='lat' dir='ltr'><strong>ad</strong></span> <span class='ocrx_word' id='word_1_417' title='bbox 760 1681 872 1716; x_wconf 81' lang='lat' dir='ltr'><strong>gloriam</strong></span> <span class='ocrx_word' id='word_1_418' title='bbox 885 1687 911 1708; x_wconf 90' lang='lat' dir='ltr'><strong>et</strong></span> <span class='ocrx_word' id='word_1_419' title='bbox 925 1682 1015 1709; x_wconf 88' lang='lat' dir='ltr'><strong>incre-</strong></span> 
     </span>
    </p>
   </div>
   <div class='ocr_carea' id='block_1_63' title="bbox 225 1723 900 1760">
    <p class='ocr_par' dir='ltr' id='par_1_63' title="bbox 225 1723 900 1760">
     <span class='ocr_line' id='line_1_63' title="bbox 225 1723 900 1760; baseline 0.007 -12"><span class='ocrx_word' id='word_1_420' title='bbox 225 1725 348 1749; x_wconf 85' lang='lat' dir='ltr'><strong>mentum</strong></span> <span class='ocrx_word' id='word_1_421' title='bbox 362 1723 485 1758; x_wconf 83' lang='lat' dir='ltr'><strong>mysterii</strong></span> <span class='ocrx_word' id='word_1_422' title='bbox 499 1724 575 1751; x_wconf 86' lang='lat' dir='ltr'><strong>zelus</strong></span> <span class='ocrx_word' id='word_1_423' title='bbox 591 1730 738 1760; x_wconf 86' lang='lat' dir='ltr'><strong>martyrum</strong></span> <span class='ocrx_word' id='word_1_424' title='bbox 754 1726 900 1753; x_wconf 76' lang='lat' dir='ltr'><strong>exstiterit.</strong></span> 
     </span>
    </p>
   </div>
   <div class='ocr_carea' id='block_1_64' title="bbox 259 1809 942 1848">
    <p class='ocr_par' dir='ltr' id='par_1_64' title="bbox 259 1809 942 1848">
     <span class='ocr_line' id='line_1_64' title="bbox 259 1809 942 1848; baseline 0.007 -12"><span class='ocrx_word' id='word_1_425' title='bbox 259 1809 341 1837; x_wconf 68' lang='lat' dir='ltr'><strong>Vens.</strong></span> <span class='ocrx_word' id='word_1_426' title='bbox 354 1810 399 1837; x_wconf 73' lang='grc'><strong>41.</strong></span> <span class='ocrx_word' id='word_1_427' title='bbox 415 1819 424 1837; x_wconf 81' lang='grc' dir='ltr'><strong>ι</strong></span> <span class='ocrx_word' id='word_1_428' title='bbox 441 1811 475 1838; x_wconf 90' lang='lat' dir='ltr'><strong>Et</strong></span> <span class='ocrx_word' id='word_1_429' title='bbox 485 1812 590 1846; x_wconf 88' lang='lat' dir='ltr'><strong>adjuvit</strong></span> <span class='ocrx_word' id='word_1_430' title='bbox 604 1820 751 1847; x_wconf 85' lang='lat' dir='ltr'><strong>pauperem</strong></span> <span class='ocrx_word' id='word_1_431' title='bbox 766 1813 800 1841; x_wconf 88' lang='lat' dir='ltr'><strong>de</strong></span> <span class='ocrx_word' id='word_1_432' title='bbox 812 1814 914 1848; x_wconf 78' lang='lat' dir='ltr'><strong>inepia.</strong></span> <span class='ocrx_word' id='word_1_433' title='bbox 933 1825 942 1841; x_wconf 76' lang='grc' dir='ltr'><strong>ι</strong></span> 
     </span>
    </p>
   </div>
   <div class='ocr_carea' id='block_1_65' title="bbox 261 1854 1016 1893">
    <p class='ocr_par' dir='ltr' id='par_1_65' title="bbox 261 1854 1016 1893">
     <span class='ocr_line' id='line_1_65' title="bbox 261 1854 1016 1893; baseline 0.008 -12"><span class='ocrx_word' id='word_1_434' title='bbox 261 1854 422 1890; x_wconf 78' lang='lat' dir='ltr'><strong>Paupcrem,</strong></span> <span class='ocrx_word' id='word_1_435' title='bbox 445 1856 472 1883; x_wconf 84' lang='lat' dir='ltr'><strong>id</strong></span> <span class='ocrx_word' id='word_1_436' title='bbox 497 1862 549 1890; x_wconf 88' lang='lat' dir='ltr'><strong>est,</strong></span> <span class='ocrx_word' id='word_1_437' title='bbox 574 1857 705 1892; x_wconf 89' lang='lat' dir='ltr'><strong>populum</strong></span> <span class='ocrx_word' id='word_1_438' title='bbox 728 1858 773 1892; x_wconf 86' lang='lat' dir='ltr'><strong>qui</strong></span> <span class='ocrx_word' id='word_1_439' title='bbox 797 1860 1016 1893; x_wconf 77' lang='lat' dir='ltr'><strong>persecutionem</strong></span> 
     </span>
    </p>
   </div>
   <div class='ocr_carea' id='block_1_66' title="bbox 226 1902 1017 1938">
    <p class='ocr_par' dir='ltr' id='par_1_66' title="bbox 226 1902 1017 1938">
     <span class='ocr_line' id='line_1_66' title="bbox 226 1902 1017 1938; baseline 0.006 -10"><span class='ocrx_word' id='word_1_440' title='bbox 226 1902 390 1936; x_wconf 85' lang='lat' dir='ltr'><strong>patiebatur.</strong></span> <span class='ocrx_word' id='word_1_441' title='bbox 414 1902 522 1937; x_wconf 87' lang='lat' dir='ltr'><strong>Pauper</strong></span> <span class='ocrx_word' id='word_1_442' title='bbox 542 1903 615 1930; x_wconf 87' lang='lat' dir='ltr'><strong>enim</strong></span> <span class='ocrx_word' id='word_1_443' title='bbox 637 1908 694 1930; x_wconf 88' lang='lat' dir='ltr'><strong>erat</strong></span> <span class='ocrx_word' id='word_1_444' title='bbox 712 1904 758 1938; x_wconf 90' lang='lat' dir='ltr'><strong>qui</strong></span> <span class='ocrx_word' id='word_1_445' title='bbox 779 1905 884 1931; x_wconf 89' lang='lat' dir='ltr'><strong>nullum</strong></span> <span class='ocrx_word' id='word_1_446' title='bbox 901 1905 1017 1933; x_wconf 85' lang='lat' dir='ltr'><strong>habebat</strong></span> 
     </span>
    </p>
   </div>
   <div class='ocr_carea' id='block_1_67' title="bbox 227 1948 1018 1987">
    <p class='ocr_par' dir='ltr' id='par_1_67' title="bbox 227 1948 1018 1987">
     <span class='ocr_line' id='line_1_67' title="bbox 227 1948 1018 1987; baseline 0.006 -13"><span class='ocrx_word' id='word_1_447' title='bbox 227 1949 253 1974; x_wconf 88' lang='lat' dir='ltr'><strong>iu</strong></span> <span class='ocrx_word' id='word_1_448' title='bbox 277 1948 435 1975; x_wconf 83' lang='lat' dir='ltr'><strong>hominibus</strong></span> <span class='ocrx_word' id='word_1_449' title='bbox 460 1949 617 1983; x_wconf 68' lang='lat' dir='ltr'><strong>praesidium</strong></span> <span class='ocrx_word' id='word_1_450' title='bbox 636 1958 643 1977; x_wconf 88' lang='lat'><strong>:</strong></span> <span class='ocrx_word' id='word_1_451' title='bbox 664 1958 757 1977; x_wconf 83' lang='lat' dir='ltr'><strong>verum</strong></span> <span class='ocrx_word' id='word_1_452' title='bbox 779 1958 811 1977; x_wconf 85' lang='lat' dir='ltr'><strong>ex</strong></span> <span class='ocrx_word' id='word_1_453' title='bbox 832 1951 882 1978; x_wconf 89' lang='lat' dir='ltr'><strong>hac</strong></span> <span class='ocrx_word' id='word_1_454' title='bbox 899 1959 1018 1987; x_wconf 83' lang='lat' dir='ltr'><strong>panper-</strong></span> 
     </span>
    </p>
   </div>
   <div class='ocr_carea' id='block_1_68' title="bbox 227 1995 1018 2030">
    <p class='ocr_par' dir='ltr' id='par_1_68' title="bbox 227 1995 1018 2030">
     <span class='ocr_line' id='line_1_68' title="bbox 227 1995 1018 2030; baseline 0.008 -10"><span class='ocrx_word' id='word_1_455' title='bbox 227 2000 281 2021; x_wconf 84' lang='lat' dir='ltr'><strong>Iate</strong></span> <span class='ocrx_word' id='word_1_456' title='bbox 296 1995 347 2029; x_wconf 87' lang='lat' dir='ltr'><strong>ipsi</strong></span> <span class='ocrx_word' id='word_1_457' title='bbox 358 2002 437 2030; x_wconf 88' lang='lat' dir='ltr'><strong>opem</strong></span> <span class='ocrx_word' id='word_1_458' title='bbox 451 1995 523 2022; x_wconf 87' lang='lat' dir='ltr'><strong>tulit.</strong></span> <span class='ocrx_word' id='word_1_459' title='bbox 536 1996 603 2023; x_wconf 79' lang='lat' dir='ltr'><strong>Cum</strong></span> <span class='ocrx_word' id='word_1_460' title='bbox 616 1996 760 2024; x_wconf 87' lang='lat' dir='ltr'><strong>hominum</strong></span> <span class='ocrx_word' id='word_1_461' title='bbox 772 1997 893 2025; x_wconf 79' lang='lat' dir='ltr'><strong>favorem</strong></span> <span class='ocrx_word' id='word_1_462' title='bbox 905 1999 1018 2027; x_wconf 87' lang='lat' dir='ltr'><strong>minitne</strong></span> 
     </span>
    </p>
   </div>
   <div class='ocr_carea' id='block_1_69' title="bbox 227 2041 1018 2081">
    <p class='ocr_par' dir='ltr' id='par_1_69' title="bbox 227 2041 1018 2081">
     <span class='ocr_line' id='line_1_69' title="bbox 227 2041 1018 2081; baseline 0.01 -15"><span class='ocrx_word' id='word_1_463' title='bbox 227 2041 357 2073; x_wconf 70' lang='lat' dir='ltr'><strong>haberet,</strong></span> <span class='ocrx_word' id='word_1_464' title='bbox 378 2041 426 2068; x_wconf 90' lang='lat' dir='ltr'><strong>sed</strong></span> <span class='ocrx_word' id='word_1_465' title='bbox 448 2049 558 2075; x_wconf 89' lang='lat' dir='ltr'><strong>omnes,</strong></span> <span class='ocrx_word' id='word_1_466' title='bbox 583 2048 637 2069; x_wconf 88' lang='lat' dir='ltr'><strong>tam</strong></span> <span class='ocrx_word' id='word_1_467' title='bbox 662 2043 755 2078; x_wconf 88' lang='lat' dir='ltr'><strong>populi</strong></span> <span class='ocrx_word' id='word_1_468' title='bbox 780 2052 862 2078; x_wconf 90' lang='lat' dir='ltr'><strong>quam</strong></span> <span class='ocrx_word' id='word_1_469' title='bbox 889 2053 967 2081; x_wconf 77' lang='lat' dir='ltr'><strong>reges</strong></span> <span class='ocrx_word' id='word_1_470' title='bbox 991 2052 1018 2074; x_wconf 85' lang='lat' dir='ltr'><strong>et</strong></span> 
     </span>
    </p>
   </div>
   <div class='ocr_carea' id='block_1_70' title="bbox 227 2085 1018 2127">
    <p class='ocr_par' dir='ltr' id='par_1_70' title="bbox 227 2085 1018 2127">
     <span class='ocr_line' id='line_1_70' title="bbox 227 2085 1018 2127; baseline 0.011 -17"><span class='ocrx_word' id='word_1_471' title='bbox 227 2085 376 2120; x_wconf 87' lang='lat' dir='ltr'><strong>principes,</strong></span> <span class='ocrx_word' id='word_1_472' title='bbox 394 2085 481 2120; x_wconf 83' lang='lat' dir='ltr'><strong>ipsum</strong></span> <span class='ocrx_word' id='word_1_473' title='bbox 502 2092 702 2122; x_wconf 79' lang='lat' dir='ltr'><strong>oppugnarent,</strong></span> <span class='ocrx_word' id='word_1_474' title='bbox 719 2088 790 2116; x_wconf 86' lang='lat' dir='ltr'><strong>Deus</strong></span> <span class='ocrx_word' id='word_1_475' title='bbox 811 2094 871 2117; x_wconf 83' lang='lat' dir='ltr'><strong>erat</strong></span> <span class='ocrx_word' id='word_1_476' title='bbox 891 2090 916 2117; x_wconf 91' lang='lat' dir='ltr'><strong>ei</strong></span> <span class='ocrx_word' id='word_1_477' title='bbox 941 2091 1018 2127; x_wconf 85' lang='lat' dir='ltr'><strong>adju-</strong></span> 
     </span>
    </p>
   </div>
   <div class='ocr_carea' id='block_1_71' title="bbox 230 2134 930 2171">
    <p class='ocr_par' dir='ltr' id='par_1_71' title="bbox 230 2134 930 2171">
     <span class='ocr_line' id='line_1_71' title="bbox 230 2134 930 2171; baseline 0.009 -12"><span class='ocrx_word' id='word_1_478' title='bbox 230 2139 272 2160; x_wconf 81' lang='lat' dir='ltr'><strong>tor</strong></span> <span class='ocrx_word' id='word_1_479' title='bbox 286 2142 292 2159; x_wconf 88' lang='lat'>:</span> <span class='ocrx_word' id='word_1_480' title='bbox 307 2134 334 2160; x_wconf 91' lang='lat' dir='ltr'><strong>in</strong></span> <span class='ocrx_word' id='word_1_481' title='bbox 355 2141 408 2168; x_wconf 88' lang='lat' dir='ltr'><strong>quo</strong></span> <span class='ocrx_word' id='word_1_482' title='bbox 420 2134 503 2161; x_wconf 86' lang='lat' dir='ltr'><strong>ctiam</strong></span> <span class='ocrx_word' id='word_1_483' title='bbox 519 2142 616 2162; x_wconf 84' lang='lat' dir='ltr'><strong>omnes</strong></span> <span class='ocrx_word' id='word_1_484' title='bbox 636 2134 761 2163; x_wconf 88' lang='lat' dir='ltr'><strong>inimicos</strong></span> <span class='ocrx_word' id='word_1_485' title='bbox 781 2137 930 2171; x_wconf 81' lang='lat' dir='ltr'><strong>superavit.</strong></span> 
     </span>
    </p>
   </div>
   <div class='ocr_carea' id='block_1_72' title="bbox 267 2178 762 2213">
    <p class='ocr_par' dir='ltr' id='par_1_72' title="bbox 267 2178 762 2213">
     <span class='ocr_line' id='line_1_72' title="bbox 267 2178 762 2213; baseline 0.008 -9"><span class='ocrx_word' id='word_1_486' title='bbox 267 2187 276 2204; x_wconf 75' lang='grc' dir='ltr'><strong>ι</strong></span> <span class='ocrx_word' id='word_1_487' title='bbox 295 2178 328 2205; x_wconf 83' lang='lat' dir='ltr'><strong>Et</strong></span> <span class='ocrx_word' id='word_1_488' title='bbox 339 2179 432 2213; x_wconf 86' lang='lat' dir='ltr'><strong>posuit</strong></span> <span class='ocrx_word' id='word_1_489' title='bbox 446 2180 517 2206; x_wconf 82' lang='lat' dir='ltr'><strong>sicut</strong></span> <span class='ocrx_word' id='word_1_490' title='bbox 529 2188 594 2207; x_wconf 78' lang='lat' dir='ltr'><strong>oves</strong></span> <span class='ocrx_word' id='word_1_491' title='bbox 609 2179 735 2208; x_wconf 78' lang='lat' dir='ltr'><strong>familias.</strong></span> <span class='ocrx_word' id='word_1_492' title='bbox 753 2192 762 2208; x_wconf 85' lang='grc'><strong>›</strong></span> 
     </span>
    </p>
   </div>
   <div class='ocr_carea' id='block_1_73' title="bbox 1067 1580 1862 1622">
    <p class='ocr_par' dir='ltr' id='par_1_73' title="bbox 1067 1580 1862 1622">
     <span class='ocr_line' id='line_1_73' title="bbox 1067 1580 1862 1622; baseline -0.008 -10"><span class='ocrx_word' id='word_1_493' title='bbox 1067 1583 1109 1622; x_wconf 84' lang='grc' dir='ltr'>ᾖό</span> <span class='ocrx_word' id='word_1_494' title='bbox 1120 1585 1185 1617; x_wconf 84' lang='grc' dir='ltr'>Θεὸς</span> <span class='ocrx_word' id='word_1_495' title='bbox 1200 1585 1300 1616; x_wconf 77' lang='grc' dir='ltr'>αὐτοὺς</span> <span class='ocrx_word' id='word_1_496' title='bbox 1317 1584 1482 1619; x_wconf 78' lang='grc' dir='ltr'>ἐπλάνησεν.</span> <span class='ocrx_word' id='word_1_497' title='bbox 1504 1583 1631 1618; x_wconf 80' lang='grc' dir='ltr'>Οίόμενοι</span> <span class='ocrx_word' id='word_1_498' title='bbox 1653 1581 1708 1616; x_wconf 77' lang='grc' dir='ltr'><strong>γὰρ</strong></span> <span class='ocrx_word' id='word_1_499' title='bbox 1726 1580 1862 1607; x_wconf 79' lang='grc' dir='ltr'>πλατυνό-</span> 
     </span>
    </p>
   </div>
   <div class='ocr_carea' id='block_1_74' title="bbox 1068 1626 1862 1668">
    <p class='ocr_par' dir='ltr' id='par_1_74' title="bbox 1068 1626 1862 1668">
     <span class='ocr_line' id='line_1_74' title="bbox 1068 1626 1862 1668; baseline -0.008 -9"><span class='ocrx_word' id='word_1_500' title='bbox 1068 1633 1150 1668; x_wconf 79' lang='grc' dir='ltr'>μένην</span> <span class='ocrx_word' id='word_1_501' title='bbox 1166 1632 1216 1667; x_wconf 82' lang='grc' dir='ltr'>τὴν</span> <span class='ocrx_word' id='word_1_502' title='bbox 1235 1631 1327 1658; x_wconf 85' lang='grc' dir='ltr'>πίστιν</span> <span class='ocrx_word' id='word_1_503' title='bbox 1351 1631 1399 1657; x_wconf 81' lang='grc' dir='ltr'>καὶ</span> <span class='ocrx_word' id='word_1_504' title='bbox 1413 1630 1564 1665; x_wconf 86' lang='grc' dir='ltr'>τρέχουσαν</span> <span class='ocrx_word' id='word_1_505' title='bbox 1577 1628 1741 1655; x_wconf 77' lang='grc' dir='ltr'>ἀνακόπτειν</span> <span class='ocrx_word' id='word_1_506' title='bbox 1754 1626 1798 1654; x_wconf 76' lang='grc' dir='ltr'>διὰ</span> <span class='ocrx_word' id='word_1_507' title='bbox 1810 1627 1862 1662; x_wconf 82' lang='grc' dir='ltr'>τῆς</span> 
     </span>
    </p>
   </div>
   <div class='ocr_carea' id='block_1_75' title="bbox 1065 1672 1862 1713">
    <p class='ocr_par' dir='ltr' id='par_1_75' title="bbox 1065 1672 1862 1713">
     <span class='ocr_line' id='line_1_75' title="bbox 1065 1672 1862 1713; baseline -0.008 -9"><span class='ocrx_word' id='word_1_508' title='bbox 1065 1678 1119 1704; x_wconf 84' lang='grc' dir='ltr'>τῶν</span> <span class='ocrx_word' id='word_1_509' title='bbox 1135 1677 1284 1713; x_wconf 84' lang='grc' dir='ltr'>μαρτύρων</span> <span class='ocrx_word' id='word_1_510' title='bbox 1300 1676 1479 1712; x_wconf 78' lang='grc' dir='ltr'><strong>ἀναιρέσεως,</strong></span> <span class='ocrx_word' id='word_1_511' title='bbox 1492 1674 1649 1702; x_wconf 73' lang='grc' dir='ltr'>ἐπλανῶντο</span> <span class='ocrx_word' id='word_1_512' title='bbox 1661 1682 1668 1689; x_wconf 92' lang='grc'>·</span> <span class='ocrx_word' id='word_1_513' title='bbox 1686 1673 1781 1708; x_wconf 78' lang='grc' dir='ltr'>ἐπειδὴ</span> <span class='ocrx_word' id='word_1_514' title='bbox 1793 1672 1862 1708; x_wconf 67' lang='grc' dir='ltr'>πρὸς</span> 
     </span>
    </p>
   </div>
   <div class='ocr_carea' id='block_1_76' title="bbox 1066 1715 1862 1759">
    <p class='ocr_par' dir='ltr' id='par_1_76' title="bbox 1066 1715 1862 1759">
     <span class='ocr_line' id='line_1_76' title="bbox 1066 1715 1862 1759; baseline -0.008 -9"><span class='ocrx_word' id='word_1_515' title='bbox 1066 1723 1144 1758; x_wconf 75' lang='grc' dir='ltr'>δόξης</span> <span class='ocrx_word' id='word_1_516' title='bbox 1157 1723 1225 1759; x_wconf 85' lang='grc' dir='ltr'>αὐτῇ</span> <span class='ocrx_word' id='word_1_517' title='bbox 1243 1723 1290 1749; x_wconf 72' lang='grc' dir='ltr'>καὶ</span> <span class='ocrx_word' id='word_1_518' title='bbox 1303 1715 1505 1758; x_wconf 65' lang='grc' dir='ltr'>προκοπῆςτοῦ</span> <span class='ocrx_word' id='word_1_519' title='bbox 1526 1720 1677 1757; x_wconf 77' lang='grc' dir='ltr'>μυστηρίου</span> <span class='ocrx_word' id='word_1_520' title='bbox 1693 1720 1707 1746; x_wconf 83' lang='grc' dir='ltr'>ὁ</span> <span class='ocrx_word' id='word_1_521' title='bbox 1716 1719 1796 1754; x_wconf 78' lang='grc' dir='ltr'>ζῆλος</span> <span class='ocrx_word' id='word_1_522' title='bbox 1806 1718 1862 1745; x_wconf 85' lang='grc' dir='ltr'><strong>τῶν</strong></span> 
     </span>
    </p>
   </div>
   <div class='ocr_carea' id='block_1_77' title="bbox 1069 1769 1352 1805">
    <p class='ocr_par' dir='ltr' id='par_1_77' title="bbox 1069 1769 1352 1805">
     <span class='ocr_line' id='line_1_77' title="bbox 1069 1769 1352 1805; baseline -0.004 -9"><span class='ocrx_word' id='word_1_523' title='bbox 1069 1770 1216 1805; x_wconf 84' lang='grc' dir='ltr'>μαρτύρων</span> <span class='ocrx_word' id='word_1_524' title='bbox 1232 1769 1352 1803; x_wconf 73' lang='grc' dir='ltr'>ἐγένετο.</span> 
     </span>
    </p>
   </div>
   <div class='ocr_carea' id='block_1_78' title="bbox 1106 1812 1714 1850">
    <p class='ocr_par' dir='ltr' id='par_1_78' title="bbox 1106 1812 1714 1850">
     <span class='ocr_line' id='line_1_78' title="bbox 1106 1812 1714 1850; baseline -0.005 -8"><span class='ocrx_word' id='word_1_525' title='bbox 1106 1824 1114 1839; x_wconf 75' lang='grc' dir='ltr'><strong>ι</strong></span> <span class='ocrx_word' id='word_1_526' title='bbox 1131 1815 1186 1842; x_wconf 71' lang='grc' dir='ltr'><strong>Καὶ</strong></span> <span class='ocrx_word' id='word_1_527' title='bbox 1202 1814 1352 1850; x_wconf 73' lang='grc' dir='ltr'>ὲῆοὴθησεν</span> <span class='ocrx_word' id='word_1_528' title='bbox 1370 1814 1469 1848; x_wconf 83' lang='grc' dir='ltr'>πένητι</span> <span class='ocrx_word' id='word_1_529' title='bbox 1482 1814 1514 1840; x_wconf 80' lang='grc' dir='ltr'>ὲκ</span> <span class='ocrx_word' id='word_1_530' title='bbox 1533 1812 1684 1848; x_wconf 76' lang='grc' dir='ltr'>πτωχείας.</span> <span class='ocrx_word' id='word_1_531' title='bbox 1705 1821 1714 1838; x_wconf 75' lang='grc' dir='ltr'><strong>ι</strong></span> 
     </span>
    </p>
   </div>
   <div class='ocr_carea' id='block_1_79' title="bbox 1104 1857 1863 1896">
    <p class='ocr_par' dir='ltr' id='par_1_79' title="bbox 1104 1857 1863 1896">
     <span class='ocr_line' id='line_1_79' title="bbox 1104 1857 1863 1896; baseline -0.004 -10"><span class='ocrx_word' id='word_1_532' title='bbox 1104 1861 1215 1896; x_wconf 77' lang='grc' dir='ltr'>Πένητι,</span> <span class='ocrx_word' id='word_1_533' title='bbox 1233 1861 1368 1892; x_wconf 73' lang='grc' dir='ltr'>τουτέστι,</span> <span class='ocrx_word' id='word_1_534' title='bbox 1388 1858 1427 1894; x_wconf 84' lang='grc' dir='ltr'>τῷ</span> <span class='ocrx_word' id='word_1_535' title='bbox 1446 1859 1604 1894; x_wconf 76' lang='grc' dir='ltr'>διωκομένῳ</span> <span class='ocrx_word' id='word_1_536' title='bbox 1622 1857 1690 1893; x_wconf 83' lang='grc' dir='ltr'>λαῷ.</span> <span class='ocrx_word' id='word_1_537' title='bbox 1702 1858 1791 1892; x_wconf 84' lang='grc' dir='ltr'>Πένης</span> <span class='ocrx_word' id='word_1_538' title='bbox 1807 1857 1863 1892; x_wconf 70' lang='grc' dir='ltr'><strong>γὰρ</strong></span> 
     </span>
    </p>
   </div>
   <div class='ocr_carea' id='block_1_80' title="bbox 1067 1903 1862 1943">
    <p class='ocr_par' dir='ltr' id='par_1_80' title="bbox 1067 1903 1862 1943">
     <span class='ocr_line' id='line_1_80' title="bbox 1067 1903 1862 1943; baseline -0.005 -10"><span class='ocrx_word' id='word_1_539' title='bbox 1067 1905 1101 1943; x_wconf 78' lang='grc' dir='ltr'>ἦν</span> <span class='ocrx_word' id='word_1_540' title='bbox 1112 1907 1241 1942; x_wconf 77' lang='grc' dir='ltr'>οὐδεμίαν</span> <span class='ocrx_word' id='word_1_541' title='bbox 1256 1905 1327 1941; x_wconf 75' lang='grc' dir='ltr'>ἔχων</span> <span class='ocrx_word' id='word_1_542' title='bbox 1340 1907 1368 1933; x_wconf 76' lang='grc' dir='ltr'>ὲν</span> <span class='ocrx_word' id='word_1_543' title='bbox 1384 1905 1539 1941; x_wconf 78' lang='grc' dir='ltr'>ἀνθρώποις</span> <span class='ocrx_word' id='word_1_544' title='bbox 1552 1904 1713 1940; x_wconf 76' lang='grc' dir='ltr'>ἐπικουρίας</span> <span class='ocrx_word' id='word_1_545' title='bbox 1726 1903 1844 1939; x_wconf 78' lang='grc' dir='ltr'>ὓπαρξιν</span> <span class='ocrx_word' id='word_1_546' title='bbox 1854 1911 1862 1919; x_wconf 93' lang='grc'><strong>·</strong></span> 
     </span>
    </p>
   </div>
   <div class='ocr_carea' id='block_1_81' title="bbox 1068 1948 1863 1987">
    <p class='ocr_par' dir='ltr' id='par_1_81' title="bbox 1068 1948 1863 1987">
     <span class='ocr_line' id='line_1_81' title="bbox 1068 1948 1863 1987; baseline -0.006 -8"><span class='ocrx_word' id='word_1_547' title='bbox 1068 1953 1125 1981; x_wconf 83' lang='grc' dir='ltr'>ἀλλ’</span> <span class='ocrx_word' id='word_1_548' title='bbox 1136 1953 1168 1979; x_wconf 73' lang='grc' dir='ltr'>ἐκ</span> <span class='ocrx_word' id='word_1_549' title='bbox 1177 1952 1279 1986; x_wconf 75' lang='grc' dir='ltr'>ταύτης</span> <span class='ocrx_word' id='word_1_550' title='bbox 1287 1951 1359 1987; x_wconf 81' lang='grc' dir='ltr'>αὐτῷ</span> <span class='ocrx_word' id='word_1_551' title='bbox 1369 1953 1418 1987; x_wconf 84' lang='grc' dir='ltr'>τῆς</span> <span class='ocrx_word' id='word_1_552' title='bbox 1432 1952 1568 1986; x_wconf 79' lang='grc' dir='ltr'>πτωχείας</span> <span class='ocrx_word' id='word_1_553' title='bbox 1581 1950 1743 1986; x_wconf 77' lang='grc' dir='ltr'>ἐϐοήθησεν.</span> <span class='ocrx_word' id='word_1_554' title='bbox 1753 1948 1863 1983; x_wconf 82' lang='grc' dir='ltr'>Ἐπειδὴ</span> 
     </span>
    </p>
   </div>
   <div class='ocr_carea' id='block_1_82' title="bbox 1069 1995 1865 2035">
    <p class='ocr_par' dir='ltr' id='par_1_82' title="bbox 1069 1995 1865 2035">
     <span class='ocr_line' id='line_1_82' title="bbox 1069 1995 1865 2035; baseline -0.005 -10"><span class='ocrx_word' id='word_1_555' title='bbox 1069 1999 1123 2035; x_wconf 80' lang='grc' dir='ltr'><strong>γὰρ</strong></span> <span class='ocrx_word' id='word_1_556' title='bbox 1146 1998 1298 2034; x_wconf 81' lang='grc' dir='ltr'>ἀνθρώπων</span> <span class='ocrx_word' id='word_1_557' title='bbox 1320 1998 1371 2024; x_wconf 85' lang='grc' dir='ltr'>οὐκ</span> <span class='ocrx_word' id='word_1_558' title='bbox 1395 1995 1453 2033; x_wconf 71' lang='grc' dir='ltr'>εἶχε</span> <span class='ocrx_word' id='word_1_559' title='bbox 1479 1998 1575 2034; x_wconf 82' lang='grc' dir='ltr'>ῥοπὴν,</span> <span class='ocrx_word' id='word_1_560' title='bbox 1602 1996 1703 2028; x_wconf 82' lang='grc' dir='ltr'>πάντες</span> <span class='ocrx_word' id='word_1_561' title='bbox 1727 1996 1756 2022; x_wconf 78' lang='grc' dir='ltr'>δὲ</span> <span class='ocrx_word' id='word_1_562' title='bbox 1782 1995 1865 2022; x_wconf 82' lang='grc' dir='ltr'>αὑτὸν</span> 
     </span>
    </p>
   </div>
   <div class='ocr_carea' id='block_1_83' title="bbox 1069 2041 1864 2081">
    <p class='ocr_par' dir='ltr' id='par_1_83' title="bbox 1069 2041 1864 2081">
     <span class='ocr_line' id='line_1_83' title="bbox 1069 2041 1864 2081; baseline -0.006 -9"><span class='ocrx_word' id='word_1_563' title='bbox 1069 2045 1230 2081; x_wconf 76' lang='grc' dir='ltr'>ἐπολέμουν,</span> <span class='ocrx_word' id='word_1_564' title='bbox 1245 2044 1326 2080; x_wconf 85' lang='grc' dir='ltr'>δῆμοι</span> <span class='ocrx_word' id='word_1_565' title='bbox 1342 2044 1389 2071; x_wconf 73' lang='grc' dir='ltr'>καὶ</span> <span class='ocrx_word' id='word_1_566' title='bbox 1410 2043 1531 2079; x_wconf 75' lang='grc' dir='ltr'>βασιλεῖς</span> <span class='ocrx_word' id='word_1_567' title='bbox 1556 2043 1603 2070; x_wconf 69' lang='grc' dir='ltr'>καὶ</span> <span class='ocrx_word' id='word_1_568' title='bbox 1612 2042 1754 2078; x_wconf 80' lang='grc' dir='ltr'>ἄρχοντες,</span> <span class='ocrx_word' id='word_1_569' title='bbox 1768 2042 1782 2067; x_wconf 88' lang='grc' dir='ltr'>ὁ</span> <span class='ocrx_word' id='word_1_570' title='bbox 1798 2041 1864 2072; x_wconf 82' lang='grc' dir='ltr'>Θεδς</span> 
     </span>
    </p>
   </div>
   <div class='ocr_carea' id='block_1_84' title="bbox 1068 2087 1866 2128">
    <p class='ocr_par' dir='ltr' id='par_1_84' title="bbox 1068 2087 1866 2128">
     <span class='ocr_line' id='line_1_84' title="bbox 1068 2087 1866 2128; baseline -0.006 -10"><span class='ocrx_word' id='word_1_571' title='bbox 1068 2090 1103 2128; x_wconf 82' lang='grc' dir='ltr'>ἦν</span> <span class='ocrx_word' id='word_1_572' title='bbox 1129 2091 1242 2127; x_wconf 79' lang='grc' dir='ltr'><strong>βοηο6ς’</strong></span> <span class='ocrx_word' id='word_1_573' title='bbox 1262 2091 1306 2125; x_wconf 80' lang='grc' dir='ltr'><strong>ἐφ’</strong></span> <span class='ocrx_word' id='word_1_574' title='bbox 1371 2090 1419 2117; x_wconf 74' lang='grc' dir='ltr'>καὶ</span> <span class='ocrx_word' id='word_1_575' title='bbox 1445 2090 1551 2122; x_wconf 83' lang='grc' dir='ltr'>πάντας</span> <span class='ocrx_word' id='word_1_576' title='bbox 1577 2090 1639 2122; x_wconf 83' lang='grc' dir='ltr'>τοὺς</span> <span class='ocrx_word' id='word_1_577' title='bbox 1669 2088 1806 2124; x_wconf 80' lang='grc' dir='ltr'>πολέμους</span> <span class='ocrx_word' id='word_1_578' title='bbox 1822 2096 1866 2115; x_wconf 81' lang='grc' dir='ltr'>νε-</span> 
     </span>
    </p>
   </div>
   <div class='ocr_carea' id='block_1_85' title="bbox 1070 2139 1191 2174">
    <p class='ocr_par' dir='ltr' id='par_1_85' title="bbox 1070 2139 1191 2174">
     <span class='ocr_line' id='line_1_85' title="bbox 1070 2139 1191 2174; baseline 0 -8"><span class='ocrx_word' id='word_1_579' title='bbox 1070 2139 1191 2174; x_wconf 80' lang='grc' dir='ltr'>νίκηκεν.</span> 
     </span>
    </p>
   </div>
   <div class='ocr_carea' id='block_1_86' title="bbox 1109 2183 1647 2220">
    <p class='ocr_par' dir='ltr' id='par_1_86' title="bbox 1109 2183 1647 2220">
     <span class='ocr_line' id='line_1_86' title="bbox 1109 2183 1647 2220; baseline -0.004 -9"><span class='ocrx_word' id='word_1_580' title='bbox 1109 2195 1118 2211; x_wconf 75' lang='grc' dir='ltr'><strong>ι</strong></span> <span class='ocrx_word' id='word_1_581' title='bbox 1140 2185 1194 2211; x_wconf 74' lang='grc' dir='ltr'><strong>Καὶ</strong></span> <span class='ocrx_word' id='word_1_582' title='bbox 1206 2184 1282 2210; x_wconf 74' lang='grc' dir='ltr'>ἑοετο</span> <span class='ocrx_word' id='word_1_583' title='bbox 1298 2183 1336 2216; x_wconf 84' lang='grc' dir='ltr'><strong>ὡς</strong></span> <span class='ocrx_word' id='word_1_584' title='bbox 1349 2183 1475 2220; x_wconf 79' lang='grc' dir='ltr'>πρόϐατα</span> <span class='ocrx_word' id='word_1_585' title='bbox 1490 2183 1617 2218; x_wconf 77' lang='grc' dir='ltr'>πατριᾶς.</span> <span class='ocrx_word' id='word_1_586' title='bbox 1637 2191 1647 2208; x_wconf 69' lang='grc' dir='ltr'><strong>ι</strong></span> 
     </span>
    </p>
   </div>
   <div class='ocr_carea' id='block_1_87' title="bbox 264 2224 1016 2265">
    <p class='ocr_par' dir='ltr' id='par_1_87' title="bbox 264 2224 1016 2263">
     <span class='ocr_line' id='line_1_87' title="bbox 264 2224 1016 2263; baseline 0.008 -12"><span class='ocrx_word' id='word_1_587' title='bbox 264 2224 496 2260; x_wconf 73' lang='lat' dir='ltr'><strong>Congregatiuncs</strong></span> <span class='ocrx_word' id='word_1_588' title='bbox 525 2231 673 2260; x_wconf 80' lang='lat' dir='ltr'><strong>martyrum</strong></span> <span class='ocrx_word' id='word_1_589' title='bbox 704 2227 864 2262; x_wconf 85' lang='lat' dir='ltr'><strong>appellavit;</strong></span> <span class='ocrx_word' id='word_1_590' title='bbox 894 2230 1016 2263; x_wconf 78' lang='lat' dir='ltr'><strong>quando-</strong></span> 
     </span>
    </p>
   </div>
   <div class='ocr_carea' id='block_1_88' title="bbox 1066 2224 1865 2265">
    <p class='ocr_par' dir='ltr' id='par_1_88' title="bbox 1108 2227 1865 2265">
     <span class='ocr_line' id='line_1_88' title="bbox 1108 2227 1865 2265; baseline -0.004 -8"><span class='ocrx_word' id='word_1_591' title='bbox 1108 2230 1148 2257; x_wconf 68' lang='grc' dir='ltr'><strong>Τὰ</strong></span> <span class='ocrx_word' id='word_1_592' title='bbox 1165 2231 1326 2265; x_wconf 83' lang='grc' dir='ltr'>συστήματα</span> <span class='ocrx_word' id='word_1_593' title='bbox 1346 2229 1400 2256; x_wconf 82' lang='grc' dir='ltr'>τῶν</span> <span class='ocrx_word' id='word_1_594' title='bbox 1423 2229 1572 2265; x_wconf 82' lang='grc' dir='ltr'>μαρτύρων</span> <span class='ocrx_word' id='word_1_595' title='bbox 1591 2228 1722 2255; x_wconf 80' lang='grc' dir='ltr'>ἐκάλεσεν</span> <span class='ocrx_word' id='word_1_596' title='bbox 1734 2236 1741 2244; x_wconf 88' lang='grc'>·</span> <span class='ocrx_word' id='word_1_597' title='bbox 1758 2227 1865 2262; x_wconf 71' lang='grc' dir='ltr'>ἐπειδὴ·</span> 
     </span>
    </p>
   </div>
   <div class='ocr_carea' id='block_1_89' title="bbox 229 2269 1020 2307">
    <p class='ocr_par' dir='ltr' id='par_1_89' title="bbox 229 2269 1020 2307">
     <span class='ocr_line' id='line_1_89' title="bbox 229 2269 1020 2307; baseline 0.009 -12"><span class='ocrx_word' id='word_1_598' title='bbox 229 2269 340 2304; x_wconf 86' lang='lat' dir='ltr'><strong>quidem</strong></span> <span class='ocrx_word' id='word_1_599' title='bbox 357 2277 390 2297; x_wconf 80' lang='lat' dir='ltr'><strong>ex</strong></span> <span class='ocrx_word' id='word_1_600' title='bbox 408 2270 493 2298; x_wconf 87' lang='lat' dir='ltr'><strong>variis</strong></span> <span class='ocrx_word' id='word_1_601' title='bbox 514 2270 683 2298; x_wconf 85' lang='lat' dir='ltr'><strong>facinoribus</strong></span> <span class='ocrx_word' id='word_1_602' title='bbox 700 2274 839 2307; x_wconf 81' lang='lat' dir='ltr'><strong>generosis</strong></span> <span class='ocrx_word' id='word_1_603' title='bbox 856 2274 897 2301; x_wconf 87' lang='lat' dir='ltr'><strong>vel</strong></span> <span class='ocrx_word' id='word_1_604' title='bbox 914 2275 1020 2303; x_wconf 88' lang='lat' dir='ltr'><strong>meritis</strong></span> 
     </span>
    </p>
   </div>
   <div class='ocr_carea' id='block_1_90' title="bbox 229 2316 1019 2354">
    <p class='ocr_par' dir='ltr' id='par_1_90' title="bbox 229 2316 1019 2354">
     <span class='ocr_line' id='line_1_90' title="bbox 229 2316 1019 2354; baseline 0.006 -11"><span class='ocrx_word' id='word_1_605' title='bbox 229 2316 397 2344; x_wconf 73' lang='lat' dir='ltr'><strong>exstiterint.</strong></span> <span class='ocrx_word' id='word_1_606' title='bbox 423 2316 479 2344; x_wconf 84' lang='lat' dir='ltr'><strong>llos</strong></span> <span class='ocrx_word' id='word_1_607' title='bbox 511 2322 640 2353; x_wconf 84' lang='lat' dir='ltr'><strong>tanquam</strong></span> <span class='ocrx_word' id='word_1_608' title='bbox 671 2326 737 2346; x_wconf 87' lang='lat' dir='ltr'><strong>oves</strong></span> <span class='ocrx_word' id='word_1_609' title='bbox 767 2319 876 2354; x_wconf 84' lang='lat' dir='ltr'><strong>posuil,</strong></span> <span class='ocrx_word' id='word_1_610' title='bbox 903 2325 1019 2349; x_wconf 88' lang='lat' dir='ltr'><strong>mortem</strong></span> 
     </span>
    </p>
   </div>
   <div class='ocr_carea' id='block_1_91' title="bbox 231 2362 753 2399">
    <p class='ocr_par' dir='ltr' id='par_1_91' title="bbox 231 2362 753 2399">
     <span class='ocr_line' id='line_1_91' title="bbox 231 2362 753 2399; baseline 0.008 -11"><span class='ocrx_word' id='word_1_611' title='bbox 231 2362 354 2396; x_wconf 81' lang='lat' dir='ltr'><strong>ipsorum</strong></span> <span class='ocrx_word' id='word_1_612' title='bbox 371 2371 421 2398; x_wconf 91' lang='lat' dir='ltr'><strong>pro</strong></span> <span class='ocrx_word' id='word_1_613' title='bbox 438 2364 573 2392; x_wconf 80' lang='lat' dir='ltr'><strong>sacrificio</strong></span> <span class='ocrx_word' id='word_1_614' title='bbox 589 2364 753 2399; x_wconf 88' lang='lat' dir='ltr'><strong>suscipiens.</strong></span> 
     </span>
    </p>
   </div>
   <div class='ocr_carea' id='block_1_92' title="bbox 268 2402 955 2444">
    <p class='ocr_par' dir='ltr' id='par_1_92' title="bbox 268 2402 955 2444">
     <span class='ocr_line' id='line_1_92' title="bbox 268 2402 955 2444; baseline 0.009 -11"><span class='ocrx_word' id='word_1_615' title='bbox 268 2405 347 2435; x_wconf 78' lang='lat' dir='ltr'><strong>Vens.</strong></span> <span class='ocrx_word' id='word_1_616' title='bbox 366 2409 411 2436; x_wconf 74' lang='grc'><strong>45.</strong></span> <span class='ocrx_word' id='word_1_617' title='bbox 431 2418 440 2434; x_wconf 77' lang='grc' dir='ltr'><strong>ι</strong></span> <span class='ocrx_word' id='word_1_618' title='bbox 451 2402 526 2442; x_wconf 19' lang='lat' dir='ltr'><strong>’Quis</strong></span> <span class='ocrx_word' id='word_1_619' title='bbox 541 2409 651 2444; x_wconf 82' lang='lat' dir='ltr'><strong>sapiens</strong></span> <span class='ocrx_word' id='word_1_620' title='bbox 666 2414 694 2437; x_wconf 84' lang='lat' dir='ltr'><strong>et</strong></span> <span class='ocrx_word' id='word_1_621' title='bbox 706 2409 841 2438; x_wconf 87' lang='lat' dir='ltr'><strong>custodiet</strong></span> <span class='ocrx_word' id='word_1_622' title='bbox 853 2411 929 2439; x_wconf 80' lang='lat' dir='ltr'><strong>haec?</strong></span> <span class='ocrx_word' id='word_1_623' title='bbox 946 2421 955 2438; x_wconf 72' lang='grc' dir='ltr'><strong>ι</strong></span> 
     </span>
    </p>
   </div>
   <div class='ocr_carea' id='block_1_93' title="bbox 268 2453 1021 2495">
    <p class='ocr_par' dir='ltr' id='par_1_93' title="bbox 268 2453 1021 2495">
     <span class='ocr_line' id='line_1_93' title="bbox 268 2453 1021 2495; baseline 0.008 -14"><span class='ocrx_word' id='word_1_624' title='bbox 268 2453 330 2481; x_wconf 87' lang='lat' dir='ltr'><strong>Uno</strong></span> <span class='ocrx_word' id='word_1_625' title='bbox 348 2456 474 2490; x_wconf 83' lang='lat' dir='ltr'><strong>sapiente</strong></span> <span class='ocrx_word' id='word_1_626' title='bbox 495 2456 545 2483; x_wconf 84' lang='lat' dir='ltr'><strong>ista</strong></span> <span class='ocrx_word' id='word_1_627' title='bbox 570 2457 744 2485; x_wconf 88' lang='lat' dir='ltr'><strong>custodiente</strong></span> <span class='ocrx_word' id='word_1_628' title='bbox 762 2458 847 2485; x_wconf 87' lang='lat' dir='ltr'><strong>multa</strong></span> <span class='ocrx_word' id='word_1_629' title='bbox 866 2466 916 2492; x_wconf 87' lang='lat' dir='ltr'><strong>per</strong></span> <span class='ocrx_word' id='word_1_630' title='bbox 930 2459 1021 2495; x_wconf 87' lang='lat' dir='ltr'><strong>ipsttm</strong></span> 
     </span>
    </p>
   </div>
   <div class='ocr_carea' id='block_1_94' title="bbox 232 2500 1023 2540">
    <p class='ocr_par' dir='ltr' id='par_1_94' title="bbox 232 2500 1023 2540">
     <span class='ocr_line' id='line_1_94' title="bbox 232 2500 1023 2540; baseline 0.009 -13"><span class='ocrx_word' id='word_1_631' title='bbox 232 2500 347 2527; x_wconf 73' lang='lat' dir='ltr'><strong>scientia</strong></span> <span class='ocrx_word' id='word_1_632' title='bbox 367 2502 543 2537; x_wconf 73' lang='lat' dir='ltr'><strong>cognitioque</strong></span> <span class='ocrx_word' id='word_1_633' title='bbox 559 2503 678 2531; x_wconf 84' lang='lat' dir='ltr'><strong>exsistit.</strong></span> <span class='ocrx_word' id='word_1_634' title='bbox 699 2503 740 2531; x_wconf 88' lang='lat' dir='ltr'><strong>Tu</strong></span> <span class='ocrx_word' id='word_1_635' title='bbox 763 2504 846 2540; x_wconf 78' lang='lat' dir='ltr'><strong>igitur</strong></span> <span class='ocrx_word' id='word_1_636' title='bbox 866 2513 929 2532; x_wconf 93' lang='lat' dir='ltr'><strong>cum</strong></span> <span class='ocrx_word' id='word_1_637' title='bbox 952 2506 1023 2534; x_wconf 84' lang='lat' dir='ltr'><strong>scias</strong></span> 
     </span>
    </p>
   </div>
   <div class='ocr_carea' id='block_1_95' title="bbox 232 2546 1023 2586">
    <p class='ocr_par' dir='ltr' id='par_1_95' title="bbox 232 2546 1023 2586">
     <span class='ocr_line' id='line_1_95' title="bbox 232 2546 1023 2586; baseline 0.008 -12"><span class='ocrx_word' id='word_1_638' title='bbox 232 2546 324 2581; x_wconf 87' lang='lat' dir='ltr'><strong>ipsum</strong></span> <span class='ocrx_word' id='word_1_639' title='bbox 343 2546 411 2582; x_wconf 75' lang='lat' dir='ltr'><strong>le‘gis</strong></span> <span class='ocrx_word' id='word_1_640' title='bbox 432 2549 574 2577; x_wconf 86' lang='lat' dir='ltr'><strong>custodem</strong></span> <span class='ocrx_word' id='word_1_641' title='bbox 590 2550 742 2584; x_wconf 84' lang='lat' dir='ltr'><strong>appellasse</strong></span> <span class='ocrx_word' id='word_1_642' title='bbox 756 2551 920 2586; x_wconf 85' lang='lat' dir='ltr'><strong>sapientem,</strong></span> <span class='ocrx_word' id='word_1_643' title='bbox 939 2552 961 2579; x_wconf 89' lang='lat' dir='ltr'><strong>si</strong></span> <span class='ocrx_word' id='word_1_644' title='bbox 978 2561 1023 2580; x_wconf 89' lang='lat' dir='ltr'><strong>sa-</strong></span> 
     </span>
    </p>
   </div>
   <div class='ocr_carea' id='block_1_96' title="bbox 233 2591 1022 2630">
    <p class='ocr_par' dir='ltr' id='par_1_96' title="bbox 233 2591 1022 2630">
     <span class='ocr_line' id='line_1_96' title="bbox 233 2591 1022 2630; baseline 0.009 -12"><span class='ocrx_word' id='word_1_645' title='bbox 233 2591 366 2626; x_wconf 85' lang='lat' dir='ltr'><strong>pientiam</strong></span> <span class='ocrx_word' id='word_1_646' title='bbox 391 2593 549 2625; x_wconf 87' lang='lat' dir='ltr'><strong>desideres,</strong></span> <span class='ocrx_word' id='word_1_647' title='bbox 576 2594 663 2629; x_wconf 78' lang='lat' dir='ltr'><strong>legem</strong></span> <span class='ocrx_word' id='word_1_648' title='bbox 689 2603 803 2630; x_wconf 86' lang='lat' dir='ltr'><strong>operare</strong></span> <span class='ocrx_word' id='word_1_649' title='bbox 823 2603 831 2622; x_wconf 81' lang='lat'><strong><em>:</em></strong></span> <span class='ocrx_word' id='word_1_650' title='bbox 849 2596 923 2624; x_wconf 86' lang='lat' dir='ltr'><strong>actio</strong></span> <span class='ocrx_word' id='word_1_651' title='bbox 947 2598 1022 2625; x_wconf 88' lang='lat' dir='ltr'><strong>enim</strong></span> 
     </span>
    </p>
   </div>
   <div class='ocr_carea' id='block_1_97' title="bbox 234 2636 1023 2676">
    <p class='ocr_par' dir='ltr' id='par_1_97' title="bbox 234 2636 1023 2676">
     <span class='ocr_line' id='line_1_97' title="bbox 234 2636 1023 2676; baseline 0.008 -12"><span class='ocrx_word' id='word_1_652' title='bbox 234 2636 357 2672; x_wconf 84' lang='lat' dir='ltr'><strong>proﬁcua</strong></span> <span class='ocrx_word' id='word_1_653' title='bbox 376 2641 420 2665; x_wconf 88' lang='lat' dir='ltr'><strong>est</strong></span> <span class='ocrx_word' id='word_1_654' title='bbox 443 2637 668 2674; x_wconf 86' lang='lat' dir='ltr'><strong>intelligentibus.</strong></span> <span class='ocrx_word' id='word_1_655' title='bbox 694 2639 772 2668; x_wconf 86' lang='lat' dir='ltr'><strong>Haud</strong></span> <span class='ocrx_word' id='word_1_656' title='bbox 795 2649 910 2676; x_wconf 80' lang='lat' dir='ltr'><strong>parvum</strong></span> <span class='ocrx_word' id='word_1_657' title='bbox 932 2647 1023 2670; x_wconf 87' lang='lat' dir='ltr'><strong>autem</strong></span> 
     </span>
    </p>
   </div>
   <div class='ocr_carea' id='block_1_98' title="bbox 235 2682 1024 2722">
    <p class='ocr_par' dir='ltr' id='par_1_98' title="bbox 235 2682 1024 2722">
     <span class='ocr_line' id='line_1_98' title="bbox 235 2682 1024 2722; baseline 0.006 -12"><span class='ocrx_word' id='word_1_658' title='bbox 235 2682 301 2710; x_wconf 90' lang='lat' dir='ltr'><strong>hinc</strong></span> <span class='ocrx_word' id='word_1_659' title='bbox 317 2689 428 2710; x_wconf 86' lang='lat' dir='ltr'><strong>emanat</strong></span> <span class='ocrx_word' id='word_1_660' title='bbox 445 2684 673 2718; x_wconf 84' lang='lat' dir='ltr'><strong>etnolumcntum,</strong></span> <span class='ocrx_word' id='word_1_661' title='bbox 691 2686 912 2722; x_wconf 84' lang='lat' dir='ltr'><strong>quandoquidem</strong></span> <span class='ocrx_word' id='word_1_662' title='bbox 936 2692 962 2714; x_wconf 84' lang='lat' dir='ltr'><strong>lc</strong></span> <span class='ocrx_word' id='word_1_663' title='bbox 985 2688 1024 2715; x_wconf 88' lang='lat' dir='ltr'><strong>le-</strong></span> 
     </span>
    </p>
   </div>
   <div class='ocr_carea' id='block_1_99' title="bbox 235 2729 1024 2765">
    <p class='ocr_par' dir='ltr' id='par_1_99' title="bbox 235 2729 1024 2765">
     <span class='ocr_line' id='line_1_99' title="bbox 235 2729 1024 2765; baseline 0.006 -9"><span class='ocrx_word' id='word_1_664' title='bbox 235 2737 296 2765; x_wconf 77' lang='lat' dir='ltr'><strong>gem</strong></span> <span class='ocrx_word' id='word_1_665' title='bbox 316 2729 489 2758; x_wconf 87' lang='lat' dir='ltr'><strong>custodiente</strong></span> <span class='ocrx_word' id='word_1_666' title='bbox 512 2730 606 2765; x_wconf 89' lang='lat' dir='ltr'><strong>reliqui</strong></span> <span class='ocrx_word' id='word_1_667' title='bbox 632 2731 836 2761; x_wconf 84' lang='lat' dir='ltr'><strong>misericordias</strong></span> <span class='ocrx_word' id='word_1_668' title='bbox 852 2733 959 2762; x_wconf 88' lang='lat' dir='ltr'><strong>Domini</strong></span> <span class='ocrx_word' id='word_1_669' title='bbox 980 2734 1024 2761; x_wconf 86' lang='lat' dir='ltr'><strong>in-</strong></span> 
     </span>
    </p>
   </div>
   <div class='ocr_carea' id='block_1_100' title="bbox 235 2776 457 2804">
    <p class='ocr_par' dir='ltr' id='par_1_100' title="bbox 235 2776 457 2804">
     <span class='ocr_line' id='line_1_100' title="bbox 235 2776 457 2804; baseline 0.009 -2"><span class='ocrx_word' id='word_1_670' title='bbox 235 2776 373 2804; x_wconf 87' lang='lat' dir='ltr'><strong>tellecturi</strong></span> <span class='ocrx_word' id='word_1_671' title='bbox 391 2776 457 2804; x_wconf 88' lang='lat' dir='ltr'><strong>sint.</strong></span> 
     </span>
    </p>
   </div>
   <div class='ocr_carea' id='block_1_101' title="bbox 272 2877 826 2915">
    <p class='ocr_par' dir='ltr' id='par_1_101' title="bbox 272 2877 826 2915">
     <span class='ocr_line' id='line_1_101' title="bbox 272 2877 826 2915; baseline 0.005 -9"><span class='ocrx_word' id='word_1_672' title='bbox 272 2880 294 2896; x_wconf 88' lang='lat'><strong>&quot;</strong></span> <span class='ocrx_word' id='word_1_673' title='bbox 311 2877 406 2908; x_wconf 81' lang='lat' dir='ltr'><strong>Matth.</strong></span> <span class='ocrx_word' id='word_1_674' title='bbox 427 2889 486 2915; x_wconf 76' lang='lat' dir='ltr'><strong>xui,</strong></span> <span class='ocrx_word' id='word_1_675' title='bbox 501 2879 543 2908; x_wconf 71' lang='grc' dir='ltr'>εΗ.</span> <span class='ocrx_word' id='word_1_676' title='bbox 584 2881 607 2898; x_wconf 81' lang='grc'><strong>⁸³</strong></span> <span class='ocrx_word' id='word_1_677' title='bbox 622 2881 719 2909; x_wconf 79' lang='lat' dir='ltr'><strong>Matth.</strong></span> <span class='ocrx_word' id='word_1_678' title='bbox 738 2889 782 2915; x_wconf 78' lang='lat' dir='ltr'><strong>xx,</strong></span> <span class='ocrx_word' id='word_1_679' title='bbox 802 2881 826 2909; x_wconf 76' lang='grc'><strong>1.</strong></span> 
     </span>
    </p>
   </div>
   <div class='ocr_carea' id='block_1_102' title="bbox 1071 2273 1865 2312">
    <p class='ocr_par' dir='ltr' id='par_1_102' title="bbox 1071 2273 1865 2312">
     <span class='ocr_line' id='line_1_102' title="bbox 1071 2273 1865 2312; baseline -0.004 -10"><span class='ocrx_word' id='word_1_680' title='bbox 1071 2286 1125 2312; x_wconf 79' lang='grc' dir='ltr'><strong>περ</strong></span> <span class='ocrx_word' id='word_1_681' title='bbox 1136 2277 1168 2302; x_wconf 80' lang='grc' dir='ltr'>ἐκ</span> <span class='ocrx_word' id='word_1_682' title='bbox 1178 2276 1314 2312; x_wconf 78' lang='grc' dir='ltr'>διαφόρων</span> <span class='ocrx_word' id='word_1_683' title='bbox 1332 2275 1559 2310; x_wconf 72' lang='grc' dir='ltr'>ἐπιτηδευμάτων</span> <span class='ocrx_word' id='word_1_684' title='bbox 1571 2275 1587 2310; x_wconf 85' lang='grc' dir='ltr'>ἢ</span> <span class='ocrx_word' id='word_1_685' title='bbox 1604 2274 1768 2310; x_wconf 78' lang='grc' dir='ltr'>ἀξιωμάτων</span> <span class='ocrx_word' id='word_1_686' title='bbox 1783 2273 1865 2308; x_wconf 80' lang='grc' dir='ltr'>ἐτύγ-</span> 
     </span>
    </p>
   </div>
   <div class='ocr_carea' id='block_1_103' title="bbox 1071 2318 1865 2359">
    <p class='ocr_par' dir='ltr' id='par_1_103' title="bbox 1071 2318 1865 2359">
     <span class='ocr_line' id='line_1_103' title="bbox 1071 2318 1865 2359; baseline -0.008 -8"><span class='ocrx_word' id='word_1_687' title='bbox 1071 2333 1163 2359; x_wconf 80' lang='grc' dir='ltr'>χανον.</span> <span class='ocrx_word' id='word_1_688' title='bbox 1182 2322 1299 2354; x_wconf 79' lang='grc' dir='ltr'>Τούτους</span> <span class='ocrx_word' id='word_1_689' title='bbox 1313 2321 1351 2353; x_wconf 84' lang='grc' dir='ltr'><strong>ὡς</strong></span> <span class='ocrx_word' id='word_1_690' title='bbox 1374 2320 1499 2358; x_wconf 77' lang='grc' dir='ltr'>πρόϐατα</span> <span class='ocrx_word' id='word_1_691' title='bbox 1516 2320 1606 2353; x_wconf 75' lang='grc' dir='ltr'>ἔθετο,</span> <span class='ocrx_word' id='word_1_692' title='bbox 1623 2319 1668 2347; x_wconf 76' lang='grc' dir='ltr'><strong>τὸν</strong></span> <span class='ocrx_word' id='word_1_693' title='bbox 1683 2319 1800 2347; x_wconf 75' lang='grc' dir='ltr'>θάνατον</span> <span class='ocrx_word' id='word_1_694' title='bbox 1814 2318 1865 2346; x_wconf 80' lang='grc' dir='ltr'><strong>αὖ·</strong></span> 
     </span>
    </p>
   </div>
   <div class='ocr_carea' id='block_1_104' title="bbox 1072 2369 1486 2405">
    <p class='ocr_par' dir='ltr' id='par_1_104' title="bbox 1072 2369 1486 2405">
     <span class='ocr_line' id='line_1_104' title="bbox 1072 2369 1486 2405; baseline -0.01 -6"><span class='ocrx_word' id='word_1_695' title='bbox 1072 2373 1128 2399; x_wconf 84' lang='grc' dir='ltr'>τῶν</span> <span class='ocrx_word' id='word_1_696' title='bbox 1142 2372 1202 2398; x_wconf 69' lang='grc' dir='ltr'>ἀντὶ</span> <span class='ocrx_word' id='word_1_697' title='bbox 1217 2371 1314 2402; x_wconf 81' lang='grc' dir='ltr'>θυσίας</span> <span class='ocrx_word' id='word_1_698' title='bbox 1329 2369 1486 2405; x_wconf 75' lang='grc' dir='ltr'>δεξάμενος.</span> 
     </span>
    </p>
   </div>
   <div class='ocr_carea' id='block_1_105' title="bbox 1111 2415 1633 2452">
    <p class='ocr_par' dir='ltr' id='par_1_105' title="bbox 1111 2415 1633 2452">
     <span class='ocr_line' id='line_1_105' title="bbox 1111 2415 1633 2452; baseline -0.008 -7"><span class='ocrx_word' id='word_1_699' title='bbox 1111 2427 1121 2445; x_wconf 72' lang='lat'><strong>1</strong></span> <span class='ocrx_word' id='word_1_700' title='bbox 1135 2418 1183 2450; x_wconf 84' lang='grc' dir='ltr'>Τίς</span> <span class='ocrx_word' id='word_1_701' title='bbox 1198 2417 1289 2452; x_wconf 71' lang='grc' dir='ltr'>σοφὸς,</span> <span class='ocrx_word' id='word_1_702' title='bbox 1306 2417 1354 2443; x_wconf 74' lang='grc' dir='ltr'><strong>καὶ</strong></span> <span class='ocrx_word' id='word_1_703' title='bbox 1366 2415 1479 2450; x_wconf 80' lang='grc' dir='ltr'>φυλάξει</span> <span class='ocrx_word' id='word_1_704' title='bbox 1494 2415 1581 2442; x_wconf 79' lang='grc' dir='ltr'>ταῦτα</span> <span class='ocrx_word' id='word_1_705' title='bbox 1598 2424 1605 2448; x_wconf 90' lang='grc'>;</span> <span class='ocrx_word' id='word_1_706' title='bbox 1623 2424 1633 2441; x_wconf 71' lang='grc' dir='ltr'><strong>ι</strong></span> 
     </span>
    </p>
   </div>
   <div class='ocr_carea' id='block_1_106' title="bbox 1118 2458 1868 2497">
    <p class='ocr_par' dir='ltr' id='par_1_106' title="bbox 1118 2458 1868 2497">
     <span class='ocr_line' id='line_1_106' title="bbox 1118 2458 1868 2497; baseline -0.008 -7"><span class='ocrx_word' id='word_1_707' title='bbox 1118 2464 1193 2495; x_wconf 83' lang='grc' dir='ltr'>Ένὸς</span> <span class='ocrx_word' id='word_1_708' title='bbox 1212 2463 1293 2497; x_wconf 80' lang='grc' dir='ltr'>σοφοῦ</span> <span class='ocrx_word' id='word_1_709' title='bbox 1302 2461 1388 2489; x_wconf 79' lang='grc' dir='ltr'>ταῦτα</span> <span class='ocrx_word' id='word_1_710' title='bbox 1405 2461 1586 2497; x_wconf 82' lang='grc' dir='ltr'>φυλάττοντος</span> <span class='ocrx_word' id='word_1_711' title='bbox 1607 2459 1692 2494; x_wconf 82' lang='grc' dir='ltr'>πολλὴ</span> <span class='ocrx_word' id='word_1_712' title='bbox 1709 2458 1817 2490; x_wconf 76' lang='grc' dir='ltr'>σύνεσις</span> <span class='ocrx_word' id='word_1_713' title='bbox 1831 2459 1868 2485; x_wconf 80' lang='grc' dir='ltr'>δι’</span> 
     </span>
    </p>
   </div>
   <div class='ocr_carea' id='block_1_107' title="bbox 1077 2504 1868 2542">
    <p class='ocr_par' dir='ltr' id='par_1_107' title="bbox 1077 2504 1868 2542">
     <span class='ocr_line' id='line_1_107' title="bbox 1077 2504 1868 2542; baseline -0.008 -6"><span class='ocrx_word' id='word_1_714' title='bbox 1077 2509 1159 2537; x_wconf 74' lang='grc' dir='ltr'>αὑτοῦ</span> <span class='ocrx_word' id='word_1_715' title='bbox 1175 2508 1223 2535; x_wconf 76' lang='grc' dir='ltr'>καὶ</span> <span class='ocrx_word' id='word_1_716' title='bbox 1245 2508 1392 2542; x_wconf 73' lang='grc' dir='ltr'>ἐπίγνωσις</span> <span class='ocrx_word' id='word_1_717' title='bbox 1406 2507 1523 2540; x_wconf 82' lang='grc' dir='ltr'>γίνεται.</span> <span class='ocrx_word' id='word_1_718' title='bbox 1543 2506 1579 2533; x_wconf 74' lang='grc' dir='ltr'><strong>Σὺ</strong></span> <span class='ocrx_word' id='word_1_719' title='bbox 1598 2506 1689 2532; x_wconf 86' lang='grc' dir='ltr'>τοίνυν</span> <span class='ocrx_word' id='word_1_720' title='bbox 1713 2504 1808 2540; x_wconf 80' lang='grc' dir='ltr'>μαθὼν</span> <span class='ocrx_word' id='word_1_721' title='bbox 1825 2504 1868 2531; x_wconf 84' lang='grc' dir='ltr'><strong>ὄτι</strong></span> 
     </span>
    </p>
   </div>
   <div class='ocr_carea' id='block_1_108' title="bbox 1078 2551 1868 2589">
    <p class='ocr_par' dir='ltr' id='par_1_108' title="bbox 1078 2551 1868 2589">
     <span class='ocr_line' id='line_1_108' title="bbox 1078 2551 1868 2589; baseline -0.006 -8"><span class='ocrx_word' id='word_1_722' title='bbox 1078 2555 1158 2589; x_wconf 73' lang='grc' dir='ltr'>σοφὸν</span> <span class='ocrx_word' id='word_1_723' title='bbox 1168 2554 1213 2580; x_wconf 83' lang='grc' dir='ltr'>τὸν</span> <span class='ocrx_word' id='word_1_724' title='bbox 1231 2553 1340 2587; x_wconf 80' lang='grc' dir='ltr'>φύλακα</span> <span class='ocrx_word' id='word_1_725' title='bbox 1366 2552 1412 2579; x_wconf 81' lang='grc' dir='ltr'>τοῦ</span> <span class='ocrx_word' id='word_1_726' title='bbox 1428 2552 1511 2587; x_wconf 82' lang='grc' dir='ltr'>νόμου</span> <span class='ocrx_word' id='word_1_727' title='bbox 1535 2551 1768 2587; x_wconf 77' lang='grc' dir='ltr'>προσηγόρευσεν,</span> <span class='ocrx_word' id='word_1_728' title='bbox 1789 2551 1814 2577; x_wconf 71' lang='grc' dir='ltr'>εἰ</span> <span class='ocrx_word' id='word_1_729' title='bbox 1828 2558 1868 2576; x_wconf 86' lang='grc' dir='ltr'>σο-</span> 
     </span>
    </p>
   </div>
   <div class='ocr_carea' id='block_1_109' title="bbox 1078 2596 1868 2635">
    <p class='ocr_par' dir='ltr' id='par_1_109' title="bbox 1078 2596 1868 2635">
     <span class='ocr_line' id='line_1_109' title="bbox 1078 2596 1868 2635; baseline -0.006 -8"><span class='ocrx_word' id='word_1_730' title='bbox 1078 2601 1141 2635; x_wconf 78' lang='grc' dir='ltr'>φίας</span> <span class='ocrx_word' id='word_1_731' title='bbox 1160 2598 1316 2633; x_wconf 73' lang='grc' dir='ltr'>ἐπιθυμεῖς,</span> <span class='ocrx_word' id='word_1_732' title='bbox 1336 2596 1453 2633; x_wconf 77' lang='grc' dir='ltr'>ἐργάζου</span> <span class='ocrx_word' id='word_1_733' title='bbox 1479 2597 1524 2624; x_wconf 67' lang='grc' dir='ltr'><strong>τὸν</strong></span> <span class='ocrx_word' id='word_1_734' title='bbox 1547 2597 1646 2632; x_wconf 80' lang='grc' dir='ltr'>νόμον·</span> <span class='ocrx_word' id='word_1_735' title='bbox 1671 2596 1798 2631; x_wconf 84' lang='grc' dir='ltr'>προκοπὴ</span> <span class='ocrx_word' id='word_1_736' title='bbox 1813 2596 1868 2631; x_wconf 82' lang='grc' dir='ltr'><strong>γὰρ</strong></span> 
     </span>
    </p>
   </div>
   <div class='ocr_carea' id='block_1_110' title="bbox 1076 2639 1867 2679">
    <p class='ocr_par' dir='ltr' id='par_1_110' title="bbox 1076 2639 1867 2679">
     <span class='ocr_line' id='line_1_110' title="bbox 1076 2639 1867 2679; baseline -0.009 -6"><span class='ocrx_word' id='word_1_737' title='bbox 1076 2647 1132 2677; x_wconf 86' lang='grc' dir='ltr'>τοῖς</span> <span class='ocrx_word' id='word_1_738' title='bbox 1156 2644 1277 2675; x_wconf 88' lang='grc' dir='ltr'>συνετοῖς</span> <span class='ocrx_word' id='word_1_739' title='bbox 1297 2644 1314 2679; x_wconf 83' lang='grc' dir='ltr'><strong>ἡ</strong></span> <span class='ocrx_word' id='word_1_740' title='bbox 1338 2642 1448 2678; x_wconf 78' lang='grc' dir='ltr'>πρᾶξις.</span> <span class='ocrx_word' id='word_1_741' title='bbox 1474 2642 1510 2669; x_wconf 80' lang='grc' dir='ltr'><strong>Τὸ</strong></span> <span class='ocrx_word' id='word_1_742' title='bbox 1535 2642 1630 2678; x_wconf 82' lang='grc' dir='ltr'>κέρδος</span> <span class='ocrx_word' id='word_1_743' title='bbox 1650 2642 1679 2669; x_wconf 77' lang='grc' dir='ltr'>δὲ</span> <span class='ocrx_word' id='word_1_744' title='bbox 1701 2641 1732 2668; x_wconf 82' lang='grc' dir='ltr'>οὐ</span> <span class='ocrx_word' id='word_1_745' title='bbox 1758 2639 1867 2676; x_wconf 76' lang='grc' dir='ltr'>μικρὸν,</span> 
     </span>
    </p>
   </div>
   <div class='ocr_carea' id='block_1_111' title="bbox 1078 2685 1869 2726">
    <p class='ocr_par' dir='ltr' id='par_1_111' title="bbox 1078 2685 1869 2726">
     <span class='ocr_line' id='line_1_111' title="bbox 1078 2685 1869 2726; baseline -0.005 -8"><span class='ocrx_word' id='word_1_746' title='bbox 1078 2691 1171 2726; x_wconf 80' lang='grc' dir='ltr'>ἐπειδὴ</span> <span class='ocrx_word' id='word_1_747' title='bbox 1200 2689 1246 2716; x_wconf 83' lang='grc' dir='ltr'>σοῦ</span> <span class='ocrx_word' id='word_1_748' title='bbox 1261 2689 1306 2716; x_wconf 73' lang='grc' dir='ltr'>τὸν</span> <span class='ocrx_word' id='word_1_749' title='bbox 1326 2688 1407 2724; x_wconf 88' lang='grc' dir='ltr'>νόμον</span> <span class='ocrx_word' id='word_1_750' title='bbox 1426 2688 1607 2724; x_wconf 79' lang='grc' dir='ltr'>φυλάττοντος</span> <span class='ocrx_word' id='word_1_751' title='bbox 1637 2688 1723 2725; x_wconf 70' lang='grc' dir='ltr'>ἕτεροι</span> <span class='ocrx_word' id='word_1_752' title='bbox 1748 2687 1782 2714; x_wconf 78' lang='grc' dir='ltr'><strong>τὰ</strong></span> <span class='ocrx_word' id='word_1_753' title='bbox 1805 2685 1869 2722; x_wconf 72' lang='grc' dir='ltr'>ιλιη</span> 
     </span>
    </p>
   </div>
   <div class='ocr_carea' id='block_1_112' title="bbox 1079 2735 1399 2772">
    <p class='ocr_par' dir='ltr' id='par_1_112' title="bbox 1079 2735 1399 2772">
     <span class='ocr_line' id='line_1_112' title="bbox 1079 2735 1399 2772; baseline 0 -9"><span class='ocrx_word' id='word_1_754' title='bbox 1079 2736 1129 2763; x_wconf 82' lang='grc' dir='ltr'>τοῦ</span> <span class='ocrx_word' id='word_1_755' title='bbox 1144 2735 1212 2763; x_wconf 83' lang='grc' dir='ltr'>Θεοῦ</span> <span class='ocrx_word' id='word_1_756' title='bbox 1228 2735 1399 2772; x_wconf 83' lang='grc' dir='ltr'>συνήσουσιν.</span> 
     </span>
    </p>
   </div>
   <div class='ocr_carea' id='block_1_113' title="bbox 867 2880 1115 2915">
    <p class='ocr_par' dir='ltr' id='par_1_113' title="bbox 867 2880 1115 2915">
     <span class='ocr_line' id='line_1_113' title="bbox 867 2880 1115 2915; baseline 0.012 -10"><span class='ocrx_word' id='word_1_757' title='bbox 867 2880 890 2897; x_wconf 69' lang='grc'><strong>⁸⁸</strong></span> <span class='ocrx_word' id='word_1_758' title='bbox 904 2880 999 2908; x_wconf 84' lang='lat' dir='ltr'><strong>Matth.</strong></span> <span class='ocrx_word' id='word_1_759' title='bbox 1014 2888 1070 2915; x_wconf 73' lang='lat' dir='ltr'><strong>xm,</strong></span> <span class='ocrx_word' id='word_1_760' title='bbox 1089 2881 1115 2909; x_wconf 86' lang='lat'><strong>8.</strong></span> 
     </span>
    </p>
   </div>
  </div>
