2056 3148
155 147 222 179 1309

433 205 582 243 manus
601 205 660 233 η’.

194 260 203 277 ι
228 250 290 286 ᾨδή
303 250 414 286 ψαλμοῦ
422 250 461 285 τῷ
476 251 569 278 Δαυῖδ.
596 262 604 277 1

199 296 277 332 ᾮδὴν
284 296 393 332 ψαλμοῦ
400 296 451 332 τὴν
460 297 489 324 ὲν
498 297 606 325 συνέσει
615 296 770 332 δοξολογῐαν
780 297 863 331 λέγει·
873 296 953 324 τοῦτο

156 343 211 378 γὰρ
224 343 272 369 καὶ
286 344 342 375 τοῖς
358 343 423 379 ἑξῆς
437 343 624 379 δειχθήσεται.

198 441 207 457 ι
231 431 345 467 Ἑτοιμη
362 433 379 467 ἡ
390 432 488 468 καρδία
508 441 574 468 μου,
592 433 606 459 ὁ
623 432 699 464 Θεός,
714 442 723 459 ι

194 477 340 514 Μακάρων
354 477 510 513 ἑτοιμάζειν
524 478 585 514 Θεῷ
598 479 648 514 τὴν
669 479 784 514 καρδίαν
798 487 803 493 ’
827 479 885 512 ἕξει
902 479 956 516 γὰρ

161 523 243 551 αὐτὸν
258 525 272 551 ὁ
284 524 438 560 ἑτοιμάιζων
460 525 578 552 ἑνοικον.
599 525 711 561 Ἐπειδὴ
730 525 759 552 δὲ
775 526 820 552 τὸν
840 526 928 560 Λόγον
943 527 957 552 ὁ

160 569 310 604 Προφήτης
326 569 466 602 δίεσωσεν,
492 570 548 605 ἀρα
564 570 662 605 διπλῆν
676 571 750 606 αὺτῷ
773 571 823 605 τὴν
845 571 956 606 ἑτοιμα-

162 615 225 641 σίαν
236 615 404 650 προσφέρειν
418 615 575 651 ὀφείλομεν.
591 616 646 642 Καὶ
665 615 791 651 καθάπερ
808 616 833 642 οἰ
847 615 958 651 βασιλέα

165 659 313 695 μέλλοντες
328 660 510 696 ὑποδέχεσθαι
524 661 702 696 ἑτοιμάζουσι
716 661 762 688 τὸν
778 659 865 694 οἰκον,
880 661 958 696 πρῶ-

163 714 211 732 τον
230 705 281 741 μὲν
295 706 518 742 ἐκκαθαίροντες,
537 706 664 742 δεύτερον
681 707 709 733 δὲ
736 706 821 742 σκεύη
837 707 866 734 ἐν
883 706 959 741 αὐτῷ

163 751 200 778 τὰ
220 751 290 787 πρὸς
303 751 353 787 τὴν
374 752 469 787 χρείαν
491 752 703 788 ἀποτιθέμενοι·
726 752 796 779 οὕτω
816 752 865 779 καὶ
879 753 960 787 ἡμεῖς

164 797 262 833 διπλῆν
279 798 439 832 ὲτοιμασίαν
451 797 489 832 τῷ
501 797 560 836 Θεῷ
572 798 795 834 παρασκευάζειν
808 797 958 833 χρῄζομεν·

168 845 233 879 μίαν
252 844 313 878 μὲν,
328 843 507 880 καθαίροντες
523 844 567 870 τὸν
578 844 628 879 τῆς
647 843 760 879 καρδίας
775 843 856 869 ναόν·
872 841 960 869 δεύτε-

728 149 957 180 FRAGMENTA
977 150 1015 179 IN
1036 150 1216 180 PSALMOS.

1730 145 1797 178 1310

1271 205 1432 233 PSALMUS
1451 204 1531 232 CVII.

1038 252 1121 281 Vens.
1140 253 1164 279 l.
1185 261 1194 278 ‹
1214 252 1356 280 Canticum
1373 251 1471 287 psalmi
1488 251 1540 287 ipsi
1558 250 1652 278 David.
1671 261 1680 277 I

1038 299 1184 328 Canticum
1200 298 1296 334 psalmi
1315 302 1397 326 vocat
1412 298 1643 325 collamlationcm
1661 297 1689 324 in
1705 297 1798 325 scien-

1004 347 1041 374 tia
1058 354 1066 374 :
1086 347 1140 374 hoc
1166 345 1240 373 enim
1266 346 1349 372 etiam
1378 353 1429 380 per
1454 344 1598 380 sequentia
1625 343 1798 372 demonstra-

1006 393 1091 420 bitur.

1043 436 1121 463 Vsus.
1134 436 1161 463 εὶ.
1182 445 1192 462 ι
1213 435 1341 462 Paratum
1357 442 1406 462 eor
1421 442 1525 467 meum,
1544 434 1626 461 Deus.
1643 443 1653 459 ι

1044 482 1157 509 Beatum
1178 486 1220 509 est
1244 488 1399 516 praeparare
1422 488 1472 507 cor
1495 480 1551 507 Deo
1569 488 1576 507 :
1593 487 1657 507 nam
1679 480 1726 515 qui
1748 480 1800 507 hoc

1007 533 1086 563 parat
1111 528 1223 555 habebit
1249 527 1338 562 ipsum
1368 527 1499 553 incolam.
1524 526 1593 554 Cum
1617 530 1707 553 autem
1733 525 1800 552 Pro-
1822 536 1824 541 τ

1008 576 1091 610 pheta
1111 574 1230 602 Verbum
1252 574 1304 601 hoe
1323 573 1484 605 servaverit,
1501 573 1596 607 utique
1619 572 1756 607 duplicem
1775 571 1800 599 ei

1009 620 1236 657 praeparationem
1263 619 1364 646 aﬂ'erre
1392 618 1536 646 debemus.
1564 618 1598 645 Et
1621 618 1802 652 quemadmo-

1009 668 1073 695 dum
1105 667 1144 694 illi
1165 666 1214 701 qui
1239 673 1333 699 regem
1359 664 1481 699 hospitio
1503 663 1644 699 excepturi
1665 667 1730 690 sunt
1751 663 1800 690 do-

1010 722 1084 742 mum
1111 716 1225 749 parant,
1248 712 1367 747 primum
1390 710 1500 746 quidem
1523 717 1582 736 eam
1607 713 1801 744 expurgantes,

1010 760 1110 788 deinde
1131 767 1198 787 vero
1222 766 1287 786 vasa
1313 758 1347 785 ad
1371 764 1449 784 usum
1476 755 1633 783 necessaria
1656 755 1684 781 in
1706 754 1802 781 eadem

1011 807 1195 838 collocantes;
1221 805 1261 832 sic
1283 804 1368 832 etiam
1393 810 1445 831 nos
1466 802 1603 837 duplicem
1625 800 1803 836 praeparatio—

1012 862 1076 882 nem
1097 853 1154 881 Deo
1173 852 1306 879 exhibere
1322 850 1456 878 debemus
1472 858 1480 875 :
1496 855 1579 876 unam
1602 847 1714 882 quidem
1735 841 1805 874 tém-

169 898 215 926 ρον
237 890 278 923 δὲ,
295 890 397 938 ἀρετὰς
416 890 485 926 αὐτῇ
508 890 556 916 καὶ
574 890 688 924 πράξεις
710 889 816 924 ἀγαθὰς
832 888 962 923 ἐπεισφέ-

1022 902 1089 929 )lum
1105 900 1197 928 cordis
1214 897 1407 930 emundando;
1429 896 1544 923 alteram
1561 902 1626 922 vero
1641 893 1757 921 virtutes
1773 901 1806 920 ac

168 944 271 972 ροντες.
291 935 370 962 Οὕτω
390 936 446 971 γὰρ
460 936 526 970 ἡμῖν
546 936 560 962 ὁ
577 935 644 967 Θεὸς
665 934 718 961 οὐκ,
742 933 891 969 ἑνδημήοει
913 932 962 968 μό-

169 990 225 1013 νον,
239 981 308 1008 ἀλλὰ
321 981 368 1008 καὶ
381 981 544 1016 ἐγχρονίσει.
557 980 641 1013 Δόξαν
659 980 756 1007 ἑαυτοῦ
779 981 793 1006 ὁ
816 979 963 1015 Προφήτης

169 1027 217 1054 τὸν
256 1026 375 1061 Χριστὸν
394 1027 634 1062 προσηγόρευσεν·
658 1026 754 1062 ἐπειδὴ
785 1025 963 1061 συμμόρφους

168 1073 244 1108 ἡμᾶς
259 1073 308 1107 τῆς
325 1072 404 1106 δόξης
417 1073 467 1107 τῆς
481 1072 599 1105 οἰκείας,
613 1072 754 1099 ἀναλαβὼν
767 1072 801 1098 τὰ
823 1071 961 1107 ἡμέτερα,

170 1118 330 1153 πεποίηκεν.
345 1118 392 1144 Ἐν
407 1118 495 1154 τούτῳ
506 1117 596 1145 τοίνυν
611 1118 684 1154 ᾅδειν
698 1118 746 1145 καὶ
758 1117 871 1152 ψάλλειν
885 1117 962 1151 φησὶ,

171 1165 305 1197 τουτέστι,
322 1165 371 1192 σὺν
393 1165 496 1192 αἰνέσει
517 1165 680 1199 δοξολογεῖν.
706 1164 778 1192 Τίδὲ
794 1165 823 1191 ὲν
845 1163 884 1198 τῷ
902 1164 965 1198 Χρι-

172 1209 227 1245 στῷ
244 1210 396 1245 δοξολογεῖν
411 1211 461 1237 καὶ
468 1210 580 1245 ψάλλειν
593 1219 600 1244 ;
616 1211 650 1237 τὰ
666 1210 729 1245 περὶ
743 1209 826 1236 αὑτοῦ
844 1209 965 1244 δηλονότι

174 1255 321 1291 μυστήρια.

211 1363 222 1380 σ
241 1354 428 1391 Ἑξεγέρθητι,
445 1355 463 1390 ἡ
478 1354 542 1388 δόξα
560 1364 622 1390 μου.
643 1365 652 1381 ι

210 1399 317 1434 Πόθενς
341 1400 375 1427 ἐκ
389 1400 444 1428 τῶν
463 1401 601 1428 ταπεινῶν
622 1401 672 1436 τῆς
688 1400 902 1436 ἀνθρωπότητος
915 1408 967 1434 μυ-

174 1446 305 1482 στηρίων,
324 1447 358 1474 ὲκ
380 1446 436 1473 τῶν
458 1447 565 1482 νεκρῶν
588 1446 636 1479 οὒς
662 1446 802 1474 κατελθὼν
821 1447 835 1472 ὁ
849 1445 968 1480 Χριστὸς

174 1491 366 1526 ὲπεσκέψατο’
389 1491 494 1519 ἐκεῖθεν
519 1492 601 1519 αὐτὸν
623 1492 817 1528 ἐξαναστῆσαι,
843 1492 887 1518 ἵνα
923 1492 969 1517 καὶ

176 1537 317 1572 ἀναληφθῇ
327 1557 335 1571 ,
351 1537 391 1569 ὼς
405 1537 559 1572 μελλόντων
577 1538 658 1573 ἡμῶν
674 1539 811 1564 κοινωνεῖν
827 1537 901 1572 αὐτῷ
918 1536 968 1572 τῆς

176 1584 255 1619 δόξης
273 1583 323 1618 τῆ;
343 1584 382 1615 εἰς
404 1584 536 1619 οὐρανοὺς
560 1584 695 1619 βούλεται.
722 1583 789 1610 Οὐδὲ
806 1583 861 1618 γὰρ
885 1583 965 1618 μόνον

178 1631 341 1665 συνήγειρεν
364 1631 453 1665 ἡμᾶς,
478 1630 547 1658 ἀλλὰ
569 1631 617 1657 καὶ
642 1630 822 1658 συνεκάθισεν
843 1630 873 1656 ἐν
894 1629 972 1664 δεξιᾷ

179 1676 278 1704 ἑαυτοῦ
302 1677 331 1703 ἐν
350 1677 408 1707 τοῖς
431 1675 616 1711 ἐπουρανίοις.
642 1675 766 1702 Παλαιὰν
787 1675 904 1702 ἐνταῦθα
926 1676 973 1701 καὶ

182 1721 287 1758 Καινὴν
300 1722 438 1758 Διαοήκην
461 1722 651 1757 ἐξεγερθῆναι.
678 1722 718 1753 εἰς
743 1721 791 1753 τὰς
818 1722 881 1756 περὶ
906 1720 973 1747 Θεοῦ

183 1767 336 1802 μαρτυρίας
353 1767 524 1802 παρακαλεῖ,
540 1766 611 1794 ὥστε
627 1767 660 1793 δι’
683 1767 775 1794 αὐτῶν
794 1767 974 1801 πιστευθῆναι

181 1810 228 1836 τοῦ
244 1810 363 1845 Χριστοῦ
384 1811 434 1846 τὴν
458 1810 618 1838 ἀνάστασιν.
639 1811 670 1838 'H
696 1812 746 1846 μὲν
773 1812 827 1846 γὰρ
847 1811 975 1846 προλέγει

183 1856 246 1887 τοὺς
258 1855 372 1890 καιροὺς
383 1856 431 1882 καί
446 1856 509 1887 τοὺς
523 1856 623 1888 τόπους
633 1865 640 1872 ·
654 1857 670 1891 ἡ
684 1857 712 1883 δὲ
723 1856 769 1882 ἐπὶ
786 1857 836 1889 τῆς
851 1857 973 1891 ἱστορίας

182 1900 219 1926 τὰ
236 1900 420 1935 προλεχθέντα
437 1900 464 1926 δε
469 1900 582 1928 ἱκνυσιν.

223 1955 232 1971 ι
257 1945 492 1980 Ἐξεγεροήσομαι
508 1945 619 1981 ὄρθρου.
640 1955 649 1972 ι

224 1991 381 2027 Ἀπόκρισιν
400 1992 529 2026 εἰσήγαγε
547 1990 594 2018 τοῦ
613 1991 733 2026 Χριστοῦ
756 1992 790 2027 τῇ
816 1992 907 2027 δεήσει
931 1992 978 2018 τοῦ

185 2037 328 2072 Προφήτω
355 2037 572 2072 συμϐαίνουσαν·
595 2039 609 2064 ὸ
630 2037 680 2073 μὲν
695 2037 750 2072 γὰρ
770 2037 850 2064 αὐτὸν
863 2037 978 2073 ἐξεγερ-

184 2083 264 2116 θῆναι
283 2082 419 2109 ἱκέτευσεν
437 2083 540 2116 εἱπὼν,
563 2083 744 2118 Ἐξεγέρθητι
756 2104 765 2117 ,
781 2083 800 2117 ἠ
815 2083 890 2115 δόξα
909 2092 979 2118 μου.

190 2129 220 2155 ‘0
253 2129 281 2155 δὲ
305 2129 416 2156 καὶτὸν
435 2129 531 2164 καιρὸν
543 2129 614 2161 ,καθ’
650 2129 680 2156 ὃν
708 2129 862 2164 οἰκονομεῖν
889 2129 980 2163 μέλλει

185 2175 282 2207 τοῦτο,
306 2175 502 2210 κατήγγειλεν·
532 2175 782 2210 Ἐξεγερθήσομαι
803 2175 868 2211 γὰρ,
886 2175 978 2210 φησιν,

1013 947 1114 982 probas
1129 945 1253 972 actiones
1271 943 1310 970 illi
1329 940 1486 979 inferendo.
1505 939 1551 966 Sic
1566 938 1640 966 enim
1661 937 1733 964 Deus
1750 944 1805 963 non

1013 981 1101 1018 solum
1121 990 1154 1016 ad
1177 995 1228 1015 nos
1247 986 1440 1017 diversabitur,
1463 991 1559 1012 vemm
1580 982 1662 1010 etiam
1680 982 1707 1009 in
1727 981 1806 1008 nobis

1013 1034 1240 1064 commorabitur.
1260 1032 1382 1061 Gloriam
1403 1038 1480 1059 suam
1503 1030 1548 1057 hic
1567 1028 1705 1063 Propheta
1723 1027 1806 1055 Chri-

1015 1087 1086 1109 stum
1111 1080 1276 1116 appellavit;
1303 1077 1526 1113 quandoquidem
1552 1083 1616 1104 cum
1641 1079 1735 1103 nostra
1763 1081 1808 1101 as-

1015 1127 1146 1162 sumpsit,
1172 1125 1330 1153 conformes
1356 1132 1407 1151 nos
1431 1123 1524 1159 gloriae
1546 1129 1603 1150 suae
1624 1121 1752 1149 reddidit.
1778 1120 1807 1147 ln

1015 1181 1049 1201 eo
1073 1173 1155 1208 igitur
1179 1171 1349 1199 cantandum
1375 1174 1403 1197 et
1428 1168 1600 1204 psallendum
1625 1167 1679 1200 ait,
1705 1166 1732 1194 id
1755 1170 1807 1198 est,

1016 1227 1080 1247 eum
1104 1218 1185 1246 laude
1209 1216 1417 1245 celebrandum.
1444 1214 1514 1248 Quid
1542 1221 1625 1249 porro
1650 1213 1678 1240 in
1701 1211 1810 1240 Christo

1017 1266 1213 1294 celebrandum
1252 1269 1280 1291 et
1319 1263 1513 1298 psallendum?
1550 1261 1644 1296 utique
1683 1258 1810 1296 mysteria

1018 1313 1113 1348 ipsius.

1057 1358 1135 1386 Vnus.
1152 1357 1177 1385 5.
1195 1365 1205 1383 ο
1222 1357 1355 1391 Exsurge,
1373 1354 1457 1390 gloria
1473 1361 1544 1381 mea.
1561 1362 1570 1378 ι

1054 1404 1153 1432 Unde?
1170 1403 1209 1430 Ex
1231 1402 1383 1430 humilibus
1407 1399 1586 1428 humanitalis
1607 1397 1755 1434 mysteriis,
1778 1403 1811 1423 ex

1019 1451 1086 1487 ipsis
1107 1449 1224 1478 mortuis
1248 1456 1318 1483 quos
1341 1446 1514 1475 descendens
1535 1445 1662 1472 Christus
1683 1443 1813 1470 visitare-

1021 1502 1063 1526 rat
1076 1507 1082 1524 :
1098 1497 1163 1525 indo
1177 1496 1236 1523 vult
1251 1495 1342 1530 ipsum
1357 1500 1516 1528 exsurgere,
1530 1495 1560 1519 ut
1574 1491 1655 1518 etiam
1671 1489 1812 1521 ascendat,

1021 1551 1076 1578 quo
1090 1547 1117 1570 et
1135 1549 1188 1569 nos
1205 1548 1315 1576 quoque
1336 1538 1457 1567 cmlestis
1474 1538 1534 1572 ejus
1553 1537 1646 1573 glerize
1667 1535 1815 1571 participes

1023 1589 1183 1617 evadamus.
1203 1587 1264 1613 Non
1281 1585 1370 1613 solum
1385 1585 1460 1612 enim
1478 1591 1530 1611 nos
1545 1581 1751 1612 eonsnscilavit,
1767 1580 1814 1607 sed

1024 1635 1105 1662 etiam
1121 1632 1275 1661 consedere
1287 1631 1352 1658 Fecit
1366 1630 1393 1657 in
1409 1630 1522 1658 dextera
1537 1635 1585 1655 sua
1602 1628 1629 1655 in
1646 1626 1815 1655 erelestibus.

1024 1680 1157 1708 Provocat
1179 1679 1232 1706 hoc
1253 1677 1315 1705 loco
1329 1677 1416 1704 Vetus
1429 1683 1461 1703 ac
1475 1674 1580 1702 Novum
1597 1673 1813 1702 Testamentum,

1026 1731 1054 1754 ut
1075 1728 1204 1760 exsurgat
1225 1724 1258 1751 ad
1278 1722 1435 1750 testimonia
1459 1721 1493 1748 de
1516 1720 1571 1757 Deo
1595 1717 1768 1754 proferenda,
1789 1721 1817 1743 ut

1026 1780 1074 1808 per
1093 1779 1125 1798 ea
1141 1769 1244 1797 Christi
1267 1767 1435 1796 resurrectio
1452 1766 1639 1794 conﬁrmetur.
1658 1763 1726 1790 lllud
1743 1762 1816 1789 enim

1027 1818 1148 1854 praedicit
1165 1821 1291 1850 tempora
1304 1819 1332 1841 et
1346 1814 1421 1846 loca;
1440 1813 1492 1840 hoc
1506 1818 1572 1838 vero
1587 1810 1614 1836 in
1633 1808 1744 1836 historia
1757 1815 1817 1842 qua:

1027 1864 1156 1899 praedicta
1169 1862 1279 1889 fuerant
1293 1859 1423 1888 ostendit.

1067 1960 1076 1977 ι
1095 1950 1244 1984 Exsurgam
1261 1947 1391 1976 diluculo.
1412 1955 1421 1971 ι

1066 1993 1284 2030 Res'ponsioncm
1305 1991 1409 2019 Christi
1436 1989 1585 2018 introduxit
1607 1988 1749 2023 Propheta:
1771 1994 1819 2021 pe-

1031 2040 1120 2069 titioni
1137 2042 1337 2075 congruentem
1351 2046 1357 2064 :
1374 2036 1419 2064 hic
1433 2036 1507 2063 enim
1528 2034 1601 2062 ἱίἰιιιιι
1618 2037 1771 2068 rogaverat,
1791 2037 1822 2058 ut

1031 2088 1192 2120 exsurgeret
1205 2083 1311 2116 dicens,
1328 2082 1458 2116 Exsurge,
1472 2080 1557 2116 gloria
1571 2087 1639 2106 mea.
1656 2077 1716 2112 Ipse
1730 2082 1824 2106 autem

1032 2132 1114 2160 etiam
1133 2137 1240 2166 tempus
1256 2128 1442 2161 annuntiavit,
1466 2135 1520 2162 quo
1541 2125 1612 2153 istud
1632 2129 1691 2152 erat
1709 2124 1821 2158 dispen-

1033 2183 1143 2206 saturus
1157 2187 1163 2205 :
1180 2177 1329 2211 Exsurgam
1344 2175 1428 2208 enim,
1461 2172 1564 2208 inquit,
1579 2170 1704 2198 diluculo.
1723 2169 1823 2197 iisdem

188 2222 305 2256 ὄρθρου.
336 2221 382 2253 Ἐξ
399 2221 482 2256 αὐτῆς
504 2220 602 2253 λέξεως
619 2221 650 2247 τὸ
671 2220 711 2256 τῷ
730 2221 821 2255 Λουκᾷ
844 2221 909 2256 περὶ
932 2221 970 2255 τῆη

1035 2224 1093 2252 fere
1111 2223 1203 2250 verbis
1226 2222 1325 2257 quibus
1346 2220 1433 2248 Lucas
1453 2218 1595 2246 historiam
1614 2214 1823 2245 resurrectionis

187 2266 361 2298 ἀναστάσεως
378 2266 554 2301 ἱστορημένον
569 2265 755 2300 φθεγξάμενος
765 2274 772 2281 ’
787 2266 912 2300 Ὄρθρου
925 2267 983 2298 ,βα-

189 2312 256 2344 θέος
272 2309 368 2347 ἦλθον
386 2311 528 2346 γυναῖκες
541 2311 590 2337 ὲπί
612 2311 645 2337 τὸ
663 2311 777 2346 μνῆμα,
797 2311 942 2346 φέροι-σαι
966 2310 986 2338 d

188 2357 358 2392 ἡτοίμασαν
369 2356 526 2391 ἀρώματα·
543 2354 583 2388 οἷς
606 2357 653 2382 καὶ
680 2356 715 2383 τὰ
742 2355 809 2384 ἄλλα
838 2356 888 2391 τῆς
919 2357 984 2383 ἁνα-

190 2403 313 2434 στάσεως
340 2402 387 2429 τοῦ
416 2402 543 2437 Σωτῆρος
557 2402 709 2437 ἐπήγαγεν.

229 2458 238 2475 ι
258 2448 320 2474 Ὅτι
336 2448 409 2483 μέγα
426 2448 518 2474 ἐπάνω
535 2447 588 2474 τῶν
603 2447 738 2481 οὐρανῶν.
761 2457 771 2472 ι

227 2494 322 2526 Ἔλεος
340 2494 386 2520 καὶ
411 2493 525 2529 ἀλήθεια
545 2494 593 2528 τῆς
613 2493 771 2528 οἰκονομίας
792 2494 840 2520 τοῦ
863 2493 982 2528 Χριστοῦ

190 2540 220 2566 τό
234 2540 382 2575 μυστήριον
395 2547 401 2554 ·
420 2539 492 2566 ὥστε
509 2539 554 2567 τὸν
572 2540 718 2574 Προφήτην
734 2539 829 2566 τοῦτον
845 2540 982 2575 ἀλλαχόσε

191 2587 284 2622 λέγει·
307 2588 411 2620 Ἔλεος
432 2587 481 2614 καὶ
505 2587 630 2622 ἀλήθεια
653 2587 865 2622 συνήντησαν.
886 2588 932 2620 Εἰς
954 2587 983 2614 ἓν

192 2634 248 2669 γὰρ
267 2635 284 2669 ἡ
300 2634 346 2661 τοῦ
363 2634 482 2670 Χριστοῦ
503 2634 598 2669 Θεότης
621 2634 668 2660 καὶ
693 2634 872 2669 ἀνορωπὸτης
885 2636 918 2670 τῇ
935 2634 983 2661 τοῦ

193 2679 274 2714 λόγου
291 2680 428 2716 σαρκώσει
448 2680 722 2716 κατήντησαν.“Αλλὰ
734 2681 764 2708 τὸ
782 2681 831 2716 μὲν
847 2681 920 2712 ἕλεος
933 2682 985 2716 ἁρ-

195 2727 289 2762 μόττει
301 2729 335 2763 τῇ
350 2727 398 2754 τοῦ
416 2727 603 2763 σαρκωοέντος
625 2728 706 2761 λόγου
720 2727 826 2763 θεότητι
839 2728 918 2763 (αὑτὴ
930 2729 985 2765 γὰρ

194 2773 226 2801 τὸ
240 2774 353 2809 πλάσμα
364 2777 394 2801 τὸ
405 2775 505 2801 οἰκεῖον
517 2774 650 2810 ἐλέησεν),
669 2775 685 2810 ή
699 2774 812 2810 ἀλήῧεια
826 2775 853 2801 δὲ
870 2777 900 2811 τῇ
919 2784 984 2811 ταρ-

235 2863 257 2879 ¹¹
276 2862 340 2895 Luc.
353 2871 426 2896 xxxv,
446 2863 468 2890 ἰ.
506 2863 527 2878 ⁸⁸
544 2862 780 2895 Psal.txxxiv,tt.

1033 2273 1230 2298 commemorat
1249 2268 1345 2295 dicens
1361 2277 1367 2294 :
1388 2266 1467 2294 Valde
1488 2264 1604 2292 diluculo
1623 2266 1749 2291 uenerunt
1766 2269 1824 2288 mu-

1033 2316 1109 2343 lieres
1134 2315 1169 2342 ad
1194 2318 1402 2344 monumentum,
1422 2315 1557 2346 portantes
1581 2317 1640 2345 qua:
1664 2310 1825 2343 parauerunt

1033 2366 1156 2388 aromata
1171 2361 1194 2377 ⁸⁵
1208 2369 1214 2387 :
1231 2360 1332 2395 quibus
1351 2358 1433 2386 etiam
1450 2357 1555 2391 reliqua
1573 2355 1606 2383 de
1623 2352 1828 2381 resurrectione

1035 2406 1185 2434 Salvatoris
1202 2405 1354 2440 subiunxit.

1073 2452 1144 2480 Vens
1155 2452 1181 2479 5.
1200 2461 1208 2477 ε
1224 2451 1292 2484 Quia
1308 2457 1404 2485 magna
1419 2454 1461 2476 est
1475 2455 1557 2482 super
1572 2446 1665 2474 cmlos.
1690 2455 1699 2471 ι

1073 2498 1259 2526 Misericordia
1272 2503 1299 2524 et
1313 2496 1414 2524 veritas
1427 2499 1492 2522 sunt
1502 2491 1713 2529 dispensationis
1724 2489 1828 2519 Christi

1038 2545 1210 2581 mysterium;
1240 2543 1276 2570 ita
1306 2547 1336 2570 ut
1360 2541 1496 2576 Propheta
1525 2540 1607 2567 etiam
1634 2538 1697 2565 alibi
1722 2537 1795 2565 dicat
1818 2547 1825 2564 ;

1038 2591 1217 2618 Misericordia
1245 2594 1269 2616 et
1294 2589 1391 2616 veritas
1419 2588 1587 2614 obviaveruut
1606 2585 1640 2612 ⁸⁸.
1666 2584 1719 2612 Per
1745 2583 1827 2611 Verbi

1038 2636 1110 2664 enim
1133 2634 1350 2662 incarnationem
1373 2632 1475 2660 Christi
1503 2631 1632 2659 divinitas
1651 2634 1678 2658 et
1700 2628 1829 2657 humani.-

1037 2688 1079 2710 tas
1094 2682 1121 2709 in
1139 2690 1223 2708 unum
1241 2684 1440 2708 convenerunt.
1460 2678 1654 2705 Verumtamen
1671 2675 1830 2703 misericors

1038 2727 1082 2754 dia
1110 2726 1220 2762 quidem
1253 2725 1387 2753 incarnati
1422 2724 1502 2752 Verbi
1533 2722 1670 2752 divinitati
1703 2719 1829 2755 congruit

1040 2774 1109 2809 (ipsa
1122 2774 1194 2802 enim
1212 2773 1332 2809 ﬁgmenti
1351 2772 1393 2800 sui
1414 2771 1524 2799 miserta
1547 2769 1622 2805 fuit),
1639 2768 1741 2797 veritas
1764 2773 1830 2794 vero
