2056 3148
233 154 299 187 1311

834 161 983 191 HESYCH
990 162 1017 191 ΙΙ
1035 162 1082 192 PR
1088 162 1271 193 ESBYTERI

1801 161 1869 194 1312

230 213 316 241 carui.
334 213 486 249 (Siquidem
502 222 556 241 non
571 215 724 242 secundum
738 216 974 252 imaginationem,
994 222 1020 245 ul

1077 219 1114 246 κὶ,
1129 220 1208 254 (Οὐδὲ
1225 220 1280 255 γὰρ
1308 219 1380 247 κατὰ
1409 219 1569 254 φαντασίαν,
1587 218 1624 250 ὣς
1640 227 1712 250 τινες
1730 217 1784 244 τῶν
1799 222 1873 252 αἱρε-

230 260 340 293 quidam
366 260 487 287 hzereiici
509 261 649 294 sentiunt,
675 262 725 290 sed
748 263 899 291 secundum
922 265 1024 292 verita-

232 310 286 332 tem
307 306 379 333 Deus
402 306 520 334 Verbum
542 314 654 335 carnem
679 310 851 344 assumpsit.)
871 310 929 338 Hoc
949 311 1023 338 enim

230 352 264 378 ad
279 353 490 387 explicationem
510 358 538 382 ct
558 355 798 383 conﬁrmationem
823 356 905 384 David
925 357 1024 385 iterum

229 398 308 430 dixit,
322 398 425 427 Veritas
441 400 473 426 de
489 405 560 427 terra
579 406 637 428 orta
657 406 694 429 est
705 402 739 434 ⁸⁷,
755 402 952 430 humanitatem
970 404 1023 431 Do-

230 445 297 472 mini
319 444 494 482 intelligens;
513 455 574 481 qum
589 447 623 474 de
640 451 710 475 terra
726 453 831 482 nostra,
847 449 953 477 scilicet
972 450 1024 477 hu-

230 498 318 517 manm
335 495 450 524 naturae,
467 497 525 519 orta
541 496 594 520 est.
616 492 711 528 Magna
733 493 816 528 igitur
833 501 916 528 supra
939 495 1024 522 cwlos

230 541 272 564 est
284 536 385 565 Christi
401 537 532 565 divinitas
548 543 660 573 propter
675 539 800 574 gloriam,
814 547 867 574 qua
879 548 894 567 a
906 541 1023 575 propriis

230 584 378 612 virtutibus
395 585 561 620 gloriﬁcatus
579 586 632 614 fuit
648 595 654 613 :
672 587 700 614 in
717 592 789 614 terra
808 589 884 616 enim
910 589 1022 617 minimc

230 630 407 663 noscebatur,
425 635 453 658 et
467 639 549 658 carne
563 632 789 660 obumbrabatur.

266 674 345 702 Vens.
358 675 384 702 6.
403 685 411 701 ι
429 675 556 704 Exaltare
572 685 654 711 super
668 677 764 710 emlos,
784 677 868 706 Deus.
885 688 894 704 ι

266 719 360 748 Viden’
393 725 422 748 ut
452 721 536 749 David
567 722 669 750 Christi
702 723 893 750 ascensionem
922 724 1023 758 praedi-

229 773 305 798 cens,
320 767 396 801 prius
412 768 525 795 nubium
546 768 642 796 fecerit
659 768 846 796 mentionem?
861 769 932 796 Ecce
949 770 1021 797 enim

229 812 310 838 etiam
338 820 412 840 nunc
440 814 505 848 quid
538 814 626 841 simile
654 814 829 849 proponitur,
864 822 964 850 nempe
992 820 1022 842 ut

229 858 365 885 exaltctur
380 858 452 886 Dens
467 867 551 894 super
566 860 650 887 caelos
665 860 839 892 celebratus;
861 860 924 888 licet
945 869 1018 888 sem-

228 912 277 938 per
296 905 322 930 in
344 905 508 932 sublimibus
527 906 650 938 exsistat,
671 906 708 933 nti
726 907 765 933 ait
783 907 886 934 Isaias:
903 906 1015 934 Sanctus
1035 895 1055 922 Β

227 949 356 977 Dominus
373 951 418 986 qui
434 951 462 978 in
479 951 541 978 altis
559 952 661 978 habitat
673 952 707 978 9".
725 951 810 979 David
825 959 889 980 vero
904 953 944 980 sic
959 962 965 980 :
980 953 1016 980 Tu

226 996 297 1022 solus
321 996 472 1023 Altissimus
494 1005 573 1031 super
595 1005 698 1024 omnem
723 1001 823 1024 terram
843 998 876 1025 ‘9.
901 999 1017 1026 Verum-

228 1046 318 1069 tamen
336 1043 526 1070 exaltationem
544 1049 623 1071 vocat
642 1043 781 1080 Unigeniti
802 1052 864 1072 cum
885 1052 968 1073 carne
989 1046 1015 1073 in

227 1087 312 1115 caelos
325 1095 481 1116 ascensum.

262 1133 344 1161 Vens.
361 1134 388 1161 7.
412 1144 421 1160 ί
437 1135 474 1162 Ut
490 1135 642 1163 liberentur
656 1136 748 1164 dilecti
762 1137 810 1164 tui.
830 1146 839 1163 ι

261 1178 356 1206 Dilecti
373 1179 420 1207 Dei
439 1185 504 1208 sunt
523 1180 562 1208 illi
583 1181 708 1209 homines
725 1182 771 1217 qui
786 1190 838 1217 per
852 1182 912 1218 ejus
927 1183 954 1210 in
970 1191 1017 1219 εε-

226 1231 279 1252 nus
302 1229 425 1252 nostrum
448 1225 623 1253 dilectionem
643 1227 742 1254 servati
762 1232 837 1262 sunt,
851 1236 920 1263 quos
937 1229 1018 1256 etiam

226 1269 257 1297 in
276 1270 375 1298 caelum
397 1271 532 1299 exaltatus
554 1272 587 1299 ab
609 1273 720 1307 antiqua
743 1273 900 1308 captivitate
923 1274 1019 1302 libera-

225 1315 279 1349 vit;
293 1316 521 1351 quemadmodum
537 1316 636 1345 Paulus
655 1318 693 1345 ait
706 1327 712 1345 :
729 1318 876 1346 Ascendens
891 1320 918 1346 in
933 1320 1018 1346 altum

225 1362 360 1396 captivum
384 1363 459 1390 duxit
485 1363 682 1398 captivitatem,
708 1364 780 1391 dedit
806 1365 877 1392 dona
904 1365 1018 1392 homini-

226 1405 274 1433 bus
293 1406 326 1434 ⁹⁰.
356 1407 498 1435 Dexteram
524 1416 590 1436 vero
617 1408 664 1436 Dei
691 1417 744 1436 non
766 1409 828 1444 quis
851 1410 1019 1438 aberraverit

226 1451 358 1488 Spiritum
384 1459 508 1482 sanctum
534 1455 702 1491 intelligens;
729 1457 950 1492 quandoquidem
974 1458 1020 1485 hic

224 1506 334 1534 quoque
359 1499 407 1527 Dei
434 1501 535 1536 digitus
561 1502 727 1535 nominatur,
757 1502 859 1538 quippe
886 1502 1019 1530 Trinitate

227 1551 309 1571 unam
324 1545 505 1573 substantiam
527 1551 554 1574 et
569 1547 699 1575 virtutem
719 1552 746 1575 et
762 1548 949 1583 operationem
967 1550 1016 1577 ha-
1031 1560 1052 1589 ο

227 1589 317 1617 hente.
333 1590 421 1626 Rogat
437 1591 518 1627 igitur
536 1593 668 1627 propheta
686 1598 716 1620 ut
731 1601 781 1621 nos
797 1594 934 1621 salvemur
952 1599 980 1622 et
1000 1603 1016 1622 a

227 1633 331 1668 Spiritu
350 1635 537 1668 exandiamur,
560 1645 615 1671 quo
632 1637 766 1671 spiritales
782 1638 930 1673 gratiaeque
953 1639 1017 1666 inde

226 1679 414 1712 promanantis
437 1680 586 1715 participes
609 1681 765 1708 evadamus.
790 1682 920 1711 Praedicta
943 1684 1015 1711 enim

227 1726 303 1759 regat
314 1730 348 1751 ex
363 1726 501 1752 communi
519 1726 660 1754 hominum
675 1735 803 1762 persona.

263 1821 350 1852 Vens.
361 1823 388 1851 8.
407 1834 417 1851 ι
433 1825 504 1854 Deus
521 1827 628 1855 locutus
644 1833 686 1857 est
702 1829 728 1857 in
747 1834 840 1858 sancto
857 1838 916 1858 suo.
933 1841 942 1858 ι

259 1868 384 1898 Christus
401 1879 500 1907 nempe
516 1873 543 1900 in
560 1874 645 1901 choro
664 1875 860 1910 apostolorum.
879 1877 936 1905 Hoc
951 1886 1016 1906 vero

223 1914 366 1948 sequentia
380 1915 530 1950 declarant,
546 1918 572 1944 in
592 1919 691 1953 quibus
706 1921 852 1956 descripsit
869 1922 1014 1951 Dominum

224 1967 257 1986 ex
271 1964 393 1995 tempore
405 1962 530 1996 petitioni
543 1963 687 1999 Prophetas
698 1967 919 2001 respondentem.
935 1968 1015 1996 lliscc

224 2006 382 2034 nominibus
397 2007 522 2044 designat
542 2010 643 2037 donum
659 2011 777 2046 Spiritus
791 2021 800 2040 :
815 2014 887 2048 quod
905 2015 1014 2049 quidem

224 2052 302 2079 vallis
331 2058 372 2080 est
397 2053 653 2089 tabernaculorum,
683 2057 787 2084 scilicet
814 2057 1013 2092 Ecclesiarum;

224 2098 443 2133 quandoquidem
473 2101 634 2135 spiritalium
663 2109 794 2137 aquarum
825 2105 1014 2140 congregatio-

224 2150 298 2175 nem,
319 2143 500 2178 baptismatis,
514 2144 636 2181 inquam,
648 2148 676 2175 in
686 2149 754 2176 valle
770 2149 821 2176 hac
836 2150 932 2184 spiritu
948 2158 1014 2186 sup-

224 2188 363 2222 peditante
391 2190 556 2224 possideant.
583 2192 621 2219 De
645 2201 699 2228 quo
719 2195 783 2222 alibi
805 2195 889 2222 David
912 2196 961 2229 ait,
978 2196 1013 2223 Et

204 2266 209 2271 .
226 2233 305 2260 calles
322 2234 494 2262 abundabunt
513 2237 644 2271 frumenta
659 2239 699 2271 ";
718 2248 780 2267 cum
801 2240 845 2268 hic
863 2241 898 2268 sit
917 2241 1012 2269 salutis
1028 2229 1051 2256 Β

227 2283 324 2307 nostra:
347 2279 462 2308 fruetus.
482 2281 616 2310 Czeterum
632 2283 733 2312 Sit-ima
749 2286 946 2321 interpretatur
967 2287 1017 2314 Itu-

223 2327 345 2360 meratio,
366 2327 394 2354 id
414 2333 456 2355 est
476 2329 638 2358 excellentia
656 2340 662 2358 :
679 2332 732 2359 hoc
748 2333 822 2359 enim
842 2333 972 2361 humerus
988 2334 1016 2361 in

222 2371 313 2399 divina
334 2372 474 2409 Scriptura
495 2374 646 2410 significat;
669 2377 743 2404 unde
763 2377 797 2405 de
816 2377 898 2406 Saulc
916 2379 963 2411 ait,
978 2379 1016 2405 Ab

222 2417 330 2444 humero
355 2424 379 2446 et
404 2428 485 2455 supra
512 2421 629 2449 excelsus
645 2423 679 2450 θ’.
705 2423 775 2455 Quid
799 2427 890 2450 autem
911 2423 1015 2458 Spiritu

223 2463 387 2492 sublimius?
399 2467 441 2493 vel
459 2467 549 2502 qualis
570 2468 704 2496 celsitudo
718 2477 766 2503 par
780 2473 827 2496 aut
845 2469 955 2503 mqualis
970 2477 1014 2496 re—

224 2508 306 2542 periri
331 2511 418 2543 possit
437 2513 543 2540 muneri
566 2513 622 2546 isti,
645 2514 717 2548 quod
736 2514 861 2542 Christus
880 2514 1015 2542 exaltatus

223 2553 380 2582 di~tribuit?
401 2556 454 2584 Sed
480 2563 507 2585 et
528 2560 651 2592 metitur,
675 2560 702 2587 id
723 2565 774 2592 est,
797 2561 831 2588 ad
855 2568 1013 2588 mensuram

223 2599 330 2627 dividit.
357 2601 421 2628 Nam
446 2603 592 2639 unicuique
617 2606 800 2634 manifestalio
825 2606 942 2641 Spiritus
967 2606 1014 2634 tri-

225 2644 318 2672 buitur
336 2652 418 2682 prout
433 2649 569 2677 conducit.

263 2735 343 2765 Vsus.
364 2737 405 2765 10.
425 2747 433 2764 ε
453 2738 530 2768 Mel;
546 2741 619 2769 lcbcs
633 2742 691 2777 spei
708 2750 784 2770 mete.
804 2752 811 2768 ι

1077 265 1160 291 τικῶν
1183 265 1321 298 δοκοῦσιν,
1338 266 1406 293 ἀλλὰ
1429 266 1489 292 κατ’
1513 265 1642 300 ἀλήθειαν
1663 265 1677 290 6
1699 263 1764 295 Θεὸς
1787 264 1873 296 Λόγος

1076 310 1261 346 σεσάρκωται.
1274 311 1283 345 )
1297 311 1384 338 Τοῦτο
1404 311 1458 346 γὰρ
1486 311 1526 342 εἰς
1540 309 1687 346 ἑρμηνείαν
1707 309 1755 336 καὶ
1769 308 1872 336 σύστα-

1082 364 1124 382 σιν
1139 357 1153 382 ὁ
1167 356 1248 383 Δαϐὶδ
1269 356 1351 383 πάλιν
1373 356 1478 390 ἔλεγεν,
1498 355 1534 382 Ἡ
1555 354 1680 388 ἀλήθεια
1693 354 1728 380 ἐκ
1745 353 1800 387 τῆς
1814 351 1872 388 τῆς

1076 401 1230 435 ἀνέτειλε,
1254 402 1303 438 τὴν
1329 402 1528 438 ἀνθρωπότητα
1550 401 1595 427 τοῦ
1625 400 1729 434 Κυρίου
1760 400 1870 433 λέγων·

1075 448 1124 484 τὴν
1147 449 1202 475 ἀπὸ
1221 449 1272 484 τῆς
1289 449 1429 485 ἡμετέρας
1445 449 1506 483 γῆς,
1529 447 1632 483 δηλαδὴ
1656 446 1706 482 τῆς
1729 445 1872 482 ἀνθρωπι-

1076 505 1124 531 vn;
1143 496 1261 530 φύσεως,
1280 495 1472 522 ἁνατείλασαν.
1493 494 1573 527 Μέγα
1592 493 1684 519 τοίνυν
1703 492 1797 518 ἐπάνω
1815 491 1871 518 τῶν

1076 540 1200 576 οὐρανῶν
1215 542 1232 576 ἡ
1256 540 1303 567 τοῦ
1327 539 1449 576 Χριστοῦ
1469 539 1564 574 θεότης
1588 539 1632 565 διὰ
1659 538 1708 573 τὴν
1733 537 1823 570 δόξαν,
1836 537 1870 574 ἦν

1077 588 1154 619 παρὰ
1167 586 1221 612 τῶν
1236 586 1347 612 οἰκείων
1357 586 1500 620 δυνάμεων
1515 583 1671 616 ἐδοξάζετο·
1687 583 1734 610 ἐπὶ
1751 585 1801 618 γῆς
1814 583 1869 623 γᾲρ

1075 631 1210 666 ἠγνοεῖτο,
1229 632 1278 657 καὶ
1294 632 1325 666 τῇ
1346 631 1428 666 σαρκὶ
1443 624 1646 661 συνεσκιάξετο.

1112 686 1121 701 ι
1143 677 1280 712 ’Υψώοητι
1293 677 1338 703 ἐπὶ
1353 677 1415 708 τοὺς
1428 676 1568 712 οὐρανοὺς,
1579 677 1593 702 ὁ
1603 675 1678 706 Θεός.
1697 684 1706 700 ι

1109 723 1227 758 Θεωρεῖς
1248 723 1289 749 ὅτι
1311 722 1359 749 τοῦ
1385 721 1504 758 Χριστοῦ
1529 722 1579 757 τὴν
1599 721 1734 756 ἀνάληψιν
1761 720 1869 748 diam

1073 768 1253 804 προφητεύων
1266 788 1273 801 ,
1294 768 1349 795 τῶν
1367 768 1489 803 νεφελῶν
1514 767 1671 804 ἔμπροσθεν
1696 767 1869 802 ἐμνημόνευ-

1073 822 1138 846 σεν;
1158 814 1221 840 Ἰδοὺ
1246 814 1302 849 γὰρ
1319 814 1366 840 καὶ
1384 813 1431 841 νῦν
1454 814 1546 849 ὅμοιον
1563 812 1741 845 ὑποτίθεται,
1759 812 1869 846 ὑψωοῆ-

1072 868 1116 886 ναι
1130 860 1175 886 τὸν
1186 859 1252 886 Θεὸν
1265 860 1312 886 ἐπὶ
1327 860 1392 891 τοὺς
1403 859 1536 895 οὐρανοὺς
1554 858 1776 894 πρεσϐευόμενος
1786 865 1792 872 ·
1808 858 1866 884 καί·

1068 914 1109 932 τοι
1121 905 1267 938 διαπαντὸς
1282 907 1311 932 ἐν
1322 905 1435 941 ὑψηλοῖς
1449 905 1524 937 ὄντα,
1536 904 1610 931 καθὰ
1624 913 1706 939 φησιν
1716 903 1864 934 ὁἪσαϊας·

1069 951 1166 986 ’Ἄγιος
1174 952 1281 986 Κύριος
1293 953 1309 978 ό
1328 952 1363 978 ὲν
1378 952 1510 986 ὑψηλοῖς
1531 950 1686 978 κατοικῶν.
1714 950 1769 977 Καὶ
1784 949 1868 976 Δαὸὶδ

1068 997 1095 1024 δὲ
1111 996 1198 1030 οὕτως
1211 1005 1218 1013 ”
1237 997 1279 1024 Σὺ
1290 999 1384 1033 μόνος
1414 997 1464 1024 ἐπὶ
1482 997 1588 1025 πᾶσαν
1617 997 1676 1031 τὴν
1700 996 1770 1031 γῆν.
1797 995 1867 1022 Ἀλλ’

1069 1043 1173 1078 ’ὑψωσιν
1194 1044 1241 1071 ἐπὶ
1255 1045 1319 1076 τοὺς
1333 1045 1467 1080 οὐρανοὺς
1482 1043 1530 1071 τοῦ
1548 1044 1617 1071 Θεοῦ
1630 1065 1637 1078 ,
1660 1044 1739 1071 καλεῖ
1759 1043 1809 1078 τὴν
1826 1043 1866 1074 εἰς

1068 1089 1181 1124 οὐρανὸν
1196 1089 1242 1116 τοῦ
1259 1089 1427 1125 Μονογενοῢς
1443 1090 1512 1125 μετὰ
1527 1090 1627 1126 σαρκὸς
1638 1089 1739 1116 ἄνοδον.

1107 1145 1116 1160 ι
1134 1135 1228 1165 Ὂπω;
1245 1135 1279 1162 ἂν
1296 1135 1434 1170 ρυσθῶσιν
1454 1136 1478 1162 ot
1493 1135 1633 1171 ἀγαπητοὶ
1648 1143 1706 1163 σου.
1720 1143 1730 1161 ι

1111 1180 1263 1215 ’Λγαπητοὶ
1292 1180 1340 1206 τοῦ
1357 1179 1426 1206 Θεοῦ
1445 1180 1471 1206 οἱ
1499 1179 1633 1211 σωθέντες
1648 1178 1732 1206 αὑτοῦ
1751 1178 1797 1206 διὰ
1815 1179 1866 1215 τῆς

1069 1225 1180 1261 ἀγάπης
1194 1227 1244 1260 τῆς
1272 1226 1341 1262 πρὸς
1350 1225 1381 1253 τδ
1397 1225 1478 1260 γένος
1499 1226 1530 1252 τὸ
1547 1226 1684 1262 ἡμέτερον
1705 1225 1864 1261 ἂνθρωποι*

1069 1271 1174 1307 οὕσπερ
1189 1272 1237 1299 καὶ
1253 1271 1407 1307 ἁνυψωθεὶς
1421 1273 1461 1304 εἰς
1479 1272 1595 1308 οὐρανὸν
1607 1272 1662 1299 ἀπὸ
1680 1272 1730 1306 τῆς
1750 1271 1866 1306 ἀρχαίας

1069 1317 1260 1353 αἰχμαλωσίας
1268 1318 1405 1353 ἐρρύσατο
1414 1326 1422 1333 ⁸
1437 1318 1511 1345 καθά
1526 1326 1609 1353 φησιν
1622 1318 1646 1344 ι-
1653 1317 1771 1350 Παῦλος,
1785 1318 1866 1344 Ἁνα-

1070 1364 1123 1396 6ὰς
1141 1363 1186 1396 εἰς
1200 1363 1280 1398 ὕψος
1290 1362 1530 1398 ᾐχμαλώτευσεν
1538 1364 1760 1398 αἰχμαλωσίαν,
1772 1362 1867 1390 ἔδωκε

1070 1407 1184 1442 δόματα
1200 1408 1236 1435 ἐν
1249 1407 1427 1442 ἀνθρώποις.
1449 1407 1545 1441 Δεξιὰν
1560 1407 1588 1434 δὲ
1602 1407 1650 1435 τοῦ
1670 1407 1738 1434 Θεοῦ
1756 1408 1809 1434 οὐκ
1833 1407 1866 1434 ἂν

1069 1459 1112 1482 τις
1140 1451 1261 1486 ἁμάρτοι
1283 1451 1314 1478 τὸ
1330 1451 1446 1487 Πνεῦμα
1471 1452 1684 1488 προσαγορεύων
1704 1452 1736 1479 τὸ
1764 1452 1863 1486 ἅγιον·

1070 1496 1164 1532 ἐπειδὴ
1178 1497 1225 1523 καὶ
1236 1497 1305 1524 Θεοῦ
1316 1497 1447 1529 δάκτυλος
1467 1497 1644 1533 ὀνομάζεται,
1664 1497 1701 1529 ὡς
1717 1497 1767 1532 τῆς
1781 1498 1866 1532 Τρια-

1070 1542 1114 1575 δος
1130 1543 1196 1578 μίαν
1214 1543 1332 1578 ἐχούσης
1351 1543 1446 1570 οὐσίαν
1463 1543 1582 1579 δύναμιν
1599 1552 1630 1570 τε
1646 1544 1694 1571 καὶ
1710 1544 1866 1579 ἐνέργειαν.

1069 1587 1193 1623 meam
1208 1588 1299 1615 τοίνυν
1312 1589 1387 1623 ἡμᾶς
1405 1589 1419 1615 ὁ
1434 1589 1583 1624 Προφήτης
1596 1588 1644 1616 καὶ
1658 1589 1864 1624 ἐπακουσοῆναι

1068 1633 1226 1669 παραχαλεῖ
1243 1633 1282 1668 τῷ
1299 1633 1452 1669 Πνεύματι,
1467 1634 1510 1661 ἵνα
1520 1635 1707 1669 πνευματικοὶ
1719 1634 1864 1670 γενώμεθα

1068 1680 1115 1706 καὶ
1129 1680 1178 1715 τῆς
1191 1679 1304 1715 χάριτος
1322 1680 1373 1715 τῆς
1397 1680 1505 1707 ἐκεῖθεν
1519 1680 1726 1716 κατερχομένης
1743 1680 1862 1715 μέτοχοι.

1074 1724 1141 1751 ’Δπὸ
1160 1726 1215 1760 γὰρ
1235 1725 1326 1752 κοινοῦ
1351 1725 1406 1752 τῶν
1429 1724 1586 1760 ἀνθρώπων
1607 1725 1756 1761 προσώπου
1775 1726 1809 1753 τὰ
1825 1726 1864 1752 ει-

1069 1771 1176 1806 ρημένα
1191 1770 1385 1806 πρεσϐεύεται.

1106 1837 1115 1853 ε
1139 1828 1168 1854 '0
1181 1828 1249 1860 Θεὸς
1259 1828 1391 1863 ἐλάλησεν
1405 1828 1435 1854 ἐν
1451 1828 1491 1864 τῷ
1507 1827 1578 1863 ἁγίῳ
1594 1827 1688 1854 αὑτοῦ.
1711 1837 1720 1853 ι

1113 1874 1142 1900 '0
1157 1874 1275 1909 Χριστὸς
1297 1875 1326 1901 ὲν
1337 1874 1377 1909 τῷ
1391 1873 1464 1909 χορῷ
1475 1873 1531 1900 τῶν
1546 1873 1705 1900 ἀποστόλων
1719 1893 1726 1905 ,
1738 1872 1861 1908 εὔδηλον.

1066 1919 1147 1955 Δηλοῖ
1161 1919 1189 1945 δὲ
1204 1919 1238 1946 τὰ
1255 1920 1389 1954 ἑπόμενα,
1405 1921 1435 1946 ἐν
1449 1918 1490 1951 οἷς
1507 1919 1553 1946 τὸν
1575 1919 1678 1955 Κύριον
1702 1919 1768 1954 περὶ
1793 1919 1863 1946 πόδα

1065 1965 1116 2000 τῆς
1127 1965 1174 1992 τοῦ
1193 1965 1338 2000 Προφὴτου
1355 1965 1477 2001 δεήσεως
1493 1964 1714 2000 ἀποκρινόμενον
1728 1964 1861 1998 ἔγραψεν.

1066 2011 1177 2042 Τούτοις
1192 2012 1249 2042 τοῖς
1265 2011 1381 2046 ὀνόμασι
1403 2011 1453 2047 τὴν
1472 2011 1579 2046 δωρεὰν
1594 2010 1795 2046 χαρακτηρίζει
1813 2009 1863 2036 τοῦ

1066 2055 1243 2091 Πνεῦματος”
1264 2056 1376 2082 κοιλάδα
1392 2056 1443 2092 μὲν
1459 2055 1513 2083 τῶν
1534 2055 1654 2090 σκηνῶν,
1667 2055 1722 2082 τῶν
1746 2055 1862 2090 Ἐκκλη-

1067 2102 1132 2128 σιῶν
1147 2101 1279 2136 δηλονότι,
1295 2102 1489 2137 τυγχάνουσαν
1502 2109 1508 2116 ·
1523 2101 1619 2137 ἐπειδὴ
1631 2101 1680 2136 τὴν
1692 2101 1747 2128 τῶν
1758 2101 1873 2143 νοητῶν.

1066 2148 1170 2175 ὑδάτων
1189 2148 1362 2184 συναγωγὴν,
1391 2148 1465 2184 φημὶ
1483 2147 1515 2183 δὴ
1539 2147 1586 2174 τοῦ
1611 2147 1810 2182 βαπτίσματος,
1832 2148 1862 2174 ὲν

1065 2195 1098 2228 τῇ
1109 2193 1213 2220 κοιλάδι
1225 2193 1312 2229 ταύτῃ
1332 2194 1364 2229 τῇ
1382 2193 1500 2228 χορηγία
1514 2194 1547 2228 τῇ
1568 2193 1615 2220 τοῦ
1637 2192 1799 2227 Πνεῦματος
1813 2192 1862 2219 χέ-

1066 2249 1180 2276 κτηνται
1195 2248 1202 2254 ·
1218 2241 1281 2276 περὶ
1299 2236 1330 2266 οὗ
1354 2239 1473 2275 ἀλλαχοῦ
1489 2248 1572 2275 φησιν
1597 2241 1611 2266 ὁ
1632 2239 1728 2272 ,Δασιδ,
1751 2238 1805 2265 Καὶ
1831 2236 1862 2266 αι

1067 2286 1207 2318 κοιλάδες
1220 2286 1414 2320 πληθυνοῦσι
1427 2286 1516 2314 σῖτον
1526 2295 1533 2301 ·
1547 2286 1643 2321 ἐπειδὴ
1657 2285 1708 2320 τῆς
1721 2283 1862 2320 ἡμετέρας

1068 2331 1206 2367 σωτηρίας
1219 2332 1231 2357 ὀ
1243 2331 1358 2367 καρπός.
1369 2332 1476 2366 Σίκιμα
1487 2331 1515 2357 δὲ
1526 2330 1655 2363 ὡμίασις
1663 2327 1860 2365 ἑρμηνεύεται,

1067 2376 1207 2402 τουτέστιν
1225 2375 1303 2411 ἐξοχὴ
1317 2383 1324 2389 ·
1341 2375 1419 2402 τοῦτο
1439 2376 1494 2411 γὰρ
1516 2376 1530 2401 ὁ
1555 2371 1632 2410 ὦμος
1653 2375 1728 2410 παρᾶ
1746 2375 1779 2409 τῇ
1801 2373 1862 2408 θείᾳ

1070 2422 1165 2458 Γραφῇ
1183 2422 1276 2458 δηλοῖ·
1294 2421 1355 2449 ὅθεν
1369 2423 1434 2457 περὶ
1444 2421 1492 2449 τοῦ
1510 2421 1598 2448 Σαούλ
1615 2429 1709 2456 φησιν,
1731 2420 1862 2454 ’Υψηλὸς

1069 2468 1243 2502 ὐπερωμίαν
1263 2467 1312 2494 καὶ
1328 2468 1440 2494 ἐπάνω.
1457 2468 1490 2494 Τί
1503 2467 1532 2494 δὲ
1550 2467 1597 2494 τοῦ
1611 2466 1773 2500 Πνεύματος
1790 2466 1862 2501 ὑψη-

1069 2513 1195 2548 λότερον;
1213 2513 1229 2548 ἢ
1250 2513 1316 2543 ποια
1330 2522 1372 2545 τις
1397 2514 1520 2549 ὑπεροχὴ
1542 2512 1614 2540 κατὰ
1626 2512 1676 2548 τὴν
1696 2513 1800 2548 δωρεαν
1811 2513 1862 2546 τὴν

1069 2559 1175 2586 ἐκεῖθεν
1188 2559 1355 2594 εὑρίσκεται,
1368 2559 1402 2594 ἣν
1414 2559 1566 2595 ὑψούμενος
1579 2560 1592 2585 ὁ
1604 2558 1722 2593 Χριστὸς
1736 2559 1862 2592 διαμερί-

1068 2604 1126 2637 Cat;
1144 2605 1224 2631 Ἀλλὰ
1236 2605 1289 2640 μὴν
1304 2606 1351 2632 καὶ
1363 2605 1515 2640 διαμετρεῖ,
1528 2604 1662 2636 τουτέστι,
1676 2603 1745 2639 πρὸς
1760 2605 1862 2638 μέτρον

1069 2651 1178 2687 διαιρεῖ.
1196 2648 1320 2687 Ἐκάστῳ
1341 2651 1396 2688 γὰρ
1416 2653 1434 2688 ἡ
1456 2652 1611 2687 φανέρωσις
1634 2649 1683 2677 τοῦ
1702 2649 1861 2685 Πνεύματος

1070 2697 1139 2732 πρδς
1154 2697 1184 2723 τὺ
1201 2697 1342 2733 συμφέρον
1360 2697 1474 2724 δίδοται.

1108 2751 1117 2767 t
1132 2742 1219 2770 Μωὰὸ
1237 2743 1319 2778 λέῦης
1332 2743 1384 2778 τῆς
1394 2743 1502 2774 ἐλπίδος
1516 2751 1578 2778 μου.
1597 2751 1607 2769 ι

385 2843 493 2878 υξκχιν,
510 2840 552 2868 1'2.
592 2841 614 2858 ⁸⁸
628 2841 705 2868 lsaiac
721 2849 816 2875 Χγιιιιιγ
832 2843 857 2870 5.
896 2842 998 2871 8’l‘sal.
1013 2851 1113 2877 Luxu,
1129 2843 1170 2870 l9.
1209 2843 1232 2858 9°
1248 2842 1349 2878 Ephcs.
1366 2851 1402 2877 lY,
1417 2843 1443 2871 8.
1482 2844 1503 2860 “
1521 2843 1590 2872 Psal.
1615 2850 1689 2877 Lxlv,
1708 2842 1748 2871 lt.

225 2868 247 2884 "
263 2867 328 2904 Reg.
348 2877 384 2903 ιχ,
396 2871 423 2897 2.
