2056 3148
147 201 204 235 i321

178 270 187 287 ι
203 257 416 294 Καταράσονται
426 255 514 283 αὐτοί.
526 264 534 280 ι

176 306 309 341 Κατάραν
333 302 452 331 ἐνταῦθα
478 300 524 329 τὸν
549 299 666 336 σταυρὸν
679 300 776 327 καλά’
794 298 890 334 ἐπειδὴ
906 299 935 324 ὲν

145 354 180 390 τῷ
192 354 269 389 νόμῳ
288 350 485 387 γεγραμμένον
509 346 543 384 ἦν
555 357 562 364 υ
584 346 818 382 Ἐπικατάρατος
841 344 902 378 πᾶς
919 346 936 372 ὀ

146 399 331 436 κρεμάμενος
355 397 404 424 ἐπὶ
428 396 536 428 ξύλου.
551 395 650 430 Διόπερ
664 393 747 421 αὑτὸν
768 393 828 420 οὐδὲ
847 390 936 423 ἄλλως

146 445 333 482 ἀναιρεθῆναι,
348 443 417 470 ἀλλὰ
441 441 486 468 διὰ
502 440 550 468 τοῦ
566 440 684 476 σταυροῦ
702 439 848 475 ἐζήτησαν,
861 437 937 473 ὑδρε-

148 502 189 520 σαι
205 494 238 528 τῇ
252 491 360 526 κατάρᾳ
374 490 408 525 τῇ
428 488 611 525 γεγραμμένῃ
626 488 655 513 ἐν
667 486 705 522 τῷ
718 485 795 521 νόμῳ
808 484 936 520 βουλόμε-

147 546 198 566 νοι·
214 537 273 565 ἀλλ’
289 537 363 572 ὅμως
377 536 391 561 δ
405 534 499 569 Πατὴρ
515 533 582 560 αὐτὸ
598 533 638 564 εἰς
658 531 784 565 εὐλογίαν
798 530 936 564 ἐξέλαϐεν.

147 584 211 612 Οὑδέ
224 583 279 618 γὰρ
290 582 378 613 ἄλλως
393 582 418 608 εἰ
431 581 469 616 μὴ
484 579 530 606 διὰ
543 578 660 614 σταυροῦ
675 578 803 613 ἀνέχεται
818 584 938 612 προσκυ-

147 629 260 660 νεῖσθαι,
276 629 293 664 ἤ
310 628 379 659 ὅλως
394 625 583 653 πιστεύεσθαι.

184 686 193 703 ι
208 677 240 703 Οί
254 672 470 709 ἐπανιστάμενοι
487 681 533 708 μοι
549 671 790 707 αἰσχυνθήτωσαν.
806 680 815 696 υ

181 721 423 757 Αἰηυνθήτωσαν,
441 719 534 754 φησιν,
550 719 574 744 οἰ
604 717 735 747 Ἰουδαῖοι,
752 716 798 743 τὸν
811 716 876 751 παρ’
890 715 939 742 αὺ-

147 769 200 796 τῶν
213 766 406 802 σταυρωθέντα
423 765 500 800 παρὰ
512 764 621 791 πάντων
636 762 754 799 δρῶντες
770 761 939 798 προσκυνού-

150 821 240 850 μενον.
260 812 346 844 Δὺτδς
361 810 390 838 δὲ
404 810 436 837 οὐ
452 808 582 836 τοσοῦτον
593 809 638 836 διὰ
657 808 708 844 τὴν
723 807 778 834 τῶν
803 806 940 834 Ἰουδαίων

148 860 289 896 αἰσχύνην,
315 858 378 885 ὅσον
399 856 444 883 διὰ
472 855 522 891 τὴν
547 853 685 890 σωτηρίαν
701 853 751 888 τῆς
773 852 940 888 οἰκουμένης

148 907 196 942 εὑφ
201 907 333 942 ραίνεται.

712 193 945 226 FRAGMENTA
966 193 1003 222 1N
1028 194 1208 224 PSAIMOS.

951 254 972 281 Δ
1026 248 1104 279 Vens.
1121 251 1166 278 28.
1188 261 1196 278 ι
1217 251 1378 279 Maledicth
1396 252 1443 279 illi.
1465 261 1473 277 ι

1713 193 1780 226 1322

1024 295 1197 325 Maledictum
1214 298 1265 325 hoc
1281 298 1340 325 loco
1356 299 1475 334 appellat
1505 306 1634 332 crucem;
1655 300 1781 335 quando-

987 343 1097 379 quidem
1115 345 1142 372 in
1159 345 1216 381 lege
1232 346 1364 381 scriptum
1393 351 1452 374 erat
1479 355 1485 373 :
1513 346 1670 374 Maledicta:
1697 349 1781 375 omnis

988 391 1032 426 qui
1046 392 1140 426 pendet
1162 392 1190 418 in
1218 392 1289 428 ligno
1305 393 1337 419 ".
1371 393 1474 420 Idcirco
1495 393 1585 427 ipsum
1616 401 1671 421 non
1701 394 1781 422 aliter

988 443 1069 471 quam
1086 444 1135 471 per
1148 437 1250 472 lignum
1268 438 1428 465 interimere
1442 438 1614 473 qumrehant,
1631 439 1781 467 maledicto

989 483 1016 510 in
1033 483 1091 519 lege
1103 484 1206 519 scripto
1222 484 1311 519 ipsum
1336 483 1444 511 allicere
1465 484 1609 512 volentes:
1641 490 1782 513 verumta-

988 538 1050 557 men
1066 529 1146 558 Pater
1166 530 1232 558 illud
1248 530 1276 557 in
1291 529 1513 558 benedictionem
1526 531 1673 559 ordinavit.
1687 531 1782 566 Neque

988 577 1062 604 enim
1079 577 1157 604 aliter
1170 585 1251 611 quam
1282 585 1330 612 per
1346 585 1454 605 crucem
1477 577 1596 606 sustinet
1611 578 1781 612 adorari,ch

989 622 1103 650 omnino
1116 623 1202 650 credi.

1027 677 1036 693 ι
1053 667 1105 701 Qui
1137 667 1283 704 insurgunt
1312 670 1443 697 adversus
1475 678 1519 699 mc
1532 670 1745 699 confundantur.
1770 681 1780 697 ι

1025 713 1467 751 Coniundantur,iuquit,Juda:i,
1494 724 1557 744 eum
1585 718 1631 753 qui
1652 717 1686 745 ab
1716 718 1784 753 ipsis

989 761 1136 790 cruciﬁxus
1152 761 1240 789 fuerat
1257 762 1290 789 ab
1306 762 1436 790 omnibus
1452 763 1598 790 adoratum
1622 767 1782 791 cernentes.
1821 760 1828 775 “’

991 805 1052 842 Ipse
1069 810 1160 834 autem
1176 815 1232 834 non
1246 812 1351 834 tantum
1369 813 1482 843 propter
1497 807 1655 837 Iudaeorum
1684 809 1782 837 coniu-

991 852 1108 886 sionem,
1139 856 1271 887 quantum
1300 853 1335 880 ob
1361 854 1445 881 totius
1460 854 1536 882 orbis
1560 855 1676 882 salutem
1706 855 1783 883 laeta-

992 904 1046 927 llll'.

185 933 438 980 ιιῈνδυσασθωσαν
453 949 476 976 οἰ
491 947 710 978 ἐνδιαϐάλλοντές
729 943 762 982 με
773 945 937 982 ἐντροπὴν.»

1028 942 1110 971 Vens.
1126 943 1170 972 29.
1194 953 1203 969 ι
1222 942 1374 972 lnduantur
1397 945 1443 980 qui
1458 945 1608 973 detrahunt
1639 947 1708 974 mihi
1731 955 1783 982 pu-

187 1041 338 1079 Ἐντροπὴν
353 1041 430 1076 λέγει
443 1040 500 1067 τῶν
520 1038 657 1067 Ἰουδαίων
673 1037 728 1064 τῶν
738 1035 943 1064 διαϐαλλόντων

148 1090 194 1118 καὶ
215 1088 452 1126 βλασφημούντων
469 1087 515 1114 τδν
529 1085 659 1122 Χριστὸν,
679 1085 719 1111 ὃτι
735 1083 782 1110 τὸν
797 1083 827 1117 ἐξ
852 1082 942 1109 αὐτῶν

149 1137 213 1164 ὕντα
229 1135 302 1164 κατὰ
316 1135 416 1170 σάρκα,
434 1134 482 1161 imi.
502 1133 589 1160 σῶσαι
601 1131 701 1163 αὐτοὺς
717 1130 829 1157 ἐλθόντα
846 1128 943 1156 ἐσταύ-

151 1177 250 1220 ρωσᾶν.
268 1181 340 1209 Ἀλλ’
356 1181 431 1217 ὅμως
446 1179 550 1214 ταύτην
562 1179 614 1214 τὴν
626 1177 761 1214 ἐντροπὴν
783 1176 922 1220 ἐνδύονται
934 1183 940 1191 ·

149 1217 208 1257 οὐδὲ
231 1228 287 1264 γὰρ
309 1227 457 1263 ἀρνοῦνται
477 1225 508 1252 τὸ
532 1223 656 1259 γεγονὸς,
674 1222 742 1251 ἀλλὰ
770 1221 818 1249 καὶ
839 1217 942 1256 σφόδρα

150 1274 314 1302 οἰκειοῦνται
325 1272 373 1299 τοῦ
387 1271 507 1307 σταυροῦ
519 1270 549 1297 τὸ
559 1270 700 1305 τόλμημα.
717 1268 774 1304 Τὴν
787 1267 854 1302 γοῦν
866 1267 942 1302 εἰρη-

151 1322 236 1357 μένην
248 1320 382 1355 αἰσχύνην
394 1319 432 1349 ὼς
445 1317 570 1344 διπλοΐδα
583 1314 796 1352 περιὸάλλονται
809 1322 815 1330 ·
830 1314 877 1341 ἐπὶ
889 1312 944 1348 γὰρ

149 1367 188 1403 τῷ
201 1366 356 1401 τολμήματι
374 1363 422 1391 τοῦ
438 1362 568 1398 σταυροῦ,
586 1362 654 1397 ὅπερ
670 1360 778 1396 ἱμάτιον
800 1359 942 1394 κέκληται,

150 1413 296 1449 ἀρνοῦνται
312 1411 359 1438 τὸν
375 1410 419 1437 διὰ
442 1409 492 1444 τῆς
509 1408 614 1441 οἰκείας
630 1407 766 1443 ὲγέρσεως
856 1406 944 1455 (ἕκουὶ

153 1460 235 1494 μένην
246 1458 404 1493 ἐγείραντα.
421 1454 506 1482 Τοῦτο
522 1454 550 1481 δὲ
562 1454 655 1485 αὐτοῖς
667 1453 704 1485 ῶς
719 1451 836 1487 αἰσχύνη
862 1449 943 1484 διπλῆ

151 1504 284 1536 διπλοΐδος
300 1503 393 1534 αὐτοῖς
408 1501 523 1532 εἰκότως
537 1498 710 1535 περιῦόλαιον
727 1497 844 1532 γίνεται.

188 1560 198 1577 ‹
217 1548 468 1585 Ἐξομολογήοομαι
487 1545 527 1581 τῷ
551 1545 648 1581 Κυρίῳ
662 1544 766 1580 σφόδρα
789 1544 818 1570 ἐν
834 1542 873 1578 τῷ
886 1541 945 1568 στό-

152 1596 218 1634 ματί
234 1605 295 1632 μου.
307 1605 317 1622 ι
394 1592 400 1598 ’

185 1643 278 1677 Στόμα
291 1641 339 1668 τοῦ
353 1639 473 1676 Χριστοῦ
485 1640 502 1675 ἠ
523 1637 675 1674 Ἐκκλησία
685 1645 691 1652 ·
710 1636 806 1675 ἐπειδὴ
825 1635 873 1663 καὶ
893 1636 942 1663 αὺ-

151 1690 195 1721 τδς
211 1689 295 1724 αὐτῆς
307 1687 413 1723 κεφαλὴ
426 1685 583 1720 ἀναγκαίως
597 1683 752 1720 καθέστηκε
762 1691 769 1699 ·
779 1683 824 1710 διὰ
840 1682 944 1719 ταύτης

149 1735 242 1762 τοίνυν
271 1731 524 1769 ἐξομολογήσασθαι
549 1730 589 1766 τῷ
618 1729 707 1766 Πατρὶ
730 1728 942 1763 ἐπαγγέλλεται.

150 1779 237 1807 Τοῦτο
248 1779 303 1815 γὰρ
313 1779 353 1810 είς
372 1777 524 1812 σαφήνειαν
540 1776 666 1811 ἐπήγαγε
683 1775 717 1801 τὸ
727 1775 871 1810 ἑπόμενον.

189 1834 199 1852 ι
219 1825 263 1851 Ἑν
278 1824 354 1860 μέσῳ
367 1821 474 1849 πολλῶν
489 1821 590 1849 αἰνέσω
606 1820 699 1848 αὐτόν.
714 1828 723 1846 ι

185 1870 292 1898 Οὐκοῦν
305 1870 355 1905 τὴν
374 1868 513 1904 ἡμετέραν
539 1866 705 1901 δοξολογίαν,
728 1865 832 1893 οἰκείαν
848 1864 944 1900 ἐξομο-

149 1917 274 1953 λόγησιν,
308 1915 448 1942 τουτέστιν
473 1913 660 1949 εὐχαριστίαν,
688 1911 848 1946 ἀναγκαίως
873 1911 944 1939 κατὰ

149 1962 231 1997 λόγον
243 1961 282 1993 ὡς
301 1959 404 1995 ποιμὴν
420 1959 549 1995 ποίμνης,
565 1957 613 1985 καὶ
632 1957 670 1989 ὡς
686 1956 798 1992 ἀπαρχὴ
814 1956 944 1991 φυράμα-

150 2017 198 2040 τος
210 2007 328 2035 τίθεται.

188 2062 200 2080 ‹
214 2054 276 2080 ὀτι
293 2053 416 2089 παρέστη
431 2052 463 2078 ἐκ
477 2050 572 2084 δεξιῶν
586 2049 714 2086 πένητος.
727 2057 736 2074 ι

192 2099 240 2127 Ἐν
256 2099 310 2135 γὰρ
337 2100 393 2131 τοῖς
417 2097 556 2129 Ἰουδαίοις
579 2096 661 2123 αὑτὸν
688 2095 732 2122 διὰ
755 2095 805 2131 τὴν
830 2094 944 2121 ἐκείνων

148 2146 284 2174 ἀπιστίαν
307 2145 459 2180 πενόμενον
491 2143 617 2170 πλουτεῖν
645 2141 797 2177 πεποίηκεν
834 2142 863 2168 ἐν
888 2141 944 2172 τοῖς

148 2193 266 2225 ἔθνεσιν,
292 2192 325 2218 ἐκ
344 2191 441 2224 δεξιῶν
467 2190 550 2217 αὐτοῦ
579 2189 742 2225 παραστάς·
758 2188 827 2222 ὅπερ
842 2187 875 2214 σὺ
894 2186 944 2221 μὲν

148 2239 240 2270 δοκεῖς
255 2235 326 2269 εἶναι
352 2236 490 2269 ταπεινὸν,
513 2235 572 2262 ἐστι
590 2235 619 2261 δὲ
644 2234 748 2269 σφόδρα
769 2232 880 2268 ὑψηλὸν,
896 2232 944 2258 καὶ

991 989 1068 1017 dore.
1089 999 1098 1016 ι

1029 1036 1163 1064 Pudorem
1177 1038 1214 1065 ait
1227 1038 1386 1067 Judazorum
1399 1039 1602 1068 detrahentium
1616 1045 1644 1068 et
1669 1042 1784 1069 maledi-

993 1080 1112 1109 centium
1127 1082 1248 1116 Christo,
1258 1084 1331 1119 quod
1348 1084 1478 1112 nimirum
1501 1085 1590 1121 ipsum
1603 1086 1678 1114 cruci
1688 1086 1784 1114 afﬁxo-

994 1126 1058 1159 rint,
1070 1127 1115 1162 qui
1132 1136 1164 1156 ex
1179 1128 1233 1156 illis
1248 1134 1306 1157 erat
1321 1130 1474 1158 secundum
1491 1138 1613 1164 carnem,
1629 1133 1697 1160 etad
1710 1133 1786 1168 ipsos

993 1173 1143 1202 servandos
1162 1175 1323 1203 advenerat.
1338 1175 1534 1205 Verumtamen
1558 1178 1633 1206 hunc
1650 1179 1784 1214 pudorem

994 1218 1127 1254 induunt;
1143 1221 1281 1249 nonenim
1297 1221 1399 1250 factum
1411 1228 1521 1259 negant,
1540 1225 1588 1252 sed
1606 1226 1698 1253 crucis
1717 1225 1784 1254 faci-

994 1271 1047 1292 nus
1062 1265 1112 1293 sibi
1125 1267 1265 1302 proprium
1285 1267 1437 1296 vindicant.
1451 1269 1560 1298 Dictum
1590 1270 1683 1307 itaque
1696 1273 1786 1308 pudo-

995 1318 1053 1338 rem
1070 1315 1198 1346 tanquam
1211 1313 1359 1349 diploidem
1380 1315 1498 1343 induunt
1518 1324 1600 1344 :nam
1616 1325 1697 1354 supra
1715 1320 1785 1347 faci-

995 1366 1048 1386 nus
1061 1359 1161 1392 crucis,
1173 1360 1247 1395 quod
1262 1362 1346 1389 vestis
1378 1368 1564 1398 nuncupatur,
1579 1369 1678 1400 negant
1709 1366 1786 1394 illum

995 1411 1044 1439 per
1060 1404 1199 1439 propriam
1230 1406 1460 1434 resurrectionem
1502 1408 1661 1436 universum
1689 1411 1786 1439 orbem

995 1449 1141 1480 excitasse.
1158 1450 1215 1478 Hoc
1227 1455 1319 1479 autem
1346 1456 1476 1487 tanquam
1487 1453 1587 1488 duplex
1615 1455 1703 1490 pudor
1724 1456 1787 1492 jure

996 1497 1094 1525 merito
1106 1497 1171 1533 ipsis
1186 1497 1314 1533 diploidis
1328 1498 1521 1527 indumentum
1536 1501 1654 1530 exsistit.

1032 1542 1115 1570 Vens.
1144 1543 1188 1572 50.
1207 1552 1216 1569 ι
1244 1542 1404 1572 Conﬁtebor
1437 1545 1554 1574 Domino
1578 1546 1660 1575 nimis
1690 1548 1718 1576 in
1740 1557 1788 1577 ore

957 1599 983 1632 ο
997 1596 1068 1617 meo.
1085 1598 1095 1615 ι

1030 1635 1067 1663 Os
1077 1635 1179 1664 Christi
1191 1641 1233 1664 est
1248 1636 1386 1671 Ecclesia;
1409 1638 1631 1675 quandoquidem
1648 1641 1707 1676 ipse
1722 1649 1789 1676 quo-

996 1690 1050 1717 que
1065 1683 1223 1711 necessario
1236 1683 1296 1719 ejus
1306 1688 1389 1720 caput
1404 1686 1574 1714 constitutus
1582 1690 1625 1714 est
1640 1695 1647 1714 :
1663 1688 1788 1723 perhanc

997 1728 1080 1764 igitur
1090 1728 1163 1757 Patri
1177 1730 1300 1758 conﬁteri
1313 1731 1486 1766 perhibetur.
1508 1732 1567 1761 Hoc
1581 1734 1655 1762 enim
1672 1734 1700 1762 id
1714 1735 1787 1769 quod

997 1775 1120 1811 sequitur
1134 1773 1293 1805 declaravit.

1037 1830 1047 1846 ι
1066 1819 1097 1847 1η
1109 1821 1200 1849 medio
1211 1822 1359 1851 multorum
1373 1823 1490 1852 laudabo
1505 1832 1579 1852 eum.
1596 1835 1606 1852 ι

1032 1865 1159 1894 Nostram
1169 1867 1251 1903 igitur
1263 1867 1500 1905 gloriﬁcationem,
1515 1870 1656 1906 propriam
1678 1872 1788 1900 confes-

997 1913 1114 1946 sionem,
1129 1913 1155 1941 id
1167 1918 1210 1941 est
1220 1914 1367 1950 gratiarum
1377 1915 1523 1949 actionem,
1537 1917 1617 1952 juxta
1631 1924 1788 1946 sermonem

998 1958 1072 1986 hunc
1082 1959 1238 1987 necessario
1253 1960 1331 1994 ponit
1358 1965 1489 1996 tanquam
1508 1967 1603 1997 pastor
1628 1963 1729 1999 gregis,
1762 1969 1790 1991 et

997 2007 1126 2039 tanquam
1140 2005 1268 2039 primitias
1283 2006 1498 2042 conspersionis.

1035 2048 1114 2077 Vens.
1129 2048 1172 2076 51.
1185 2059 1194 2075 ι
1214 2049 1282 2083 Quia
1300 2051 1386 2078 astitit
1400 2059 1415 2078 a
1431 2051 1533 2079 dextris
1546 2053 1684 2088 pauperis.
1699 2063 1707 2080 ι

1034 2095 1124 2131 ipsum
1137 2096 1212 2123 enim
1223 2097 1294 2124 inter
1307 2096 1418 2125 Judteos
1445 2098 1480 2126 ob
1494 2098 1604 2126 illorum
1615 2099 1790 2128 incredulita-

999 2147 1053 2170 tem
1067 2142 1180 2178 penuria
1192 2139 1360 2170 laborantem
1371 2143 1511 2172 abundare
1520 2144 1585 2173 fecit
1596 2145 1667 2173 inter
1682 2151 1789 2182 gentes,

998 2196 1013 2215 a
1027 2188 1129 2216 dextris
1145 2186 1232 2223 ipsius
1251 2189 1382 2216 assistens
1400 2197 1406 2216 :
1425 2190 1496 2224 quod
1511 2195 1539 2218 tu
1555 2191 1666 2226 quidem
1686 2192 1790 2220 humile

998 2242 1060 2262 esse
1072 2234 1225 2268 arbitraris,
1243 2235 1291 2263 sed
1309 2240 1351 2262 est
1374 2235 1453 2263 valde
1481 2236 1608 2270 sublime,
1636 2242 1664 2265 et
1673 2238 1708 2265 de
1731 2239 1790 2266 solo

149 2286 217 2321 περὶ
231 2285 313 2320 μόνου
331 2283 397 2310 Υἱοῦ
418 2283 456 2314 ὡς
482 2281 550 2309 Θεοῦ
566 2282 614 2308 καὶ
637 2279 782 2316 ὀμοουσίου
797 2279 941 2314 δυνάμενον

999 2280 1067 2307 Filio
1084 2284 1213 2315 tanquam
1230 2281 1285 2308 Deo
1305 2284 1333 2308 et
1354 2281 1580 2309 consubstantiali
1606 2282 1659 2310 dici
1687 2288 1788 2318 potest.

148 2331 292 2366 λέγεσθαι.
306 2330 414 2364 Ὠσπερ
431 2328 486 2363 γὰρ
502 2327 566 2359 Υἱὸς
580 2327 610 2353 οὺ
634 2326 714 2361 μόνον
729 2325 762 2352 ὲκ
774 2323 869 2356 δεξιῶν
881 2323 945 2351 κάθ-

147 2386 217 2413 ηται
240 2375 289 2403 τοῦ
315 2375 435 2411 Πατρὸς,
460 2373 527 2401 ἀλλὰ
552 2373 600 2399 καὶ
626 2373 658 2398 ἐκ
689 2371 785 2403 δεξιῶν
822 2370 941 2397 ἵσταται.

146 2423 232 2458 (φησί
242 2421 297 2457 γὰρ
308 2422 323 2448 ὁ
336 2421 482 2455 Στέφανος·
505 2418 579 2447 Ἰδοὺ
595 2415 693 2451 θεωρῶ
710 2416 781 2449 τοὺς
794 2414 943 2450 οὐρανοὺς

144 2467 368 2502 ἀνεῳγμένους,
381 2466 431 2494 καί
454 2465 572 2500 Ἰησοῦν
591 2463 707 2492 ἑστῶτα
720 2462 754 2489 ἐκ
767 2461 875 2493 δεξιῶν
886 2460 943 2495 τῆς

143 2513 327 2548 δυνάμεως)·
346 2512 419 2539 οὕτω
432 2512 479 2539 καὶ
500 2513 516 2538 ὁ
546 2509 642 2545 Πατὴρ
658 2509 691 2535 ὲκ
707 2507 801 2541 δεξιῶν
815 2506 943 2534 ἵστασθαι

143 2559 259 2594 λέγεται
275 2559 323 2585 τοῦ
347 2558 425 2592 Υἰοῦ,
442 2558 486 2585 ἴνα
513 2557 578 2594 μίαν
600 2557 681 2591 ἡμεῖς
707 2553 786 2586 ἀξίαν
811 2552 879 2580 Υἰοῦ
894 2552 942 2579 καὶ

143 2605 256 2641 nam
269 2605 410 2641 μάθωμεν.
779 2599 782 2601 λ

432 2649 580 2678 ΨΑΛΜΟΣ
599 2648 661 2677 1⁵8⁸.

186 2706 197 2723 ι
209 2695 294 2724 Εἶπεν
307 2698 323 2724 ό
339 2697 442 2732 Κύριος
456 2696 495 2732 τῷ
512 2697 607 2732 Κυρίῳ
624 2704 686 2732 μου.
700 2705 709 2722 ι

184 2742 244 2769 ἰνα
263 2742 357 2778 δειχθῇ
377 2742 425 2769 τοῦ
439 2743 547 2780 Πατρδς
560 2742 608 2770 καὶ
623 2741 670 2769 τοῦ
685 2740 751 2768 Υἰοῦ
769 2740 800 2767 τὸ
812 2740 843 2768 ἐν
858 2739 940 2766 πᾶσιν

139 2787 290 2824 ὁμότιμον,
305 2788 353 2815 καὶ
375 2789 417 2815 ὅτι
435 2789 485 2815 οὐκ
500 2788 582 2821 αὺτδς
599 2788 688 2823 ἐαυτῷ
701 2788 715 2814 ὁ
729 2787 795 2819 Υἰδς
819 2785 941 2822 ἁρπάζει

141 2834 289 2870 βασιλέως
310 2834 328 2870 ἢ
347 2835 474 2868 θεότητος
500 2835 578 2868 ἀξίαν
596 2833 648 2870 (διό
671 2842 754 2869 φησιν
779 2835 793 2859 ὸ
820 2831 937 2864 Παῦλος,

180 2923 204 2939 ⁸¹
217 2923 294 2952 Deut.
309 2932 364 2956 nt,
375 2924 420 2952 23.

310 2972 446 3002 Pnnon.
468 2974 525 3001 Gn.
550 2971 650 3000 XClll.

998 2325 1234 2359 Quemadmodum
1244 2327 1317 2354 enim
1341 2326 1426 2355 Filius
1439 2335 1494 2355 non
1505 2328 1592 2356 solum
1605 2329 1683 2356 sedet
1694 2337 1708 2355 a
1722 2330 1790 2356 dex-

1001 2371 1050 2398 tris
1066 2371 1164 2404 Patris,
1175 2380 1271 2399 verum
1283 2372 1366 2400 etiam
1379 2381 1395 2400 a
1415 2373 1518 2401 dextris
1553 2378 1619 2402 stat.
1634 2374 1680 2401 Ait
1714 2375 1788 2402 enim

998 2416 1179 2451 Stephanus:
1207 2415 1274 2444 Ecce
1304 2418 1378 2445 video
1405 2416 1482 2445 atlas
1516 2424 1671 2454 apertos,et
1697 2419 1789 2448 Jewm

997 2464 1114 2488 stantem
1128 2470 1144 2489 a
1159 2463 1258 2489 dextris
1272 2463 1390 2491 virtutis.
1404 2463 1450 2492 Sic
1465 2464 1548 2492 etiam
1561 2465 1642 2493 Pater
1652 2474 1668 2493 a
1683 2466 1789 2494 dextris

997 2507 1058 2535 Filii
1069 2514 1143 2536 stare
1157 2509 1268 2541 dicitur.
1280 2514 1310 2537 ut
1323 2517 1376 2538 nos
1393 2510 1532 2539 discamus
1555 2520 1639 2540 unam
1653 2513 1793 2541 eamdem-

999 2560 1052 2589 que
1064 2561 1126 2582 esse
1141 2553 1229 2582 Patris
1256 2554 1373 2591 Filiique
1388 2557 1562 2593 dignitatem.

1272 2646 1433 2676 PSALMUS
1452 2649 1520 2677 CIX.

1035 2689 1118 2719 Vens.
1132 2693 1158 2720 i.
1174 2703 1183 2719 ι
1201 2693 1272 2722 Dixit
1286 2694 1418 2722 Dominus
1434 2695 1549 2724 Domino
1560 2705 1633 2725 meo.
1653 2707 1663 2723 ι

1032 2736 1069 2765 Ut
1082 2738 1171 2766 Patris
1190 2739 1306 2775 Filiique
1319 2739 1346 2767 in
1359 2741 1486 2770 omnibus
1504 2744 1645 2778 requalitas
1661 2743 1789 2771 ostende-

996 2787 1083 2817 retur,
1093 2789 1121 2812 et
1135 2789 1166 2813 ut
1180 2794 1235 2814 non
1253 2785 1311 2822 ipse
1326 2786 1377 2815 sibi
1396 2787 1446 2824 ipsi
1462 2787 1547 2818 Filius
1563 2790 1638 2826 regni
1656 2794 1703 2817 aut
1717 2789 1789 2817 divi-

996 2829 1090 2858 nitatis
1103 2832 1192 2867 rapiat
1209 2832 1369 2869 dignitatem
1397 2834 1521 2870 (propter
1539 2836 1612 2870 quod
1626 2835 1727 2863 Paulus
1738 2834 1788 2863 ait:

1572 2972 1610 3003 42
