  <div class='ocr_page' id='page_1' title='image "/cluster/home/n/w/nwhite01/storage/ocr_20150623/93/njp.32101077772836/731.png"; bbox 0 0 2056 3148; ppageno 0'>
   <div class='ocr_carea' id='block_1_1' title="bbox 263 227 331 259">
    <p class='ocr_par' dir='ltr' id='par_1_1' title="bbox 263 227 331 259">
     <span class='ocr_line' id='line_1_1' title="bbox 263 227 331 259; baseline 0.015 -1"><span class='ocrx_word' id='word_1_1' title='bbox 263 227 274 258; x_wconf 83' lang='grc'>1</span> <span class='ocrx_word' id='word_1_2' title='bbox 279 228 331 259; x_wconf 74' lang='lat'><strong>323</strong></span> 
     </span>
    </p>
   </div>
   <div class='ocr_carea' id='block_1_2' title="bbox 860 225 1308 255">
    <p class='ocr_par' dir='ltr' id='par_1_2' title="bbox 860 225 1308 255">
     <span class='ocr_line' id='line_1_2' title="bbox 860 225 1308 255; baseline 0 0"><span class='ocrx_word' id='word_1_3' title='bbox 860 225 1008 255; x_wconf 81' lang='lat' dir='ltr'><strong>HESYCH</strong></span> <span class='ocrx_word' id='word_1_4' title='bbox 1015 226 1041 255; x_wconf 91' lang='lat' dir='ltr'><strong>ll</strong></span> <span class='ocrx_word' id='word_1_5' title='bbox 1071 225 1308 255; x_wconf 76' lang='lat' dir='ltr'><strong>PRESBYTEBI</strong></span> 
     </span>
    </p>
   </div>
   <div class='ocr_carea' id='block_1_3' title="bbox 1842 223 1910 256">
    <p class='ocr_par' dir='ltr' id='par_1_3' title="bbox 1842 223 1910 256">
     <span class='ocr_line' id='line_1_3' title="bbox 1842 223 1910 256; baseline -0.015 -1"><span class='ocrx_word' id='word_1_6' title='bbox 1842 224 1851 255; x_wconf 85' lang='grc'>1</span> <span class='ocrx_word' id='word_1_7' title='bbox 1858 223 1910 256; x_wconf 67' lang='grc'>324</span> 
     </span>
    </p>
   </div>
   <div class='ocr_carea' id='block_1_4' title="bbox 265 278 1064 318">
    <p class='ocr_par' dir='ltr' id='par_1_4' title="bbox 265 280 1055 318">
     <span class='ocr_line' id='line_1_4' title="bbox 265 280 1055 318; baseline -0.006 -6"><span class='ocrx_word' id='word_1_8' title='bbox 265 283 322 312; x_wconf 81' lang='lat' dir='ltr'><strong>Non</strong></span> <span class='ocrx_word' id='word_1_9' title='bbox 333 283 457 318; x_wconf 80' lang='lat' dir='ltr'><strong>rapinam</strong></span> <span class='ocrx_word' id='word_1_10' title='bbox 473 282 619 309; x_wconf 74' lang='lat' dir='ltr'><strong>arbitratus</strong></span> <span class='ocrx_word' id='word_1_11' title='bbox 634 285 670 308; x_wconf 74' lang='lat' dir='ltr'><strong>es!</strong></span> <span class='ocrx_word' id='word_1_12' title='bbox 686 289 739 308; x_wconf 74' lang='lat' dir='ltr'><strong>esse</strong></span> <span class='ocrx_word' id='word_1_13' title='bbox 755 289 781 308; x_wconf 83' lang='lat' dir='ltr'><strong>se</strong></span> <span class='ocrx_word' id='word_1_14' title='bbox 794 280 924 317; x_wconf 65' lang='lat' dir='ltr'><strong>«qualem</strong></span> <span class='ocrx_word' id='word_1_15' title='bbox 945 281 1055 316; x_wconf 78' lang='lat' dir='ltr'><strong>Deo“),</strong></span> 
     </span>
    </p>
   </div>
   <div class='ocr_carea' id='block_1_5' title="bbox 1114 278 1909 318">
    <p class='ocr_par' dir='ltr' id='par_1_5' title="bbox 1114 278 1909 317">
     <span class='ocr_line' id='line_1_5' title="bbox 1114 278 1909 317; baseline -0.001 -9"><span class='ocrx_word' id='word_1_16' title='bbox 1114 282 1173 316; x_wconf 82' lang='grc' dir='ltr'><strong>οὐχ</strong></span> <span class='ocrx_word' id='word_1_17' title='bbox 1189 280 1350 317; x_wconf 69' lang='grc' dir='ltr'><strong>ἁρπαγμὸν</strong></span> <span class='ocrx_word' id='word_1_18' title='bbox 1363 279 1501 315; x_wconf 74' lang='grc' dir='ltr'><strong>ἡγήσατο</strong></span> <span class='ocrx_word' id='word_1_19' title='bbox 1522 280 1554 307; x_wconf 78' lang='grc' dir='ltr'><strong>τὸ</strong></span> <span class='ocrx_word' id='word_1_20' title='bbox 1571 278 1648 308; x_wconf 75' lang='grc' dir='ltr'><strong>εἶναι</strong></span> <span class='ocrx_word' id='word_1_21' title='bbox 1665 280 1718 307; x_wconf 71' lang='lat' dir='ltr'><strong>lim</strong></span> <span class='ocrx_word' id='word_1_22' title='bbox 1741 279 1832 316; x_wconf 77' lang='grc' dir='ltr'><strong>Θεῴ)·</strong></span> <span class='ocrx_word' id='word_1_23' title='bbox 1851 281 1909 307; x_wconf 78' lang='grc' dir='ltr'><strong>ἀλλ’</strong></span> 
     </span>
    </p>
   </div>
   <div class='ocr_carea' id='block_1_6' title="bbox 260 325 1056 363">
    <p class='ocr_par' dir='ltr' id='par_1_6' title="bbox 260 325 1056 363">
     <span class='ocr_line' id='line_1_6' title="bbox 260 325 1056 363; baseline -0.005 -6"><span class='ocrx_word' id='word_1_24' title='bbox 260 330 307 357; x_wconf 87' lang='lat' dir='ltr'><strong>sed</strong></span> <span class='ocrx_word' id='word_1_25' title='bbox 316 329 405 356; x_wconf 86' lang='lat' dir='ltr'><strong>Patris</strong></span> <span class='ocrx_word' id='word_1_26' title='bbox 419 328 453 356; x_wconf 90' lang='lat' dir='ltr'><strong>de</strong></span> <span class='ocrx_word' id='word_1_27' title='bbox 475 325 536 355; x_wconf 79' lang='lat' dir='ltr'><strong>Filii</strong></span> <span class='ocrx_word' id='word_1_28' title='bbox 556 327 690 363; x_wconf 80' lang='lat' dir='ltr'><strong>dignitate</strong></span> <span class='ocrx_word' id='word_1_29' title='bbox 717 327 862 362; x_wconf 74' lang='lat' dir='ltr'><strong>gaudentis</strong></span> <span class='ocrx_word' id='word_1_30' title='bbox 881 327 1056 362; x_wconf 80' lang='lat' dir='ltr'><strong>bencplacito</strong></span> 
     </span>
    </p>
   </div>
   <div class='ocr_carea' id='block_1_7' title="bbox 260 374 1055 411">
    <p class='ocr_par' dir='ltr' id='par_1_7' title="bbox 260 374 1055 411">
     <span class='ocr_line' id='line_1_7' title="bbox 260 374 1055 411; baseline -0.004 -8"><span class='ocrx_word' id='word_1_31' title='bbox 260 375 364 411; x_wconf 69' lang='lat' dir='ltr'><strong>aequale</strong></span> <span class='ocrx_word' id='word_1_32' title='bbox 401 383 464 402; x_wconf 92' lang='lat' dir='ltr'><strong>cum</strong></span> <span class='ocrx_word' id='word_1_33' title='bbox 494 374 574 402; x_wconf 86' lang='lat' dir='ltr'><strong>Patre</strong></span> <span class='ocrx_word' id='word_1_34' title='bbox 608 381 722 410; x_wconf 84' lang='lat' dir='ltr'><strong>regnum</strong></span> <span class='ocrx_word' id='word_1_35' title='bbox 755 375 888 402; x_wconf 81' lang='lat' dir='ltr'><strong>obtineat.</strong></span> <span class='ocrx_word' id='word_1_36' title='bbox 921 374 1055 401; x_wconf 65' lang='lat' dir='ltr'><strong>Caeterum</strong></span> 
     </span>
    </p>
   </div>
   <div class='ocr_carea' id='block_1_8' title="bbox 260 420 1056 456">
    <p class='ocr_par' dir='ltr' id='par_1_8' title="bbox 260 420 1056 456">
     <span class='ocr_line' id='line_1_8' title="bbox 260 420 1056 456; baseline -0.004 -6"><span class='ocrx_word' id='word_1_37' title='bbox 260 422 456 450; x_wconf 80' lang='lat' dir='ltr'><strong>cumistuda&#39;</strong></span> <span class='ocrx_word' id='word_1_38' title='bbox 476 421 575 448; x_wconf 72' lang='lat' dir='ltr'><strong>dextris</strong></span> <span class='ocrx_word' id='word_1_39' title='bbox 604 425 719 456; x_wconf 81' lang='lat' dir='ltr'><strong>propter</strong></span> <span class='ocrx_word' id='word_1_40' title='bbox 747 421 809 455; x_wconf 87' lang='lat' dir='ltr'><strong>ejus</strong></span> <span class='ocrx_word' id='word_1_41' title='bbox 840 420 874 448; x_wconf 87' lang='lat' dir='ltr'><strong>ad</strong></span> <span class='ocrx_word' id='word_1_42' title='bbox 908 429 960 448; x_wconf 91' lang='lat' dir='ltr'><strong>nos</strong></span> <span class='ocrx_word' id='word_1_43' title='bbox 990 428 1056 447; x_wconf 85' lang='lat' dir='ltr'><strong>eon-</strong></span> 
     </span>
    </p>
   </div>
   <div class='ocr_carea' id='block_1_9' title="bbox 260 465 1057 501">
    <p class='ocr_par' dir='ltr' id='par_1_9' title="bbox 260 465 1057 501">
     <span class='ocr_line' id='line_1_9' title="bbox 260 465 1057 501; baseline -0.004 -6"><span class='ocrx_word' id='word_1_44' title='bbox 260 466 470 496; x_wconf 78' lang='lat' dir='ltr'><strong>descensionem</strong></span> <span class='ocrx_word' id='word_1_45' title='bbox 499 466 607 493; x_wconf 76' lang='lat' dir='ltr'><strong>dicatur</strong></span> <span class='ocrx_word' id='word_1_46' title='bbox 627 466 703 501; x_wconf 86' lang='lat' dir='ltr'><strong>(nam</strong></span> <span class='ocrx_word' id='word_1_47' title='bbox 733 465 755 493; x_wconf 93' lang='lat' dir='ltr'><strong>si</strong></span> <span class='ocrx_word' id='word_1_48' title='bbox 784 465 857 493; x_wconf 87' lang='lat' dir='ltr'><strong>Deus</strong></span> <span class='ocrx_word' id='word_1_49' title='bbox 880 465 976 492; x_wconf 80' lang='lat' dir='ltr'><strong>dextra</strong></span> <span class='ocrx_word' id='word_1_50' title='bbox 1007 465 1057 492; x_wconf 78' lang='lat' dir='ltr'><strong>ha—</strong></span> 
     </span>
    </p>
   </div>
   <div class='ocr_carea' id='block_1_10' title="bbox 256 506 1056 548">
    <p class='ocr_par' dir='ltr' id='par_1_10' title="bbox 256 506 1056 548">
     <span class='ocr_line' id='line_1_10' title="bbox 256 506 1056 548; baseline -0.003 -8"><span class='ocrx_word' id='word_1_51' title='bbox 256 515 348 545; x_wconf 61' lang='lat' dir='ltr'><strong>beret,</strong></span> <span class='ocrx_word' id='word_1_52' title='bbox 370 513 485 540; x_wconf 81' lang='lat' dir='ltr'><strong>haberet</strong></span> <span class='ocrx_word' id='word_1_53' title='bbox 500 506 533 540; x_wconf 11' lang='lat' dir='ltr'><strong>et,</strong></span> <span class='ocrx_word' id='word_1_54' title='bbox 543 512 666 548; x_wconf 87' lang='lat' dir='ltr'><strong>sinistra)</strong></span> <span class='ocrx_word' id='word_1_55' title='bbox 681 521 688 545; x_wconf 82' lang='lat'><strong>;</strong></span> <span class='ocrx_word' id='word_1_56' title='bbox 703 512 763 539; x_wconf 78' lang='lat' dir='ltr'><strong>hch</strong></span> <span class='ocrx_word' id='word_1_57' title='bbox 780 517 870 539; x_wconf 82' lang='lat' dir='ltr'><strong>autem</strong></span> <span class='ocrx_word' id='word_1_58' title='bbox 897 511 930 539; x_wconf 91' lang='lat' dir='ltr'><strong>de</strong></span> <span class='ocrx_word' id='word_1_59' title='bbox 958 511 1056 538; x_wconf 76' lang='lat' dir='ltr'><strong>indivi-</strong></span> 
     </span>
    </p>
   </div>
   <div class='ocr_carea' id='block_1_11' title="bbox 255 558 1056 595">
    <p class='ocr_par' dir='ltr' id='par_1_11' title="bbox 255 558 1056 595">
     <span class='ocr_line' id='line_1_11' title="bbox 255 558 1056 595; baseline -0.005 -7"><span class='ocrx_word' id='word_1_60' title='bbox 255 560 316 588; x_wconf 75' lang='lat' dir='ltr'><strong>duo</strong></span> <span class='ocrx_word' id='word_1_61' title='bbox 336 564 364 587; x_wconf 90' lang='lat' dir='ltr'><strong>et</strong></span> <span class='ocrx_word' id='word_1_62' title='bbox 386 559 552 595; x_wconf 75' lang='lat' dir='ltr'><strong>inﬁgurabili</strong></span> <span class='ocrx_word' id='word_1_63' title='bbox 578 559 726 593; x_wconf 83' lang='lat' dir='ltr'><strong>omniaque</strong></span> <span class='ocrx_word' id='word_1_64' title='bbox 754 558 877 593; x_wconf 89' lang='lat' dir='ltr'><strong>replente</strong></span> <span class='ocrx_word' id='word_1_65' title='bbox 901 562 1056 593; x_wconf 86' lang='lat' dir='ltr'><strong>opportune</strong></span> 
     </span>
    </p>
   </div>
   <div class='ocr_carea' id='block_1_12' title="bbox 261 604 1056 641">
    <p class='ocr_par' dir='ltr' id='par_1_12' title="bbox 261 604 1056 641">
     <span class='ocr_line' id='line_1_12' title="bbox 261 604 1056 641; baseline -0.004 -7"><span class='ocrx_word' id='word_1_66' title='bbox 261 608 315 635; x_wconf 88' lang='lat' dir='ltr'><strong>dici</strong></span> <span class='ocrx_word' id='word_1_67' title='bbox 327 610 484 641; x_wconf 77' lang='lat' dir='ltr'><strong>nequeant;</strong></span> <span class='ocrx_word' id='word_1_68' title='bbox 497 606 624 633; x_wconf 87' lang='lat' dir='ltr'><strong>dicantur</strong></span> <span class='ocrx_word' id='word_1_69' title='bbox 647 609 749 637; x_wconf 85' lang='lat' dir='ltr'><strong>autem,</strong></span> <span class='ocrx_word' id='word_1_70' title='bbox 765 605 828 639; x_wconf 87' lang='lat' dir='ltr'><strong>quia</strong></span> <span class='ocrx_word' id='word_1_71' title='bbox 844 612 894 631; x_wconf 88' lang='lat' dir='ltr'><strong>nos</strong></span> <span class='ocrx_word' id='word_1_72' title='bbox 910 605 994 631; x_wconf 89' lang='lat' dir='ltr'><strong>modo</strong></span> <span class='ocrx_word' id='word_1_73' title='bbox 1008 604 1056 632; x_wconf 83' lang='lat' dir='ltr'><strong>ali—</strong></span> 
     </span>
    </p>
   </div>
   <div class='ocr_carea' id='block_1_13' title="bbox 262 651 1057 688">
    <p class='ocr_par' dir='ltr' id='par_1_13' title="bbox 262 651 1057 688">
     <span class='ocr_line' id='line_1_13' title="bbox 262 651 1057 688; baseline -0.006 -6"><span class='ocrx_word' id='word_1_74' title='bbox 262 660 304 683; x_wconf 83' lang='lat' dir='ltr'><strong>ter</strong></span> <span class='ocrx_word' id='word_1_75' title='bbox 318 655 352 681; x_wconf 89' lang='lat' dir='ltr'><strong>de</strong></span> <span class='ocrx_word' id='word_1_76' title='bbox 372 653 464 680; x_wconf 86' lang='lat' dir='ltr'><strong>Patris</strong></span> <span class='ocrx_word' id='word_1_77' title='bbox 480 653 596 687; x_wconf 82' lang='lat' dir='ltr'><strong>Filiique</strong></span> <span class='ocrx_word' id='word_1_78' title='bbox 608 652 694 688; x_wconf 75' lang='lat' dir='ltr'><strong>gloria</strong></span> <span class='ocrx_word' id='word_1_79' title='bbox 708 651 813 679; x_wconf 88' lang='lat' dir='ltr'><strong>erudiri</strong></span> <span class='ocrx_word' id='word_1_80' title='bbox 829 651 946 678; x_wconf 86' lang='lat' dir='ltr'><strong>minime</strong></span> <span class='ocrx_word' id='word_1_81' title='bbox 957 659 1057 686; x_wconf 84' lang='lat' dir='ltr'><strong>possu-</strong></span> 
     </span>
    </p>
   </div>
   <div class='ocr_carea' id='block_1_14' title="bbox 262 698 1059 734">
    <p class='ocr_par' dir='ltr' id='par_1_14' title="bbox 262 698 1059 734">
     <span class='ocr_line' id='line_1_14' title="bbox 262 698 1059 734; baseline -0.005 -6"><span class='ocrx_word' id='word_1_82' title='bbox 262 709 334 733; x_wconf 84' lang='lat' dir='ltr'><strong>mus,</strong></span> <span class='ocrx_word' id='word_1_83' title='bbox 350 699 508 728; x_wconf 85' lang='lat' dir='ltr'><strong>necessario</strong></span> <span class='ocrx_word' id='word_1_84' title='bbox 521 699 648 734; x_wconf 79' lang='lat' dir='ltr'><strong>adjunxit</strong></span> <span class='ocrx_word' id='word_1_85' title='bbox 665 707 671 725; x_wconf 92' lang='lat'>:</span> <span class='ocrx_word' id='word_1_86' title='bbox 692 698 782 725; x_wconf 85' lang='lat' dir='ltr'><strong>Donec</strong></span> <span class='ocrx_word' id='word_1_87' title='bbox 810 707 907 733; x_wconf 82' lang='lat' dir='ltr'><strong>panum</strong></span> <span class='ocrx_word' id='word_1_88' title='bbox 938 698 1059 724; x_wconf 79' lang='lat' dir='ltr'><strong>inimicos</strong></span> 
     </span>
    </p>
   </div>
   <div class='ocr_carea' id='block_1_15' title="bbox 262 743 1059 779">
    <p class='ocr_par' dir='ltr' id='par_1_15' title="bbox 262 743 1059 779">
     <span class='ocr_line' id='line_1_15' title="bbox 262 743 1059 779; baseline -0.004 -6"><span class='ocrx_word' id='word_1_89' title='bbox 262 752 321 777; x_wconf 69' lang='lat' dir='ltr'><strong>tuo:</strong></span> <span class='ocrx_word' id='word_1_90' title='bbox 328 745 470 772; x_wconf 78' lang='lat' dir='ltr'><strong>scabellum</strong></span> <span class='ocrx_word' id='word_1_91' title='bbox 485 744 581 779; x_wconf 82' lang='lat' dir='ltr'><strong>pedum</strong></span> <span class='ocrx_word' id='word_1_92' title='bbox 596 748 713 770; x_wconf 81' lang='lat' dir='ltr'><strong>tuorum.</strong></span> <span class='ocrx_word' id='word_1_93' title='bbox 724 743 752 771; x_wconf 91' lang='lat' dir='ltr'><strong>ld</strong></span> <span class='ocrx_word' id='word_1_94' title='bbox 768 747 820 776; x_wconf 86' lang='lat' dir='ltr'><strong>est,</strong></span> <span class='ocrx_word' id='word_1_95' title='bbox 834 743 928 770; x_wconf 86' lang='lat' dir='ltr'><strong>Donec</strong></span> <span class='ocrx_word' id='word_1_96' title='bbox 939 750 1059 778; x_wconf 69' lang='lat' dir='ltr'><strong>praesens</strong></span> 
     </span>
    </p>
   </div>
   <div class='ocr_carea' id='block_1_16' title="bbox 263 781 1058 825">
    <p class='ocr_par' dir='ltr' id='par_1_16' title="bbox 263 781 1058 825">
     <span class='ocr_line' id='line_1_16' title="bbox 263 781 1058 825; baseline -0.005 -6"><span class='ocrx_word' id='word_1_97' title='bbox 263 793 322 819; x_wconf 58' lang='lat' dir='ltr'><strong>haec</strong></span> <span class='ocrx_word' id='word_1_98' title='bbox 338 791 392 819; x_wconf 84' lang='lat' dir='ltr'><strong>vita</strong></span> <span class='ocrx_word' id='word_1_99' title='bbox 405 790 487 818; x_wconf 78' lang='lat' dir='ltr'><strong>fuerit</strong></span> <span class='ocrx_word' id='word_1_100' title='bbox 501 781 704 818; x_wconf 81' lang='lat' dir='ltr'><strong>consummata.</strong></span> <span class='ocrx_word' id='word_1_101' title='bbox 716 788 785 817; x_wconf 83' lang='lat' dir='ltr'><strong>Nam</strong></span> <span class='ocrx_word' id='word_1_102' title='bbox 806 789 834 816; x_wconf 93' lang='lat' dir='ltr'><strong>in</strong></span> <span class='ocrx_word' id='word_1_103' title='bbox 847 789 975 825; x_wconf 79' lang='lat' dir='ltr'><strong>praesenti</strong></span> <span class='ocrx_word' id='word_1_104' title='bbox 1003 789 1058 816; x_wconf 79' lang='lat' dir='ltr'><strong>vita</strong></span> 
     </span>
    </p>
   </div>
   <div class='ocr_carea' id='block_1_17' title="bbox 263 835 1061 872">
    <p class='ocr_par' dir='ltr' id='par_1_17' title="bbox 263 835 1061 872">
     <span class='ocr_line' id='line_1_17' title="bbox 263 835 1061 872; baseline -0.004 -7"><span class='ocrx_word' id='word_1_105' title='bbox 263 842 291 865; x_wconf 88' lang='lat' dir='ltr'><strong>et</strong></span> <span class='ocrx_word' id='word_1_106' title='bbox 303 836 383 864; x_wconf 85' lang='lat' dir='ltr'><strong>Pater</strong></span> <span class='ocrx_word' id='word_1_107' title='bbox 396 836 507 872; x_wconf 89' lang='lat' dir='ltr'><strong>subjicit</strong></span> <span class='ocrx_word' id='word_1_108' title='bbox 522 835 602 867; x_wconf 81' lang='lat' dir='ltr'><strong>Filio.</strong></span> <span class='ocrx_word' id='word_1_109' title='bbox 620 840 647 863; x_wconf 89' lang='lat' dir='ltr'><strong>et</strong></span> <span class='ocrx_word' id='word_1_110' title='bbox 663 836 750 863; x_wconf 83' lang='lat' dir='ltr'><strong>Filius</strong></span> <span class='ocrx_word' id='word_1_111' title='bbox 770 835 884 871; x_wconf 85' lang='lat' dir='ltr'><strong>subjicit</strong></span> <span class='ocrx_word' id='word_1_112' title='bbox 911 835 985 862; x_wconf 87' lang='lat' dir='ltr'><strong>Patri</strong></span> <span class='ocrx_word' id='word_1_113' title='bbox 1012 835 1061 862; x_wconf 90' lang='lat' dir='ltr'><strong>hu-</strong></span> 
     </span>
    </p>
   </div>
   <div class='ocr_carea' id='block_1_18' title="bbox 262 880 1059 916">
    <p class='ocr_par' dir='ltr' id='par_1_18' title="bbox 262 880 1059 916">
     <span class='ocr_line' id='line_1_18' title="bbox 262 880 1059 916; baseline -0.004 -6"><span class='ocrx_word' id='word_1_114' title='bbox 262 883 433 910; x_wconf 81' lang='lat' dir='ltr'><strong>manitatem.</strong></span> <span class='ocrx_word' id='word_1_115' title='bbox 450 882 518 909; x_wconf 89' lang='lat' dir='ltr'><strong>Cum</strong></span> <span class='ocrx_word' id='word_1_116' title='bbox 535 885 627 909; x_wconf 86' lang='lat' dir='ltr'><strong>autem</strong></span> <span class='ocrx_word' id='word_1_117' title='bbox 643 888 765 916; x_wconf 66' lang='lat' dir='ltr'><strong>praesens</strong></span> <span class='ocrx_word' id='word_1_118' title='bbox 780 880 833 908; x_wconf 84' lang='lat' dir='ltr'><strong>hoc</strong></span> <span class='ocrx_word' id='word_1_119' title='bbox 847 881 979 908; x_wconf 77' lang='lat' dir='ltr'><strong>szeculum</strong></span> <span class='ocrx_word' id='word_1_120' title='bbox 997 880 1059 908; x_wconf 83' lang='lat' dir='ltr'><strong>fue-</strong></span> 
     </span>
    </p>
   </div>
   <div class='ocr_carea' id='block_1_19' title="bbox 263 926 1059 962">
    <p class='ocr_par' dir='ltr' id='par_1_19' title="bbox 263 926 1059 962">
     <span class='ocr_line' id='line_1_19' title="bbox 263 926 1059 962; baseline -0.004 -6"><span class='ocrx_word' id='word_1_121' title='bbox 263 929 299 956; x_wconf 89' lang='lat' dir='ltr'><strong>rit</strong></span> <span class='ocrx_word' id='word_1_122' title='bbox 314 928 501 960; x_wconf 87' lang='lat' dir='ltr'><strong>terminatum,</strong></span> <span class='ocrx_word' id='word_1_123' title='bbox 518 931 547 954; x_wconf 90' lang='lat' dir='ltr'><strong>et</strong></span> <span class='ocrx_word' id='word_1_124' title='bbox 564 927 637 954; x_wconf 87' lang='lat' dir='ltr'><strong>Deus</strong></span> <span class='ocrx_word' id='word_1_125' title='bbox 655 926 683 954; x_wconf 92' lang='lat' dir='ltr'><strong>in</strong></span> <span class='ocrx_word' id='word_1_126' title='bbox 698 927 828 954; x_wconf 85' lang='lat' dir='ltr'><strong>omnibus</strong></span> <span class='ocrx_word' id='word_1_127' title='bbox 844 926 1059 962; x_wconf 82' lang='lat' dir='ltr'><strong>proﬁcientibus</strong></span> 
     </span>
    </p>
   </div>
   <div class='ocr_carea' id='block_1_20' title="bbox 263 964 1096 1007">
    <p class='ocr_par' dir='ltr' id='par_1_20' title="bbox 263 964 1096 1007">
     <span class='ocr_line' id='line_1_20' title="bbox 263 964 1096 1007; baseline 0 -7"><span class='ocrx_word' id='word_1_128' title='bbox 263 973 355 1000; x_wconf 83' lang='lat' dir='ltr'><strong>omnia</strong></span> <span class='ocrx_word' id='word_1_129' title='bbox 369 972 458 1000; x_wconf 82' lang='lat' dir='ltr'><strong>factus</strong></span> <span class='ocrx_word' id='word_1_130' title='bbox 473 971 566 1005; x_wconf 76' lang='lat' dir='ltr'><strong>fuerit,</strong></span> <span class='ocrx_word' id='word_1_131' title='bbox 580 976 646 999; x_wconf 90' lang='lat' dir='ltr'><strong>tunc</strong></span> <span class='ocrx_word' id='word_1_132' title='bbox 666 972 700 999; x_wconf 90' lang='lat' dir='ltr'><strong>ad</strong></span> <span class='ocrx_word' id='word_1_133' title='bbox 715 971 867 1007; x_wconf 78' lang='lat' dir='ltr'><strong>perfectam</strong></span> <span class='ocrx_word' id='word_1_134' title='bbox 884 972 1059 1007; x_wconf 87' lang='lat' dir='ltr'><strong>contempla-</strong></span> <span class='ocrx_word' id='word_1_135' title='bbox 1077 964 1096 991; x_wconf 70' lang='grc' dir='ltr'><strong>Β</strong></span> 
     </span>
    </p>
   </div>
   <div class='ocr_carea' id='block_1_21' title="bbox 265 1017 1057 1053">
    <p class='ocr_par' dir='ltr' id='par_1_21' title="bbox 265 1017 1057 1053">
     <span class='ocr_line' id='line_1_21' title="bbox 265 1017 1057 1053; baseline -0.003 -7"><span class='ocrx_word' id='word_1_136' title='bbox 265 1019 367 1046; x_wconf 86' lang='lat' dir='ltr'><strong>tionem</strong></span> <span class='ocrx_word' id='word_1_137' title='bbox 385 1022 412 1046; x_wconf 86' lang='lat' dir='ltr'><strong>et</strong></span> <span class='ocrx_word' id='word_1_138' title='bbox 424 1018 551 1046; x_wconf 84' lang='lat' dir='ltr'><strong>notitiam</strong></span> <span class='ocrx_word' id='word_1_139' title='bbox 565 1017 768 1053; x_wconf 83' lang='lat' dir='ltr'><strong>pervenientes,</strong></span> <span class='ocrx_word' id='word_1_140' title='bbox 782 1017 893 1045; x_wconf 87' lang='lat' dir='ltr'><strong>Patrem</strong></span> <span class='ocrx_word' id='word_1_141' title='bbox 914 1018 942 1045; x_wconf 89' lang='lat' dir='ltr'><strong>in</strong></span> <span class='ocrx_word' id='word_1_142' title='bbox 977 1017 1057 1051; x_wconf 81' lang='lat' dir='ltr'><strong>Filio,</strong></span> 
     </span>
    </p>
   </div>
   <div class='ocr_carea' id='block_1_22' title="bbox 265 1063 1058 1098">
    <p class='ocr_par' dir='ltr' id='par_1_22' title="bbox 265 1063 1058 1098">
     <span class='ocr_line' id='line_1_22' title="bbox 265 1063 1058 1098; baseline -0.003 -6"><span class='ocrx_word' id='word_1_143' title='bbox 265 1069 294 1093; x_wconf 89' lang='lat' dir='ltr'><strong>et</strong></span> <span class='ocrx_word' id='word_1_144' title='bbox 321 1064 419 1091; x_wconf 83' lang='lat' dir='ltr'><strong>Filium</strong></span> <span class='ocrx_word' id='word_1_145' title='bbox 443 1064 471 1091; x_wconf 91' lang='lat' dir='ltr'><strong>in</strong></span> <span class='ocrx_word' id='word_1_146' title='bbox 489 1064 572 1091; x_wconf 82' lang='lat' dir='ltr'><strong>Patre</strong></span> <span class='ocrx_word' id='word_1_147' title='bbox 598 1063 949 1098; x_wconf 84' lang='lat' dir='ltr'><strong>videbimus.Quapropter</strong></span> <span class='ocrx_word' id='word_1_148' title='bbox 976 1063 1058 1091; x_wconf 88' lang='lat' dir='ltr'><strong>etiam</strong></span> 
     </span>
    </p>
   </div>
   <div class='ocr_carea' id='block_1_23' title="bbox 265 1106 1059 1144">
    <p class='ocr_par' dir='ltr' id='par_1_23' title="bbox 265 1106 1059 1144">
     <span class='ocr_line' id='line_1_23' title="bbox 265 1106 1059 1144; baseline -0.004 -7"><span class='ocrx_word' id='word_1_149' title='bbox 265 1109 398 1137; x_wconf 82' lang='lat' dir='ltr'><strong>Dominus</strong></span> <span class='ocrx_word' id='word_1_150' title='bbox 413 1108 484 1136; x_wconf 78' lang='lat' dir='ltr'><strong>dixit</strong></span> <span class='ocrx_word' id='word_1_151' title='bbox 497 1112 604 1136; x_wconf 85' lang='lat' dir='ltr'><strong>setunc</strong></span> <span class='ocrx_word' id='word_1_152' title='bbox 630 1107 659 1134; x_wconf 92' lang='lat' dir='ltr'><strong>in</strong></span> <span class='ocrx_word' id='word_1_153' title='bbox 681 1107 767 1144; x_wconf 74' lang='lat' dir='ltr'><strong>gloria</strong></span> <span class='ocrx_word' id='word_1_154' title='bbox 795 1106 885 1134; x_wconf 86' lang='lat' dir='ltr'><strong>Patris</strong></span> <span class='ocrx_word' id='word_1_155' title='bbox 913 1112 1059 1134; x_wconf 88' lang='lat' dir='ltr'><strong>venlurum</strong></span> 
     </span>
    </p>
   </div>
   <div class='ocr_carea' id='block_1_24' title="bbox 264 1163 338 1183">
    <p class='ocr_par' dir='ltr' id='par_1_24' title="bbox 264 1163 338 1183">
     <span class='ocr_line' id='line_1_24' title="bbox 264 1163 338 1183; baseline 0 0"><span class='ocrx_word' id='word_1_156' title='bbox 264 1163 338 1183; x_wconf 87' lang='lat' dir='ltr'><strong>esse.</strong></span> 
     </span>
    </p>
   </div>
   <div class='ocr_carea' id='block_1_25' title="bbox 303 1209 870 1247">
    <p class='ocr_par' dir='ltr' id='par_1_25' title="bbox 303 1209 870 1247">
     <span class='ocr_line' id='line_1_25' title="bbox 303 1209 870 1247; baseline -0.007 -7"><span class='ocrx_word' id='word_1_157' title='bbox 303 1212 385 1240; x_wconf 69' lang='lat' dir='ltr'><strong>Vsus.</strong></span> <span class='ocrx_word' id='word_1_158' title='bbox 401 1211 430 1238; x_wconf 77' lang='lat'><strong>2.</strong></span> <span class='ocrx_word' id='word_1_159' title='bbox 449 1221 459 1237; x_wconf 86' lang='grc'><strong>‹</strong></span> <span class='ocrx_word' id='word_1_160' title='bbox 479 1210 589 1247; x_wconf 82' lang='lat' dir='ltr'><strong>Virgam</strong></span> <span class='ocrx_word' id='word_1_161' title='bbox 605 1210 713 1239; x_wconf 88' lang='lat' dir='ltr'><strong>virtutis</strong></span> <span class='ocrx_word' id='word_1_162' title='bbox 723 1209 841 1238; x_wconf 81' lang='lat' dir='ltr'><strong>emittet.</strong></span> <span class='ocrx_word' id='word_1_163' title='bbox 861 1219 870 1235; x_wconf 77' lang='grc' dir='ltr'><strong>ι</strong></span> 
     </span>
    </p>
   </div>
   <div class='ocr_carea' id='block_1_26' title="bbox 302 1255 1060 1292">
    <p class='ocr_par' dir='ltr' id='par_1_26' title="bbox 302 1255 1060 1292">
     <span class='ocr_line' id='line_1_26' title="bbox 302 1255 1060 1292; baseline 0 -8"><span class='ocrx_word' id='word_1_164' title='bbox 302 1256 385 1292; x_wconf 75' lang='lat' dir='ltr'><strong>Virga</strong></span> <span class='ocrx_word' id='word_1_165' title='bbox 404 1256 514 1284; x_wconf 85' lang='lat' dir='ltr'><strong>virtutis</strong></span> <span class='ocrx_word' id='word_1_166' title='bbox 528 1261 570 1284; x_wconf 89' lang='lat' dir='ltr'><strong>est</strong></span> <span class='ocrx_word' id='word_1_167' title='bbox 587 1256 711 1284; x_wconf 86' lang='lat' dir='ltr'><strong>Salvator</strong></span> <span class='ocrx_word' id='word_1_168' title='bbox 731 1265 738 1282; x_wconf 90' lang='lat'>:</span> <span class='ocrx_word' id='word_1_169' title='bbox 758 1257 792 1283; x_wconf 91' lang='lat' dir='ltr'><strong>de</strong></span> <span class='ocrx_word' id='word_1_170' title='bbox 810 1264 867 1291; x_wconf 92' lang='lat' dir='ltr'><strong>quo</strong></span> <span class='ocrx_word' id='word_1_171' title='bbox 900 1256 984 1284; x_wconf 86' lang='lat' dir='ltr'><strong>etiam</strong></span> <span class='ocrx_word' id='word_1_172' title='bbox 995 1255 1060 1284; x_wconf 90' lang='lat' dir='ltr'><strong>alibi</strong></span> 
     </span>
    </p>
   </div>
   <div class='ocr_carea' id='block_1_27' title="bbox 267 1302 1060 1338">
    <p class='ocr_par' dir='ltr' id='par_1_27' title="bbox 267 1302 1060 1338">
     <span class='ocr_line' id='line_1_27' title="bbox 267 1302 1060 1338; baseline -0.001 -7"><span class='ocrx_word' id='word_1_173' title='bbox 267 1302 429 1338; x_wconf 71' lang='lat' dir='ltr'><strong>subiungit:</strong></span> <span class='ocrx_word' id='word_1_174' title='bbox 446 1302 528 1337; x_wconf 67' lang='lat' dir='ltr'><strong>Rege:</strong></span> <span class='ocrx_word' id='word_1_175' title='bbox 540 1310 583 1329; x_wconf 72' lang='lat' dir='ltr'><strong>eos</strong></span> <span class='ocrx_word' id='word_1_176' title='bbox 599 1303 627 1329; x_wconf 87' lang='lat' dir='ltr'><strong>in</strong></span> <span class='ocrx_word' id='word_1_177' title='bbox 640 1302 714 1337; x_wconf 85' lang='lat' dir='ltr'><strong>virga</strong></span> <span class='ocrx_word' id='word_1_178' title='bbox 726 1303 813 1337; x_wconf 81' lang='lat' dir='ltr'><strong>ferrea</strong></span> <span class='ocrx_word' id='word_1_179' title='bbox 834 1302 866 1329; x_wconf 83' lang='lat'><strong>&quot;.</strong></span> <span class='ocrx_word' id='word_1_180' title='bbox 883 1302 952 1329; x_wconf 85' lang='lat' dir='ltr'><strong>Cum</strong></span> <span class='ocrx_word' id='word_1_181' title='bbox 968 1307 1060 1330; x_wconf 87' lang='lat' dir='ltr'><strong>autem</strong></span> 
     </span>
    </p>
   </div>
   <div class='ocr_carea' id='block_1_28' title="bbox 267 1348 1062 1385">
    <p class='ocr_par' dir='ltr' id='par_1_28' title="bbox 267 1348 1062 1385">
     <span class='ocr_line' id='line_1_28' title="bbox 267 1348 1062 1385; baseline 0.001 -9"><span class='ocrx_word' id='word_1_182' title='bbox 267 1350 343 1385; x_wconf 77' lang='lat' dir='ltr'><strong>virga</strong></span> <span class='ocrx_word' id='word_1_183' title='bbox 359 1348 462 1384; x_wconf 79' lang='lat' dir='ltr'><strong>duplex</strong></span> <span class='ocrx_word' id='word_1_184' title='bbox 475 1355 577 1376; x_wconf 88' lang='lat' dir='ltr'><strong>munus</strong></span> <span class='ocrx_word' id='word_1_185' title='bbox 587 1349 678 1382; x_wconf 88' lang='lat' dir='ltr'><strong>obeat,</strong></span> <span class='ocrx_word' id='word_1_186' title='bbox 690 1348 825 1383; x_wconf 83' lang='lat' dir='ltr'><strong>siquidem</strong></span> <span class='ocrx_word' id='word_1_187' title='bbox 851 1352 879 1376; x_wconf 87' lang='lat' dir='ltr'><strong>et</strong></span> <span class='ocrx_word' id='word_1_188' title='bbox 893 1349 1009 1384; x_wconf 77' lang='lat' dir='ltr'><strong>castigat</strong></span> <span class='ocrx_word' id='word_1_189' title='bbox 1034 1353 1062 1377; x_wconf 90' lang='lat' dir='ltr'><strong>et</strong></span> 
     </span>
    </p>
   </div>
   <div class='ocr_carea' id='block_1_29' title="bbox 268 1394 1062 1430">
    <p class='ocr_par' dir='ltr' id='par_1_29' title="bbox 268 1394 1062 1430">
     <span class='ocr_line' id='line_1_29' title="bbox 268 1394 1062 1430; baseline 0 -7"><span class='ocrx_word' id='word_1_190' title='bbox 268 1403 351 1424; x_wconf 83' lang='lat' dir='ltr'><strong>manu</strong></span> <span class='ocrx_word' id='word_1_191' title='bbox 360 1395 452 1429; x_wconf 91' lang='lat' dir='ltr'><strong>ducit;</strong></span> <span class='ocrx_word' id='word_1_192' title='bbox 468 1402 534 1423; x_wconf 85' lang='lat' dir='ltr'><strong>crux</strong></span> <span class='ocrx_word' id='word_1_193' title='bbox 549 1402 615 1422; x_wconf 88' lang='lat' dir='ltr'><strong>vero</strong></span> <span class='ocrx_word' id='word_1_194' title='bbox 625 1402 676 1421; x_wconf 90' lang='lat' dir='ltr'><strong>nos</strong></span> <span class='ocrx_word' id='word_1_195' title='bbox 686 1402 798 1430; x_wconf 91' lang='lat' dir='ltr'><strong>quoque</strong></span> <span class='ocrx_word' id='word_1_196' title='bbox 822 1402 907 1421; x_wconf 87' lang='lat' dir='ltr'><strong>manu</strong></span> <span class='ocrx_word' id='word_1_197' title='bbox 921 1394 1013 1427; x_wconf 82' lang='lat' dir='ltr'><strong>ducat,</strong></span> <span class='ocrx_word' id='word_1_198' title='bbox 1034 1399 1062 1423; x_wconf 87' lang='lat' dir='ltr'><strong>et</strong></span> 
     </span>
    </p>
   </div>
   <div class='ocr_carea' id='block_1_30' title="bbox 269 1438 1063 1476">
    <p class='ocr_par' dir='ltr' id='par_1_30' title="bbox 269 1438 1063 1476">
     <span class='ocr_line' id='line_1_30' title="bbox 269 1438 1063 1476; baseline 0 -7"><span class='ocrx_word' id='word_1_199' title='bbox 269 1442 407 1469; x_wconf 77' lang='lat' dir='ltr'><strong>daemones</strong></span> <span class='ocrx_word' id='word_1_200' title='bbox 420 1441 534 1476; x_wconf 88' lang='lat' dir='ltr'><strong>plectat,</strong></span> <span class='ocrx_word' id='word_1_201' title='bbox 550 1440 709 1468; x_wconf 80' lang='lat' dir='ltr'><strong>neceSSario</strong></span> <span class='ocrx_word' id='word_1_202' title='bbox 736 1439 821 1467; x_wconf 89' lang='lat' dir='ltr'><strong>etiam</strong></span> <span class='ocrx_word' id='word_1_203' title='bbox 844 1438 921 1475; x_wconf 76' lang='lat' dir='ltr'><strong>virga</strong></span> <span class='ocrx_word' id='word_1_204' title='bbox 952 1439 1063 1469; x_wconf 87' lang='lat' dir='ltr'><strong>virtutis</strong></span> 
     </span>
    </p>
   </div>
   <div class='ocr_carea' id='block_1_31' title="bbox 268 1485 1062 1522">
    <p class='ocr_par' dir='ltr' id='par_1_31' title="bbox 268 1485 1062 1522">
     <span class='ocr_line' id='line_1_31' title="bbox 268 1485 1062 1522; baseline 0 -7"><span class='ocrx_word' id='word_1_205' title='bbox 268 1488 343 1515; x_wconf 86' lang='lat' dir='ltr'><strong>dicta</strong></span> <span class='ocrx_word' id='word_1_206' title='bbox 356 1491 409 1520; x_wconf 87' lang='lat' dir='ltr'><strong>est,</strong></span> <span class='ocrx_word' id='word_1_207' title='bbox 423 1491 520 1522; x_wconf 87' lang='lat' dir='ltr'><strong>utpote</strong></span> <span class='ocrx_word' id='word_1_208' title='bbox 533 1486 688 1513; x_wconf 86' lang='lat' dir='ltr'><strong>istiusmodi</strong></span> <span class='ocrx_word' id='word_1_209' title='bbox 702 1485 859 1521; x_wconf 82' lang='lat' dir='ltr'><strong>perliciens.</strong></span> <span class='ocrx_word' id='word_1_210' title='bbox 882 1485 959 1514; x_wconf 83' lang='lat' dir='ltr'><strong>Hanc</strong></span> <span class='ocrx_word' id='word_1_211' title='bbox 969 1491 1062 1515; x_wconf 83' lang='lat' dir='ltr'><strong>autem</strong></span> 
     </span>
    </p>
   </div>
   <div class='ocr_carea' id='block_1_32' title="bbox 270 1531 1062 1567">
    <p class='ocr_par' dir='ltr' id='par_1_32' title="bbox 270 1531 1062 1567">
     <span class='ocr_line' id='line_1_32' title="bbox 270 1531 1062 1567; baseline -0.003 -5"><span class='ocrx_word' id='word_1_212' title='bbox 270 1534 343 1562; x_wconf 86' lang='lat' dir='ltr'><strong>unde</strong></span> <span class='ocrx_word' id='word_1_213' title='bbox 355 1533 466 1562; x_wconf 87' lang='lat' dir='ltr'><strong>Christo</strong></span> <span class='ocrx_word' id='word_1_214' title='bbox 494 1532 661 1560; x_wconf 66' lang='lat' dir='ltr'><strong>emisitiEx</strong></span> <span class='ocrx_word' id='word_1_215' title='bbox 682 1532 748 1559; x_wconf 86' lang='lat' dir='ltr'><strong>Sion</strong></span> <span class='ocrx_word' id='word_1_216' title='bbox 779 1531 878 1567; x_wconf 89' lang='lat' dir='ltr'><strong>inquit.</strong></span> <span class='ocrx_word' id='word_1_217' title='bbox 906 1531 964 1560; x_wconf 92' lang='lat' dir='ltr'><strong>lllic</strong></span> <span class='ocrx_word' id='word_1_218' title='bbox 988 1533 1062 1561; x_wconf 90' lang='lat' dir='ltr'><strong>enim</strong></span> 
     </span>
    </p>
   </div>
   <div class='ocr_carea' id='block_1_33' title="bbox 270 1577 1063 1615">
    <p class='ocr_par' dir='ltr' id='par_1_33' title="bbox 270 1577 1063 1615">
     <span class='ocr_line' id='line_1_33' title="bbox 270 1577 1063 1615; baseline -0.001 -8"><span class='ocrx_word' id='word_1_219' title='bbox 270 1579 449 1615; x_wconf 85' lang='lat' dir='ltr'><strong>semetipsum</strong></span> <span class='ocrx_word' id='word_1_220' title='bbox 460 1578 624 1614; x_wconf 70' lang='lat' dir='ltr'><strong>Unigenitus</strong></span> <span class='ocrx_word' id='word_1_221' title='bbox 638 1578 791 1606; x_wconf 88' lang='lat' dir='ltr'><strong>immolavit</strong></span> <span class='ocrx_word' id='word_1_222' title='bbox 817 1586 825 1605; x_wconf 86' lang='lat'><strong>:</strong></span> <span class='ocrx_word' id='word_1_223' title='bbox 858 1577 914 1605; x_wconf 90' lang='lat' dir='ltr'><strong>illic</strong></span> <span class='ocrx_word' id='word_1_224' title='bbox 941 1578 1063 1613; x_wconf 87' lang='lat' dir='ltr'><strong>passioni</strong></span> 
     </span>
    </p>
   </div>
   <div class='ocr_carea' id='block_1_34' title="bbox 271 1623 1100 1660">
    <p class='ocr_par' dir='ltr' id='par_1_34' title="bbox 271 1623 1100 1660">
     <span class='ocr_line' id='line_1_34' title="bbox 271 1623 1100 1660; baseline -0.001 -8"><span class='ocrx_word' id='word_1_225' title='bbox 271 1625 380 1652; x_wconf 89' lang='lat' dir='ltr'><strong>initium</strong></span> <span class='ocrx_word' id='word_1_226' title='bbox 399 1624 499 1652; x_wconf 89' lang='lat' dir='ltr'><strong>dedit:</strong></span> <span class='ocrx_word' id='word_1_227' title='bbox 516 1624 572 1651; x_wconf 84' lang='lat' dir='ltr'><strong>illic</strong></span> <span class='ocrx_word' id='word_1_228' title='bbox 599 1624 633 1651; x_wconf 87' lang='lat' dir='ltr'><strong>ab</strong></span> <span class='ocrx_word' id='word_1_229' title='bbox 662 1623 721 1659; x_wconf 90' lang='lat' dir='ltr'><strong>ipso</strong></span> <span class='ocrx_word' id='word_1_230' title='bbox 750 1624 779 1651; x_wconf 89' lang='lat' dir='ltr'><strong>in</strong></span> <span class='ocrx_word' id='word_1_231' title='bbox 806 1624 1063 1652; x_wconf 80' lang='lat' dir='ltr'><strong>rememorationem</strong></span> <span class='ocrx_word' id='word_1_232' title='bbox 1078 1630 1100 1660; x_wconf 72' lang='grc' dir='ltr'>ο</span> 
     </span>
    </p>
   </div>
   <div class='ocr_carea' id='block_1_35' title="bbox 271 1668 750 1705">
    <p class='ocr_par' dir='ltr' id='par_1_35' title="bbox 271 1668 750 1705">
     <span class='ocr_line' id='line_1_35' title="bbox 271 1668 750 1705; baseline -0.002 -8"><span class='ocrx_word' id='word_1_233' title='bbox 271 1669 407 1705; x_wconf 74' lang='lat' dir='ltr'><strong>passionis</strong></span> <span class='ocrx_word' id='word_1_234' title='bbox 423 1668 522 1697; x_wconf 87' lang='lat' dir='ltr'><strong>tradita</strong></span> <span class='ocrx_word' id='word_1_235' title='bbox 535 1673 599 1696; x_wconf 88' lang='lat' dir='ltr'><strong>sunt</strong></span> <span class='ocrx_word' id='word_1_236' title='bbox 612 1669 750 1704; x_wconf 83' lang='lat' dir='ltr'><strong>mysteria.</strong></span> 
     </span>
    </p>
   </div>
   <div class='ocr_carea' id='block_1_36' title="bbox 309 1754 1063 1790">
    <p class='ocr_par' dir='ltr' id='par_1_36' title="bbox 309 1754 1063 1790">
     <span class='ocr_line' id='line_1_36' title="bbox 309 1754 1063 1790; baseline 0.004 -8"><span class='ocrx_word' id='word_1_237' title='bbox 309 1754 394 1783; x_wconf 72' lang='lat' dir='ltr'><strong>Vens.</strong></span> <span class='ocrx_word' id='word_1_238' title='bbox 411 1756 438 1783; x_wconf 80' lang='lat'><strong>5.</strong></span> <span class='ocrx_word' id='word_1_239' title='bbox 456 1764 466 1782; x_wconf 82' lang='grc' dir='ltr'><strong>ι</strong></span> <span class='ocrx_word' id='word_1_240' title='bbox 485 1755 600 1788; x_wconf 81' lang='lat' dir='ltr'><strong>Tecum,</strong></span> <span class='ocrx_word' id='word_1_241' title='bbox 612 1754 780 1790; x_wconf 85' lang='lat' dir='ltr'><strong>principium</strong></span> <span class='ocrx_word' id='word_1_242' title='bbox 805 1756 834 1783; x_wconf 86' lang='lat' dir='ltr'><strong>in</strong></span> <span class='ocrx_word' id='word_1_243' title='bbox 843 1756 888 1784; x_wconf 91' lang='lat' dir='ltr'><strong>die</strong></span> <span class='ocrx_word' id='word_1_244' title='bbox 912 1757 1033 1785; x_wconf 85' lang='lat' dir='ltr'><strong>virtutis.</strong></span> <span class='ocrx_word' id='word_1_245' title='bbox 1053 1766 1063 1784; x_wconf 75' lang='grc' dir='ltr'>ι</span> 
     </span>
    </p>
   </div>
   <div class='ocr_carea' id='block_1_37' title="bbox 301 1800 1067 1838">
    <p class='ocr_par' dir='ltr' id='par_1_37' title="bbox 301 1800 1067 1838">
     <span class='ocr_line' id='line_1_37' title="bbox 301 1800 1067 1838; baseline 0.004 -10"><span class='ocrx_word' id='word_1_246' title='bbox 301 1801 497 1836; x_wconf 73' lang='lat' dir='ltr'><strong>Principatum</strong></span> <span class='ocrx_word' id='word_1_247' title='bbox 509 1800 621 1836; x_wconf 86' lang='lat' dir='ltr'><strong>quidem</strong></span> <span class='ocrx_word' id='word_1_248' title='bbox 637 1801 739 1829; x_wconf 84' lang='lat' dir='ltr'><strong>Christi</strong></span> <span class='ocrx_word' id='word_1_249' title='bbox 769 1802 822 1829; x_wconf 92' lang='lat' dir='ltr'><strong>hoc</strong></span> <span class='ocrx_word' id='word_1_250' title='bbox 851 1803 912 1830; x_wconf 88' lang='lat' dir='ltr'><strong>loco</strong></span> <span class='ocrx_word' id='word_1_251' title='bbox 947 1803 1067 1838; x_wconf 85' lang='lat' dir='ltr'><strong>appellat</strong></span> 
     </span>
    </p>
   </div>
   <div class='ocr_carea' id='block_1_38' title="bbox 272 1845 1066 1882">
    <p class='ocr_par' dir='ltr' id='par_1_38' title="bbox 272 1845 1066 1882">
     <span class='ocr_line' id='line_1_38' title="bbox 272 1845 1066 1882; baseline 0 -7"><span class='ocrx_word' id='word_1_252' title='bbox 272 1853 400 1879; x_wconf 76' lang='lat' dir='ltr'><strong>erucem;</strong></span> <span class='ocrx_word' id='word_1_253' title='bbox 418 1849 513 1881; x_wconf 85' lang='lat' dir='ltr'><strong>utpote</strong></span> <span class='ocrx_word' id='word_1_254' title='bbox 527 1846 554 1872; x_wconf 93' lang='lat' dir='ltr'><strong>in</strong></span> <span class='ocrx_word' id='word_1_255' title='bbox 564 1853 618 1881; x_wconf 90' lang='lat' dir='ltr'><strong>qua</strong></span> <span class='ocrx_word' id='word_1_256' title='bbox 634 1845 764 1881; x_wconf 86' lang='lat' dir='ltr'><strong>princeps</strong></span> <span class='ocrx_word' id='word_1_257' title='bbox 778 1851 806 1874; x_wconf 87' lang='lat' dir='ltr'><strong>et</strong></span> <span class='ocrx_word' id='word_1_258' title='bbox 822 1854 868 1875; x_wconf 76' lang='lat' dir='ltr'><strong>rex</strong></span> <span class='ocrx_word' id='word_1_259' title='bbox 878 1848 960 1882; x_wconf 82' lang='lat' dir='ltr'><strong>hujus</strong></span> <span class='ocrx_word' id='word_1_260' title='bbox 969 1849 1066 1875; x_wconf 88' lang='lat' dir='ltr'><strong>mundi</strong></span> 
     </span>
    </p>
   </div>
   <div class='ocr_carea' id='block_1_39' title="bbox 273 1892 1068 1929">
    <p class='ocr_par' dir='ltr' id='par_1_39' title="bbox 273 1892 1068 1929">
     <span class='ocr_line' id='line_1_39' title="bbox 273 1892 1068 1929; baseline 0 -8"><span class='ocrx_word' id='word_1_261' title='bbox 273 1897 419 1929; x_wconf 82' lang='lat' dir='ltr'><strong>superatus</strong></span> <span class='ocrx_word' id='word_1_262' title='bbox 443 1893 496 1920; x_wconf 81' lang='lat' dir='ltr'><strong>fuit</strong></span> <span class='ocrx_word' id='word_1_263' title='bbox 507 1902 514 1920; x_wconf 88' lang='lat'>:</span> <span class='ocrx_word' id='word_1_264' title='bbox 527 1893 601 1920; x_wconf 84' lang='lat' dir='ltr'><strong>diem</strong></span> <span class='ocrx_word' id='word_1_265' title='bbox 620 1900 688 1920; x_wconf 84' lang='lat' dir='ltr'><strong>vero</strong></span> <span class='ocrx_word' id='word_1_266' title='bbox 699 1892 811 1921; x_wconf 87' lang='lat' dir='ltr'><strong>virtutis</strong></span> <span class='ocrx_word' id='word_1_267' title='bbox 837 1893 897 1929; x_wconf 79' lang='lat' dir='ltr'><strong>ejus</strong></span> <span class='ocrx_word' id='word_1_268' title='bbox 912 1894 1011 1921; x_wconf 87' lang='lat' dir='ltr'><strong>merito</strong></span> <span class='ocrx_word' id='word_1_269' title='bbox 1027 1894 1068 1922; x_wconf 91' lang='lat' dir='ltr'><strong>in-</strong></span> 
     </span>
    </p>
   </div>
   <div class='ocr_carea' id='block_1_40' title="bbox 274 1939 1068 1976">
    <p class='ocr_par' dir='ltr' id='par_1_40' title="bbox 274 1939 1068 1976">
     <span class='ocr_line' id='line_1_40' title="bbox 274 1939 1068 1976; baseline -0.004 -7"><span class='ocrx_word' id='word_1_270' title='bbox 274 1941 371 1976; x_wconf 68' lang='lat' dir='ltr'><strong>telligit</strong></span> <span class='ocrx_word' id='word_1_271' title='bbox 381 1941 453 1968; x_wconf 87' lang='lat' dir='ltr'><strong>diem</strong></span> <span class='ocrx_word' id='word_1_272' title='bbox 460 1939 576 1973; x_wconf 69' lang='lat' dir='ltr'><strong>erucis;</strong></span> <span class='ocrx_word' id='word_1_273' title='bbox 599 1939 682 1975; x_wconf 89' lang='lat' dir='ltr'><strong>idque</strong></span> <span class='ocrx_word' id='word_1_274' title='bbox 696 1944 809 1975; x_wconf 85' lang='lat' dir='ltr'><strong>propter</strong></span> <span class='ocrx_word' id='word_1_275' title='bbox 823 1939 901 1974; x_wconf 79' lang='lat' dir='ltr'><strong>signa</strong></span> <span class='ocrx_word' id='word_1_276' title='bbox 917 1939 944 1967; x_wconf 91' lang='lat' dir='ltr'><strong>in</strong></span> <span class='ocrx_word' id='word_1_277' title='bbox 958 1947 989 1967; x_wconf 86' lang='lat' dir='ltr'><strong>ea</strong></span> <span class='ocrx_word' id='word_1_278' title='bbox 1005 1948 1068 1976; x_wconf 90' lang='lat' dir='ltr'><strong>pcr-</strong></span> 
     </span>
    </p>
   </div>
   <div class='ocr_carea' id='block_1_41' title="bbox 272 1986 1069 2020">
    <p class='ocr_par' dir='ltr' id='par_1_41' title="bbox 272 1986 1069 2020">
     <span class='ocr_line' id='line_1_41' title="bbox 272 1986 1069 2020; baseline 0 -6"><span class='ocrx_word' id='word_1_279' title='bbox 272 1991 393 2020; x_wconf 44' lang='lat' dir='ltr'><strong>actarut</strong></span> <span class='ocrx_word' id='word_1_280' title='bbox 412 1990 522 2014; x_wconf 74' lang='lat' dir='ltr'><strong>notum</strong></span> <span class='ocrx_word' id='word_1_281' title='bbox 539 1990 631 2019; x_wconf 59' lang='lat' dir='ltr'><strong>terra,</strong></span> <span class='ocrx_word' id='word_1_282' title='bbox 655 1986 723 2014; x_wconf 90' lang='lat' dir='ltr'><strong>solis</strong></span> <span class='ocrx_word' id='word_1_283' title='bbox 756 1993 906 2019; x_wconf 89' lang='lat' dir='ltr'><strong>recessum,</strong></span> <span class='ocrx_word' id='word_1_284' title='bbox 941 1986 1069 2014; x_wconf 75' lang='lat' dir='ltr'><strong>tenebras</strong></span> 
     </span>
    </p>
   </div>
   <div class='ocr_carea' id='block_1_42' title="bbox 273 2031 1068 2067">
    <p class='ocr_par' dir='ltr' id='par_1_42' title="bbox 273 2031 1068 2067">
     <span class='ocr_line' id='line_1_42' title="bbox 273 2031 1068 2067; baseline -0.003 -6"><span class='ocrx_word' id='word_1_285' title='bbox 273 2033 308 2061; x_wconf 92' lang='lat' dir='ltr'><strong>ab</strong></span> <span class='ocrx_word' id='word_1_286' title='bbox 321 2033 387 2061; x_wconf 87' lang='lat' dir='ltr'><strong>hora</strong></span> <span class='ocrx_word' id='word_1_287' title='bbox 398 2036 477 2061; x_wconf 76' lang='lat' dir='ltr'><strong>sexta</strong></span> <span class='ocrx_word' id='word_1_288' title='bbox 493 2039 578 2067; x_wconf 88' lang='lat' dir='ltr'><strong>usque</strong></span> <span class='ocrx_word' id='word_1_289' title='bbox 593 2031 628 2059; x_wconf 82' lang='lat' dir='ltr'><strong>ad</strong></span> <span class='ocrx_word' id='word_1_290' title='bbox 639 2039 740 2059; x_wconf 81' lang='lat' dir='ltr'><strong>nonam</strong></span> <span class='ocrx_word' id='word_1_291' title='bbox 761 2040 769 2059; x_wconf 86' lang='lat'>:</span> <span class='ocrx_word' id='word_1_292' title='bbox 790 2031 891 2059; x_wconf 88' lang='lat' dir='ltr'><strong>deinde</strong></span> <span class='ocrx_word' id='word_1_293' title='bbox 907 2032 981 2066; x_wconf 90' lang='lat' dir='ltr'><strong>quod</strong></span> <span class='ocrx_word' id='word_1_294' title='bbox 995 2033 1023 2059; x_wconf 93' lang='lat' dir='ltr'><strong>in</strong></span> <span class='ocrx_word' id='word_1_295' title='bbox 1037 2040 1068 2059; x_wconf 89' lang='lat' dir='ltr'><strong>ea</strong></span> 
     </span>
    </p>
   </div>
   <div class='ocr_carea' id='block_1_43' title="bbox 267 2077 1071 2112">
    <p class='ocr_par' dir='ltr' id='par_1_43' title="bbox 267 2077 1071 2112">
     <span class='ocr_line' id='line_1_43' title="bbox 267 2077 1071 2112; baseline -0.001 -5"><span class='ocrx_word' id='word_1_296' title='bbox 267 2079 383 2107; x_wconf 76' lang='lat' dir='ltr'><strong>diabolo</strong></span> <span class='ocrx_word' id='word_1_297' title='bbox 396 2079 535 2106; x_wconf 84' lang='lat' dir='ltr'><strong>debellato</strong></span> <span class='ocrx_word' id='word_1_298' title='bbox 544 2078 738 2106; x_wconf 84' lang='lat' dir='ltr'><strong>obumbratum</strong></span> <span class='ocrx_word' id='word_1_299' title='bbox 753 2077 788 2105; x_wconf 89' lang='lat' dir='ltr'><strong>sit</strong></span> <span class='ocrx_word' id='word_1_300' title='bbox 798 2082 954 2112; x_wconf 85' lang='lat' dir='ltr'><strong>peccatum.</strong></span> <span class='ocrx_word' id='word_1_301' title='bbox 972 2077 1002 2105; x_wconf 85' lang='lat' dir='ltr'><strong>In</strong></span> <span class='ocrx_word' id='word_1_302' title='bbox 1019 2078 1071 2106; x_wconf 86' lang='lat' dir='ltr'><strong>hac</strong></span> 
     </span>
    </p>
   </div>
   <div class='ocr_carea' id='block_1_44' title="bbox 275 2124 1071 2160">
    <p class='ocr_par' dir='ltr' id='par_1_44' title="bbox 275 2124 1071 2160">
     <span class='ocr_line' id='line_1_44' title="bbox 275 2124 1071 2160; baseline -0.003 -7"><span class='ocrx_word' id='word_1_303' title='bbox 275 2125 359 2160; x_wconf 72' lang='lat' dir='ltr'><strong>igitur</strong></span> <span class='ocrx_word' id='word_1_304' title='bbox 371 2125 423 2152; x_wconf 20' lang='lat' dir='ltr'><strong>idle</strong></span> <span class='ocrx_word' id='word_1_305' title='bbox 443 2125 642 2160; x_wconf 83' lang='lat' dir='ltr'><strong>principatum,</strong></span> <span class='ocrx_word' id='word_1_306' title='bbox 655 2124 684 2151; x_wconf 86' lang='lat' dir='ltr'><strong>id</strong></span> <span class='ocrx_word' id='word_1_307' title='bbox 699 2129 742 2151; x_wconf 90' lang='lat' dir='ltr'><strong>est</strong></span> <span class='ocrx_word' id='word_1_308' title='bbox 757 2131 879 2157; x_wconf 86' lang='lat' dir='ltr'><strong>crucem,</strong></span> <span class='ocrx_word' id='word_1_309' title='bbox 899 2131 994 2152; x_wconf 87' lang='lat' dir='ltr'><strong>secum</strong></span> <span class='ocrx_word' id='word_1_310' title='bbox 1021 2124 1071 2151; x_wconf 92' lang='lat' dir='ltr'><strong>ha-</strong></span> 
     </span>
    </p>
   </div>
   <div class='ocr_carea' id='block_1_45' title="bbox 269 2169 1070 2204">
    <p class='ocr_par' dir='ltr' id='par_1_45' title="bbox 269 2169 1070 2204">
     <span class='ocr_line' id='line_1_45' title="bbox 269 2169 1070 2204; baseline -0.001 -6"><span class='ocrx_word' id='word_1_311' title='bbox 269 2171 344 2204; x_wconf 60' lang='lat' dir='ltr'><strong>buit,</strong></span> <span class='ocrx_word' id='word_1_312' title='bbox 365 2179 427 2199; x_wconf 68' lang='lat' dir='ltr'><strong>41cm</strong></span> <span class='ocrx_word' id='word_1_313' title='bbox 455 2171 544 2199; x_wconf 86' lang='lat' dir='ltr'><strong>solum</strong></span> <span class='ocrx_word' id='word_1_314' title='bbox 565 2171 641 2198; x_wconf 88' lang='lat' dir='ltr'><strong>utin</strong></span> <span class='ocrx_word' id='word_1_315' title='bbox 670 2178 702 2198; x_wconf 87' lang='lat' dir='ltr'><strong>ea</strong></span> <span class='ocrx_word' id='word_1_316' title='bbox 714 2170 839 2203; x_wconf 83' lang='lat' dir='ltr'><strong>sullixus,</strong></span> <span class='ocrx_word' id='word_1_317' title='bbox 863 2177 959 2197; x_wconf 84' lang='lat' dir='ltr'><strong>verum</strong></span> <span class='ocrx_word' id='word_1_318' title='bbox 989 2169 1070 2198; x_wconf 90' lang='lat' dir='ltr'><strong>etiam</strong></span> 
     </span>
    </p>
   </div>
   <div class='ocr_carea' id='block_1_46' title="bbox 276 2215 1072 2253">
    <p class='ocr_par' dir='ltr' id='par_1_46' title="bbox 276 2215 1072 2253">
     <span class='ocr_line' id='line_1_46' title="bbox 276 2215 1072 2253; baseline -0.003 -9"><span class='ocrx_word' id='word_1_319' title='bbox 276 2223 404 2252; x_wconf 75' lang='lat' dir='ltr'><strong>tanquam</strong></span> <span class='ocrx_word' id='word_1_320' title='bbox 427 2216 501 2243; x_wconf 65' lang='lat' dir='ltr'><strong>ilium</strong></span> <span class='ocrx_word' id='word_1_321' title='bbox 515 2216 638 2244; x_wconf 87' lang='lat' dir='ltr'><strong>humeris</strong></span> <span class='ocrx_word' id='word_1_322' title='bbox 657 2220 777 2253; x_wconf 74' lang='lat' dir='ltr'><strong>gestans.</strong></span> <span class='ocrx_word' id='word_1_323' title='bbox 807 2217 866 2244; x_wconf 81' lang='lat' dir='ltr'><strong>Hoc</strong></span> <span class='ocrx_word' id='word_1_324' title='bbox 880 2216 954 2243; x_wconf 87' lang='lat' dir='ltr'><strong>enim</strong></span> <span class='ocrx_word' id='word_1_325' title='bbox 971 2215 1072 2243; x_wconf 83' lang='lat' dir='ltr'><strong>clarius</strong></span> 
     </span>
    </p>
   </div>
   <div class='ocr_carea' id='block_1_47' title="bbox 275 2261 1072 2298">
    <p class='ocr_par' dir='ltr' id='par_1_47' title="bbox 275 2261 1072 2298">
     <span class='ocr_line' id='line_1_47' title="bbox 275 2261 1072 2298; baseline -0.003 -8"><span class='ocrx_word' id='word_1_326' title='bbox 275 2270 417 2298; x_wconf 81' lang='lat' dir='ltr'><strong>exponens</strong></span> <span class='ocrx_word' id='word_1_327' title='bbox 428 2262 510 2290; x_wconf 74' lang='lat' dir='ltr'><strong>Isaias</strong></span> <span class='ocrx_word' id='word_1_328' title='bbox 521 2262 590 2290; x_wconf 79' lang='lat' dir='ltr'><strong>dixit</strong></span> <span class='ocrx_word' id='word_1_329' title='bbox 606 2273 612 2291; x_wconf 87' lang='lat'><strong>:</strong></span> <span class='ocrx_word' id='word_1_330' title='bbox 627 2261 712 2298; x_wconf 69' lang='lat' dir='ltr'><strong>Cujus</strong></span> <span class='ocrx_word' id='word_1_331' title='bbox 737 2261 904 2297; x_wconf 71' lang='lat' dir='ltr'><strong>principatus</strong></span> <span class='ocrx_word' id='word_1_332' title='bbox 915 2269 994 2297; x_wconf 75' lang='lat' dir='ltr'><strong>super</strong></span> <span class='ocrx_word' id='word_1_333' title='bbox 1021 2261 1072 2288; x_wconf 80' lang='lat' dir='ltr'><strong>hu-</strong></span> 
     </span>
    </p>
   </div>
   <div class='ocr_carea' id='block_1_48' title="bbox 277 2309 466 2344">
    <p class='ocr_par' dir='ltr' id='par_1_48' title="bbox 277 2309 466 2344">
     <span class='ocr_line' id='line_1_48' title="bbox 277 2309 466 2344; baseline 0 -7"><span class='ocrx_word' id='word_1_334' title='bbox 277 2318 379 2337; x_wconf 81' lang='lat' dir='ltr'><strong>merum</strong></span> <span class='ocrx_word' id='word_1_335' title='bbox 399 2309 466 2344; x_wconf 68' lang='lat' dir='ltr'><strong>ejus.</strong></span> 
     </span>
    </p>
   </div>
   <div class='ocr_carea' id='block_1_49' title="bbox 309 2406 866 2438">
    <p class='ocr_par' dir='ltr' id='par_1_49' title="bbox 309 2406 866 2438">
     <span class='ocr_line' id='line_1_49' title="bbox 309 2406 866 2438; baseline -0.009 0"><span class='ocrx_word' id='word_1_336' title='bbox 309 2409 390 2438; x_wconf 74' lang='lat' dir='ltr'><strong>Vens.</strong></span> <span class='ocrx_word' id='word_1_337' title='bbox 408 2410 435 2438; x_wconf 84' lang='lat'><strong>5.</strong></span> <span class='ocrx_word' id='word_1_338' title='bbox 454 2418 464 2436; x_wconf 83' lang='grc'><strong>‹</strong></span> <span class='ocrx_word' id='word_1_339' title='bbox 479 2409 637 2437; x_wconf 84' lang='lat' dir='ltr'><strong>Dominusa</strong></span> <span class='ocrx_word' id='word_1_340' title='bbox 650 2407 756 2436; x_wconf 82' lang='lat' dir='ltr'><strong>dextris</strong></span> <span class='ocrx_word' id='word_1_341' title='bbox 773 2406 838 2435; x_wconf 81' lang='lat' dir='ltr'><strong>tuis.</strong></span> <span class='ocrx_word' id='word_1_342' title='bbox 857 2416 866 2433; x_wconf 71' lang='grc' dir='ltr'><strong>ι</strong></span> 
     </span>
    </p>
   </div>
   <div class='ocr_carea' id='block_1_50' title="bbox 311 2452 1068 2483">
    <p class='ocr_par' dir='ltr' id='par_1_50' title="bbox 311 2452 1068 2483">
     <span class='ocr_line' id='line_1_50' title="bbox 311 2452 1068 2483; baseline -0.001 -2"><span class='ocrx_word' id='word_1_343' title='bbox 311 2454 395 2483; x_wconf 75' lang='lat' dir='ltr'><strong>Vides</strong></span> <span class='ocrx_word' id='word_1_344' title='bbox 406 2454 472 2482; x_wconf 88' lang='lat' dir='ltr'><strong>illud</strong></span> <span class='ocrx_word' id='word_1_345' title='bbox 490 2454 558 2482; x_wconf 83' lang='lat' dir='ltr'><strong>Sede</strong></span> <span class='ocrx_word' id='word_1_346' title='bbox 574 2463 591 2482; x_wconf 80' lang='grc' dir='ltr'><strong>α</strong></span> <span class='ocrx_word' id='word_1_347' title='bbox 606 2455 706 2481; x_wconf 65' lang='lat' dir='ltr'><strong>dextri:</strong></span> <span class='ocrx_word' id='word_1_348' title='bbox 731 2453 796 2480; x_wconf 71' lang='lat' dir='ltr'><strong>mei:</strong></span> <span class='ocrx_word' id='word_1_349' title='bbox 817 2458 873 2480; x_wconf 89' lang='lat' dir='ltr'><strong>non</strong></span> <span class='ocrx_word' id='word_1_350' title='bbox 892 2452 983 2481; x_wconf 87' lang='lat' dir='ltr'><strong>locum</strong></span> <span class='ocrx_word' id='word_1_351' title='bbox 1017 2452 1068 2481; x_wconf 90' lang='lat' dir='ltr'><strong>ali-</strong></span> 
     </span>
    </p>
   </div>
   <div class='ocr_carea' id='block_1_51' title="bbox 276 2497 1070 2535">
    <p class='ocr_par' dir='ltr' id='par_1_51' title="bbox 276 2497 1070 2535">
     <span class='ocr_line' id='line_1_51' title="bbox 276 2497 1070 2535; baseline -0.003 -9"><span class='ocrx_word' id='word_1_352' title='bbox 276 2507 358 2535; x_wconf 81' lang='lat' dir='ltr'><strong>quem</strong></span> <span class='ocrx_word' id='word_1_353' title='bbox 366 2499 563 2533; x_wconf 84' lang='lat' dir='ltr'><strong>demonstrare,</strong></span> <span class='ocrx_word' id='word_1_354' title='bbox 580 2499 627 2527; x_wconf 87' lang='lat' dir='ltr'><strong>sed</strong></span> <span class='ocrx_word' id='word_1_355' title='bbox 638 2498 698 2526; x_wconf 81' lang='lat' dir='ltr'><strong>Filii</strong></span> <span class='ocrx_word' id='word_1_356' title='bbox 711 2506 773 2526; x_wconf 91' lang='lat' dir='ltr'><strong>cum</strong></span> <span class='ocrx_word' id='word_1_357' title='bbox 789 2497 869 2525; x_wconf 82' lang='lat' dir='ltr'><strong>Patre</strong></span> <span class='ocrx_word' id='word_1_358' title='bbox 889 2499 1032 2532; x_wconf 82' lang='lat' dir='ltr'><strong>unitatem,</strong></span> <span class='ocrx_word' id='word_1_359' title='bbox 1044 2501 1070 2526; x_wconf 92' lang='lat' dir='ltr'><strong>et</strong></span> 
     </span>
    </p>
   </div>
   <div class='ocr_carea' id='block_1_52' title="bbox 276 2544 1069 2581">
    <p class='ocr_par' dir='ltr' id='par_1_52' title="bbox 276 2544 1069 2581">
     <span class='ocr_line' id='line_1_52' title="bbox 276 2544 1069 2581; baseline -0.001 -7"><span class='ocrx_word' id='word_1_360' title='bbox 276 2545 428 2574; x_wconf 82' lang='lat' dir='ltr'><strong>secundum</strong></span> <span class='ocrx_word' id='word_1_361' title='bbox 440 2546 531 2573; x_wconf 85' lang='lat' dir='ltr'><strong>omnia</strong></span> <span class='ocrx_word' id='word_1_362' title='bbox 558 2546 752 2581; x_wconf 72' lang='lat' dir='ltr'><strong>aequalitatem.</strong></span> <span class='ocrx_word' id='word_1_363' title='bbox 785 2544 815 2572; x_wconf 82' lang='lat' dir='ltr'><strong>Si</strong></span> <span class='ocrx_word' id='word_1_364' title='bbox 841 2544 916 2572; x_wconf 88' lang='lat' dir='ltr'><strong>enim</strong></span> <span class='ocrx_word' id='word_1_365' title='bbox 941 2545 1026 2572; x_wconf 84' lang='lat' dir='ltr'><strong>Filius</strong></span> <span class='ocrx_word' id='word_1_366' title='bbox 1053 2553 1069 2573; x_wconf 82' lang='lat' dir='ltr'><strong>a</strong></span> 
     </span>
    </p>
   </div>
   <div class='ocr_carea' id='block_1_53' title="bbox 277 2589 1068 2625">
    <p class='ocr_par' dir='ltr' id='par_1_53' title="bbox 277 2589 1068 2625">
     <span class='ocr_line' id='line_1_53' title="bbox 277 2589 1068 2625; baseline -0.003 -5"><span class='ocrx_word' id='word_1_367' title='bbox 277 2591 381 2621; x_wconf 80' lang='lat' dir='ltr'><strong>chtris</strong></span> <span class='ocrx_word' id='word_1_368' title='bbox 399 2591 503 2624; x_wconf 80' lang='lat' dir='ltr'><strong>sedeat,</strong></span> <span class='ocrx_word' id='word_1_369' title='bbox 518 2590 656 2625; x_wconf 90' lang='lat' dir='ltr'><strong>quomodo</strong></span> <span class='ocrx_word' id='word_1_370' title='bbox 671 2597 767 2618; x_wconf 89' lang='lat' dir='ltr'><strong>rursus</strong></span> <span class='ocrx_word' id='word_1_371' title='bbox 794 2589 875 2617; x_wconf 89' lang='lat' dir='ltr'><strong>Pater</strong></span> <span class='ocrx_word' id='word_1_372' title='bbox 890 2589 991 2618; x_wconf 90' lang='lat' dir='ltr'><strong>dicitur</strong></span> <span class='ocrx_word' id='word_1_373' title='bbox 1008 2598 1068 2618; x_wconf 84' lang='lat' dir='ltr'><strong>esse</strong></span> 
     </span>
    </p>
   </div>
   <div class='ocr_carea' id='block_1_54' title="bbox 277 2634 1068 2671">
    <p class='ocr_par' dir='ltr' id='par_1_54' title="bbox 277 2634 1068 2671">
     <span class='ocr_line' id='line_1_54' title="bbox 277 2634 1068 2671; baseline -0.004 -5"><span class='ocrx_word' id='word_1_374' title='bbox 277 2647 292 2666; x_wconf 94' lang='lat' dir='ltr'><strong>a</strong></span> <span class='ocrx_word' id='word_1_375' title='bbox 303 2637 408 2666; x_wconf 83' lang='lat' dir='ltr'><strong>dextris</strong></span> <span class='ocrx_word' id='word_1_376' title='bbox 421 2636 528 2671; x_wconf 85' lang='lat' dir='ltr'><strong>ipsius?</strong></span> <span class='ocrx_word' id='word_1_377' title='bbox 542 2635 592 2663; x_wconf 85' lang='lat' dir='ltr'><strong>Hic</strong></span> <span class='ocrx_word' id='word_1_378' title='bbox 605 2636 633 2663; x_wconf 88' lang='lat' dir='ltr'><strong>in</strong></span> <span class='ocrx_word' id='word_1_379' title='bbox 648 2635 694 2664; x_wconf 87' lang='lat' dir='ltr'><strong>die</strong></span> <span class='ocrx_word' id='word_1_380' title='bbox 707 2635 754 2663; x_wconf 76' lang='lat' dir='ltr'><strong>ira:</strong></span> <span class='ocrx_word' id='word_1_381' title='bbox 763 2643 821 2664; x_wconf 71' lang='lat' dir='ltr'><strong>sua:</strong></span> <span class='ocrx_word' id='word_1_382' title='bbox 833 2634 990 2671; x_wconf 71' lang='lat' dir='ltr'><strong>confringet</strong></span> <span class='ocrx_word' id='word_1_383' title='bbox 1023 2644 1068 2663; x_wconf 87' lang='lat' dir='ltr'><strong>re-</strong></span> 
     </span>
    </p>
   </div>
   <div class='ocr_carea' id='block_1_55' title="bbox 277 2681 1069 2721">
    <p class='ocr_par' dir='ltr' id='par_1_55' title="bbox 277 2681 1069 2721">
     <span class='ocr_line' id='line_1_55' title="bbox 277 2681 1069 2721; baseline -0.005 -9"><span class='ocrx_word' id='word_1_384' title='bbox 277 2692 325 2721; x_wconf 74' lang='lat' dir='ltr'><strong>ges</strong></span> <span class='ocrx_word' id='word_1_385' title='bbox 337 2689 426 2716; x_wconf 75' lang='lat' dir='ltr'><strong>terrae,</strong></span> <span class='ocrx_word' id='word_1_386' title='bbox 453 2686 481 2710; x_wconf 91' lang='lat' dir='ltr'><strong>et</strong></span> <span class='ocrx_word' id='word_1_387' title='bbox 496 2682 635 2718; x_wconf 89' lang='lat' dir='ltr'><strong>principes</strong></span> <span class='ocrx_word' id='word_1_388' title='bbox 658 2681 705 2717; x_wconf 92' lang='lat' dir='ltr'><strong>qui</strong></span> <span class='ocrx_word' id='word_1_389' title='bbox 724 2685 915 2709; x_wconf 74' lang='lat' dir='ltr'><strong>convenerunt</strong></span> <span class='ocrx_word' id='word_1_390' title='bbox 936 2681 963 2708; x_wconf 87' lang='lat' dir='ltr'><strong>in</strong></span> <span class='ocrx_word' id='word_1_391' title='bbox 983 2689 1069 2709; x_wconf 88' lang='lat' dir='ltr'><strong>unum</strong></span> 
     </span>
    </p>
   </div>
   <div class='ocr_carea' id='block_1_56' title="bbox 276 2727 1070 2762">
    <p class='ocr_par' dir='ltr' id='par_1_56' title="bbox 276 2727 1070 2762">
     <span class='ocr_line' id='line_1_56' title="bbox 276 2727 1070 2762; baseline -0.004 -4"><span class='ocrx_word' id='word_1_392' title='bbox 276 2731 409 2758; x_wconf 80' lang='lat' dir='ltr'><strong>adversus</strong></span> <span class='ocrx_word' id='word_1_393' title='bbox 423 2728 571 2756; x_wconf 89' lang='lat' dir='ltr'><strong>Dominum</strong></span> <span class='ocrx_word' id='word_1_394' title='bbox 587 2732 614 2756; x_wconf 85' lang='lat' dir='ltr'><strong>et</strong></span> <span class='ocrx_word' id='word_1_395' title='bbox 636 2728 767 2755; x_wconf 86' lang='lat' dir='ltr'><strong>adversus</strong></span> <span class='ocrx_word' id='word_1_396' title='bbox 792 2727 931 2756; x_wconf 90' lang='lat' dir='ltr'><strong>Christum</strong></span> <span class='ocrx_word' id='word_1_397' title='bbox 957 2727 1017 2762; x_wconf 81' lang='lat' dir='ltr'><strong>ejus</strong></span> <span class='ocrx_word' id='word_1_398' title='bbox 1034 2727 1070 2762; x_wconf 80' lang='lat'><strong>“;</strong></span> 
     </span>
    </p>
   </div>
   <div class='ocr_carea' id='block_1_57' title="bbox 278 2773 1073 2810">
    <p class='ocr_par' dir='ltr' id='par_1_57' title="bbox 278 2773 1073 2810">
     <span class='ocr_line' id='line_1_57' title="bbox 278 2773 1073 2810; baseline -0.003 -6"><span class='ocrx_word' id='word_1_399' title='bbox 278 2777 412 2805; x_wconf 87' lang='lat' dir='ltr'><strong>llerodem</strong></span> <span class='ocrx_word' id='word_1_400' title='bbox 443 2779 470 2802; x_wconf 86' lang='lat' dir='ltr'><strong>et</strong></span> <span class='ocrx_word' id='word_1_401' title='bbox 484 2774 613 2807; x_wconf 83' lang='lat' dir='ltr'><strong>Pilatum,</strong></span> <span class='ocrx_word' id='word_1_402' title='bbox 629 2773 736 2801; x_wconf 85' lang='lat' dir='ltr'><strong>Annam</strong></span> <span class='ocrx_word' id='word_1_403' title='bbox 753 2779 780 2802; x_wconf 87' lang='lat' dir='ltr'><strong>et</strong></span> <span class='ocrx_word' id='word_1_404' title='bbox 796 2773 957 2810; x_wconf 82' lang='lat' dir='ltr'><strong>Caiapham,</strong></span> <span class='ocrx_word' id='word_1_405' title='bbox 973 2778 1001 2802; x_wconf 86' lang='lat' dir='ltr'><strong>et</strong></span> <span class='ocrx_word' id='word_1_406' title='bbox 1025 2781 1073 2803; x_wconf 86' lang='lat' dir='ltr'><strong>eos</strong></span> 
     </span>
    </p>
   </div>
   <div class='ocr_carea' id='block_1_58' title="bbox 278 2820 857 2859">
    <p class='ocr_par' dir='ltr' id='par_1_58' title="bbox 278 2820 857 2859">
     <span class='ocr_line' id='line_1_58' title="bbox 278 2820 857 2859; baseline -0.007 -8"><span class='ocrx_word' id='word_1_407' title='bbox 278 2823 399 2859; x_wconf 85' lang='lat' dir='ltr'><strong>quicum</strong></span> <span class='ocrx_word' id='word_1_408' title='bbox 420 2822 486 2856; x_wconf 86' lang='lat' dir='ltr'><strong>ipsis</strong></span> <span class='ocrx_word' id='word_1_409' title='bbox 505 2825 582 2850; x_wconf 89' lang='lat' dir='ltr'><strong>erant</strong></span> <span class='ocrx_word' id='word_1_410' title='bbox 596 2820 685 2856; x_wconf 78' lang='lat' dir='ltr'><strong>Reges</strong></span> <span class='ocrx_word' id='word_1_411' title='bbox 702 2820 857 2856; x_wconf 87' lang='lat' dir='ltr'><strong>appellans.</strong></span> 
     </span>
    </p>
   </div>
   <div class='ocr_carea' id='block_1_59' title="bbox 319 2947 988 2986">
    <p class='ocr_par' dir='ltr' id='par_1_59' title="bbox 319 2947 988 2986">
     <span class='ocr_line' id='line_1_59' title="bbox 319 2947 988 2986; baseline -0.009 -6"><span class='ocrx_word' id='word_1_412' title='bbox 319 2953 340 2970; x_wconf 84' lang='lat'><strong>&quot;</strong></span> <span class='ocrx_word' id='word_1_413' title='bbox 358 2952 427 2980; x_wconf 83' lang='lat' dir='ltr'><strong>Phil.</strong></span> <span class='ocrx_word' id='word_1_414' title='bbox 445 2960 476 2986; x_wconf 92' lang='grc' dir='ltr'>ιι,</span> <span class='ocrx_word' id='word_1_415' title='bbox 493 2952 520 2979; x_wconf 84' lang='grc'><strong>6.</strong></span> <span class='ocrx_word' id='word_1_416' title='bbox 561 2951 582 2967; x_wconf 82' lang='grc'><strong>’³</strong></span> <span class='ocrx_word' id='word_1_417' title='bbox 594 2950 666 2978; x_wconf 69' lang='grc' dir='ltr'><strong>Ρεοι.</strong></span> <span class='ocrx_word' id='word_1_418' title='bbox 680 2956 709 2982; x_wconf 81' lang='grc' dir='ltr'>ιι,</span> <span class='ocrx_word' id='word_1_419' title='bbox 726 2949 752 2977; x_wconf 89' lang='lat'><strong>9.</strong></span> <span class='ocrx_word' id='word_1_420' title='bbox 791 2949 814 2964; x_wconf 74' lang='lat'>&quot;</span> <span class='ocrx_word' id='word_1_421' title='bbox 828 2948 900 2975; x_wconf 83' lang='lat' dir='ltr'><strong>Psal.</strong></span> <span class='ocrx_word' id='word_1_422' title='bbox 915 2955 945 2981; x_wconf 85' lang='grc' dir='ltr'>ιι,</span> <span class='ocrx_word' id='word_1_423' title='bbox 961 2947 988 2975; x_wconf 77' lang='grc'><strong>2.</strong></span> 
     </span>
    </p>
   </div>
   <div class='ocr_carea' id='block_1_60' title="bbox 1108 326 1911 365">
    <p class='ocr_par' dir='ltr' id='par_1_60' title="bbox 1108 326 1911 365">
     <span class='ocr_line' id='line_1_60' title="bbox 1108 326 1911 365; baseline 0 -11"><span class='ocrx_word' id='word_1_424' title='bbox 1108 327 1281 359; x_wconf 80' lang='grc' dir='ltr'><strong>εὐδοκοῦντος</strong></span> <span class='ocrx_word' id='word_1_425' title='bbox 1299 326 1347 354; x_wconf 79' lang='grc' dir='ltr'><strong>τοῦ</strong></span> <span class='ocrx_word' id='word_1_426' title='bbox 1372 327 1478 365; x_wconf 74' lang='grc' dir='ltr'><strong>[ἰατρὸς</strong></span> <span class='ocrx_word' id='word_1_427' title='bbox 1499 327 1545 354; x_wconf 73' lang='grc' dir='ltr'><strong>καὶ</strong></span> <span class='ocrx_word' id='word_1_428' title='bbox 1560 327 1704 363; x_wconf 72' lang='grc' dir='ltr'><strong>χαίροντος</strong></span> <span class='ocrx_word' id='word_1_429' title='bbox 1727 328 1760 363; x_wconf 82' lang='grc' dir='ltr'><strong>τῇ</strong></span> <span class='ocrx_word' id='word_1_430' title='bbox 1780 327 1828 354; x_wconf 76' lang='grc' dir='ltr'><strong>τοῦ</strong></span> <span class='ocrx_word' id='word_1_431' title='bbox 1845 327 1911 355; x_wconf 77' lang='grc' dir='ltr'>Υἱοῦ</span> 
     </span>
    </p>
   </div>
   <div class='ocr_carea' id='block_1_61' title="bbox 1106 373 1910 410">
    <p class='ocr_par' dir='ltr' id='par_1_61' title="bbox 1106 373 1910 410">
     <span class='ocr_line' id='line_1_61' title="bbox 1106 373 1910 410; baseline 0.001 -10"><span class='ocrx_word' id='word_1_432' title='bbox 1106 374 1170 409; x_wconf 67' lang='grc' dir='ltr'><strong>ἀξίᾳ.</strong></span> <span class='ocrx_word' id='word_1_433' title='bbox 1184 373 1234 410; x_wconf 76' lang='grc' dir='ltr'><strong>τὴν</strong></span> <span class='ocrx_word' id='word_1_434' title='bbox 1256 373 1400 410; x_wconf 71' lang='grc' dir='ltr'><strong>βασιλείαν</strong></span> <span class='ocrx_word' id='word_1_435' title='bbox 1420 373 1470 409; x_wconf 83' lang='grc' dir='ltr'><strong>τὴν</strong></span> <span class='ocrx_word' id='word_1_436' title='bbox 1490 373 1623 409; x_wconf 76' lang='grc' dir='ltr'><strong>ὁμότιμον</strong></span> <span class='ocrx_word' id='word_1_437' title='bbox 1646 373 1716 410; x_wconf 80' lang='grc' dir='ltr'><strong>πρὸς</strong></span> <span class='ocrx_word' id='word_1_438' title='bbox 1729 373 1776 401; x_wconf 82' lang='grc' dir='ltr'><strong>τδν</strong></span> <span class='ocrx_word' id='word_1_439' title='bbox 1797 374 1910 409; x_wconf 70' lang='grc' dir='ltr'><strong>Πατέρα</strong></span> 
     </span>
    </p>
   </div>
   <div class='ocr_carea' id='block_1_62' title="bbox 1107 419 1910 456">
    <p class='ocr_par' dir='ltr' id='par_1_62' title="bbox 1107 419 1910 456">
     <span class='ocr_line' id='line_1_62' title="bbox 1107 419 1910 456; baseline -0.001 -9"><span class='ocrx_word' id='word_1_440' title='bbox 1107 420 1252 456; x_wconf 76' lang='grc' dir='ltr'><strong>κέκτηται.</strong></span> <span class='ocrx_word' id='word_1_441' title='bbox 1276 419 1389 456; x_wconf 74' lang='grc' dir='ltr'><strong>Ἐπειδὴ</strong></span> <span class='ocrx_word' id='word_1_442' title='bbox 1404 419 1436 447; x_wconf 78' lang='grc' dir='ltr'><strong>τὸ</strong></span> <span class='ocrx_word' id='word_1_443' title='bbox 1464 420 1499 447; x_wconf 79' lang='grc' dir='ltr'><strong>ἐκ</strong></span> <span class='ocrx_word' id='word_1_444' title='bbox 1526 419 1635 452; x_wconf 79' lang='grc' dir='ltr'><strong>δεξιῶν</strong></span> <span class='ocrx_word' id='word_1_445' title='bbox 1663 420 1714 454; x_wconf 79' lang='grc' dir='ltr'><strong>τῆς</strong></span> <span class='ocrx_word' id='word_1_446' title='bbox 1738 420 1808 455; x_wconf 77' lang='grc' dir='ltr'><strong>πρὸς</strong></span> <span class='ocrx_word' id='word_1_447' title='bbox 1835 421 1910 456; x_wconf 74' lang='grc' dir='ltr'><strong>ἡμᾶς</strong></span> 
     </span>
    </p>
   </div>
   <div class='ocr_carea' id='block_1_63' title="bbox 1108 466 1911 502">
    <p class='ocr_par' dir='ltr' id='par_1_63' title="bbox 1108 466 1911 502">
     <span class='ocr_line' id='line_1_63' title="bbox 1108 466 1911 502; baseline 0.001 -10"><span class='ocrx_word' id='word_1_448' title='bbox 1108 466 1190 494; x_wconf 73' lang='grc' dir='ltr'>ἕνεκα</span> <span class='ocrx_word' id='word_1_449' title='bbox 1205 466 1440 502; x_wconf 54' lang='grc' dir='ltr'><strong>στι-(καταϐάσεως</strong></span> <span class='ocrx_word' id='word_1_450' title='bbox 1470 467 1579 501; x_wconf 76' lang='grc' dir='ltr'><strong>λέγεται</strong></span> <span class='ocrx_word' id='word_1_451' title='bbox 1606 467 1642 502; x_wconf 80' lang='grc' dir='ltr'>(εἰ</span> <span class='ocrx_word' id='word_1_452' title='bbox 1662 466 1718 502; x_wconf 80' lang='grc' dir='ltr'><strong>γὰρ</strong></span> <span class='ocrx_word' id='word_1_453' title='bbox 1735 466 1793 502; x_wconf 74' lang='grc' dir='ltr'>ἔχει</span> <span class='ocrx_word' id='word_1_454' title='bbox 1807 466 1884 499; x_wconf 75' lang='grc' dir='ltr'><strong>δεξιὰ.</strong></span> <span class='ocrx_word' id='word_1_455' title='bbox 1896 467 1911 493; x_wconf 99' lang='lat'><strong>6</strong></span> 
     </span>
    </p>
   </div>
   <div class='ocr_carea' id='block_1_64' title="bbox 1107 512 1909 550">
    <p class='ocr_par' dir='ltr' id='par_1_64' title="bbox 1107 512 1909 550">
     <span class='ocr_line' id='line_1_64' title="bbox 1107 512 1909 550; baseline 0 -11"><span class='ocrx_word' id='word_1_456' title='bbox 1107 513 1185 546; x_wconf 78' lang='grc' dir='ltr'>Θεὸς,</span> <span class='ocrx_word' id='word_1_457' title='bbox 1199 514 1258 549; x_wconf 76' lang='grc' dir='ltr'><strong>ἔχει</strong></span> <span class='ocrx_word' id='word_1_458' title='bbox 1273 514 1319 541; x_wconf 76' lang='grc' dir='ltr'><strong>καὶ</strong></span> <span class='ocrx_word' id='word_1_459' title='bbox 1331 513 1493 550; x_wconf 78' lang='grc' dir='ltr'><strong>ἀριστερά)”</strong></span> <span class='ocrx_word' id='word_1_460' title='bbox 1508 512 1594 540; x_wconf 79' lang='grc' dir='ltr'><strong>ταῦτα</strong></span> <span class='ocrx_word' id='word_1_461' title='bbox 1610 513 1638 540; x_wconf 84' lang='grc' dir='ltr'><strong>δὲ</strong></span> <span class='ocrx_word' id='word_1_462' title='bbox 1653 513 1701 540; x_wconf 80' lang='grc' dir='ltr'>ἐπὶ</span> <span class='ocrx_word' id='word_1_463' title='bbox 1715 512 1763 539; x_wconf 75' lang='grc' dir='ltr'><strong>τοῦ</strong></span> <span class='ocrx_word' id='word_1_464' title='bbox 1786 513 1909 548; x_wconf 80' lang='grc' dir='ltr'><strong>ἀμεροῦς</strong></span> 
     </span>
    </p>
   </div>
   <div class='ocr_carea' id='block_1_65' title="bbox 1109 559 1910 596">
    <p class='ocr_par' dir='ltr' id='par_1_65' title="bbox 1109 559 1910 596">
     <span class='ocr_line' id='line_1_65' title="bbox 1109 559 1910 596; baseline 0 -9"><span class='ocrx_word' id='word_1_465' title='bbox 1109 561 1158 588; x_wconf 74' lang='grc' dir='ltr'><strong>καὶ</strong></span> <span class='ocrx_word' id='word_1_466' title='bbox 1175 561 1384 596; x_wconf 77' lang='grc' dir='ltr'><strong>ἀσχηματίστου</strong></span> <span class='ocrx_word' id='word_1_467' title='bbox 1398 562 1446 588; x_wconf 75' lang='grc' dir='ltr'><strong>καὶ</strong></span> <span class='ocrx_word' id='word_1_468' title='bbox 1461 561 1552 587; x_wconf 79' lang='grc' dir='ltr'><strong>πάντα</strong></span> <span class='ocrx_word' id='word_1_469' title='bbox 1564 560 1618 594; x_wconf 77' lang='grc' dir='ltr'><strong>πλη</strong></span> <span class='ocrx_word' id='word_1_470' title='bbox 1624 559 1735 595; x_wconf 83' lang='grc' dir='ltr'><strong>ροῢντος</strong></span> <span class='ocrx_word' id='word_1_471' title='bbox 1750 561 1848 596; x_wconf 78' lang='grc' dir='ltr'><strong>καιρὸν</strong></span> <span class='ocrx_word' id='word_1_472' title='bbox 1859 560 1910 588; x_wconf 83' lang='grc' dir='ltr'><strong>οὐκ</strong></span> 
     </span>
    </p>
   </div>
   <div class='ocr_carea' id='block_1_66' title="bbox 1109 605 1909 643">
    <p class='ocr_par' dir='ltr' id='par_1_66' title="bbox 1109 605 1909 643">
     <span class='ocr_line' id='line_1_66' title="bbox 1109 605 1909 643; baseline 0 -11"><span class='ocrx_word' id='word_1_473' title='bbox 1109 606 1165 641; x_wconf 70' lang='grc' dir='ltr'><strong>ἔχει</strong></span> <span class='ocrx_word' id='word_1_474' title='bbox 1180 606 1311 641; x_wconf 80' lang='grc' dir='ltr'><strong>λέγεσθαι</strong></span> <span class='ocrx_word' id='word_1_475' title='bbox 1324 615 1330 621; x_wconf 94' lang='grc'><strong>·</strong></span> <span class='ocrx_word' id='word_1_476' title='bbox 1346 607 1457 641; x_wconf 82' lang='grc' dir='ltr'><strong>λέγεται</strong></span> <span class='ocrx_word' id='word_1_477' title='bbox 1477 606 1517 638; x_wconf 81' lang='grc' dir='ltr'><strong>δὲ,</strong></span> <span class='ocrx_word' id='word_1_478' title='bbox 1535 605 1687 641; x_wconf 79' lang='grc' dir='ltr'><strong>ἐπειδήπερ</strong></span> <span class='ocrx_word' id='word_1_479' title='bbox 1702 605 1751 633; x_wconf 88' lang='grc' dir='ltr'><strong>νῦν</strong></span> <span class='ocrx_word' id='word_1_480' title='bbox 1766 607 1847 643; x_wconf 77' lang='grc' dir='ltr'>ἡμεῖς</span> <span class='ocrx_word' id='word_1_481' title='bbox 1860 606 1909 635; x_wconf 75' lang='grc' dir='ltr'><strong>ω.-</strong></span> 
     </span>
    </p>
   </div>
   <div class='ocr_carea' id='block_1_67' title="bbox 1108 651 1910 687">
    <p class='ocr_par' dir='ltr' id='par_1_67' title="bbox 1108 651 1910 687">
     <span class='ocr_line' id='line_1_67' title="bbox 1108 651 1910 687; baseline 0.001 -10"><span class='ocrx_word' id='word_1_482' title='bbox 1108 651 1162 683; x_wconf 77' lang='grc' dir='ltr'><strong>λως</strong></span> <span class='ocrx_word' id='word_1_483' title='bbox 1177 651 1290 678; x_wconf 82' lang='grc' dir='ltr'><strong>ἀκούειν</strong></span> <span class='ocrx_word' id='word_1_484' title='bbox 1311 652 1359 679; x_wconf 78' lang='grc' dir='ltr'><strong>καὶ</strong></span> <span class='ocrx_word' id='word_1_485' title='bbox 1383 651 1563 679; x_wconf 83' lang='grc' dir='ltr'><strong>παιδεύεσθαι</strong></span> <span class='ocrx_word' id='word_1_486' title='bbox 1576 651 1626 687; x_wconf 83' lang='grc' dir='ltr'><strong>τὴν</strong></span> <span class='ocrx_word' id='word_1_487' title='bbox 1646 651 1708 686; x_wconf 73' lang='grc' dir='ltr'>περὶ</span> <span class='ocrx_word' id='word_1_488' title='bbox 1730 652 1839 687; x_wconf 82' lang='grc' dir='ltr'><strong>Πατρὸς</strong></span> <span class='ocrx_word' id='word_1_489' title='bbox 1863 653 1910 679; x_wconf 80' lang='grc' dir='ltr'><strong>καὶ</strong></span> 
     </span>
    </p>
   </div>
   <div class='ocr_carea' id='block_1_68' title="bbox 1110 696 1909 732">
    <p class='ocr_par' dir='ltr' id='par_1_68' title="bbox 1110 696 1909 732">
     <span class='ocr_line' id='line_1_68' title="bbox 1110 696 1909 732; baseline 0.001 -10"><span class='ocrx_word' id='word_1_490' title='bbox 1110 696 1176 722; x_wconf 86' lang='grc' dir='ltr'><strong>Υἱοῦ</strong></span> <span class='ocrx_word' id='word_1_491' title='bbox 1201 696 1359 730; x_wconf 80' lang='grc' dir='ltr'><strong>δοξολογίαν</strong></span> <span class='ocrx_word' id='word_1_492' title='bbox 1376 697 1406 722; x_wconf 82' lang='grc' dir='ltr'><strong>οὐ</strong></span> <span class='ocrx_word' id='word_1_493' title='bbox 1421 696 1573 732; x_wconf 76' lang='grc' dir='ltr'><strong>δυνάμεθα,</strong></span> <span class='ocrx_word' id='word_1_494' title='bbox 1588 696 1746 731; x_wconf 73' lang='grc' dir='ltr'><strong>ἀναγκαίως</strong></span> <span class='ocrx_word' id='word_1_495' title='bbox 1773 696 1909 732; x_wconf 79' lang='grc' dir='ltr'><strong>προσέθη-</strong></span> 
     </span>
    </p>
   </div>
   <div class='ocr_carea' id='block_1_69' title="bbox 1109 741 1910 777">
    <p class='ocr_par' dir='ltr' id='par_1_69' title="bbox 1109 741 1910 777">
     <span class='ocr_line' id='line_1_69' title="bbox 1109 741 1910 777; baseline 0.002 -10"><span class='ocrx_word' id='word_1_496' title='bbox 1109 750 1173 768; x_wconf 84' lang='grc' dir='ltr'><strong>κεν·</strong></span> <span class='ocrx_word' id='word_1_497' title='bbox 1189 741 1264 775; x_wconf 78' lang='grc' dir='ltr'><strong>Ἕως·</strong></span> <span class='ocrx_word' id='word_1_498' title='bbox 1279 741 1318 768; x_wconf 83' lang='grc' dir='ltr'><strong>ἂν</strong></span> <span class='ocrx_word' id='word_1_499' title='bbox 1335 741 1377 769; x_wconf 83' lang='grc' dir='ltr'><strong>θῶ</strong></span> <span class='ocrx_word' id='word_1_500' title='bbox 1405 741 1478 775; x_wconf 73' lang='grc' dir='ltr'><strong>τοὺς</strong></span> <span class='ocrx_word' id='word_1_501' title='bbox 1499 742 1632 777; x_wconf 83' lang='grc' dir='ltr'><strong>ἐχθρούς</strong></span> <span class='ocrx_word' id='word_1_502' title='bbox 1660 750 1718 769; x_wconf 86' lang='grc' dir='ltr'><strong>σου</strong></span> <span class='ocrx_word' id='word_1_503' title='bbox 1739 742 1910 770; x_wconf 74' lang='grc' dir='ltr'><strong>ὑποπόδιον</strong></span> 
     </span>
    </p>
   </div>
   <div class='ocr_carea' id='block_1_70' title="bbox 1109 787 1910 824">
    <p class='ocr_par' dir='ltr' id='par_1_70' title="bbox 1109 787 1910 824">
     <span class='ocr_line' id='line_1_70' title="bbox 1109 787 1910 824; baseline 0 -10"><span class='ocrx_word' id='word_1_504' title='bbox 1109 787 1169 814; x_wconf 78' lang='grc' dir='ltr'><strong>τῶν</strong></span> <span class='ocrx_word' id='word_1_505' title='bbox 1192 787 1295 815; x_wconf 79' lang='grc' dir='ltr'><em>ποδῶν</em></span> <span class='ocrx_word' id='word_1_506' title='bbox 1320 797 1390 815; x_wconf 85' lang='grc' dir='ltr'><strong>σου.</strong></span> <span class='ocrx_word' id='word_1_507' title='bbox 1418 788 1684 824; x_wconf 78' lang='grc' dir='ltr'><strong>Τουτέστι,Μέχρις</strong></span> <span class='ocrx_word' id='word_1_508' title='bbox 1707 788 1741 815; x_wconf 82' lang='grc' dir='ltr'><strong>ἂν</strong></span> <span class='ocrx_word' id='word_1_509' title='bbox 1766 789 1781 815; x_wconf 92' lang='lat'><strong>6</strong></span> <span class='ocrx_word' id='word_1_510' title='bbox 1812 789 1910 824; x_wconf 70' lang='grc' dir='ltr'><strong>παρὼν</strong></span> 
     </span>
    </p>
   </div>
   <div class='ocr_carea' id='block_1_71' title="bbox 1113 834 1910 870">
    <p class='ocr_par' dir='ltr' id='par_1_71' title="bbox 1113 834 1910 870">
     <span class='ocr_line' id='line_1_71' title="bbox 1113 834 1910 870; baseline 0.001 -10"><span class='ocrx_word' id='word_1_511' title='bbox 1113 834 1278 870; x_wconf 85' lang='grc' dir='ltr'><strong>συντελεσθῇ</strong></span> <span class='ocrx_word' id='word_1_512' title='bbox 1300 834 1367 869; x_wconf 78' lang='grc' dir='ltr'><strong>βίος.</strong></span> <span class='ocrx_word' id='word_1_513' title='bbox 1387 834 1432 862; x_wconf 83' lang='grc' dir='ltr'><strong>Ἐν</strong></span> <span class='ocrx_word' id='word_1_514' title='bbox 1451 835 1507 870; x_wconf 79' lang='grc' dir='ltr'><strong>γὰρ</strong></span> <span class='ocrx_word' id='word_1_515' title='bbox 1532 834 1572 869; x_wconf 88' lang='grc' dir='ltr'><strong>τῷ</strong></span> <span class='ocrx_word' id='word_1_516' title='bbox 1600 834 1715 870; x_wconf 77' lang='grc' dir='ltr'><strong>παρόντι</strong></span> <span class='ocrx_word' id='word_1_517' title='bbox 1741 834 1791 870; x_wconf 82' lang='grc' dir='ltr'>βίῳ</span> <span class='ocrx_word' id='word_1_518' title='bbox 1821 836 1870 862; x_wconf 74' lang='grc' dir='ltr'><strong>καὶ</strong></span> <span class='ocrx_word' id='word_1_519' title='bbox 1895 836 1910 861; x_wconf 89' lang='lat'><strong>6</strong></span> 
     </span>
    </p>
   </div>
   <div class='ocr_carea' id='block_1_72' title="bbox 1110 879 1910 916">
    <p class='ocr_par' dir='ltr' id='par_1_72' title="bbox 1110 879 1910 916">
     <span class='ocr_line' id='line_1_72' title="bbox 1110 879 1910 916; baseline 0 -10"><span class='ocrx_word' id='word_1_520' title='bbox 1110 880 1209 916; x_wconf 85' lang='grc' dir='ltr'><strong>Πατὴρ</strong></span> <span class='ocrx_word' id='word_1_521' title='bbox 1225 879 1371 907; x_wconf 81' lang='grc' dir='ltr'><strong>ύποτὰττει</strong></span> <span class='ocrx_word' id='word_1_522' title='bbox 1386 879 1425 916; x_wconf 85' lang='grc' dir='ltr'><strong>τῷ</strong></span> <span class='ocrx_word' id='word_1_523' title='bbox 1443 881 1512 916; x_wconf 78' lang='grc' dir='ltr'><strong>Υιῷ,</strong></span> <span class='ocrx_word' id='word_1_524' title='bbox 1529 881 1577 908; x_wconf 73' lang='grc' dir='ltr'><strong>καὶ</strong></span> <span class='ocrx_word' id='word_1_525' title='bbox 1594 881 1609 907; x_wconf 92' lang='lat'><strong>6</strong></span> <span class='ocrx_word' id='word_1_526' title='bbox 1627 880 1691 912; x_wconf 80' lang='grc' dir='ltr'>Υιδς</span> <span class='ocrx_word' id='word_1_527' title='bbox 1707 881 1856 908; x_wconf 82' lang='grc' dir='ltr'><strong>ὐποτάττει</strong></span> <span class='ocrx_word' id='word_1_528' title='bbox 1871 881 1910 916; x_wconf 82' lang='grc' dir='ltr'><strong>τῷ</strong></span> 
     </span>
    </p>
   </div>
   <div class='ocr_carea' id='block_1_73' title="bbox 1112 923 1910 961">
    <p class='ocr_par' dir='ltr' id='par_1_73' title="bbox 1112 923 1910 961">
     <span class='ocr_line' id='line_1_73' title="bbox 1112 923 1910 961; baseline 0.001 -10"><span class='ocrx_word' id='word_1_529' title='bbox 1112 925 1201 961; x_wconf 80' lang='grc' dir='ltr'><strong>Πατρὶ</strong></span> <span class='ocrx_word' id='word_1_530' title='bbox 1228 925 1277 961; x_wconf 81' lang='grc' dir='ltr'><strong>τὴν</strong></span> <span class='ocrx_word' id='word_1_531' title='bbox 1309 925 1521 961; x_wconf 80' lang='grc' dir='ltr'><strong>ἀνθρωπύτητα.</strong></span> <span class='ocrx_word' id='word_1_532' title='bbox 1549 926 1635 953; x_wconf 83' lang='grc' dir='ltr'>Ἐπὰν</span> <span class='ocrx_word' id='word_1_533' title='bbox 1657 925 1686 953; x_wconf 79' lang='grc' dir='ltr'><strong>δὲ</strong></span> <span class='ocrx_word' id='word_1_534' title='bbox 1713 923 1821 958; x_wconf 72' lang='grc' dir='ltr'><strong>οὖτοςὸ</strong></span> <span class='ocrx_word' id='word_1_535' title='bbox 1841 926 1910 953; x_wconf 85' lang='grc' dir='ltr'><strong>αἰὼν</strong></span> 
     </span>
    </p>
   </div>
   <div class='ocr_carea' id='block_1_74' title="bbox 1112 971 1910 1008">
    <p class='ocr_par' dir='ltr' id='par_1_74' title="bbox 1112 971 1910 1008">
     <span class='ocr_line' id='line_1_74' title="bbox 1112 971 1910 1008; baseline 0.001 -11"><span class='ocrx_word' id='word_1_536' title='bbox 1112 971 1292 1007; x_wconf 78' lang='grc' dir='ltr'><strong>συντελεσοῇ,</strong></span> <span class='ocrx_word' id='word_1_537' title='bbox 1310 971 1358 998; x_wconf 75' lang='grc' dir='ltr'><strong>καὶ</strong></span> <span class='ocrx_word' id='word_1_538' title='bbox 1377 972 1392 998; x_wconf 89' lang='lat'><strong>6</strong></span> <span class='ocrx_word' id='word_1_539' title='bbox 1412 971 1480 1004; x_wconf 78' lang='grc' dir='ltr'><strong>Θεδς</strong></span> <span class='ocrx_word' id='word_1_540' title='bbox 1496 972 1585 999; x_wconf 77' lang='grc' dir='ltr'><strong>πάντα</strong></span> <span class='ocrx_word' id='word_1_541' title='bbox 1598 972 1627 999; x_wconf 84' lang='lat' dir='ltr'><strong>tv</strong></span> <span class='ocrx_word' id='word_1_542' title='bbox 1641 972 1709 999; x_wconf 80' lang='grc' dir='ltr'><strong>πᾶσι</strong></span> <span class='ocrx_word' id='word_1_543' title='bbox 1722 972 1910 1008; x_wconf 78' lang='grc' dir='ltr'><strong>προκόπτουσι</strong></span> 
     </span>
    </p>
   </div>
   <div class='ocr_carea' id='block_1_75' title="bbox 1111 1017 1911 1054">
    <p class='ocr_par' dir='ltr' id='par_1_75' title="bbox 1111 1017 1911 1054">
     <span class='ocr_line' id='line_1_75' title="bbox 1111 1017 1911 1054; baseline 0.001 -10"><span class='ocrx_word' id='word_1_544' title='bbox 1111 1017 1237 1054; x_wconf 79' lang='grc' dir='ltr'><strong>γένηται,</strong></span> <span class='ocrx_word' id='word_1_545' title='bbox 1255 1019 1317 1045; x_wconf 78' lang='grc' dir='ltr'><strong>τότε</strong></span> <span class='ocrx_word' id='word_1_546' title='bbox 1335 1019 1374 1050; x_wconf 82' lang='grc' dir='ltr'><strong>εις</strong></span> <span class='ocrx_word' id='word_1_547' title='bbox 1397 1018 1502 1046; x_wconf 79' lang='grc' dir='ltr'><strong>τέλειον</strong></span> <span class='ocrx_word' id='word_1_548' title='bbox 1526 1017 1646 1054; x_wconf 77' lang='grc' dir='ltr'><strong>θεωρίας</strong></span> <span class='ocrx_word' id='word_1_549' title='bbox 1669 1018 1832 1050; x_wconf 76' lang='grc' dir='ltr'><strong>ἀνελθόντες</strong></span> <span class='ocrx_word' id='word_1_550' title='bbox 1861 1019 1911 1045; x_wconf 70' lang='grc' dir='ltr'><strong>καὶ</strong></span> 
     </span>
    </p>
   </div>
   <div class='ocr_carea' id='block_1_76' title="bbox 1111 1064 1911 1101">
    <p class='ocr_par' dir='ltr' id='par_1_76' title="bbox 1111 1064 1911 1101">
     <span class='ocr_line' id='line_1_76' title="bbox 1111 1064 1911 1101; baseline 0 -11"><span class='ocrx_word' id='word_1_551' title='bbox 1111 1064 1251 1099; x_wconf 82' lang='grc' dir='ltr'><strong>γνώσεως,</strong></span> <span class='ocrx_word' id='word_1_552' title='bbox 1262 1065 1309 1092; x_wconf 82' lang='grc' dir='ltr'><strong>τὸν</strong></span> <span class='ocrx_word' id='word_1_553' title='bbox 1323 1064 1435 1101; x_wconf 81' lang='grc' dir='ltr'><strong>Πατέρα</strong></span> <span class='ocrx_word' id='word_1_554' title='bbox 1448 1066 1476 1092; x_wconf 81' lang='grc' dir='ltr'><strong>ὲν</strong></span> <span class='ocrx_word' id='word_1_555' title='bbox 1485 1064 1524 1100; x_wconf 82' lang='grc' dir='ltr'><strong>τῷ</strong></span> <span class='ocrx_word' id='word_1_556' title='bbox 1540 1065 1609 1100; x_wconf 51' lang='lat' dir='ltr'><strong>Titi),</strong></span> <span class='ocrx_word' id='word_1_557' title='bbox 1626 1065 1674 1092; x_wconf 83' lang='grc' dir='ltr'><strong>καὶ</strong></span> <span class='ocrx_word' id='word_1_558' title='bbox 1687 1064 1735 1092; x_wconf 75' lang='grc' dir='ltr'><strong>τὸν</strong></span> <span class='ocrx_word' id='word_1_559' title='bbox 1747 1064 1812 1092; x_wconf 79' lang='grc' dir='ltr'><strong>Υἱὺν</strong></span> <span class='ocrx_word' id='word_1_560' title='bbox 1827 1065 1856 1091; x_wconf 84' lang='lat' dir='ltr'><strong>tv</strong></span> <span class='ocrx_word' id='word_1_561' title='bbox 1872 1064 1911 1100; x_wconf 81' lang='grc' dir='ltr'><strong>τῷ</strong></span> 
     </span>
    </p>
   </div>
   <div class='ocr_carea' id='block_1_77' title="bbox 1112 1109 1911 1146">
    <p class='ocr_par' dir='ltr' id='par_1_77' title="bbox 1112 1109 1911 1146">
     <span class='ocr_line' id='line_1_77' title="bbox 1112 1109 1911 1146; baseline -0.001 -9"><span class='ocrx_word' id='word_1_562' title='bbox 1112 1111 1201 1146; x_wconf 77' lang='grc' dir='ltr'><strong>Πατρὶ</strong></span> <span class='ocrx_word' id='word_1_563' title='bbox 1230 1110 1363 1146; x_wconf 77' lang='grc' dir='ltr'><strong>ὀψόμεθα.</strong></span> <span class='ocrx_word' id='word_1_564' title='bbox 1390 1110 1491 1146; x_wconf 85' lang='grc' dir='ltr'><strong>Διόπερ</strong></span> <span class='ocrx_word' id='word_1_565' title='bbox 1515 1109 1564 1137; x_wconf 73' lang='grc' dir='ltr'><strong>καὶ</strong></span> <span class='ocrx_word' id='word_1_566' title='bbox 1590 1110 1652 1137; x_wconf 75' lang='grc' dir='ltr'><strong>τότε</strong></span> <span class='ocrx_word' id='word_1_567' title='bbox 1679 1111 1708 1137; x_wconf 87' lang='lat' dir='ltr'><strong>tv</strong></span> <span class='ocrx_word' id='word_1_568' title='bbox 1733 1111 1769 1145; x_wconf 79' lang='grc' dir='ltr'><strong>τῇ</strong></span> <span class='ocrx_word' id='word_1_569' title='bbox 1785 1109 1851 1146; x_wconf 75' lang='grc' dir='ltr'><strong>δόξῃ</strong></span> <span class='ocrx_word' id='word_1_570' title='bbox 1864 1109 1911 1136; x_wconf 81' lang='grc' dir='ltr'><strong>τοῦ</strong></span> 
     </span>
    </p>
   </div>
   <div class='ocr_carea' id='block_1_78' title="bbox 1112 1154 1696 1191">
    <p class='ocr_par' dir='ltr' id='par_1_78' title="bbox 1112 1154 1696 1191">
     <span class='ocr_line' id='line_1_78' title="bbox 1112 1154 1696 1191; baseline 0 -9"><span class='ocrx_word' id='word_1_571' title='bbox 1112 1155 1219 1191; x_wconf 83' lang='grc' dir='ltr'><strong>Πατρδς</strong></span> <span class='ocrx_word' id='word_1_572' title='bbox 1237 1155 1314 1191; x_wconf 80' lang='grc' dir='ltr'>ἥξειν</span> <span class='ocrx_word' id='word_1_573' title='bbox 1326 1155 1424 1183; x_wconf 79' lang='grc' dir='ltr'><strong>ἑαυτὸν</strong></span> <span class='ocrx_word' id='word_1_574' title='bbox 1439 1156 1453 1182; x_wconf 89' lang='lat'><strong>6</strong></span> <span class='ocrx_word' id='word_1_575' title='bbox 1469 1154 1573 1190; x_wconf 80' lang='grc' dir='ltr'><strong>Κύριος</strong></span> <span class='ocrx_word' id='word_1_576' title='bbox 1589 1154 1696 1190; x_wconf 76' lang='grc' dir='ltr'><strong>ἔλεγεν.</strong></span> 
     </span>
    </p>
   </div>
   <div class='ocr_carea' id='block_1_79' title="bbox 1150 1200 1683 1237">
    <p class='ocr_par' dir='ltr' id='par_1_79' title="bbox 1150 1200 1683 1237">
     <span class='ocr_line' id='line_1_79' title="bbox 1150 1200 1683 1237; baseline -0.002 -10"><span class='ocrx_word' id='word_1_577' title='bbox 1150 1210 1160 1227; x_wconf 79' lang='grc' dir='ltr'><strong>ι</strong></span> <span class='ocrx_word' id='word_1_578' title='bbox 1182 1200 1295 1229; x_wconf 81' lang='grc' dir='ltr'><strong>Ῥάὸδον</strong></span> <span class='ocrx_word' id='word_1_579' title='bbox 1312 1201 1455 1237; x_wconf 82' lang='grc' dir='ltr'><strong>δυνάμεως</strong></span> <span class='ocrx_word' id='word_1_580' title='bbox 1471 1200 1657 1234; x_wconf 78' lang='grc' dir='ltr'><strong>ὲξαποστελετ.</strong></span> <span class='ocrx_word' id='word_1_581' title='bbox 1673 1209 1683 1226; x_wconf 71' lang='grc' dir='ltr'><strong>ι</strong></span> 
     </span>
    </p>
   </div>
   <div class='ocr_carea' id='block_1_80' title="bbox 1152 1241 1911 1282">
    <p class='ocr_par' dir='ltr' id='par_1_80' title="bbox 1152 1241 1911 1282">
     <span class='ocr_line' id='line_1_80' title="bbox 1152 1241 1911 1282; baseline -0.001 -9"><span class='ocrx_word' id='word_1_582' title='bbox 1152 1246 1266 1279; x_wconf 80' lang='grc' dir='ltr'><strong>Ῥάὸδος</strong></span> <span class='ocrx_word' id='word_1_583' title='bbox 1281 1245 1424 1281; x_wconf 73' lang='grc' dir='ltr'><strong>δυνάμεως</strong></span> <span class='ocrx_word' id='word_1_584' title='bbox 1434 1247 1448 1273; x_wconf 85' lang='lat'><strong>6</strong></span> <span class='ocrx_word' id='word_1_585' title='bbox 1464 1246 1561 1282; x_wconf 63' lang='lat' dir='ltr'><strong>Emthp</strong></span> <span class='ocrx_word' id='word_1_586' title='bbox 1573 1254 1580 1261; x_wconf 79' lang='lat'><strong>&#39;</strong></span> <span class='ocrx_word' id='word_1_587' title='bbox 1597 1245 1662 1280; x_wconf 78' lang='grc' dir='ltr'>περὶ</span> <span class='ocrx_word' id='word_1_588' title='bbox 1677 1241 1709 1272; x_wconf 71' lang='grc' dir='ltr'><strong>οὗ</strong></span> <span class='ocrx_word' id='word_1_589' title='bbox 1732 1244 1780 1271; x_wconf 79' lang='grc' dir='ltr'><strong>καὶ</strong></span> <span class='ocrx_word' id='word_1_590' title='bbox 1791 1243 1911 1280; x_wconf 76' lang='grc' dir='ltr'><strong>ἀλλαχοῦ</strong></span> 
     </span>
    </p>
   </div>
   <div class='ocr_carea' id='block_1_81' title="bbox 1112 1289 1911 1327">
    <p class='ocr_par' dir='ltr' id='par_1_81' title="bbox 1112 1289 1911 1327">
     <span class='ocr_line' id='line_1_81' title="bbox 1112 1289 1911 1327; baseline -0.003 -8"><span class='ocrx_word' id='word_1_591' title='bbox 1112 1291 1233 1327; x_wconf 72' lang='grc' dir='ltr'><strong>ἐπάγει·</strong></span> <span class='ocrx_word' id='word_1_592' title='bbox 1267 1292 1430 1327; x_wconf 59' lang='lat' dir='ltr'><strong>Hamae-37¢</strong></span> <span class='ocrx_word' id='word_1_593' title='bbox 1457 1291 1569 1324; x_wconf 83' lang='grc' dir='ltr'><strong>αὐτοὺς</strong></span> <span class='ocrx_word' id='word_1_594' title='bbox 1600 1291 1636 1318; x_wconf 81' lang='grc' dir='ltr'><strong>ἐν</strong></span> <span class='ocrx_word' id='word_1_595' title='bbox 1663 1290 1766 1325; x_wconf 77' lang='grc' dir='ltr'><strong>ῥάϐδῳ</strong></span> <span class='ocrx_word' id='word_1_596' title='bbox 1788 1289 1911 1325; x_wconf 81' lang='grc' dir='ltr'><strong>σιδηρᾷ.</strong></span> 
     </span>
    </p>
   </div>
   <div class='ocr_carea' id='block_1_82' title="bbox 1119 1336 1911 1374">
    <p class='ocr_par' dir='ltr' id='par_1_82' title="bbox 1119 1336 1911 1374">
     <span class='ocr_line' id='line_1_82' title="bbox 1119 1336 1911 1374; baseline -0.001 -11"><span class='ocrx_word' id='word_1_597' title='bbox 1119 1337 1231 1374; x_wconf 82' lang='grc' dir='ltr'><strong>Ἐπειδὴ</strong></span> <span class='ocrx_word' id='word_1_598' title='bbox 1248 1337 1278 1365; x_wconf 75' lang='grc' dir='ltr'><strong>δὲ</strong></span> <span class='ocrx_word' id='word_1_599' title='bbox 1304 1338 1322 1373; x_wconf 83' lang='grc' dir='ltr'><strong>ἡ</strong></span> <span class='ocrx_word' id='word_1_600' title='bbox 1349 1337 1448 1373; x_wconf 75' lang='grc' dir='ltr'><strong>ῥάϐδος</strong></span> <span class='ocrx_word' id='word_1_601' title='bbox 1467 1337 1565 1372; x_wconf 84' lang='grc' dir='ltr'><strong>διπλῆν</strong></span> <span class='ocrx_word' id='word_1_602' title='bbox 1587 1336 1732 1372; x_wconf 71' lang='grc' dir='ltr'><strong>ἐνέργειαν</strong></span> <span class='ocrx_word' id='word_1_603' title='bbox 1757 1336 1891 1372; x_wconf 81' lang='grc' dir='ltr'><strong>κέκτηται</strong></span> <span class='ocrx_word' id='word_1_604' title='bbox 1904 1345 1911 1350; x_wconf 91' lang='grc'><strong>·</strong></span> 
     </span>
    </p>
   </div>
   <div class='ocr_carea' id='block_1_83' title="bbox 1113 1383 1914 1420">
    <p class='ocr_par' dir='ltr' id='par_1_83' title="bbox 1113 1383 1914 1420">
     <span class='ocr_line' id='line_1_83' title="bbox 1113 1383 1914 1420; baseline -0.002 -9"><span class='ocrx_word' id='word_1_605' title='bbox 1113 1384 1162 1411; x_wconf 79' lang='grc' dir='ltr'><strong>καὶ</strong></span> <span class='ocrx_word' id='word_1_606' title='bbox 1181 1384 1237 1419; x_wconf 79' lang='grc' dir='ltr'><strong>γὰρ</strong></span> <span class='ocrx_word' id='word_1_607' title='bbox 1255 1383 1383 1420; x_wconf 78' lang='grc' dir='ltr'><strong>μαστίζει</strong></span> <span class='ocrx_word' id='word_1_608' title='bbox 1397 1384 1445 1411; x_wconf 82' lang='grc' dir='ltr'><strong>καὶ</strong></span> <span class='ocrx_word' id='word_1_609' title='bbox 1459 1384 1640 1420; x_wconf 79' lang='grc' dir='ltr'><strong>χειραγωγεί·</strong></span> <span class='ocrx_word' id='word_1_610' title='bbox 1660 1383 1708 1410; x_wconf 79' lang='grc' dir='ltr'><strong>καὶ</strong></span> <span class='ocrx_word' id='word_1_611' title='bbox 1722 1384 1736 1410; x_wconf 89' lang='lat'><strong>6</strong></span> <span class='ocrx_word' id='word_1_612' title='bbox 1752 1383 1869 1418; x_wconf 70' lang='grc' dir='ltr'><strong>σταυρὸς</strong></span> <span class='ocrx_word' id='word_1_613' title='bbox 1885 1383 1914 1409; x_wconf 77' lang='grc' dir='ltr'><strong>δὲ</strong></span> 
     </span>
    </p>
   </div>
   <div class='ocr_carea' id='block_1_84' title="bbox 1113 1428 1914 1466">
    <p class='ocr_par' dir='ltr' id='par_1_84' title="bbox 1113 1428 1914 1466">
     <span class='ocr_line' id='line_1_84' title="bbox 1113 1428 1914 1466; baseline -0.002 -8"><span class='ocrx_word' id='word_1_614' title='bbox 1113 1431 1188 1466; x_wconf 80' lang='grc' dir='ltr'><strong>ἡμᾶς</strong></span> <span class='ocrx_word' id='word_1_615' title='bbox 1215 1431 1400 1466; x_wconf 85' lang='grc' dir='ltr'><strong>χειραγωγεῖ,</strong></span> <span class='ocrx_word' id='word_1_616' title='bbox 1430 1430 1478 1456; x_wconf 74' lang='grc' dir='ltr'><strong>καὶ</strong></span> <span class='ocrx_word' id='word_1_617' title='bbox 1504 1429 1632 1464; x_wconf 72' lang='grc' dir='ltr'><strong>μαστίζει</strong></span> <span class='ocrx_word' id='word_1_618' title='bbox 1659 1428 1724 1460; x_wconf 82' lang='grc' dir='ltr'><strong>τοὺς</strong></span> <span class='ocrx_word' id='word_1_619' title='bbox 1754 1428 1914 1463; x_wconf 76' lang='grc' dir='ltr'><strong>δαίμονα-ς·</strong></span> 
     </span>
    </p>
   </div>
   <div class='ocr_carea' id='block_1_85' title="bbox 1114 1476 1915 1514">
    <p class='ocr_par' dir='ltr' id='par_1_85' title="bbox 1114 1476 1915 1514">
     <span class='ocr_line' id='line_1_85' title="bbox 1114 1476 1915 1514; baseline -0.005 -8"><span class='ocrx_word' id='word_1_620' title='bbox 1114 1478 1271 1513; x_wconf 67' lang='grc' dir='ltr'><strong>ἀναγκαίως</strong></span> <span class='ocrx_word' id='word_1_621' title='bbox 1289 1478 1337 1506; x_wconf 78' lang='grc' dir='ltr'><strong>καὶ</strong></span> <span class='ocrx_word' id='word_1_622' title='bbox 1354 1478 1454 1514; x_wconf 75' lang='grc' dir='ltr'><strong>ῥάϐδος</strong></span> <span class='ocrx_word' id='word_1_623' title='bbox 1475 1478 1629 1513; x_wconf 80' lang='grc' dir='ltr'><strong>δυνάμεως,</strong></span> <span class='ocrx_word' id='word_1_624' title='bbox 1651 1478 1690 1509; x_wconf 83' lang='grc' dir='ltr'><strong>ὡς</strong></span> <span class='ocrx_word' id='word_1_625' title='bbox 1706 1476 1821 1504; x_wconf 85' lang='grc' dir='ltr'><strong>τοιαῦτα</strong></span> <span class='ocrx_word' id='word_1_626' title='bbox 1838 1477 1915 1512; x_wconf 82' lang='grc' dir='ltr'><strong>ἐνερ-</strong></span> 
     </span>
    </p>
   </div>
   <div class='ocr_carea' id='block_1_86' title="bbox 1113 1523 1914 1561">
    <p class='ocr_par' dir='ltr' id='par_1_86' title="bbox 1113 1523 1914 1561">
     <span class='ocr_line' id='line_1_86' title="bbox 1113 1523 1914 1561; baseline -0.002 -10"><span class='ocrx_word' id='word_1_627' title='bbox 1113 1525 1224 1561; x_wconf 81' lang='grc' dir='ltr'><strong>γήσασα</strong></span> <span class='ocrx_word' id='word_1_628' title='bbox 1241 1524 1360 1560; x_wconf 71' lang='grc' dir='ltr'><strong>εἴρηται.</strong></span> <span class='ocrx_word' id='word_1_629' title='bbox 1383 1524 1493 1558; x_wconf 84' lang='grc' dir='ltr'><strong>Ταύτην</strong></span> <span class='ocrx_word' id='word_1_630' title='bbox 1516 1523 1545 1550; x_wconf 72' lang='grc' dir='ltr'><strong>δὲ</strong></span> <span class='ocrx_word' id='word_1_631' title='bbox 1566 1523 1605 1559; x_wconf 84' lang='grc' dir='ltr'><strong>τῷ</strong></span> <span class='ocrx_word' id='word_1_632' title='bbox 1629 1523 1741 1559; x_wconf 81' lang='grc' dir='ltr'><strong>Χριστῷ</strong></span> <span class='ocrx_word' id='word_1_633' title='bbox 1772 1523 1855 1549; x_wconf 80' lang='grc' dir='ltr'>πόθεν</span> <span class='ocrx_word' id='word_1_634' title='bbox 1872 1523 1914 1556; x_wconf 79' lang='grc' dir='ltr'><strong>ἐξ·</strong></span> 
     </span>
    </p>
   </div>
   <div class='ocr_carea' id='block_1_87' title="bbox 1113 1567 1915 1604">
    <p class='ocr_par' dir='ltr' id='par_1_87' title="bbox 1113 1567 1915 1604">
     <span class='ocr_line' id='line_1_87' title="bbox 1113 1567 1915 1604; baseline -0.004 -7"><span class='ocrx_word' id='word_1_635' title='bbox 1113 1570 1290 1604; x_wconf 81' lang='grc' dir='ltr'><strong>απέστειλεν;</strong></span> <span class='ocrx_word' id='word_1_636' title='bbox 1312 1570 1360 1596; x_wconf 77' lang='grc' dir='ltr'><strong>Ἐκ</strong></span> <span class='ocrx_word' id='word_1_637' title='bbox 1373 1569 1425 1604; x_wconf 83' lang='grc' dir='ltr'><strong>τῆς</strong></span> <span class='ocrx_word' id='word_1_638' title='bbox 1446 1568 1526 1603; x_wconf 87' lang='grc' dir='ltr'><strong>Σιὼν,</strong></span> <span class='ocrx_word' id='word_1_639' title='bbox 1543 1568 1637 1604; x_wconf 80' lang='grc' dir='ltr'><strong>φησιν.</strong></span> <span class='ocrx_word' id='word_1_640' title='bbox 1652 1568 1728 1595; x_wconf 80' lang='grc' dir='ltr'>Ἐκεῖ</span> <span class='ocrx_word' id='word_1_641' title='bbox 1739 1568 1794 1603; x_wconf 85' lang='grc' dir='ltr'><strong>γὰρ</strong></span> <span class='ocrx_word' id='word_1_642' title='bbox 1818 1567 1915 1595; x_wconf 74' lang='grc' dir='ltr'><strong>ἑαυτὸν</strong></span> 
     </span>
    </p>
   </div>
   <div class='ocr_carea' id='block_1_88' title="bbox 1116 1612 1913 1651">
    <p class='ocr_par' dir='ltr' id='par_1_88' title="bbox 1116 1612 1913 1651">
     <span class='ocr_line' id='line_1_88' title="bbox 1116 1612 1913 1651; baseline -0.008 -8"><span class='ocrx_word' id='word_1_643' title='bbox 1116 1616 1130 1643; x_wconf 86' lang='lat'><strong>6</strong></span> <span class='ocrx_word' id='word_1_644' title='bbox 1144 1616 1302 1651; x_wconf 77' lang='grc' dir='ltr'><strong>Μονογενὴς</strong></span> <span class='ocrx_word' id='word_1_645' title='bbox 1312 1615 1409 1641; x_wconf 76' lang='grc' dir='ltr'><strong>ἔθυσεν</strong></span> <span class='ocrx_word' id='word_1_646' title='bbox 1419 1621 1427 1629; x_wconf 87' lang='grc'><strong><em>⁸</em></strong></span> <span class='ocrx_word' id='word_1_647' title='bbox 1443 1614 1503 1640; x_wconf 75' lang='grc' dir='ltr'><strong>ἐκεῖ</strong></span> <span class='ocrx_word' id='word_1_648' title='bbox 1516 1613 1556 1648; x_wconf 84' lang='grc' dir='ltr'>τῷ</span> <span class='ocrx_word' id='word_1_649' title='bbox 1570 1613 1652 1640; x_wconf 85' lang='grc' dir='ltr'>πάθει</span> <span class='ocrx_word' id='word_1_650' title='bbox 1669 1612 1786 1639; x_wconf 79' lang='grc' dir='ltr'><strong>δέδωκεν</strong></span> <span class='ocrx_word' id='word_1_651' title='bbox 1803 1612 1893 1648; x_wconf 84' lang='grc' dir='ltr'><strong>ἀρχήν</strong></span> <span class='ocrx_word' id='word_1_652' title='bbox 1904 1619 1913 1627; x_wconf 85' lang='grc'><strong>·</strong></span> 
     </span>
    </p>
   </div>
   <div class='ocr_carea' id='block_1_89' title="bbox 1116 1658 1915 1697">
    <p class='ocr_par' dir='ltr' id='par_1_89' title="bbox 1116 1658 1915 1697">
     <span class='ocr_line' id='line_1_89' title="bbox 1116 1658 1915 1697; baseline -0.005 -8"><span class='ocrx_word' id='word_1_653' title='bbox 1116 1663 1176 1689; x_wconf 79' lang='grc' dir='ltr'>ἐκεῖ</span> <span class='ocrx_word' id='word_1_654' title='bbox 1186 1662 1221 1689; x_wconf 78' lang='grc' dir='ltr'><strong>τὰ</strong></span> <span class='ocrx_word' id='word_1_655' title='bbox 1237 1661 1302 1697; x_wconf 78' lang='grc' dir='ltr'><strong>παρ’</strong></span> <span class='ocrx_word' id='word_1_656' title='bbox 1318 1660 1402 1689; x_wconf 72' lang='grc' dir='ltr'><strong>αὑτοῦ</strong></span> <span class='ocrx_word' id='word_1_657' title='bbox 1418 1661 1487 1696; x_wconf 79' lang='grc' dir='ltr'><strong>πρὸς</strong></span> <span class='ocrx_word' id='word_1_658' title='bbox 1500 1660 1655 1696; x_wconf 78' lang='grc' dir='ltr'><strong>ἀνάμνησιν</strong></span> <span class='ocrx_word' id='word_1_659' title='bbox 1672 1658 1719 1686; x_wconf 76' lang='grc' dir='ltr'><strong>τοῦ</strong></span> <span class='ocrx_word' id='word_1_660' title='bbox 1734 1658 1838 1690; x_wconf 75' lang='grc' dir='ltr'><strong>πάθους</strong></span> <span class='ocrx_word' id='word_1_661' title='bbox 1862 1667 1915 1686; x_wconf 81' lang='grc' dir='ltr'><strong>πα-</strong></span> 
     </span>
    </p>
   </div>
   <div class='ocr_carea' id='block_1_90' title="bbox 1115 1708 1433 1745">
    <p class='ocr_par' dir='ltr' id='par_1_90' title="bbox 1115 1708 1433 1745">
     <span class='ocr_line' id='line_1_90' title="bbox 1115 1708 1433 1745; baseline -0.006 -9"><span class='ocrx_word' id='word_1_662' title='bbox 1115 1710 1264 1745; x_wconf 79' lang='grc' dir='ltr'><strong>ραδοθέντα</strong></span> <span class='ocrx_word' id='word_1_663' title='bbox 1282 1708 1433 1744; x_wconf 82' lang='grc' dir='ltr'><strong>μυστήρια.</strong></span> 
     </span>
    </p>
   </div>
   <div class='ocr_carea' id='block_1_91' title="bbox 1156 1752 1847 1791">
    <p class='ocr_par' dir='ltr' id='par_1_91' title="bbox 1156 1752 1847 1791">
     <span class='ocr_line' id='line_1_91' title="bbox 1156 1752 1847 1791; baseline -0.004 -8"><span class='ocrx_word' id='word_1_664' title='bbox 1156 1765 1165 1782; x_wconf 81' lang='grc' dir='ltr'><strong>ι</strong></span> <span class='ocrx_word' id='word_1_665' title='bbox 1178 1755 1259 1783; x_wconf 79' lang='grc' dir='ltr'><strong>Μετὰ</strong></span> <span class='ocrx_word' id='word_1_666' title='bbox 1275 1755 1322 1782; x_wconf 80' lang='grc' dir='ltr'><strong>σοῦ</strong></span> <span class='ocrx_word' id='word_1_667' title='bbox 1333 1756 1351 1790; x_wconf 86' lang='grc' dir='ltr'>ὴ</span> <span class='ocrx_word' id='word_1_668' title='bbox 1361 1753 1435 1791; x_wconf 79' lang='grc' dir='ltr'><strong>ἀρχὴ</strong></span> <span class='ocrx_word' id='word_1_669' title='bbox 1448 1754 1477 1782; x_wconf 89' lang='lat' dir='ltr'><strong>tv</strong></span> <span class='ocrx_word' id='word_1_670' title='bbox 1489 1752 1585 1790; x_wconf 74' lang='grc' dir='ltr'><strong>ἡμέρᾳ</strong></span> <span class='ocrx_word' id='word_1_671' title='bbox 1599 1753 1651 1789; x_wconf 80' lang='grc' dir='ltr'><strong>τῆς</strong></span> <span class='ocrx_word' id='word_1_672' title='bbox 1666 1752 1823 1789; x_wconf 80' lang='grc' dir='ltr'><strong>δυνάμεως.</strong></span> <span class='ocrx_word' id='word_1_673' title='bbox 1836 1763 1847 1780; x_wconf 72' lang='grc' dir='ltr'><strong>ι</strong></span> 
     </span>
    </p>
   </div>
   <div class='ocr_carea' id='block_1_92' title="bbox 1159 1801 1916 1840">
    <p class='ocr_par' dir='ltr' id='par_1_92' title="bbox 1159 1801 1916 1840">
     <span class='ocr_line' id='line_1_92' title="bbox 1159 1801 1916 1840; baseline 0.003 -12"><span class='ocrx_word' id='word_1_674' title='bbox 1159 1801 1261 1838; x_wconf 83' lang='grc' dir='ltr'><strong>’Λρχὴν</strong></span> <span class='ocrx_word' id='word_1_675' title='bbox 1289 1803 1339 1838; x_wconf 81' lang='grc' dir='ltr'><strong>μὲν</strong></span> <span class='ocrx_word' id='word_1_676' title='bbox 1363 1803 1484 1832; x_wconf 76' lang='grc' dir='ltr'><strong>ἐνταῦθα</strong></span> <span class='ocrx_word' id='word_1_677' title='bbox 1511 1804 1560 1831; x_wconf 81' lang='grc' dir='ltr'><strong>τοῦ</strong></span> <span class='ocrx_word' id='word_1_678' title='bbox 1588 1803 1709 1840; x_wconf 81' lang='grc' dir='ltr'><strong>Χριστοῦ</strong></span> <span class='ocrx_word' id='word_1_679' title='bbox 1731 1803 1777 1831; x_wconf 73' lang='grc' dir='ltr'><strong>τὸν</strong></span> <span class='ocrx_word' id='word_1_680' title='bbox 1794 1803 1916 1840; x_wconf 74' lang='grc' dir='ltr'><strong>σταυρὸν</strong></span> 
     </span>
    </p>
   </div>
   <div class='ocr_carea' id='block_1_93' title="bbox 1117 1848 1916 1887">
    <p class='ocr_par' dir='ltr' id='par_1_93' title="bbox 1117 1848 1916 1887">
     <span class='ocr_line' id='line_1_93' title="bbox 1117 1848 1916 1887; baseline 0.001 -11"><span class='ocrx_word' id='word_1_681' title='bbox 1117 1848 1197 1876; x_wconf 83' lang='grc' dir='ltr'>καλεῐ</span> <span class='ocrx_word' id='word_1_682' title='bbox 1208 1857 1215 1864; x_wconf 91' lang='grc'><strong>·</strong></span> <span class='ocrx_word' id='word_1_683' title='bbox 1229 1849 1268 1882; x_wconf 84' lang='grc' dir='ltr'>ὼς</span> <span class='ocrx_word' id='word_1_684' title='bbox 1283 1850 1313 1877; x_wconf 84' lang='grc' dir='ltr'><strong>ὲν</strong></span> <span class='ocrx_word' id='word_1_685' title='bbox 1330 1850 1406 1886; x_wconf 82' lang='grc' dir='ltr'><strong>αὐτῷ</strong></span> <span class='ocrx_word' id='word_1_686' title='bbox 1421 1851 1471 1886; x_wconf 75' lang='grc' dir='ltr'><strong>τῆς</strong></span> <span class='ocrx_word' id='word_1_687' title='bbox 1486 1851 1651 1887; x_wconf 78' lang='grc' dir='ltr'><strong>οῑκουμένης</strong></span> <span class='ocrx_word' id='word_1_688' title='bbox 1663 1850 1796 1886; x_wconf 78' lang='grc' dir='ltr'><strong>ἄρχοντος</strong></span> <span class='ocrx_word' id='word_1_689' title='bbox 1804 1851 1855 1878; x_wconf 76' lang='grc' dir='ltr'><strong>καὶ</strong></span> <span class='ocrx_word' id='word_1_690' title='bbox 1867 1850 1916 1886; x_wconf 87' lang='grc' dir='ltr'><strong>βα-</strong></span> 
     </span>
    </p>
   </div>
   <div class='ocr_carea' id='block_1_94' title="bbox 1119 1894 1916 1932">
    <p class='ocr_par' dir='ltr' id='par_1_94' title="bbox 1119 1894 1916 1932">
     <span class='ocr_line' id='line_1_94' title="bbox 1119 1894 1916 1932; baseline 0.004 -11"><span class='ocrx_word' id='word_1_691' title='bbox 1119 1894 1274 1928; x_wconf 81' lang='grc' dir='ltr'><strong>σιλεύοντος</strong></span> <span class='ocrx_word' id='word_1_692' title='bbox 1290 1896 1456 1932; x_wconf 76' lang='grc' dir='ltr'><strong>ἡττηθέντος</strong></span> <span class='ocrx_word' id='word_1_693' title='bbox 1466 1905 1474 1912; x_wconf 90' lang='grc'><strong>·</strong></span> <span class='ocrx_word' id='word_1_694' title='bbox 1492 1897 1601 1932; x_wconf 80' lang='grc' dir='ltr'><strong>ἡμέραν</strong></span> <span class='ocrx_word' id='word_1_695' title='bbox 1624 1897 1654 1924; x_wconf 80' lang='grc' dir='ltr'><strong>δὲ</strong></span> <span class='ocrx_word' id='word_1_696' title='bbox 1669 1896 1814 1932; x_wconf 80' lang='grc' dir='ltr'><strong>δυνάμεως</strong></span> <span class='ocrx_word' id='word_1_697' title='bbox 1830 1897 1916 1924; x_wconf 73' lang='grc' dir='ltr'><strong>αὑτοῦ</strong></span> 
     </span>
    </p>
   </div>
   <div class='ocr_carea' id='block_1_95' title="bbox 1117 1940 1918 1984">
    <p class='ocr_par' dir='ltr' id='par_1_95' title="bbox 1117 1940 1918 1984">
     <span class='ocr_line' id='line_1_95' title="bbox 1117 1940 1918 1984; baseline 0.004 -16"><span class='ocrx_word' id='word_1_698' title='bbox 1117 1940 1168 1977; x_wconf 75' lang='grc' dir='ltr'><strong>τὴν</strong></span> <span class='ocrx_word' id='word_1_699' title='bbox 1185 1941 1296 1977; x_wconf 82' lang='grc' dir='ltr'><strong>ἡμέραν</strong></span> <span class='ocrx_word' id='word_1_700' title='bbox 1321 1942 1436 1975; x_wconf 71' lang='grc' dir='ltr'><strong>εἰκότως</strong></span> <span class='ocrx_word' id='word_1_701' title='bbox 1452 1942 1500 1970; x_wconf 80' lang='grc' dir='ltr'><strong>τοῦ</strong></span> <span class='ocrx_word' id='word_1_702' title='bbox 1514 1942 1634 1984; x_wconf 52' lang='grc' dir='ltr'><strong>σταυροῦ</strong></span> <span class='ocrx_word' id='word_1_703' title='bbox 1645 1951 1651 1958; x_wconf 90' lang='grc'>·</span> <span class='ocrx_word' id='word_1_704' title='bbox 1668 1943 1748 1970; x_wconf 79' lang='grc' dir='ltr'><strong>τοῦτο</strong></span> <span class='ocrx_word' id='word_1_705' title='bbox 1762 1943 1791 1970; x_wconf 83' lang='grc' dir='ltr'><strong>δὲ</strong></span> <span class='ocrx_word' id='word_1_706' title='bbox 1812 1943 1859 1970; x_wconf 78' lang='grc' dir='ltr'><strong>διὰ</strong></span> <span class='ocrx_word' id='word_1_707' title='bbox 1882 1944 1918 1972; x_wconf 75' lang='grc' dir='ltr'><strong>τὰ</strong></span> 
     </span>
    </p>
   </div>
   <div class='ocr_carea' id='block_1_96' title="bbox 1120 1988 1917 2024">
    <p class='ocr_par' dir='ltr' id='par_1_96' title="bbox 1120 1988 1917 2024">
     <span class='ocr_line' id='line_1_96' title="bbox 1120 1988 1917 2024; baseline 0.003 -10"><span class='ocrx_word' id='word_1_708' title='bbox 1120 1988 1150 2014; x_wconf 84' lang='grc' dir='ltr'><strong>ὲν</strong></span> <span class='ocrx_word' id='word_1_709' title='bbox 1173 1988 1243 2023; x_wconf 81' lang='grc' dir='ltr'><strong>αὐτῇ</strong></span> <span class='ocrx_word' id='word_1_710' title='bbox 1276 1988 1436 2024; x_wconf 79' lang='grc' dir='ltr'><strong>πραχθέντα</strong></span> <span class='ocrx_word' id='word_1_711' title='bbox 1467 1989 1583 2024; x_wconf 83' lang='grc' dir='ltr'><strong>σημεῖα,</strong></span> <span class='ocrx_word' id='word_1_712' title='bbox 1601 1989 1648 2016; x_wconf 81' lang='grc' dir='ltr'><strong>τὸν</strong></span> <span class='ocrx_word' id='word_1_713' title='bbox 1665 1989 1747 2016; x_wconf 80' lang='grc' dir='ltr'><strong>σάλον</strong></span> <span class='ocrx_word' id='word_1_714' title='bbox 1776 1989 1827 2024; x_wconf 81' lang='grc' dir='ltr'><strong>τῆς</strong></span> <span class='ocrx_word' id='word_1_715' title='bbox 1850 1989 1917 2024; x_wconf 83' lang='grc' dir='ltr'><strong>γῆς,</strong></span> 
     </span>
    </p>
   </div>
   <div class='ocr_carea' id='block_1_97' title="bbox 1119 2033 1918 2070">
    <p class='ocr_par' dir='ltr' id='par_1_97' title="bbox 1119 2033 1918 2070">
     <span class='ocr_line' id='line_1_97' title="bbox 1119 2033 1918 2070; baseline 0 -10"><span class='ocrx_word' id='word_1_716' title='bbox 1119 2033 1169 2068; x_wconf 84' lang='grc' dir='ltr'><strong>τὴν</strong></span> <span class='ocrx_word' id='word_1_717' title='bbox 1183 2033 1361 2068; x_wconf 81' lang='grc' dir='ltr'><strong>ἀναχώρησιν</strong></span> <span class='ocrx_word' id='word_1_718' title='bbox 1385 2033 1433 2060; x_wconf 78' lang='grc' dir='ltr'><strong>τοῦ</strong></span> <span class='ocrx_word' id='word_1_719' title='bbox 1450 2033 1541 2070; x_wconf 72' lang='grc' dir='ltr'><strong>ἡλίου,</strong></span> <span class='ocrx_word' id='word_1_720' title='bbox 1557 2033 1588 2061; x_wconf 76' lang='grc' dir='ltr'><strong>τὸ</strong></span> <span class='ocrx_word' id='word_1_721' title='bbox 1602 2033 1659 2061; x_wconf 81' lang='grc' dir='ltr'><strong>ἀπὺ</strong></span> <span class='ocrx_word' id='word_1_722' title='bbox 1673 2033 1749 2069; x_wconf 79' lang='grc' dir='ltr'><strong>ὥρας</strong></span> <span class='ocrx_word' id='word_1_723' title='bbox 1763 2033 1851 2069; x_wconf 66' lang='grc' dir='ltr'><strong>ἕκτης</strong></span> <span class='ocrx_word' id='word_1_724' title='bbox 1867 2034 1918 2069; x_wconf 81' lang='grc' dir='ltr'><strong>μέ-</strong></span> 
     </span>
    </p>
   </div>
   <div class='ocr_carea' id='block_1_98' title="bbox 1120 2079 1919 2116">
    <p class='ocr_par' dir='ltr' id='par_1_98' title="bbox 1120 2079 1919 2116">
     <span class='ocr_line' id='line_1_98' title="bbox 1120 2079 1919 2116; baseline -0.001 -10"><span class='ocrx_word' id='word_1_725' title='bbox 1120 2088 1183 2116; x_wconf 81' lang='grc' dir='ltr'>χρις</span> <span class='ocrx_word' id='word_1_726' title='bbox 1196 2079 1313 2115; x_wconf 81' lang='grc' dir='ltr'><strong>ὲννάτης</strong></span> <span class='ocrx_word' id='word_1_727' title='bbox 1327 2080 1424 2112; x_wconf 73' lang='grc' dir='ltr'><strong>σκότος</strong></span> <span class='ocrx_word' id='word_1_728' title='bbox 1436 2089 1443 2096; x_wconf 87' lang='grc'><strong>·</strong></span> <span class='ocrx_word' id='word_1_729' title='bbox 1462 2079 1560 2107; x_wconf 72' lang='grc' dir='ltr'><strong>ἔπειτα</strong></span> <span class='ocrx_word' id='word_1_730' title='bbox 1576 2079 1614 2111; x_wconf 83' lang='grc' dir='ltr'>ὡς</span> <span class='ocrx_word' id='word_1_731' title='bbox 1638 2081 1668 2106; x_wconf 90' lang='lat' dir='ltr'><strong>tv</strong></span> <span class='ocrx_word' id='word_1_732' title='bbox 1681 2079 1751 2114; x_wconf 82' lang='grc' dir='ltr'><strong>αὐτῇ</strong></span> <span class='ocrx_word' id='word_1_733' title='bbox 1762 2079 1813 2114; x_wconf 78' lang='grc' dir='ltr'><strong>τῆς</strong></span> <span class='ocrx_word' id='word_1_734' title='bbox 1827 2079 1919 2114; x_wconf 79' lang='grc' dir='ltr'><strong>ἁμαρο</strong></span> 
     </span>
    </p>
   </div>
   <div class='ocr_carea' id='block_1_99' title="bbox 1120 2124 1920 2161">
    <p class='ocr_par' dir='ltr' id='par_1_99' title="bbox 1120 2124 1920 2161">
     <span class='ocr_line' id='line_1_99' title="bbox 1120 2124 1920 2161; baseline -0.001 -9"><span class='ocrx_word' id='word_1_735' title='bbox 1120 2125 1181 2157; x_wconf 79' lang='grc' dir='ltr'><strong>τιας</strong></span> <span class='ocrx_word' id='word_1_736' title='bbox 1194 2124 1373 2161; x_wconf 78' lang='grc' dir='ltr'><strong>σκιασθεισης</strong></span> <span class='ocrx_word' id='word_1_737' title='bbox 1387 2125 1434 2153; x_wconf 85' lang='grc' dir='ltr'><strong>τοῦ</strong></span> <span class='ocrx_word' id='word_1_738' title='bbox 1449 2125 1574 2153; x_wconf 77' lang='grc' dir='ltr'><strong>διαὸόλου</strong></span> <span class='ocrx_word' id='word_1_739' title='bbox 1590 2125 1856 2160; x_wconf 77' lang='grc' dir='ltr'><strong>καταγωνισθέντος.</strong></span> <span class='ocrx_word' id='word_1_740' title='bbox 1875 2126 1920 2152; x_wconf 83' lang='grc' dir='ltr'><strong>Ἐν</strong></span> 
     </span>
    </p>
   </div>
   <div class='ocr_carea' id='block_1_100' title="bbox 1121 2171 1920 2209">
    <p class='ocr_par' dir='ltr' id='par_1_100' title="bbox 1121 2171 1920 2209">
     <span class='ocr_line' id='line_1_100' title="bbox 1121 2171 1920 2209; baseline 0 -11"><span class='ocrx_word' id='word_1_741' title='bbox 1121 2171 1209 2207; x_wconf 77' lang='grc' dir='ltr'><strong>ταύτῃ</strong></span> <span class='ocrx_word' id='word_1_742' title='bbox 1223 2171 1315 2199; x_wconf 84' lang='grc' dir='ltr'><strong>τοίνυν</strong></span> <span class='ocrx_word' id='word_1_743' title='bbox 1328 2172 1378 2208; x_wconf 80' lang='grc' dir='ltr'><strong>τὴν</strong></span> <span class='ocrx_word' id='word_1_744' title='bbox 1399 2171 1499 2209; x_wconf 82' lang='grc' dir='ltr'><strong>ἀρχὴν,</strong></span> <span class='ocrx_word' id='word_1_745' title='bbox 1512 2172 1636 2199; x_wconf 78' lang='grc' dir='ltr'><strong>τουτέστι</strong></span> <span class='ocrx_word' id='word_1_746' title='bbox 1648 2172 1694 2200; x_wconf 76' lang='grc' dir='ltr'><strong>τὸν</strong></span> <span class='ocrx_word' id='word_1_747' title='bbox 1709 2172 1837 2208; x_wconf 79' lang='grc' dir='ltr'><strong>σταυρὸν,</strong></span> <span class='ocrx_word' id='word_1_748' title='bbox 1856 2172 1920 2208; x_wconf 79' lang='grc' dir='ltr'><strong>μεθ’</strong></span> 
     </span>
    </p>
   </div>
   <div class='ocr_carea' id='block_1_101' title="bbox 1122 2215 1920 2255">
    <p class='ocr_par' dir='ltr' id='par_1_101' title="bbox 1122 2215 1920 2255">
     <span class='ocr_line' id='line_1_101' title="bbox 1122 2215 1920 2255; baseline -0.003 -9"><span class='ocrx_word' id='word_1_749' title='bbox 1122 2217 1221 2246; x_wconf 76' lang='grc' dir='ltr'><strong>ἑαυτοῦ</strong></span> <span class='ocrx_word' id='word_1_750' title='bbox 1245 2215 1329 2254; x_wconf 73' lang='grc' dir='ltr'>εἶχεν,</span> <span class='ocrx_word' id='word_1_751' title='bbox 1355 2218 1387 2245; x_wconf 78' lang='grc' dir='ltr'><strong>οὐ</strong></span> <span class='ocrx_word' id='word_1_752' title='bbox 1415 2218 1496 2254; x_wconf 82' lang='grc' dir='ltr'><strong>μόνον</strong></span> <span class='ocrx_word' id='word_1_753' title='bbox 1513 2219 1551 2251; x_wconf 83' lang='grc' dir='ltr'>ὡς</span> <span class='ocrx_word' id='word_1_754' title='bbox 1576 2219 1606 2246; x_wconf 89' lang='lat' dir='ltr'><strong>tv</strong></span> <span class='ocrx_word' id='word_1_755' title='bbox 1635 2218 1711 2255; x_wconf 77' lang='grc' dir='ltr'><strong>αὐτῷ</strong></span> <span class='ocrx_word' id='word_1_756' title='bbox 1734 2219 1920 2253; x_wconf 79' lang='grc' dir='ltr'><strong>καταπαγεῑς,</strong></span> 
     </span>
    </p>
   </div>
   <div class='ocr_carea' id='block_1_102' title="bbox 1123 2263 1922 2300">
    <p class='ocr_par' dir='ltr' id='par_1_102' title="bbox 1123 2263 1922 2300">
     <span class='ocr_line' id='line_1_102' title="bbox 1123 2263 1922 2300; baseline -0.004 -8"><span class='ocrx_word' id='word_1_757' title='bbox 1123 2264 1192 2292; x_wconf 76' lang='grc' dir='ltr'><strong>ἀλλὰ</strong></span> <span class='ocrx_word' id='word_1_758' title='bbox 1216 2265 1264 2292; x_wconf 78' lang='grc' dir='ltr'><strong>καὶ</strong></span> <span class='ocrx_word' id='word_1_759' title='bbox 1288 2265 1327 2298; x_wconf 84' lang='grc' dir='ltr'><strong>ὼς</strong></span> <span class='ocrx_word' id='word_1_760' title='bbox 1351 2265 1398 2292; x_wconf 68' lang='grc' dir='ltr'><strong>ἐπὶ</strong></span> <span class='ocrx_word' id='word_1_761' title='bbox 1423 2265 1479 2292; x_wconf 82' lang='grc' dir='ltr'><strong>τῶν</strong></span> <span class='ocrx_word' id='word_1_762' title='bbox 1494 2263 1578 2300; x_wconf 81' lang='grc' dir='ltr'><strong>ὤμων</strong></span> <span class='ocrx_word' id='word_1_763' title='bbox 1594 2264 1745 2300; x_wconf 78' lang='grc' dir='ltr'><strong>βαστάσας.</strong></span> <span class='ocrx_word' id='word_1_764' title='bbox 1761 2263 1848 2291; x_wconf 87' lang='grc' dir='ltr'><strong>Τοῦτο</strong></span> <span class='ocrx_word' id='word_1_765' title='bbox 1863 2263 1922 2299; x_wconf 75' lang='grc' dir='ltr'><strong>γὰρ</strong></span> 
     </span>
    </p>
   </div>
   <div class='ocr_carea' id='block_1_103' title="bbox 1083 2307 1920 2347">
    <p class='ocr_par' dir='ltr' id='par_1_103' title="bbox 1083 2307 1920 2347">
     <span class='ocr_line' id='line_1_103' title="bbox 1083 2307 1920 2347; baseline 0 -10"><span class='ocrx_word' id='word_1_766' title='bbox 1083 2315 1110 2344; x_wconf 81' lang='lat' dir='ltr'><strong><em>D</em></strong></span> <span class='ocrx_word' id='word_1_767' title='bbox 1123 2311 1290 2346; x_wconf 78' lang='grc' dir='ltr'><strong>σαφέστερον</strong></span> <span class='ocrx_word' id='word_1_768' title='bbox 1311 2311 1425 2343; x_wconf 78' lang='grc' dir='ltr'><strong>Ἡσαΐας</strong></span> <span class='ocrx_word' id='word_1_769' title='bbox 1439 2311 1588 2347; x_wconf 69' lang='grc' dir='ltr'><strong>ἐκθέμενος</strong></span> <span class='ocrx_word' id='word_1_770' title='bbox 1612 2310 1706 2345; x_wconf 75' lang='grc' dir='ltr'><strong>ἔλεγεν</strong></span> <span class='ocrx_word' id='word_1_771' title='bbox 1718 2319 1725 2326; x_wconf 91' lang='grc'><strong>·</strong></span> <span class='ocrx_word' id='word_1_772' title='bbox 1738 2307 1780 2338; x_wconf 78' lang='grc' dir='ltr'><strong>οὗ</strong></span> <span class='ocrx_word' id='word_1_773' title='bbox 1796 2310 1816 2344; x_wconf 80' lang='grc' dir='ltr'><strong>ἠ</strong></span> <span class='ocrx_word' id='word_1_774' title='bbox 1837 2309 1920 2344; x_wconf 79' lang='grc' dir='ltr'><strong>ἀρχὴ</strong></span> 
     </span>
    </p>
   </div>
   <div class='ocr_carea' id='block_1_104' title="bbox 1117 2355 1448 2390">
    <p class='ocr_par' dir='ltr' id='par_1_104' title="bbox 1117 2355 1448 2390">
     <span class='ocr_line' id='line_1_104' title="bbox 1117 2355 1448 2390; baseline 0.006 -8"><span class='ocrx_word' id='word_1_775' title='bbox 1117 2355 1168 2383; x_wconf 72' lang='grc' dir='ltr'><strong>ἐπὶ</strong></span> <span class='ocrx_word' id='word_1_776' title='bbox 1180 2356 1236 2384; x_wconf 82' lang='grc' dir='ltr'><strong>τοῦ</strong></span> <span class='ocrx_word' id='word_1_777' title='bbox 1250 2355 1332 2390; x_wconf 80' lang='grc' dir='ltr'><strong>ὤμου</strong></span> <span class='ocrx_word' id='word_1_778' title='bbox 1342 2356 1448 2384; x_wconf 83' lang='grc' dir='ltr'><strong>αὑτοῦ.</strong></span> 
     </span>
    </p>
   </div>
   <div class='ocr_carea' id='block_1_105' title="bbox 1157 2401 1546 2438">
    <p class='ocr_par' dir='ltr' id='par_1_105' title="bbox 1157 2401 1546 2438">
     <span class='ocr_line' id='line_1_105' title="bbox 1157 2401 1546 2438; baseline -0.005 -9"><span class='ocrx_word' id='word_1_779' title='bbox 1157 2412 1166 2428; x_wconf 77' lang='grc' dir='ltr'>ι</span> <span class='ocrx_word' id='word_1_780' title='bbox 1181 2401 1284 2438; x_wconf 80' lang='grc' dir='ltr'><strong>Κύριος</strong></span> <span class='ocrx_word' id='word_1_781' title='bbox 1299 2402 1332 2429; x_wconf 69' lang='grc' dir='ltr'><strong>ἐκ</strong></span> <span class='ocrx_word' id='word_1_782' title='bbox 1344 2401 1441 2435; x_wconf 76' lang='grc' dir='ltr'><strong>δεξιῶν</strong></span> <span class='ocrx_word' id='word_1_783' title='bbox 1459 2410 1520 2430; x_wconf 86' lang='grc' dir='ltr'><strong>σου.</strong></span> <span class='ocrx_word' id='word_1_784' title='bbox 1535 2410 1546 2427; x_wconf 77' lang='grc' dir='ltr'>ι</span> 
     </span>
    </p>
   </div>
   <div class='ocr_carea' id='block_1_106' title="bbox 1161 2446 1922 2484">
    <p class='ocr_par' dir='ltr' id='par_1_106' title="bbox 1161 2446 1922 2484">
     <span class='ocr_line' id='line_1_106' title="bbox 1161 2446 1922 2484; baseline -0.003 -8"><span class='ocrx_word' id='word_1_785' title='bbox 1161 2448 1244 2484; x_wconf 81' lang='grc' dir='ltr'><strong>Ὁρᾷς</strong></span> <span class='ocrx_word' id='word_1_786' title='bbox 1268 2448 1310 2475; x_wconf 83' lang='grc' dir='ltr'><strong>ὅτι</strong></span> <span class='ocrx_word' id='word_1_787' title='bbox 1336 2448 1377 2482; x_wconf 77' lang='grc' dir='ltr'><strong>τὸ,</strong></span> <span class='ocrx_word' id='word_1_788' title='bbox 1397 2447 1499 2476; x_wconf 79' lang='grc' dir='ltr'><strong>Κάθου</strong></span> <span class='ocrx_word' id='word_1_789' title='bbox 1522 2447 1557 2475; x_wconf 70' lang='grc' dir='ltr'><strong>ἐκ</strong></span> <span class='ocrx_word' id='word_1_790' title='bbox 1581 2447 1692 2480; x_wconf 78' lang='grc' dir='ltr'><strong>δεξιῶν</strong></span> <span class='ocrx_word' id='word_1_791' title='bbox 1703 2456 1775 2483; x_wconf 80' lang='grc' dir='ltr'><strong>μου,</strong></span> <span class='ocrx_word' id='word_1_792' title='bbox 1788 2446 1820 2474; x_wconf 84' lang='grc' dir='ltr'><strong>οὐ</strong></span> <span class='ocrx_word' id='word_1_793' title='bbox 1835 2447 1922 2474; x_wconf 67' lang='grc' dir='ltr'><strong>τόπου</strong></span> 
     </span>
    </p>
   </div>
   <div class='ocr_carea' id='block_1_107' title="bbox 1122 2493 1924 2530">
    <p class='ocr_par' dir='ltr' id='par_1_107' title="bbox 1122 2493 1924 2530">
     <span class='ocr_line' id='line_1_107' title="bbox 1122 2493 1924 2530; baseline -0.001 -9"><span class='ocrx_word' id='word_1_794' title='bbox 1122 2495 1195 2528; x_wconf 72' lang='grc' dir='ltr'><strong>τινος</strong></span> <span class='ocrx_word' id='word_1_795' title='bbox 1209 2495 1267 2521; x_wconf 73' lang='grc' dir='ltr'><strong>ἔστι</strong></span> <span class='ocrx_word' id='word_1_796' title='bbox 1282 2494 1441 2530; x_wconf 74' lang='grc' dir='ltr'><strong>δηλωτικὸν,</strong></span> <span class='ocrx_word' id='word_1_797' title='bbox 1458 2493 1527 2521; x_wconf 76' lang='grc' dir='ltr'><strong>ἀλλὰ</strong></span> <span class='ocrx_word' id='word_1_798' title='bbox 1539 2495 1588 2530; x_wconf 80' lang='grc' dir='ltr'><strong>τῆς</strong></span> <span class='ocrx_word' id='word_1_799' title='bbox 1601 2493 1670 2530; x_wconf 79' lang='grc' dir='ltr'><strong>πρὸς</strong></span> <span class='ocrx_word' id='word_1_800' title='bbox 1684 2493 1730 2520; x_wconf 69' lang='grc' dir='ltr'><strong>τὸν</strong></span> <span class='ocrx_word' id='word_1_801' title='bbox 1746 2493 1860 2529; x_wconf 75' lang='grc' dir='ltr'><strong>Πατέρα</strong></span> <span class='ocrx_word' id='word_1_802' title='bbox 1872 2493 1924 2521; x_wconf 79' lang='grc' dir='ltr'><strong>τοῦ</strong></span> 
     </span>
    </p>
   </div>
   <div class='ocr_carea' id='block_1_108' title="bbox 1126 2540 1925 2577">
    <p class='ocr_par' dir='ltr' id='par_1_108' title="bbox 1126 2540 1925 2577">
     <span class='ocr_line' id='line_1_108' title="bbox 1126 2540 1925 2577; baseline -0.001 -9"><span class='ocrx_word' id='word_1_803' title='bbox 1126 2540 1192 2569; x_wconf 80' lang='grc' dir='ltr'><strong>Υἱοῦ</strong></span> <span class='ocrx_word' id='word_1_804' title='bbox 1211 2540 1346 2573; x_wconf 76' lang='grc' dir='ltr'><strong>ὲνώσεως.</strong></span> <span class='ocrx_word' id='word_1_805' title='bbox 1365 2542 1415 2569; x_wconf 82' lang='grc' dir='ltr'><strong>καὶ</strong></span> <span class='ocrx_word' id='word_1_806' title='bbox 1437 2541 1510 2569; x_wconf 83' lang='grc' dir='ltr'><strong>κατὰ</strong></span> <span class='ocrx_word' id='word_1_807' title='bbox 1525 2541 1616 2569; x_wconf 79' lang='grc' dir='ltr'><strong>πάντα</strong></span> <span class='ocrx_word' id='word_1_808' title='bbox 1636 2540 1772 2577; x_wconf 70' lang='grc' dir='ltr'><strong>ἰσότητος.</strong></span> <span class='ocrx_word' id='word_1_809' title='bbox 1783 2540 1816 2569; x_wconf 82' lang='lat' dir='ltr'><strong>Et</strong></span> <span class='ocrx_word' id='word_1_810' title='bbox 1832 2541 1888 2576; x_wconf 77' lang='grc' dir='ltr'><strong>γὰρ</strong></span> <span class='ocrx_word' id='word_1_811' title='bbox 1909 2541 1925 2567; x_wconf 86' lang='lat'><strong>6</strong></span> 
     </span>
    </p>
   </div>
   <div class='ocr_carea' id='block_1_109' title="bbox 1123 2586 1924 2622">
    <p class='ocr_par' dir='ltr' id='par_1_109' title="bbox 1123 2586 1924 2622">
     <span class='ocr_line' id='line_1_109' title="bbox 1123 2586 1924 2622; baseline 0.001 -10"><span class='ocrx_word' id='word_1_812' title='bbox 1123 2586 1187 2619; x_wconf 74' lang='grc' dir='ltr'><strong>Υἱὸς</strong></span> <span class='ocrx_word' id='word_1_813' title='bbox 1201 2587 1233 2614; x_wconf 81' lang='grc' dir='ltr'><strong>ὲκ</strong></span> <span class='ocrx_word' id='word_1_814' title='bbox 1243 2586 1337 2620; x_wconf 81' lang='grc' dir='ltr'><strong>δεξιῶν</strong></span> <span class='ocrx_word' id='word_1_815' title='bbox 1351 2587 1510 2620; x_wconf 77' lang='grc' dir='ltr'><strong>καθέζεται,</strong></span> <span class='ocrx_word' id='word_1_816' title='bbox 1527 2586 1587 2618; x_wconf 83' lang='grc' dir='ltr'><strong>πῶς</strong></span> <span class='ocrx_word' id='word_1_817' title='bbox 1599 2586 1684 2614; x_wconf 81' lang='grc' dir='ltr'><strong>αὑτοῦ</strong></span> <span class='ocrx_word' id='word_1_818' title='bbox 1699 2586 1781 2614; x_wconf 80' lang='grc' dir='ltr'><strong>πάλιν</strong></span> <span class='ocrx_word' id='word_1_819' title='bbox 1795 2587 1811 2613; x_wconf 76' lang='grc' dir='ltr'><strong>ι</strong></span> <span class='ocrx_word' id='word_1_820' title='bbox 1824 2586 1924 2622; x_wconf 69' lang='grc' dir='ltr'><strong>Πατὴρ</strong></span> 
     </span>
    </p>
   </div>
   <div class='ocr_carea' id='block_1_110' title="bbox 1123 2629 1926 2667">
    <p class='ocr_par' dir='ltr' id='par_1_110' title="bbox 1123 2629 1926 2667">
     <span class='ocr_line' id='line_1_110' title="bbox 1123 2629 1926 2667; baseline 0 -9"><span class='ocrx_word' id='word_1_821' title='bbox 1123 2629 1193 2659; x_wconf 85' lang='grc' dir='ltr'><strong>εῐναι</strong></span> <span class='ocrx_word' id='word_1_822' title='bbox 1217 2633 1250 2659; x_wconf 81' lang='grc' dir='ltr'><strong>ὲκ</strong></span> <span class='ocrx_word' id='word_1_823' title='bbox 1269 2632 1324 2660; x_wconf 86' lang='grc' dir='ltr'><strong>τῶν</strong></span> <span class='ocrx_word' id='word_1_824' title='bbox 1350 2632 1446 2666; x_wconf 79' lang='grc' dir='ltr'><strong>δεξιῶν</strong></span> <span class='ocrx_word' id='word_1_825' title='bbox 1472 2632 1599 2667; x_wconf 80' lang='grc' dir='ltr'><strong>λέγεται;</strong></span> <span class='ocrx_word' id='word_1_826' title='bbox 1622 2633 1671 2664; x_wconf 76' lang='grc' dir='ltr'><strong>ὀς</strong></span> <span class='ocrx_word' id='word_1_827' title='bbox 1684 2633 1715 2659; x_wconf 80' lang='lat' dir='ltr'><strong>tv</strong></span> <span class='ocrx_word' id='word_1_828' title='bbox 1728 2631 1823 2667; x_wconf 74' lang='grc' dir='ltr'><strong>ἡμέρᾳ</strong></span> <span class='ocrx_word' id='word_1_829' title='bbox 1834 2631 1926 2667; x_wconf 80' lang='grc' dir='ltr'><strong>ὀργῆς</strong></span> 
     </span>
    </p>
   </div>
   <div class='ocr_carea' id='block_1_111' title="bbox 1124 2678 1928 2714">
    <p class='ocr_par' dir='ltr' id='par_1_111' title="bbox 1124 2678 1928 2714">
     <span class='ocr_line' id='line_1_111' title="bbox 1124 2678 1928 2714; baseline 0 -10"><span class='ocrx_word' id='word_1_830' title='bbox 1124 2678 1207 2705; x_wconf 78' lang='grc' dir='ltr'><strong>αὑτοῦ</strong></span> <span class='ocrx_word' id='word_1_831' title='bbox 1227 2678 1304 2706; x_wconf 81' lang='grc' dir='ltr'><strong>συνθ)</strong></span> <span class='ocrx_word' id='word_1_832' title='bbox 1311 2678 1373 2706; x_wconf 64' lang='lat' dir='ltr'><strong>tiae:</strong></span> <span class='ocrx_word' id='word_1_833' title='bbox 1395 2679 1515 2714; x_wconf 79' lang='grc' dir='ltr'><strong>βασιλεῖς</strong></span> <span class='ocrx_word' id='word_1_834' title='bbox 1529 2679 1580 2714; x_wconf 81' lang='grc' dir='ltr'><strong>τῆς</strong></span> <span class='ocrx_word' id='word_1_835' title='bbox 1597 2678 1659 2714; x_wconf 74' lang='grc' dir='ltr'><strong>γῆς,</strong></span> <span class='ocrx_word' id='word_1_836' title='bbox 1676 2679 1723 2705; x_wconf 79' lang='grc' dir='ltr'><strong>καὶ</strong></span> <span class='ocrx_word' id='word_1_837' title='bbox 1737 2679 1802 2710; x_wconf 78' lang='grc' dir='ltr'><strong>τοὺς</strong></span> <span class='ocrx_word' id='word_1_838' title='bbox 1820 2678 1928 2714; x_wconf 68' lang='grc' dir='ltr'><strong>ἄρχον-</strong></span> 
     </span>
    </p>
   </div>
   <div class='ocr_carea' id='block_1_112' title="bbox 1125 2723 1929 2761">
    <p class='ocr_par' dir='ltr' id='par_1_112' title="bbox 1125 2723 1929 2761">
     <span class='ocr_line' id='line_1_112' title="bbox 1125 2723 1929 2761; baseline -0.001 -10"><span class='ocrx_word' id='word_1_839' title='bbox 1125 2733 1175 2757; x_wconf 88' lang='grc' dir='ltr'><strong>τας</strong></span> <span class='ocrx_word' id='word_1_840' title='bbox 1187 2725 1212 2752; x_wconf 83' lang='grc' dir='ltr'><strong>οἳ</strong></span> <span class='ocrx_word' id='word_1_841' title='bbox 1227 2725 1401 2761; x_wconf 81' lang='grc' dir='ltr'><strong>συνήχθησαν</strong></span> <span class='ocrx_word' id='word_1_842' title='bbox 1417 2725 1465 2752; x_wconf 72' lang='grc' dir='ltr'><strong>ἐπὶ</strong></span> <span class='ocrx_word' id='word_1_843' title='bbox 1479 2725 1509 2752; x_wconf 81' lang='grc' dir='ltr'><strong>τὺ</strong></span> <span class='ocrx_word' id='word_1_844' title='bbox 1528 2725 1594 2753; x_wconf 79' lang='grc' dir='ltr'><strong>αὐτὸ</strong></span> <span class='ocrx_word' id='word_1_845' title='bbox 1609 2726 1680 2752; x_wconf 82' lang='grc' dir='ltr'><strong>κατὰ</strong></span> <span class='ocrx_word' id='word_1_846' title='bbox 1694 2723 1742 2751; x_wconf 76' lang='grc' dir='ltr'><strong>τοῦ</strong></span> <span class='ocrx_word' id='word_1_847' title='bbox 1754 2724 1861 2760; x_wconf 78' lang='grc' dir='ltr'><strong>Κυρίου</strong></span> <span class='ocrx_word' id='word_1_848' title='bbox 1877 2725 1929 2751; x_wconf 71' lang='grc' dir='ltr'><strong>καὶ</strong></span> 
     </span>
    </p>
   </div>
   <div class='ocr_carea' id='block_1_113' title="bbox 1124 2770 1926 2808">
    <p class='ocr_par' dir='ltr' id='par_1_113' title="bbox 1124 2770 1926 2808">
     <span class='ocr_line' id='line_1_113' title="bbox 1124 2770 1926 2808; baseline -0.001 -10"><span class='ocrx_word' id='word_1_849' title='bbox 1124 2771 1197 2799; x_wconf 82' lang='grc' dir='ltr'><strong>κατὰ</strong></span> <span class='ocrx_word' id='word_1_850' title='bbox 1218 2771 1266 2798; x_wconf 85' lang='grc' dir='ltr'><strong>τοῦ</strong></span> <span class='ocrx_word' id='word_1_851' title='bbox 1295 2772 1416 2808; x_wconf 81' lang='grc' dir='ltr'><strong>Χριστοῦ</strong></span> <span class='ocrx_word' id='word_1_852' title='bbox 1442 2772 1544 2800; x_wconf 77' lang='grc' dir='ltr'><strong>αὐτοῦ’</strong></span> <span class='ocrx_word' id='word_1_853' title='bbox 1573 2771 1698 2808; x_wconf 79' lang='grc' dir='ltr'><strong>Ἡρώδην</strong></span> <span class='ocrx_word' id='word_1_854' title='bbox 1721 2771 1770 2798; x_wconf 75' lang='grc' dir='ltr'><strong>καὶ</strong></span> <span class='ocrx_word' id='word_1_855' title='bbox 1794 2770 1926 2801; x_wconf 70' lang='grc' dir='ltr'><strong>Πιλάτου,</strong></span> 
     </span>
    </p>
   </div>
   <div class='ocr_carea' id='block_1_114' title="bbox 1126 2815 1931 2854">
    <p class='ocr_par' dir='ltr' id='par_1_114' title="bbox 1126 2815 1931 2854">
     <span class='ocr_line' id='line_1_114' title="bbox 1126 2815 1931 2854; baseline 0 -10"><span class='ocrx_word' id='word_1_856' title='bbox 1126 2818 1226 2845; x_wconf 76' lang='grc' dir='ltr'><strong>Ἀνναν</strong></span> <span class='ocrx_word' id='word_1_857' title='bbox 1248 2818 1295 2846; x_wconf 76' lang='grc' dir='ltr'><strong>καὶ</strong></span> <span class='ocrx_word' id='word_1_858' title='bbox 1310 2818 1451 2854; x_wconf 71' lang='grc' dir='ltr'><strong>Καϊάφαν,</strong></span> <span class='ocrx_word' id='word_1_859' title='bbox 1467 2819 1516 2847; x_wconf 72' lang='grc' dir='ltr'><strong>καὶ</strong></span> <span class='ocrx_word' id='word_1_860' title='bbox 1538 2819 1603 2852; x_wconf 71' lang='grc' dir='ltr'><strong>τοὺς</strong></span> <span class='ocrx_word' id='word_1_861' title='bbox 1619 2817 1779 2854; x_wconf 27' lang='grc' dir='ltr'><strong>σὺνηαὺτοῖς</strong></span> <span class='ocrx_word' id='word_1_862' title='bbox 1800 2815 1931 2852; x_wconf 72' lang='grc' dir='ltr'><strong>βασιλεῖς</strong></span> 
     </span>
    </p>
   </div>
   <div class='ocr_carea' id='block_1_115' title="bbox 1125 2864 1223 2897">
    <p class='ocr_par' dir='ltr' id='par_1_115' title="bbox 1125 2864 1223 2897">
     <span class='ocr_line' id='line_1_115' title="bbox 1125 2864 1223 2897; baseline 0.02 -7"><span class='ocrx_word' id='word_1_863' title='bbox 1125 2864 1223 2897; x_wconf 69' lang='grc' dir='ltr'><strong>λέγων.</strong></span> 
     </span>
    </p>
   </div>
  </div>
