2056 3148
214 202 280 235 1327

249 269 258 285 ι
274 258 406 286 Sanctum
424 261 449 284 et
461 255 583 284 terribile
606 262 707 283 nomen
728 254 797 290 ejus.
816 265 824 280 ι

247 306 379 333 Sanctum
394 302 593 338 quidem,quia
619 306 719 329 unctus
752 301 920 328 nominatur.
946 299 1000 327 Ista

210 356 300 379 autem
319 349 424 376 Domini
442 349 536 376 unctio
548 353 590 376 est
605 348 695 376 omnis
716 347 905 376 sanctimonia:
935 354 1001 374 con-

209 395 366 428 summatio,
386 395 420 422 dc
431 402 485 429 quo
495 393 617 421 Joannes
630 394 667 420 ait
685 401 691 420 :
721 393 755 420 Et
780 401 824 420 vos
852 393 999 419 unctionem

209 442 309 469 habetis
331 450 347 468 a
377 446 469 467 sancto
484 439 515 467 "‘.
547 439 680 467 Terribile
701 444 804 471 autem,
827 439 891 474 quia
918 438 1000 465 etiam

208 489 295 515 .ludcx
306 488 416 520 dicitur,
429 487 551 514 aitenim
570 496 576 514 :
607 486 688 514 Pater
719 495 771 512 non
790 486 895 520 judicat
912 493 1001 520 quem-

209 533 361 568 quam;st
378 541 453 560 omne
465 533 593 567 iudicium
611 532 684 558 dedit
698 532 767 558 Filio
784 532 814 557 '9.

484 578 646 606 PSALMUS
665 578 734 605 CXI.

246 626 332 653 Etiam
354 626 399 653 hic
422 626 544 661 psalmus
565 625 718 652 secundum
741 623 919 658 alphabetum
944 623 1000 649 cle-

200 678 334 700 vruentare
354 673 526 707 conscriptus
551 676 604 699 cst.
629 671 682 698 Sed
710 671 867 705 praecedens
892 669 1001 704 quidem

210 719 369 753 doxologizc,
397 718 442 745 hic
468 726 533 745 vero
548 717 648 752 polititc
669 716 910 744 elementationcm
934 723 1001 742 con-

212 765 295 797 tinet;
319 765 358 791 sic
380 767 409 790 ut
436 763 542 790 chrai
561 763 717 790 necessario
742 763 851 797 utrique
867 762 1001 789 elementa

211 810 487 838 aceommodaverint.

247 856 328 883 Vens.
350 856 375 883 1.
393 865 402 882 t
426 856 525 884 Beatus
539 857 580 883 vir
594 856 640 891 qui
655 857 734 883 timet
745 854 901 882 Dominum.
918 862 928 879 ι

245 902 313 934 Quia
328 902 373 936 qui
397 902 482 929 Deum
503 901 581 928 timet
602 908 712 928 onmem
733 904 845 928 exercet
867 899 1001 926 malorum

210 948 414 981 abstinentiam,
433 955 489 975 nou
505 947 649 983 subjicitur
663 954 837 978 mammonre,
854 945 1003 973 amicitiam

210 1003 272 1022 cum
301 995 404 1022 mundo
429 993 542 1021 minime
566 993 751 1028 amplectitur,
778 992 899 1027 iudicem
925 991 1004 1026 quasi

209 1041 260 1068 sibi
279 1045 440 1075 prazsentem
457 1040 550 1068 habet.
567 1039 607 1067 Ac
628 1039 727 1066 merito
750 1038 849 1065 beatus
865 1037 1005 1065 invenitur

210 1087 255 1121 qui
273 1087 328 1114 Deo
337 1086 509 1122 gubernante
522 1090 607 1113 totam
618 1085 703 1113 vitam
720 1091 798 1111 suam
810 1083 914 1118 dirigit.

249 1132 329 1158 Vens.
344 1131 371 1158 τὶ.
384 1140 392 1157 ι
415 1131 515 1158 Potens
530 1130 557 1156 in
571 1135 644 1157 terra
658 1129 711 1157 erit
726 1136 820 1156 semen
835 1128 905 1162 ejus.
924 1137 933 1153 I

249 1177 349 1204 Semen
369 1177 507 1212 iustorum
527 1180 594 1203 sunt
616 1176 644 1203 hi
663 1176 710 1210 qui
731 1174 891 1210 disciplinas
908 1181 1004 1201 eorum

212 1223 375 1258 suscipiunt,
390 1223 448 1251 sive
463 1221 615 1251 secundum
627 1229 738 1250 carnem
750 1220 854 1256 proprii
867 1219 932 1253 sint,
946 1219 1005 1246 sive

211 1270 306 1297 alieni.

249 1316 328 1344 Vens.
348 1316 374 1343 Α.
393 1326 402 1342 ‹
421 1316 550 1343 Exortum
569 1321 611 1343 est
627 1315 654 1342 in
670 1315 789 1342 tenebris
804 1314 908 1342 lumen.
922 1324 931 1341 ι

247 1362 288 1389 Ad
300 1362 364 1397 quid
379 1366 471 1389 autem
479 1361 555 1388 rectis
564 1360 652 1393 ?Quia
661 1360 706 1395 qui
716 1360 786 1387 male
793 1365 878 1396 agunt
888 1360 1005 1388 oderunt

213 1410 311 1441 lucem,
326 1415 359 1435 eo
370 1408 442 1443 quod
458 1407 492 1434 ab
507 1407 553 1434 illa
570 1411 720 1442 arguantur
734 1406 769 1439 ὀ,
786 1413 837 1433 nec
861 1406 897 1432 illi
910 1405 1005 1432 oculos

212 1460 278 1480 suos
295 1458 425 1487 praestare
442 1451 538 1479 velint.

252 1500 334 1527 Vsus.
365 1498 390 1524 5.
416 1506 426 1524 ι
453 1496 553 1524 Suavis
568 1496 609 1523 vir
638 1495 685 1530 qui
716 1495 862 1523 miseretur
890 1499 918 1522 et
933 1501 1005 1522 com-

213 1547 316 1575 modat.
337 1554 346 1570 ι

248 1592 308 1619 Non
322 1597 384 1618 eum
400 1588 446 1623 qui
462 1585 623 1622 simpliciter
636 1585 801 1618 commodat,
819 1585 866 1613 sed
882 1586 909 1613 in
923 1585 1004 1612 misc-

213 1637 299 1665 rendo
313 1635 462 1670 benignum
477 1633 576 1660 merito
593 1631 730 1667 Propheta
749 1631 886 1667 exposuit.
907 1630 1001 1666 Siqui-
1017 1623 1037 1651 ο

213 1683 275 1708 dem
301 1680 346 1706 ille
368 1678 437 1706 lucri
457 1685 514 1712 spe,
536 1677 582 1704 hic
593 1684 660 1704 vero
679 1676 739 1711 lege
757 1675 1004 1704 eommiserationis

213 1728 369 1754 commodat
393 1723 553 1758 tribuitque.
579 1722 726 1757 Pcrspicue
754 1722 836 1758 igitur
866 1722 918 1750 hoc
946 1722 1005 1749 loco

213 1769 346 1799 describit
365 1777 517 1806 pauperum
547 1773 707 1797 amatorem.
732 1768 781 1796 Hic
813 1768 868 1796 Deo
901 1767 1006 1795 fenera-

216 1821 270 1850 tur,
300 1816 364 1845 dum
386 1815 517 1852 pauperis
546 1816 693 1843 miseretur
713 1815 754 1848 ¹¹;
771 1814 809 1842 uti
832 1813 959 1842 Salomon
978 1814 1003 1841 in

214 1862 372 1891 Proverbiis
391 1862 440 1890 ait.

251 1908 335 1936 Vnus.
353 1909 378 1936 7.
403 1918 412 1934 ι
433 1907 464 1935 ln
480 1907 612 1936 memoria
629 1912 731 1935 aeterna
746 1907 809 1935 erit.
834 1917 843 1933 ι

248 1955 317 1983 Cum
335 1955 461 1988 divitum,
490 1955 530 1982 vel
547 1962 653 1991 regum,
674 1955 717 1982 vel
745 1954 825 1982 aliam
848 1954 1004 1989 quampiam

214 2000 242 2026 in
273 1999 325 2027 hac
349 1999 404 2026 vita
428 1999 589 2034 dignitatem
617 1998 778 2026 habentium
802 1998 943 2026 memoriae
962 1997 1005 2026 hic

214 2045 267 2071 sint
281 2044 471 2079 temporariae.
492 2043 642 2071 declaravit
655 2050 710 2070 non
731 2043 767 2070 ita
789 2050 849 2070 esse
868 2043 1004 2078 iustorum

214 2089 370 2122 memorias,
385 2088 432 2117 sed
449 2088 500 2116 has
517 2094 634 2117 aeternas
649 2089 791 2117 exsistere.

250 2145 260 2161 ‹
283 2135 325 2162 Ab
339 2135 481 2162 auditione
493 2135 564 2163 mala
580 2143 634 2162 non
653 2135 771 2164 timebit.
794 2144 804 2161 ι

249 2181 313 2208 Sive
324 2181 358 2208 de
373 2184 463 2208 morte
473 2181 586 2214 dixeris,
603 2181 662 2209 sive
679 2186 856 2216 cognatorum
875 2186 920 2209 aut
935 2181 1004 2209 libe-

213 2234 308 2255 rerum
327 2226 493 2262 perditione,
517 2227 575 2254 sive
597 2226 759 2254 facultatum
778 2227 897 2264 jactura,
923 2228 1003 2261 nihil,

809 199 973 230 HESYCIII
980 199 990 228 l
1015 197 1253 228 PRESBYTERI

1019 259 1040 284 Α
1095 261 1104 278 ι
1122 252 1218 286 ’Ἃγιον
1240 251 1287 278 καὶ
1301 249 1416 286 φοϐερὸν
1431 249 1462 276 τὸ
1473 249 1559 285 ὄνομα
1573 246 1665 274 αὐτοῦ.
1685 256 1694 272 ι

1783 192 1851 224 Ῑῖἲίὲϐ

1089 299 1185 334 ’Ἅγιον
1211 298 1270 334 μὲν,
1296 298 1337 324 ὃτι
1363 296 1479 333 Χριστὸς
1502 294 1677 331 ὀνομάζεται.
1695 294 1731 320 Τὺ
1753 294 1780 320 δὲ
1798 294 1844 320 τοῦ

1053 346 1156 381 Κυρίου
1171 344 1288 380 χρίσμα,
1302 345 1394 379 πάσης
1423 343 1499 370 ἐστὶν
1521 341 1678 376 ἁγιωσύνης
1695 341 1844 376 πλήρωμα.

1052 392 1120 426 Περὶ
1138 387 1168 418 οὗ
1186 399 1272 427 φησιν
1299 391 1429 425 Ἰωάννης
1443 397 1450 405 ”
1465 388 1520 417 Kal
1536 387 1622 423 ὑμεῖς
1633 388 1748 422 χρίσμα
1763 387 1850 421 ἔχετε

1051 434 1111 462 ἀπὸ
1122 435 1176 462 τοῦ
1189 435 1289 470 ἁγίου,
1305 433 1426 470 Φοϐερὺν
1440 433 1481 464 δὲ,
1498 433 1540 459 ὅτι
1556 433 1602 459 καὶ
1619 432 1715 468 κριτὴς
1726 432 1847 466 λέγεται.

1051 481 1120 515 Φησὶ
1131 481 1185 516 γάρ
1196 489 1201 495 ·
1219 480 1246 506 '0
1257 480 1359 514 Πατὴρ
1371 478 1482 506 οὐδένιά
1494 479 1587 513 κρίνει
1598 487 1604 493 ⁸
1616 477 1700 504 ἀλλὰ
1714 476 1773 511 τὴν
1784 477 1834 511 κρί
1840 491 1850 497 ε

1052 535 1104 554 ση-
1115 526 1219 554 πᾶσαν
1229 527 1341 553 δέδωκε
1352 525 1392 558 τῷ
1411 525 1476 557 ΥΙῷ.

1317 571 1466 598 ΨΑΛΜΟΣ
1501 570 1558 596 PlA
1569 589 1577 596 .

1088 619 1144 646 Καὶ
1162 615 1240 650 οὗτος
1270 619 1285 645 ὁ
1306 618 1414 653 ψαλμος
1431 617 1503 644 κατὰ
1526 616 1660 650 στοιχεῖον
1679 615 1847 651 γέγραπται.

1059 664 1157 691 Ἀλλ¹ὸ
1183 665 1232 699 μὲν
1260 663 1378 698 φθάσας,
1404 662 1562 696 δοξολογίας
1586 661 1642 696 ἔχει
1668 660 1848 695 στοιχείωσιν,

1053 709 1190 741 πολιτείας
1215 709 1243 736 δὲ
1258 706 1350 741 οὗτος·
1378 709 1473 743 ὥσπερ
1493 717 1523 735 τε
1535 706 1696 742 αναγκαίως
1723 706 1849 742 ἑκατέρῳ

1054 757 1147 789 παῖδες
1167 757 1301 791 Ἑϐραίων
1317 756 1350 783 τὰ
1368 756 1489 791 στοιχεῖα
1506 756 1673 791 ἐνήρμοσαν.

1092 855 1102 871 ί
1120 845 1265 881 Μακάριος
1277 843 1347 880 ἀνὴρ
1361 845 1375 871 ό
1387 843 1556 879 φοϐούμενος
1571 843 1616 870 τὸν
1627 841 1742 878 Κύριον.
1757 850 1768 867 ι

1097 891 1208 926 Ἐπειδὴ
1232 891 1277 918 τὸν
1289 890 1355 918 Θεὸν
1367 891 1381 917 ὁ
1406 889 1573 925 φοϐούμενος
1589 890 1680 916 πᾶσαν
1702 889 1782 915 ἀσκεί
1798 896 1850 914 κα-

1022 950 1041 977 B
1057 937 1112 964 κῶν
1124 937 1241 972 ἀποχὴν,
1263 937 1315 972 οὐχ
1344 937 1525 964 ὑποτάττεται
1537 935 1575 971 τῷ
1592 935 1743 971 μαμμωνᾷ,
1758 933 1850 967 φιλίαν

1057 983 1125 1019 πρὸς
1147 983 1193 1010 τὸν
1217 983 1320 1018 κόσμον
1337 983 1386 1009 οὐκ
1402 983 1567 1014 ἀσπάζεται,
1595 981 1634 1012 ὡς
1659 980 1782 1016 παρόντα
1803 979 1850 1006 τὸν

1057 1031 1154 1066 κριτὴν
1170 1030 1238 1066 ἔχει.
1254 1030 1310 1056 Καὶ
1330 1029 1465 1065 μακάριος
1489 1028 1602 1060 εἰκότως
1627 1027 1687 1054 ὅλον
1708 1025 1791 1053 αὑτοῦ
1805 1026 1850 1053 τὸν

1057 1076 1114 1111 βίον
1131 1076 1178 1103 τοῦ
1190 1076 1256 1102 Θεοῦ
1269 1075 1435 1107 διοικοῦντος
1450 1074 1620 1110 εὑρίσκεται.

1095 1132 1105 1148 ι
1123 1121 1241 1148 Δυνατδν
1255 1122 1285 1148 ὲν
1301 1123 1334 1157 τῇ
1349 1123 1385 1157 γῇ
1404 1121 1479 1148 ἔσται
1495 1121 1525 1147 τὸ
1538 1120 1650 1156 σπέρμα
1662 1119 1757 1146 αὑτοῦ.
1773 1128 1783 1144 ι

1092 1167 1208 1203 Σπέρμα
1219 1167 1274 1194 τῶν
1290 1167 1403 1194 δικαίων
1412 1167 1438 1193 οἰ
1449 1167 1499 1198 τὰς
1515 1165 1606 1193 αὐτῶν
1617 1165 1768 1201 μαθητείας
1777 1166 1850 1200 λαμ-

1057 1214 1197 1247 ϐάνοντες,
1214 1213 1264 1240 κᾶν
1284 1214 1382 1240 οἰκεῖοί
1395 1222 1466 1245 τινες
1481 1209 1533 1240 ὦσι
1546 1212 1596 1248 τὴν
1612 1213 1712 1248 σάρκα,
1728 1212 1781 1239 κᾶν
1803 1211 1850 1239 ἀλ⁸

1057 1261 1169 1296 λότριοι.

1100 1318 1108 1334 ι
1135 1307 1320 1341 Ἐξανέτειλεν
1330 1307 1358 1334 ἐν
1374 1306 1465 1333 σκότει
1480 1305 1548 1340 φῶς.
1563 1315 1573 1331 ι

1091 1354 1142 1380 Διὰ
1152 1353 1179 1381 τί
1194 1353 1222 1379 δὲ
1232 1354 1289 1386 τοῖς
1300 1353 1425 1380 εὐθέσιν
1433 1360 1443 1384 ;
1456 1352 1551 1387 ἐπειδὴ
1566 1352 1590 1379 οἱ
1604 1352 1639 1380 τὰ
1655 1352 1746 1388 φαῦλα
1760 1352 1849 1388 πράτ-

1055 1409 1149 1432 τοντες
1170 1399 1283 1435 μισοῦσι
1299 1399 1331 1425 τὺ
1351 1398 1419 1432 φῶς,
1435 1398 1474 1429 ὡς
1489 1398 1536 1424 ὑπ’
1556 1397 1640 1424 αὐτοῦ
1661 1398 1847 1433 ἐλεγχόμενοι,

1056 1447 1103 1473 καὶ
1122 1445 1256 1481 παρέχειν
1270 1445 1345 1480 αὐτῷ
1362 1445 1425 1476 τοὺς
1437 1444 1596 1479 ὀφθαλμοὺς
1612 1444 1644 1472 οὺ
1658 1444 1808 1480 βούλονται.

1094 1502 1103 1518 ‹
1123 1492 1249 1527 Χρηστὸς
1263 1491 1333 1526 ἀνὴρ
1346 1492 1360 1518 ὸ
1376 1490 1518 1526 οἰκτείρων
1531 1491 1580 1518 aut
1593 1491 1708 1526 κιχρῶν.
1728 1500 1738 1517 ι

1092 1583 1128 1609 Οὐ
1138 1583 1184 1610 τὸν
1195 1583 1290 1615 ἁπλῶς
1310 1582 1460 1618 κιχρῶντα,
1472 1582 1529 1609 ἀλλ’
1542 1584 1571 1609 ἐν
1586 1582 1626 1618 τῷ
1636 1582 1720 1618 οἴκτῳ
1730 1583 1849 1618 χρηστὸν

1055 1629 1168 1661 εἰκότως
1191 1630 1205 1656 ὸ
1230 1630 1379 1665 Προφήτης
1406 1628 1523 1661 ἐξέθετο.
1553 1629 1582 1655 '0
1607 1629 1657 1664 μὲν
1677 1629 1733 1665 γὰρ
1759 1629 1848 1656 ἑλπίδι

1055 1676 1180 1711 κέρδους,
1196 1677 1210 1704 ὁ
1225 1676 1254 1703 δὲ
1269 1676 1344 1711 νόμῳ
1358 1675 1531 1711 συμπαθείας
1546 1676 1631 1711 κιχρᾷ
1642 1676 1688 1702 καὶ
1701 1676 1849 1711 μεταδίδω-

1057 1732 1093 1749 σι.
1111 1723 1208 1758 Σαφῶς
1234 1723 1325 1751 τοίνυν
1344 1722 1463 1750 ἐνταῦθα
1477 1723 1635 1757 ὑπογράφει
1647 1723 1694 1750 τὸν
1709 1723 1847 1758 φιλόπτω-

1056 1778 1112 1804 χον.
1130 1768 1214 1801 Οὗτος
1236 1769 1353 1801 δανείζει
1377 1768 1455 1804 Θεῷ,
1473 1769 1620 1805 οἰκτείρων
1646 1769 1693 1796 τὸν
1713 1769 1822 1804 πτωχόν
1839 1776 1847 1783 ο

1055 1816 1092 1848 ὡς
1106 1816 1232 1852 Σολομῶν
1248 1817 1276 1842 ὲν
1294 1815 1462 1850 Παροιμίαις
1477 1815 1562 1850 λέγει.

1096 1917 1105 1932 ι
1120 1907 1167 1940 Εἰς
1182 1905 1355 1942 μνημόσυνον
1370 1905 1479 1934 αἰώνιον
1495 1905 1582 1934 ἔσται.
1600 1917 1610 1933 ι

1097 1953 1206 1989 Ἐπειδὴ
1228 1953 1283 1980 τῶν
1304 1953 1425 1980 ἐνταῦθα
1440 1953 1644 1987 πλουτούντων,
1656 1955 1673 1990 ἢ
1691 1954 1850 1990 βασιλευόν-

1055 2007 1120 2032 των,
1143 1999 1159 2034 ἢ
1175 1999 1221 2026 καὶ
1232 1999 1318 2035 ἄλλην
1335 1999 1520 2035 κτησαμένων
1533 1999 1581 2026 τοῦ
1595 1999 1654 2034 βίου
1670 2000 1850 2036 περιφάνειαν

1056 2044 1219 2081 πρόσκαιροί
1243 2053 1316 2078 τινες
1332 2047 1361 2072 αι
1388 2047 1479 2081 μνεϊαι
1495 2045 1678 2080 τυγχάνουσιν
1693 2053 1701 2061 '
1715 2046 1850 2082 ἐδήλωσεν

1055 2091 1096 2118 ὅτι
1111 2091 1166 2118 τῶν
1180 2091 1293 2119 δικαίων
1307 2092 1358 2127 οὐχ
1383 2092 1481 2124 οὕτως,
1495 2092 1553 2118 ἀλλ’
1572 2091 1688 2119 αἰώνιοι.

1094 2147 1103 2163 ι
1127 2138 1195 2164 Ἀπὸ
1210 2138 1297 2173 ἀκοῆς
1310 2138 1433 2175 πονηρᾶς
1448 2138 1478 2164 οὐ
1496 2137 1694 2173 φοϐηθήσεται.
1717 2147 1727 2163 ι

1091 2183 1154 2210 Εἴτε
1164 2185 1228 2221 περὶ
1242 2184 1358 2212 θανάτου
1372 2184 1461 2219 λέγοις
1477 2205 1485 2217 ,
1496 2183 1552 2211 εἴτε
1564 2183 1706 2218 συγγενῶν
1717 2183 1734 2220 ἢ
1745 2183 1851 2211 τέκνων

1056 2231 1159 2266 ἁπολῆς
1175 2251 1182 2264 ,
1207 2231 1263 2258 εἴτε
1289 2231 1440 2267 χρημάτων
1459 2231 1626 2262 ἐκπτώσεως
1639 2250 1646 2262 ,
1665 2231 1751 2263 οὐδὲν,
1769 2230 1851 2266 φησὶ,

213 2274 312 2310 inquit,
329 2273 428 2300 horum
441 2273 627 2308 perlimes'cet.
644 2273 803 2301 Testabitur
817 2274 868 2302 hoc
881 2274 942 2308 Job,
958 2275 1004 2310 qui

1056 2277 1110 2303 τῶν
1133 2277 1288 2312 εἰρημένων
1311 2276 1508 2312 φοϐηθήσεται.
1524 2277 1707 2313 Μαρτυρήσει
1722 2277 1750 2304 δὲ
1769 2277 1851 2310 ’1ὼ6,

212 2321 239 2348 in
253 2320 382 2348 omnibus
392 2319 500 2347 dicebat
515 2329 523 2347 :
541 2319 636 2346 Nudus
657 2328 775 2356 egressus
796 2329 854 2347 sum
875 2321 908 2348 de
929 2325 1005 2348 utero

212 2367 306 2394 matris
321 2374 396 2399 mea,
408 2370 431 2392 ιιι
443 2368 528 2394 nudus
544 2371 662 2393 revertar
678 2366 742 2393 illuc
757 2367 790 2399 ",
807 2371 860 2394 etc.

247 2456 327 2484 Vnus.
347 2457 374 2484 9.
398 2466 407 2482 ί
430 2457 572 2493 Dispersit,
589 2457 664 2484 dedit
684 2457 861 2492 pauperibus.
878 2466 887 2483 ι

249 2502 388 2538 Pauper-es
399 2503 452 2531 hoc
468 2504 528 2531 loco
543 2503 626 2531 etiam
643 2503 780 2539 intelliges
793 2511 841 2531 eos
856 2503 903 2539 qui
919 2502 1005 2530 divini

216 2548 295 2575 Verbi
318 2549 433 2584 penuria
458 2549 601 2582 laborant,
629 2550 736 2577 scilicet
763 2554 879 2585 gentes,
906 2549 1006 2584 quibus

213 2594 327 2630 apostoli
341 2594 524 2631 agricolarum
548 2596 634 2623 instar
646 2596 769 2631 spiritale
787 2596 901 2624 verbum
916 2596 1005 2623 disse-

213 2642 363 2669 minarunt.
376 2640 450 2668 Nihil
466 2641 538 2669 enim
557 2641 684 2677 prohibet
705 2642 759 2672 hoc
772 2641 854 2670 etiam
872 2641 1005 2670 historice

211 2688 346 2723 accipere.
364 2687 570 2722 Eleemosynam
587 2687 707 2716 insinuat
718 2695 778 2716 esse
792 2693 962 2722 sementem;
977 2693 1005 2716 et

210 2733 313 2761 ideirco
329 2731 619 2760 dicitmisericordiam
635 2732 766 2768 dispergi,
781 2737 811 2760 ut
829 2733 928 2762 messis
947 2734 1004 2761 col-

209 2779 357 2806 lectionem
372 2777 490 2806 sementi
512 2778 723 2812 respondentem
737 2779 913 2814 accipiamus.
935 2780 1004 2807 Nam

201 2825 256 2860 η]ιώ
274 2825 387 2852 mnino:
401 2825 428 2852 in
449 2823 681 2858 benedictionibus,
699 2826 730 2852 de
746 2826 966 2854 benedictionibus
980 2831 1003 2852 et

1057 2324 1104 2350 ἐπὶ
1130 2323 1232 2356 πάσαις
1261 2323 1358 2353 εἰπών’
1374 2323 1497 2358 Γυμνὸς
1529 2323 1664 2358 ἐξῆλθον
1684 2325 1718 2351 ἐκ
1735 2324 1852 2357 κοιλίας

1055 2369 1169 2404 μητρός
1188 2378 1248 2405 μου
1261 2388 1269 2402 ,
1285 2369 1399 2404 γυμνὸς
1425 2369 1475 2396 καί
1495 2369 1720 2404 ἀπελεύσομαι,
1749 2370 1796 2396 καὶ
1816 2371 1852 2396 τὰ

1056 2413 1130 2448 ἑξῆς.

1096 2468 1106 2485 ‹
1132 2459 1324 2495 Ἐσκόρπισενί
1334 2459 1419 2488 ἔδωκε
1433 2461 1490 2492 τοῖς
1503 2460 1628 2496 πένησιν.
1643 2470 1652 2487 ι

1094 2504 1217 2540 Πένητας
1236 2504 1379 2532 κάνταῦθα
1398 2506 1462 2538 τοὺς
1475 2506 1576 2538 ἐνδεεῖς
1591 2507 1700 2542 νοήσεις
1715 2505 1763 2533 τοῦ
1778 2505 1852 2532 Θείου

1055 2550 1154 2585 Λόγου,
1166 2551 1201 2578 τὰ
1223 2550 1287 2586 ἔθνη
1307 2551 1441 2586 δηλονότι,
1453 2549 1495 2584 οἷς
1516 2552 1540 2579 οἰ
1555 2551 1703 2579 ἀπόστολοι
1719 2553 1853 2588 γεωργῶν

1055 2597 1133 2632 δίκην
1147 2597 1193 2624 τὸν
1206 2597 1302 2633 νοητὸν
1317 2598 1503 2634 κατέσπειραν
1518 2598 1608 2633 λόγον.
1628 2598 1712 2626 Οὐδὲν
1725 2599 1780 2635 γὰρ
1795 2608 1852 2626 κω-

1055 2642 1113 2670 λύει
1129 2642 1176 2670 καὶ
1191 2643 1337 2679 ἰοτορικῶς
1352 2643 1419 2670 αὐτὸ
1431 2642 1578 2676 δέξασθαι.
1590 2644 1694 2679 Σπόρον
1710 2641 1782 2670 εἶναι
1800 2645 1852 2680 τὴν

1055 2687 1242 2725 ἐλεημοσύνην
1263 2689 1433 2716 αἰνίττεται·
1454 2689 1501 2716 καὶ
1521 2690 1566 2716 διὰ
1580 2689 1661 2717 τοῦτό
1677 2698 1745 2724 φησι
1766 2699 1853 2726 σκορ-

1059 2734 1137 2761 πίσαι
1151 2734 1197 2762 τὸν
1206 2735 1292 2768 ἔλεον,
1308 2735 1352 2762 ἵνα
1366 2735 1416 2771 τὴν
1432 2736 1593 2770 συναγωγὴν
1610 2735 1658 2762 τοῦ
1673 2736 1771 2772 θέρους
1785 2737 1854 2764 ἁνα-

1058 2780 1144 2814 λόγως
1169 2780 1209 2816 τῷ
1233 2781 1328 2817 σπόρῳ
1343 2781 1498 2817 δεχώμεθα.
1522 2782 1554 2808 ὀ
1569 2781 1624 2817 γὰρ
1649 2783 1784 2818 σπείρων
1804 2783 1852 2810 ἐπ’

1058 2826 1222 2861 εὐλογίαις,
1247 2826 1295 2853 ἐπ’
1317 2827 1470 2862 εὐλογίαις
1492 2827 1540 2855 καί
1556 2828 1679 2862 θερίσει.
1692 2829 1787 2862 Ὅστις
1803 2830 1854 2858 καὶ

247 2927 268 2943 ¹⁸
290 2928 297 2954 l
314 2927 393 2956 Joau.
409 2936 439 2961 ιι,
454 2927 500 2955 20.
540 2929 561 2944 ¹⁹
580 2928 657 2956 Joan.
679 2938 704 2964 ν,
718 2929 763 2956 ‘22.
803 2930 825 2946 “’
839 2929 917 2957 Joan.
930 2937 970 2963 ιη,
990 2929 1004 2956 ﬁ

1075 2931 1095 2946 “
1113 2930 1193 2957 Prov.
1210 2939 1265 2964 nx,
1285 2931 1327 2958 l7.
1366 2932 1388 2948 "
1403 2931 1455 2959 Job
1474 2940 1493 2965 ι,
1507 2931 1551 2959 21.
