2056 3148
211 187 278 219 I329

787 185 1017 215 FRAGMENTA
1038 184 1076 213 IN
1096 182 1274 216 PSALMOS.

1782 176 1849 208 1330

211 243 370 280 σκορπίζειν
392 242 505 274 εἰκότως
526 242 646 277 λέγεται,
669 242 718 278 τῆς
739 241 830 275 δεξιᾶς
850 241 1018 276 φιλοτίμως,

1070 245 1130 267 natet
1151 240 1184 266 ".
1207 238 1258 272 Qui
1275 238 1358 265 etiam
1380 235 1478 264 merito
1495 235 1594 263 dicitur
1605 234 1772 270 dispergere,
1785 242 1849 262 eum

209 287 380 324 προϊεμένης
402 287 449 314 τὸν
475 287 560 314 ἔλεον.
591 287 683 323 Κέρας
708 287 762 313 τῶν
789 286 901 313 δικαίων
922 287 939 321 ὴ
963 287 1002 316 εἰς

163 338 166 341 ”
208 335 276 361 Θεὸν
292 333 457 368 πεποίθησις
467 342 473 348 ⁸
496 333 582 369 ταύτῃ
602 333 656 369 γὰρ
669 332 798 364 ἐπιόντας
812 333 874 364 τοὺς
888 331 1004 367 ἐχθροὺς

210 380 401 417 κερατίζομεν.
419 380 505 407 Τοῦτο
520 381 567 407 καὶ
591 379 637 406 νῦν
651 379 701 414 μέν
715 379 790 406 ἐστιν
803 378 916 414 ὑψηλὸν,
935 377 1003 405 ἀλλὰ

210 428 275 460 τοὺς
295 426 410 458 πολλοὺς
423 426 547 462 λέληθεν.
557 425 687 461 ’Υψοῦται
698 426 787 452 τοίνυν
801 426 831 452 ἐν
844 425 918 462 δόξῃ,
932 425 1003 451 κατὰ

210 473 257 501 τὸν
269 472 355 500 αἰῶνα
371 472 494 508 δηλονότι
514 471 559 498 τὸν
577 471 711 506 μέλλοντα
731 470 789 503 πῶς
799 471 856 507 ἔχει
873 470 1005 506 μεγέθους

213 519 260 546 καὶ
279 518 359 554 δόξης
374 518 586 556 φανερούμενον.

255 618 264 634 ι
291 607 464 644 Ἀμαρτωλὺς
482 607 586 643 δψεται,
601 604 650 634 καὶ
663 607 870 643 ὀργισθήσεται.
887 618 896 633 ι

251 655 351 691 Βρύχει
377 655 441 687 τοὺς
467 654 574 686 ὀδόντας
599 654 613 681 ό
638 654 778 685 διάϐολοςι
800 654 883 681 αὑτοῦ
903 653 958 689 γὰρ
978 653 1008 680 τὸ

217 700 366 736 βρύχεσθαι
386 701 469 734 ἴδιον,
490 701 529 733 ὡς
551 700 691 736 ἀνημέρου
711 699 817 732 λέοντος
832 709 838 715 ·
865 699 934 728 ἀλλὰ
963 700 1009 727 καὶ

215 745 294 779 οὗτος
315 748 464 781 τακήσεται
487 747 527 783 τῷ
542 748 611 783 πυρὶ
632 747 684 782 τῆς
705 746 830 781 γεέννης,
859 743 936 782 ᾧπερ
957 746 1008 772 ἀπ-

216 792 360 827 εκληρώθη
377 792 537 828 τηκόμενος.
555 793 648 820 Ἔνθα
666 792 682 818 ό
699 791 836 826 βρυγμὸς
846 791 905 818 τῶν
921 791 1007 818 ὀδόν-

217 848 287 872 των,
304 839 342 871 ὠς
358 840 372 866 ὁ
387 840 490 875 Κύριος
501 838 590 873 ἔλεγε.

493 897 640 924 ΨΔΛΜΟΣ
663 899 739 926 l’lB’.

258 963 267 979 ι
279 952 395 988 ’Υψηλδς
406 953 453 980 ἐπὶ
467 953 556 980 πάντα
569 953 603 980 τὰ
615 953 690 990 ἔθνη,
703 955 717 981 ὁ
730 954 842 990 Κύριος.
857 964 866 980 ι

254 1042 315 1068 Κᾶν
329 1042 382 1078 γὰρ
399 1041 516 1070 ἐνταῦθα
530 1042 688 1078 δοξάζηται,
707 1044 766 1070 ἀλλ’
781 1043 821 1075 εἰς
842 1044 888 1070 τδν
898 1043 1012 1079 οὐρανὸν

220 1087 237 1121 ἠ
252 1086 316 1118 δόξα
329 1087 437 1122 τρέχει,
454 1086 519 1114 ἔνθα
533 1087 564 1114 τὺ
581 1087 790 1124 ἀχειροποίητον
813 1089 1007 1124 θυσιαστήριον

221 1131 363 1167 κέκτηται.
378 1130 443 1159 ἔνθα
457 1133 590 1168 διηνεκῶς
607 1135 690 1162 αὐτὸν
709 1136 736 1162 αι
752 1134 877 1171 στρατιαὶ
892 1135 946 1162 τῶν
961 1135 1012 1169 ἀγ-

221 1177 311 1210 γέλων
325 1177 484 1210 δοξάζουσιν
497 1187 503 1193 ·
529 1174 566 1206 ὧν
578 1179 617 1211 εἰς
633 1180 752 1217 μίμησιν
764 1181 845 1216 ἡμεῖς
858 1179 1013 1214 δοξολογίαν

222 1222 374 1258 ἐμάθομεν.

259 1278 269 1294 σ
286 1268 334 1300 Τίς
347 1269 385 1301 ὡς
395 1269 497 1305 Κύριος
513 1272 527 1298 ὁ
546 1271 613 1304 Θεὸς
629 1272 726 1309 ήμῶν;
743 1282 752 1298 ι

264 1315 308 1341 Ἐν
326 1315 438 1351 ὑψηλοῖς
452 1317 466 1342 ὁ
477 1317 542 1349 Θεὸς
558 1319 693 1350 κατοικεῖ,
709 1319 740 1345 οὺ
756 1319 837 1354 μόνον
848 1319 893 1346 διὰ
908 1320 954 1346 τὸν
967 1321 1014 1346 οὐ-

225 1362 306 1396 ρανὸν
327 1361 364 1394 ὡς
379 1361 480 1398 ὑψηλὸν
495 1364 561 1391 ὄντα
573 1384 581 1395 ,
597 1365 644 1392 καὶ
666 1365 749 1392 αὑτοῦ
765 1366 923 1401 οἰκητήριον
940 1366 1016 1401 λεγό‹

227 1415 307 1440 μενον
321 1428 328 1440 ,
349 1407 407 1433 ἀλλ’
423 1408 519 1443 ἐπειδὴ
540 1410 596 1440 τοῖς
610 1409 701 1444 ἁγίοις
727 1409 837 1436 ἐνοικεῖ.
862 1409 974 1446 Ὑψηλοὶ
987 1411 1015 1437 δὲ

225 1450 308 1486 οὗτοι,
323 1453 367 1480 διὰ
378 1453 408 1480 τὸ
426 1454 509 1489 μηδὲν
525 1455 619 1490 γήϊνον
635 1455 812 1491 μεταδιώκειν
824 1456 990 1490 τυγχάνουσι
1009 1465 1014 1471 ·

226 1499 289 1533 περὶ
303 1496 340 1525 ὧν
361 1499 474 1531 Ἡσαΐας
491 1500 573 1535 φησιν
586 1508 592 1515 ·
609 1501 705 1535 ’Ἄγιος
730 1502 837 1536 Κύριος
852 1503 869 1528 ό
886 1501 921 1528 ἐν
937 1503 1017 1536 ὑψη-

226 1544 293 1577 λοῖς
308 1544 456 1572 κατοικῶν
473 1553 480 1560 δ
504 1546 624 1581 ὑψηλοὺς
638 1546 701 1577 τοὺς
718 1546 812 1580 ἁγίους
833 1546 927 1573 εἰπών.

264 1600 274 1616 ι
299 1590 330 1617 Ὀ
345 1590 511 1624 κατοικίζων
528 1592 639 1627 στειραν
655 1592 683 1619 ὲν
699 1592 777 1627 οἴκῳ.
798 1602 807 1618 ι

264 1637 376 1670 Στείραν
396 1637 452 1664 εἴτε
472 1638 522 1673 τὴν
546 1638 627 1672 φύσιν
645 1639 728 1673 ὅλην,
743 1639 798 1665 εἴτε
819 1638 869 1674 τὴν
885 1638 914 1671 ἐξ
935 1639 1020 1665 ἐθνῶν

235 1683 397 1716 Ἐκκλησίαν
412 1683 517 1717 λέγοις,
532 1684 575 1718 ἐφ’
585 1684 718 1719 ἑκατέρας
735 1685 850 1720 ἁρμόσει
861 1685 891 1711 τὸ
907 1685 1022 1720 λεγόμε-

229 1736 274 1754 νον
288 1736 294 1742 ”
309 1729 352 1755 διὰ
368 1729 422 1764 γὰρ
437 1729 486 1764 τὴν
503 1730 711 1765 εἰδωλολατρίαν
722 1730 894 1765 ὲστείρωντο.
913 1731 1022 1765 Ταύτην

229 1773 320 1799 τοίνυν
343 1773 396 1805 ἔξω
412 1774 587 1809 ρεμὸομένην
599 1776 639 1807 εἰς
653 1775 698 1801 τὸν
711 1773 786 1802 οῐκον
801 1775 847 1802 τὸν
863 1775 960 1802 ἑαυτοῦ
977 1776 1023 1801 τὸν

231 1819 447 1855 νόμόνέξήγαγε,
459 1821 505 1847 καὶ
520 1821 625 1857 μητέρα
637 1821 740 1848 τέκνων
748 1822 802 1848 τῶν
814 1822 1023 1858 υίοθετηοέντων

231 1865 269 1899 τῷ
285 1865 343 1900 Θεῷ
358 1866 574 1902 εὐφραινομένην
603 1867 712 1900 ἔδειξεν·
729 1866 762 1904 ἧς
787 1867 873 1900 οὕτως
890 1869 983 1903 σαφῶς
993 1870 1023 1896 τὸ

232 1910 379 1944 πρόσωπον
392 1912 526 1943 όἩσαῖας
537 1912 685 1947 ἐξήγαγεν·
697 1914 790 1947 Ἐρεῖς
807 1914 870 1949 γὰρ,
883 1915 976 1949 φησὶν,
989 1916 1024 1942 ἐν

234 1956 270 1990 τῇ
279 1956 384 1991 καρδίᾳ
399 1965 468 1985 σου·
487 1959 534 1991 Τίς
541 1958 687 1993 ἐγέννησέ
692 1968 742 1993 μοι
757 1961 893 1993 τούτους
903 1960 973 1995 Ἐγὼ
989 1961 1023 1988 δὲ

234 2002 368 2035 ἄτεκνος,
384 2003 433 2030 καὶ
448 2003 525 2038 χήρα
538 2003 681 2037 πάροικος
702 2005 750 2032 καί
776 2005 1022 2041 ἐγκεκλεισμένη.

234 2049 290 2076 Καὶ
318 2050 442 2083 τούτους
459 2051 504 2083 τίς
526 2050 669 2086 ἐξέτρεψέ
691 2060 764 2086 μου
790 2052 864 2087 Ἐγὼ
891 2052 924 2079 δὲ
955 2060 1024 2079 κατ-

234 2096 376 2130 ελείφθην
388 2098 476 2132 μόνη·
493 2094 576 2125 οὗτοι
593 2097 626 2124 δέ
640 2106 691 2132 μοι
711 2099 770 2126 ποῦ
785 2096 883 2133 ἦσαν;

508 2154 655 2181 ΨΑΛΜΟΣ
670 2156 743 2182 Ρ1Γ¹.

276 2207 285 2223 ι
311 2197 343 2224 Ἦ
360 2197 498 2226 θάλλασσα
513 2197 582 2232 εἶδε,
601 2201 648 2227 καὶ
662 2200 772 2235 ἔφυγεν.
795 2211 803 2227 ι

1054 286 1114 321 ejus
1143 286 1254 313 dextera
1289 282 1440 310 liberaliter
1469 280 1684 309 misericordiam
1720 279 1848 316 porrigat.

1053 332 1146 359 Cornu
1170 331 1306 365 justorum
1325 333 1369 357 est
1396 328 1495 356 Ilducia
1520 327 1547 354 in
1577 326 1685 354 Deum:
1705 326 1755 353 hac
1775 327 1849 354 enim

1055 378 1227 412 insurgentes
1243 377 1338 403 hostes
1356 382 1443 403 cornu
1458 373 1636 401 ventilamus.
1653 371 1722 399 Illud
1737 372 1849 406 quidem

1055 423 1205 449 etiamnum
1228 420 1346 448 sublime
1371 424 1422 452 est,
1444 419 1491 446 sed
1514 418 1648 453 plurimos
1672 417 1748 443 latet.
1770 416 1851 443 Exal-

1056 472 1130 495 tatur
1147 467 1229 503 igitur
1254 467 1282 493 in
1302 465 1398 500 gloria,
1418 464 1528 500 quando
1550 463 1681 490 nimirum
1710 462 1738 488 in
1757 461 1851 488 futuro

1056 514 1156 543 szeculo
1167 518 1276 548 quanta:
1291 510 1488 547 magnitudinis
1501 509 1650 545 gloriaique
1664 507 1747 534 fuerit
1763 507 1851 549 lli/aui-

1058 560 1212 588 I'estabitur.

1093 607 1176 635 Vens.
1202 606 1246 633 10.
1262 615 1271 632 ι
1285 605 1418 633 Peccator
1431 603 1545 635 videbit,
1557 607 1584 630 et
1595 603 1737 629 irascetur.
1759 610 1768 626 ι

1094 651 1222 679 Diabolus
1234 650 1325 678 fremit
1338 650 1468 677 dentibus
1486 658 1493 675 :
1514 648 1600 683 ipsius
1619 647 1691 674 enim
1711 645 1851 681 proprium

1059 702 1101 725 est
1116 697 1244 730 fremere,
1262 700 1358 731 utpote
1375 695 1464 723 leonis
1476 693 1624 721 truculenti
1639 700 1646 719 ι
1663 696 1851 720 verumtamen

1060 743 1120 778 ipse
1145 742 1227 769 etiam
1256 741 1434 776 colliqucscet
1459 740 1521 775 igne
1536 739 1684 774 gehennae;
1701 737 1744 763 cui
1766 736 1854 770 depu-

1061 793 1134 816 tatus
1148 793 1190 816 est
1206 788 1360 815 tabescens.
1379 787 1426 814 Ubi
1448 786 1497 813 erit
1512 785 1611 812 stridor
1628 783 1746 811 dentium
1770 781 1803 813 ",
1824 786 1854 808 ut

1063 835 1194 863 Dominus
1209 834 1256 861 ait.

1328 888 1490 917 PSAL‘MUS
1508 887 1589 915 CXII.

1101 951 1180 978 Vnus.
1201 949 1228 976 4.
1258 958 1268 974 ι
1287 947 1419 975 Excelsus
1445 953 1529 981 super
1555 951 1652 972 omnes
1683 947 1779 979 gentes
1803 941 1856 969 Do-

1065 997 1166 1024 minus.
1187 1005 1197 1021 ι

1101 1041 1156 1069 Etsi
1177 1041 1250 1069 enim
1274 1040 1319 1067 hic
1345 1038 1525 1075 εισι-Πιερίαν.
1552 1041 1673 1064 attamen
1703 1035 1730 1062 in
1756 1034 1856 1062 ccelum

1064 1089 1149 1124 gloria
1165 1087 1262 1120 tendit,
1284 1086 1331 1114 ubi
1355 1085 1438 1113 habet
1454 1084 1540 1110 altarc
1562 1089 1617 1109 non
1641 1089 1723 1108 manu
1743 1080 1856 1110 factum.

1064 1136 1092 1163 in
1107 1143 1163 1170 quo
1176 1134 1314 1162 exercitus
1333 1131 1494 1167 angelorum
1511 1131 1644 1164 perpetuo
1664 1128 1753 1162 ipsum
1773 1125 1858 1161 glori-

1065 1182 1166 1213 ﬁcaut;
1182 1181 1215 1208 ad
1231 1186 1349 1215 quorum
1365 1176 1548 1205 imitationem
1560 1181 1612 1202 nos
1624 1173 1775 1208 gloriﬁcare
1789 1171 1859 1200 didi-

1067 1227 1167 1263 cintus.

1103 1273 1184 1301 Vsus.
1199 1272 1227 1299 5.
1252 1281 1260 1297 ι
1272 1269 1338 1303 Quis
1353 1269 1425 1297 sicut
1438 1267 1570 1295 Dominus
1581 1265 1653 1293 Deus
1664 1263 1779 1291 noster?
1795 1272 1803 1288 ι

1102 1321 1132 1348 ln
1146 1318 1262 1347 excelsis
1289 1317 1363 1344 Deus
1389 1315 1506 1347 habitat,
1537 1320 1592 1340 non
1625 1312 1714 1339 solum
1748 1313 1859 1345 propter

1067 1366 1166 1395 coelum
1190 1363 1262 1399 quod
1294 1361 1435 1390 excelsum
1452 1364 1503 1391 est,
1530 1359 1645 1393 ejusque
1673 1355 1859 1384 habitaculum

1068 1415 1253 1446 nuncupatur,
1272 1409 1320 1437 sed
1343 1408 1407 1443 quia
1425 1407 1452 1436 in
1464 1406 1567 1434 sanctis
1584 1404 1698 1432 habitat.
1719 1401 1752 1429 lli
1768 1405 1859 1428 autem

1068 1460 1150 1488 etiam
1168 1457 1269 1485 excelsi
1287 1460 1362 1486 sunt,
1379 1462 1413 1482 eo
1425 1453 1498 1489 quod
1519 1452 1587 1479 nihil
1604 1456 1742 1478 terrenum
1762 1455 1861 1476 conse-

1068 1509 1177 1533 ctentur
1191 1513 1198 1530 ε
1214 1503 1248 1530 de
1260 1502 1360 1537 quibus
1372 1500 1457 1528 Isaias
1468 1499 1507 1526 ait
1519 1507 1526 1525 :
1543 1497 1656 1525 Sanctus
1672 1495 1801 1522 Dominus
1817 1493 1862 1528 qui

1070 1553 1098 1579 iu
1117 1551 1223 1578 excelsis
1237 1549 1340 1575 habitat
1355 1547 1426 1578 ""7.
1441 1546 1564 1574 excelsos
1586 1542 1726 1579 appellans
1740 1544 1861 1568 sanctos.

1112 1597 1194 1624 Vens.
1213 1596 1239 1623 9.
1259 1605 1268 1621 ι
1288 1594 1340 1627 Qui
1355 1593 1479 1621 habitare
1495 1591 1558 1619 facit
1573 1590 1693 1618 sterilem
1709 1588 1736 1615 in
1753 1587 1859 1614 domo»

1107 1642 1170 1670 Sive
1186 1646 1312 1669 naturam
1326 1639 1494 1670 universam,
1513 1637 1570 1664 sive
1588 1635 1735 1663 Ecclesiam
1749 1641 1784 1660 ex
1797 1639 1863 1668 geu—

1072 1689 1145 1716 tibus
1160 1687 1280 1715 sterilem
1304 1685 1417 1716 dixeris,
1440 1683 1549 1718 utrique
1571 1679 1717 1716 quadrabit
1742 1678 1768 1705 id
1790 1676 1863 1712 quod

1072 1735 1174 1763 dictum
1190 1737 1241 1764 est,
1259 1731 1388 1766 quoniam
1405 1738 1454 1765 per
1475 1728 1655 1756 idololatriam
1675 1725 1783 1753 steriles
1799 1731 1864 1751 eva—

1073 1784 1174 1808 serant.
1189 1779 1263 1806 lllam
1279 1779 1351 1806 enim
1365 1777 1431 1805 loris
1446 1779 1588 1812 vagantem
1607 1776 1635 1802 in
1647 1774 1759 1801 domum
1775 1779 1863 1801 suam.

1074 1827 1177 1854 scilicet
1191 1826 1278 1861 legem
1291 1823 1454 1856 introduxit,
1469 1826 1498 1850 et
1512 1825 1626 1849 matrem
1647 1819 1764 1847 ﬁliorum
1779 1826 1793 1844 a
1811 1817 1865 1844 Deo

1074 1873 1265 1907 atloptatorum
1281 1871 1417 1897 lar-tantem
1436 1867 1634 1896 demonstravit
1648 1876 1654 1894 :
1675 1866 1754 1900 cujus
1770 1872 1865 1899 perso-

1074 1927 1136 1945 nam
1152 1918 1203 1944 hoc
1214 1917 1295 1944 modo
1305 1916 1377 1943 clare
1396 1914 1548 1942 introduxit
1566 1913 1650 1940 Isaias
1666 1921 1672 1937 :
1690 1911 1766 1938 Dices
1780 1909 1864 1942 enim,

1075 1964 1171 1999 inquit,
1195 1965 1222 1990 in
1241 1963 1318 1991 corde
1337 1966 1381 1988 tuo
1394 1969 1403 1987 :
1425 1960 1488 1992 Quis
1507 1960 1595 1994 genuit
1622 1958 1685 1985 mi/ti
1706 1957 1789 1984 istos?
1810 1956 1865 1991 Ego

1074 2015 1162 2036 autent
1181 2009 1275 2044 alisque
1296 2008 1393 2040 liberis,
1412 2012 1435 2034 ct
1457 2007 1535 2033 vidua
1555 2005 1746 2039 transmigratu
1768 2007 1791 2028 et
1805 2009 1866 2036 cap-

1075 2055 1138 2081 tiva.
1162 2054 1194 2080 Et
1215 2054 1277 2080 istos
1293 2053 1350 2088 quis
1370 2052 1492 2079 enutrivit
1515 2051 1599 2077 mihi?
1616 2049 1671 2085 Ego
1683 2053 1772 2075 autem
1791 2048 1866 2074 dere-

1075 2101 1137 2128 licta
1154 2109 1210 2128 sum
1222 2100 1295 2132 sola;
1309 2105 1332 2126 ιιι
1346 2100 1389 2126 isti
1405 2099 1469 2126 mihi
1483 2098 1526 2125 ubi
1541 2103 1616 2124 erant
1631 2096 1673 2122 ὀἳ

1334 2156 1495 2184 PSALMUS
1514 2155 1605 2183 CXlll.

1112 2203 1190 2230 Vens.
1212 2203 1238 2229 5.
1261 2213 1269 2227 ι
1290 2201 1363 2228 Mare
1383 2200 1462 2233 vidit,
1478 2206 1506 2228 et
1523 2200 1598 2236 fugit.
1619 2209 1628 2225 ι

271 2242 364 2270 Ταῦτα
383 2244 432 2280 μὲν
451 2246 516 2277 ἴσως
530 2246 600 2273 κατὰ
617 2247 646 2272 τὸ
666 2247 794 2282 αἰσθητὸν
812 2247 858 2274 ἐπὶ
869 2249 917 2284 τῆς
933 2248 1018 2281 ἐξόδοε.

1113 2249 1175 2276 llaec
1198 2248 1267 2275 forte
1289 2247 1400 2282 quidem
1423 2245 1574 2274 secundum
1601 2251 1718 2273 sensum
1739 2243 1770 2271 in
1792 2242 1868 2272 exitu

236 2289 284 2316 τοῦ
301 2290 367 2316 λαοῦ
382 2291 435 2317 τῶν
458 2291 592 2319 Ἰουδαίων
608 2293 726 2326 ἐγένετο,
741 2294 829 2320 καίτοι
849 2295 910 2321 οὐδὲ
924 2295 1024 2329 φυγοῦ-

238 2343 288 2361 σαν
322 2336 380 2362 ἐκεῖ
409 2336 458 2370 τὴν
489 2336 637 2369 θάλασσαν,
669 2337 737 2364 ἀλλὰ
766 2339 820 2373 γὰρ
843 2339 1026 2374 διαιρεθεῖσαν

237 2381 369 2415 ἔγνωμεν.
385 2382 415 2408 Et
434 2381 462 2408 δὲ
482 2383 530 2409 καὶ
550 2383 636 2410 ταῦτα
647 2384 802 2418 γεγένηται,
817 2385 872 2411 ἀλλ’
886 2386 977 2412 οὐκέτι
993 2387 1027 2413 τὰ

238 2426 369 2461 ἑπόμενα.
394 2428 462 2454 Πότε
482 2428 537 2464 γὰρ
561 2428 611 2464 ὄρη
639 2429 780 2464 ὐψωΘέντα
808 2432 873 2466 παρ’
897 2433 988 2464 αὐτοῖς
1010 2433 1026 2469 ἣ

239 2473 351 2507 βουνοὺς
373 2473 531 2509 ἠκούσαμεν
545 2484 552 2508 ;
569 2476 639 2502 ὥστε
655 2476 745 2511 δῆλον,
764 2478 805 2503 ὅτι
824 2478 871 2504 καὶ
885 2479 955 2514 imp
978 2479 1027 2505 αὺ-

238 2519 295 2550 τοῖς
309 2519 449 2546 συνέὄαινε
461 2521 589 2556 Θαύματα
599 2542 606 2553 ,
620 2522 720 2557 μερικὰ
737 2522 786 2557 μὲν
796 2520 840 2558 ἦν,
855 2525 894 2555 εἰς
903 2524 1028 2551 ὲκτύπω-

241 2573 283 2590 σιν
301 2565 330 2605 δὲ
347 2565 401 2592 τῶν
421 2567 564 2602 ἡμετέρων
578 2567 729 2596 συνέϐαινε,
750 2568 894 2596 Θάλασσαν
912 2571 966 2605 γὰρ
979 2571 1028 2606 τὴν

240 2610 363 2645 πονηρὰν
378 2611 425 2637 τοῦ
441 2611 499 2647 βίου
523 2612 671 2644 πολιτείαν.
691 2613 728 2645 ὡς
746 2614 862 2642 ἄστατον
875 2635 882 2647 ,
906 2616 1025 2651 ναυάγιὰ

240 2665 270 2682 τε
288 2657 417 2684 ποιοῦσαν
443 2659 490 2685 καὶ
508 2659 629 2694 χειμῶνα
647 2661 702 2691 τοῖς
716 2660 745 2687 ὲν
759 2661 828 2696 αὐτῇ
846 2662 978 2697 προσήκει
991 2671 1030 2689 νο-

243 2703 370 2737 μίζεσθαι
381 2712 387 2718 ·
407 2703 545 2740 Ἰορδάνην
560 2704 587 2730 δέ
603 2713 634 2738 γε
647 2705 697 2740 τὴν
712 2705 791 2741 χάριν
806 2707 852 2732 τοῦ
871 2707 1028 2743 βαπτίσμα-

241 2756 297 2779 τος.
310 2748 408 2783 Φεύγει
426 2748 516 2776 τοίνυν
530 2750 546 2785 ὴ
560 2750 607 2776 τοῦ
624 2750 683 2785 βὶου
698 2751 819 2778 θάλασσα
836 2752 881 2778 τὸν
903 2753 1029 2788 ἐξομολο-

242 2794 385 2830 γούμενον,
406 2795 515 2831 ἁλμυρά
535 2804 577 2828 τις
591 2793 658 2823 οὖσα
670 2818 676 2829 ,
695 2798 740 2824 καὶ
754 2798 791 2833 μὴ
807 2797 944 2833 δυναμένη
962 2799 1030 2835 πρὸς

1078 2293 1170 2330 populi
1181 2292 1337 2320 Iudaeorum
1365 2291 1547 2327 ccutigerunt,
1573 2291 1636 2319 licet
1648 2290 1702 2318 illic
1726 2296 1800 2316 mare
1813 2296 1868 2317 non

1079 2340 1190 2375 fugisse.
1207 2340 1256 2367 sed
1280 2338 1413 2366 dillissnm
1429 2338 1513 2365 fuisse
1527 2337 1748 2372 cognoverimus.
1769 2335 1867 2362 Verum

1081 2391 1110 2413 ut
1132 2386 1183 2413 ista
1202 2385 1284 2413 etiam
1304 2384 1478 2420 contigerint,
1505 2390 1676 2418 nequaquam
1705 2386 1795 2409 tamen
1824 2389 1868 2409 se-

1080 2431 1201 2466 quentia.
1221 2430 1272 2458 Ubi
1293 2430 1366 2457 enim
1390 2429 1460 2464 apud
1480 2429 1553 2464 ipsos
1582 2433 1689 2455 montes
1717 2427 1759 2454 rel
1785 2427 1869 2454 colles

1081 2476 1213 2503 oxaltatos
1228 2475 1311 2504 fuisse
1328 2475 1530 2502 intelleximus?
1545 2473 1616 2501 unde
1632 2473 1806 2500 manifestum
1828 2473 1868 2504 lit,

1079 2523 1124 2550 illa
1154 2523 1283 2550 miracula
1315 2530 1375 2558 quae
1405 2522 1470 2557 ipsis
1497 2525 1661 2553 evenerunt,
1695 2519 1869 2556 particularia

1080 2569 1189 2604 quidem
1204 2568 1299 2601 fuisse,
1315 2569 1363 2599 sed
1382 2569 1416 2596 ad
1434 2568 1567 2596 nostratia
1587 2567 1763 2602 exprimenda
1779 2567 1869 2595 conti-

1079 2615 1161 2650 gisse.
1188 2614 1260 2641 Mare
1285 2615 1358 2642 enim
1384 2614 1598 2644 existimandum
1623 2617 1665 2641 est
1691 2621 1803 2649 pravum
1829 2613 1869 2640 vi-

1082 2661 1160 2688 vendi
1181 2661 1347 2693 institutum,
1366 2665 1462 2695 utpote
1483 2660 1653 2692 inconstans,
1672 2659 1869 2695 naufragiaun

1084 2713 1116 2732 ac
1133 2710 1309 2740 tempestates
1332 2705 1359 2732 in
1373 2714 1406 2732 eo
1422 2706 1594 2733 versantibus
1613 2706 1755 2738 excitans;
1771 2704 1870 2733 Jorda-

1082 2759 1145 2777 nem
1167 2759 1232 2778 vero
1250 2759 1311 2778 esse
1332 2751 1445 2786 gratiam
1470 2752 1651 2787 baptismatis.
1676 2750 1762 2786 Hujus
1787 2750 1870 2785 igitur

1083 2796 1144 2824 vita:
1157 2805 1230 2823 mare
1246 2797 1314 2832 fugit
1326 2805 1388 2824 cum
1406 2798 1451 2835 qui
1465 2798 1620 2831 conﬁtetur,
1636 2805 1698 2825 cum
1712 2796 1870 2828 sitsalsum|

279 2894 302 2909 "
317 2894 338 2922 ll
354 2895 415 2922 Cor.
434 2903 472 2929 ix,
488 2895 514 2922 6.
551 2896 572 2911 ³³
584 2894 678 2922 Matth.
695 2902 751 2928 vni,
769 2894 811 2922 12.
846 2895 904 2911 "-‘7
916 2894 992 2923 Isaiae
1009 2903 1017 2921 ι

1070 2916 1072 2925 ,
1091 2895 1130 2922 15.
1172 2896 1195 2912 ’⁵
1211 2896 1253 2924 [sa
1280 2904 1352 2930 χιιι,
1366 2896 1410 2927 21.
