2056 3148
132 199 198 233 13H

659 200 701 232 IN
730 201 788 231 XII
813 201 1036 230 PROPIIETAS
1062 201 1244 231 MINORES.

1707 197 1774 229 1342

132 261 255 294 νήματος
270 256 416 292 χρήσιμον.
431 255 584 287 Δεδωκότος
594 255 622 283 ὁὶ
637 255 685 283 καὶ
701 255 766 291 παρ’
787 255 866 288 ἀξίαν
881 254 923 282 toi

979 253 1093 289 iuvante
1118 259 1212 282 autem
1239 254 1308 281 ultra
1340 253 1467 284 meritum
1491 252 1607 289 Spiritu,
1635 254 1709 289 quod
1734 260 1774 283 est

131 303 305 339 Πνεύματος,
329 302 398 338 ὅπερ
422 302 496 329 ἐστὶν
525 302 595 336 ἄγαν
617 302 769 337 ἀναγκαῖον
783 302 823 336 τῷ
843 302 923 337 μελε·

130 351 224 383 τῶντι,
251 348 408 385 προσέθηκα
430 348 561 384 σύντομον
574 349 639 384 ὅσην
652 348 702 385 τὴν
714 348 770 375 τῶν
784 348 894 384 ἀπόρων
907 348 924 383 ἢ

131 396 213 431 τυχὸν
230 393 342 428 ἀσαφῶν
357 393 373 428 ἢ
389 393 437 419 καὶ
450 393 518 425 ὅλως
534 392 693 427 ἀμφιϐόλων
715 392 857 428 ἑξήγησιν,
873 399 926 418 πα-

133 441 229 477 ραθεὶς
245 438 330 474 αὐτὴν
344 439 401 470 τοῖς
425 438 537 473 στίχοις,
552 437 622 464 ὥστε
639 439 697 473 ἅμα
711 439 745 474 τῇ
773 437 924 472 ἀναγνώσει

132 485 310 514 ἐπιλαϐέσθαι
326 484 374 520 τῆς
390 483 534 517 γνώσεως·
557 484 598 510 ὅτι
611 483 639 510 δὲ
661 483 696 510 τὰ
718 483 832 510 πλεῖστα
855 483 924 518 πρὸς

132 532 281 567 ἀναγωγὴν
298 531 416 566 εἴρηται,
442 529 593 565 θαυμάζειν
616 530 647 557 οὐ
670 530 741 566 χρή·
770 529 925 565 προφητεία

132 580 188 613 γὰρ
202 578 233 604 τὸ
257 577 439 612 σύγγραμμα.
466 576 551 603 Μέλει
567 576 596 602 δὲ
617 577 675 607 τοῖς
700 577 863 611 προφήταις,
885 576 924 611 τῷ

131 623 258 651 λαλοῦντι
271 622 299 649 δὲ
316 622 416 657 μᾶλλον
430 622 459 648 ὲν
470 622 562 652 αὐτοῖς
571 641 579 654 ,
596 622 681 656 μηδὲν
695 621 794 655 λέγειν,
811 619 866 649 οἷον
877 622 925 648 καὶ.

131 671 189 702 τοῖς
213 669 304 701 ἄλλοις
321 668 433 704 εὐχερὲς
453 667 581 703 ὑπάρχει,
604 669 660 699 τοῖς
689 668 727 703 μὴ
745 667 924 702 τετυχηκόσιν

134 717 212 751 ἁγίου
228 715 397 750 Πνεύματος,
409 713 597 748 διαλέγεσθαι·
611 713 660 746 τὰς
673 714 737 750 περὶ
750 714 818 740 Θεοῦ
829 713 858 740 δὲ
868 713 924 749 [Im

131 761 177 798 δὴ]
192 762 371 797 προρρήσεις,
401 760 449 787 καὶ
462 756 499 786 ὧν
516 760 655 794 οἰκονομεῖ
670 759 925 795 συγγεγραμμένων

133 808 284 844 θαυμάτων
298 807 348 843 τὴν
362 807 493 842 ἐξήγησιν
503 814 510 821 ·
529 806 577 832 καὶ
594 806 740 841 μυστήρια,
769 806 804 832 τὰ
818 805 925 841 χρόνοις

134 855 243 886 πολλοῖς
259 854 349 880 αὐτῶν
364 853 477 888 ὕστερον
491 852 545 879 τῶν
560 852 630 879 αὑτὰ
658 851 853 887 φθεγγομένων
866 851 925 877 sua.

136 910 206 938 μενα
216 909 224 917 ε
242 901 313 936 ἅπερ
323 900 353 926 οὐ
367 900 419 935 χρὴ
431 899 565 930 ταπεινῶς
573 900 655 926 νοεῖν.
669 899 769 934 ’Υϐρις
777 897 831 933 γὰρ
845 897 925 924 τοῦτο

134 949 222 983 δήπου
246 946 293 974 τοῦ
304 946 489 982 γνωρίσαντος
503 945 659 980 πνεύματος
668 953 676 961 ·
690 945 748 971 ἀλλ’
761 944 821 971 οὐδὲ
846 944 925 970 δυνα-

133 995 184 1031 τὴν
197 994 323 1029 εὑρήσεις
333 992 389 1020 τῶν
400 992 549 1028 προφητῶν
559 992 609 1027 τὴν
624 991 766 1027 ἐξήγησιν,
783 991 926 1025 γυμνῶσαι

133 1039 236 1075 ταύτην
251 1038 396 1074 ἐπιχειρῶν
410 1037 460 1072 τῆς
473 1037 590 1073 θεωρίας
603 1037 651 1064 τοῦ
662 1036 865 1072 πνεύματος.Τί
879 1036 926 1072 μὲν

134 1085 189 1122 γὰρ
201 1086 274 1122 ἐρεῖς
291 1084 372 1119 Ὠσηὲ
386 1083 473 1110 ταῦτα
489 1083 631 1119 βούλεσθαι
641 1083 675 1110 τὰ
693 1083 815 1118 ῥήματα,
830 1091 840 1108 ‹
856 1082 885 1108 Ὀ
897 1081 926 1108 δὲ

140 1131 281 1167 Ἐφραὶμ,
313 1129 432 1165 πονηρὸν
467 1128 594 1164 πνεῦμα;
613 1138 623 1155 ι
654 1128 727 1160 τινος
757 1128 841 1164 χάριν
866 1128 924 1159 καὶ,

77 1171 86 1179 “
137 1176 264 1204 σἝλαιον
274 1177 314 1207 είς
324 1175 461 1209 Αἴγυπτον
473 1174 649 1209 ἐνεπορεύετο
659 1181 682 1207 ;»
694 1173 741 1200 καὶ
752 1172 832 1204 ποίας
844 1171 925 1198 τοῦτο

135 1222 276 1258 μέμψεως,
290 1221 363 1253 τίνος
376 1220 460 1255 ὲγκλή
465 1228 550 1255 ματος
562 1220 637 1252 ἄξιον
649 1228 656 1252 ;
672 1218 701 1246 τί
714 1218 742 1245 δὲ
756 1218 804 1245 τοῦ
818 1217 924 1251 ῐξευτοῦ

132 1269 164 1296 τὸ
176 1269 272 1303 ἄγγος,
288 1268 356 1302 ὅπερ
377 1266 468 1301 Ἀμὼς
494 1266 658 1301 παρέδωκε;
676 1264 702 1292 τί
719 1264 765 1291 τὸν
789 1264 864 1290 λίθον
878 1264 924 1291 τὶν

132 1315 333 1349 κασσιτὲρινον,
348 1313 418 1340 ἑπτὰ
435 1311 602 1346 ὀφθαλμοὺς,
617 1311 655 1343 ὡς
672 1309 809 1346 Ζαχαρίας
820 1310 923 1346 γέγρα-

133 1367 183 1392 φεν
203 1359 217 1385 ὁ
234 1357 389 1393 προφήτης,
414 1355 603 1391 βαστάζοντας
631 1355 677 1382 καὶ
707 1355 794 1381 πολλὰ
817 1354 924 1386 τούτοις

131 1404 214 1440 ἔτερα
227 1403 421 1440 παραπλήσια·
437 1401 481 1436 ἐφ’
495 1399 536 1434 οἷς
560 1401 641 1433 αὐτὸς
656 1401 670 1427 ὁ
692 1400 779 1428 ταῦτα
793 1401 850 1432 τοῖς
873 1409 923 1426 κα-

131 1449 230 1485 λάμοις
243 1448 297 1475 τῶν
312 1447 460 1484 προφητῶν
468 1447 667 1482 φθεγξάμενος,
682 1447 768 1473 εἰπεῖν
779 1446 865 1474 ταῦτα
877 1446 922 1473 τὸν

138 1495 219 1529 Ὠσηὲ
238 1494 420 1530 προϐάλλεται
434 1502 441 1509 ·
461 1502 470 1519 ι
489 1493 560 1528 Ἐγὼ
579 1493 689 1529 ὁράσεις
711 1492 860 1528 ὲπλήθυνα,
875 1492 922 1519 καὶ

131 1543 161 1569 ὲν
171 1542 249 1577 χερσὶ
270 1540 418 1576 προφητῶν
441 1539 597 1575 ὡμοιώθην.
616 1548 626 1565 ι
657 1539 760 1566 Τούτου
780 1539 809 1566 δὲ
835 1538 922 1568 οὕτως

131 1590 220 1615 ἐκεῖνο
244 1587 385 1622 συντόμως
410 1587 425 1613 ό
447 1586 526 1621 λόγος
547 1585 741 1622 παραδίδωσιν,
754 1585 792 1616 ὼς
808 1585 832 1612 οἱ
848 1585 921 1616 τινὲς

131 1633 187 1660 τῶν
201 1632 349 1668 προφητῶν
374 1632 437 1663 τοὺς
454 1631 585 1666 βασιλεῖς,
605 1631 648 1666 ἐφ’
665 1627 702 1658 ὧν
727 1630 851 1664 ἐξέθεντο
872 1629 921 1663 τὴν

132 1678 313 1714 προφητείαν,
328 1676 451 1713 ἔκρυψαν
465 1685 471 1694 ·
489 1676 506 1712 ἢ
520 1677 586 1712 παρ’
606 1676 696 1702 ἔθνεσι
716 1674 924 1711 προφητεύσανο

132 1723 216 1758 τες,ἢ
232 1723 262 1755 ἐξ
282 1722 367 1749 ἐθνῶν
388 1721 555 1758 ὁρμηθέντες
573 1721 736 1756 ιτύγχανον·
765 1721 790 1747 εί
804 1719 859 1755 γὰρ
876 1719 923 1746 καὶ

132 1768 320 1804 πρωτοτύπως
330 1768 346 1803 ή
360 1768 514 1803 προφητεία
524 1767 564 1802 τῷ
571 1766 678 1802 Ἰσραὴλ
687 1765 852 1796 ἀπεσταλτο.
864 1765 922 1792 ἀλλ’

131 1814 206 1849 ὅμως
232 1813 381 1849 προφητῶν
404 1822 486 1840 τινων
514 1813 577 1840 τινὰ
607 1812 662 1839 τῶν
686 1812 771 1839 ἐθνῶν
801 1810 923 1847 ὑπῆρξεν

131 1859 336 1894 ἀκροάσασθαι·
364 1856 458 1894 ἧούχὶ
481 1858 562 1886 τοῦτο
594 1858 685 1890 Ἰωνᾶς
712 1859 780 1894 ἡμῖν
804 1857 923 1893 μάλιστα

131 1905 337 1942 παρασκευάζει
368 1904 561 1940 στοχάσασθαι,
582 1904 663 1935 αὑτός
677 1913 706 1930 τε
724 1904 753 1936 ἐξ
776 1903 861 1930 ἐθνῶν
876 1910 922 1937 γε-

131 1951 229 1986 γονὼς,
246 1952 293 1978 καὶ
305 1951 498 1987 προφητεύσας
512 1952 541 1977 ὲν
566 1950 673 1983 ἐθνεσι;
698 1949 855 1981 Νινευτταις
872 1949 922 1983 μὲν

131 1998 186 2033 γὰρ
199 1997 327 2033 κηρύξων
335 1998 349 2024 ὸ
361 1998 506 2033 προφήτης
516 1995 681 2028 ἀπέσταλτο,
707 1995 760 2022 ἀπὸ
770 1995 798 2021 δὲ
809 1996 858 2030 τῆς
871 1994 920 2021 Γὲθ

131 2044 214 2071 αὐτὸν
226 2043 280 2070 τῶν
301 2042 450 2069 Βασιλειῶν
473 2043 490 2077 ή
505 2041 606 2077 βίϐλος,
623 2041 683 2076 ἥτις
707 2038 741 2076 ἧν
755 2040 804 2076 μία
820 2039 874 2066 τῶν
894 2040 922 2066 ὲν

131 2092 187 2122 τοῖς
212 2089 373 2124 ἀλλοφύλοις
388 2087 565 2123 σατραπιῶν,
585 2087 727 2114 ἐκδίδωσι·
749 2086 818 2121 φησὶ¹
846 2086 919 2120 γάρ·

133 2145 144 2162 ί
163 2136 254 2171 Ῥῆμα
269 2135 372 2170 Κυρίου
396 2134 465 2161 Θεοῦ
491 2133 610 2169 Ἰσραὴλ,
624 2133 638 2160 δ
650 2132 784 2166 ἐλάλησεν
799 2132 828 2159 ὲν
849 2131 922 2166 χειρὶ

130 2183 224 2212 δούλου
239 2182 323 2209 αὑτοῦ
339 2181 426 2213 Ἰωνᾶ,
446 2179 506 2207 υἱοῦ
519 2179 637 2214 Ἀμαθὶ,
661 2178 709 2205 τοῦ
725 2178 863 2213 προφήτου
889 2177 922 2202 ὲκ

130 2229 181 2256 Γεθ
194 2228 298 2263 Χοφέρ.
311 2237 320 2254 ›
337 2227 392 2254 Καὶ
406 2226 500 2253 τούτου
510 2225 591 2261 χάριν
602 2224 716 2260 ἄχρονον
729 2224 783 2259 ἄρα
795 2222 844 2258 τὴν
856 2230 922 2257 προ-

975 301 1099 335 operanti
1136 307 1310 335 summopere
1348 299 1564 332 necessarium,
1591 299 1679 335 adjeei
1711 300 1776 328 bre—

975 353 1037 373 vem
1063 345 1262 380 aliquantulam
1296 345 1444 372 dubiorum
1484 349 1532 372 aut
1568 345 1639 373 forte
1667 346 1774 374 obscu—

975 399 1088 424 rorum,
1114 388 1276 426 aut'etiam
1309 391 1422 418 omnino
1451 391 1641 427 ambiguorum
1682 391 1774 427 expla-

975 438 1135 470 nationem,
1156 445 1237 473 quam
1264 437 1394 472 subjunxi
1413 437 1556 465 versiculis
1569 459 1576 471 ,
1590 438 1627 466 ita
1659 443 1690 466 nt
1715 438 1773 474 ipsa

975 484 1091 513 lectione
1120 483 1277 519 acquiratur
1313 483 1394 511 simul
1429 488 1457 511 et
1485 484 1680 520 intelligentiae
1711 485 1774 514 Plu-

975 528 1043 556 rima
1063 532 1156 555 autem
1191 526 1308 562 mystico
1332 533 1415 554 sensu
1437 527 1510 556 dicta
1539 536 1602 557 csse
1630 536 1685 557 non
1721 530 1774 557 mi-

976 574 1065 602 reris:
1093 574 1239 610 prophetia
1269 572 1344 601 enim
1371 578 1413 602 est
1439 574 1485 601 ille
1512 574 1591 602 liber.
1611 575 1659 602 Est
1681 580 1772 604 autem

980 621 1176 656 prophetarum
1190 641 1196 653 .
1209 628 1259 648 seu
1274 620 1371 656 potius
1382 621 1520 655 loquentis
1539 621 1567 648 in
1594 622 1661 656 ipsis
1673 642 1680 655 ,
1703 623 1772 650 nihil

979 667 1070 695 dicere
1084 667 1156 702 quod
1171 667 1232 694 aliis
1254 667 1376 702 pervium
1391 667 1437 700 sit,
1449 667 1554 695 scilicet
1577 667 1694 702 Spiritus
1707 676 1771 696 san-

976 714 1015 741 cti
1034 713 1192 749 expertibus
1204 733 1213 747 ,
1236 718 1354 742 tractare
1367 721 1466 748 nempe
1486 714 1519 741 de
1539 714 1595 741 Deo
1616 714 1771 749 praedictio-

977 767 1028 787 nes
1040 779 1047 791 ,
1066 764 1093 787 et
1109 759 1294 787 narrationem
1307 760 1503 788 miraculorum
1531 767 1593 795 qua:
1618 760 1770 795 dispensat.

977 810 1005 834 et
1024 806 1150 841 mysteria
1165 806 1245 841 longe
1260 810 1322 841 post
1334 807 1505 833 narrantium
1530 809 1639 833 nitatem
1666 807 1769 839 futura;

977 858 1038 885 qua:
1057 858 1113 878 non
1140 855 1204 878 sunt
1227 852 1330 887 vulgari
1353 851 1436 878 modo
1460 852 1625 887 cogitanda;
1643 852 1670 879 id
1695 853 1770 880 enim

977 901 1051 924 esset
1076 896 1225 924 revelantis
1253 896 1371 932 Spiritus
1390 897 1570 924 contumelia.
1594 897 1770 933 Nequaquam

978 947 1069 970 autem
1103 943 1298 978 prophetarum
1325 943 1545 978 explanationem
1582 944 1690 979 assequi
1720 952 1769 979 po-

980 989 1051 1022 terit,
1068 989 1114 1024 qui
1131 996 1192 1016 eam
1214 996 1229 1015 a
1255 987 1373 1024 Spiritus
1402 989 1510 1016 visione
1524 997 1666 1024 segregare
1681 993 1772 1017 tenta-

978 1034 1058 1061 verit.
1086 1033 1157 1066 Quid
1186 1034 1259 1061 enim
1287 1034 1365 1062 dices
1391 1034 1461 1062 velle
1489 1034 1542 1062 ista
1577 1034 1647 1062 Osee
1666 1035 1769 1062 verba:

980 1087 989 1104 ι
1007 1078 1147 1113 Ephraim,
1160 1079 1248 1106 malus
1260 1079 1398 1114 spiritus,»
1411 1079 1446 1106 ad
1454 1079 1518 1113 quid
1530 1089 1539 1104 ι
1549 1079 1638 1106 oleum
1651 1079 1679 1106 in
1691 1078 1771 1114 [Egy-

977 1129 1053 1159 ptum
1073 1124 1190 1152 ferebat.
1209 1134 1220 1151 ›
1237 1123 1367 1157 Quaenam
1383 1124 1434 1152 ista
1449 1124 1619 1160 objurgatio?
1634 1124 1700 1160 quid
1726 1125 1771 1153 hic

979 1170 1196 1204 reprehensione
1225 1171 1362 1206 dignum?
1396 1171 1461 1206 quid
1489 1171 1541 1200 hoc
1567 1172 1672 1207 aueipis
1700 1179 1767 1205 vas,

975 1215 1047 1251 quod
1062 1216 1146 1244 Amos
1167 1216 1273 1243 tradit?
1287 1216 1351 1251 quid
1367 1216 1442 1244 dices
1456 1217 1530 1245 hunc
1561 1218 1681 1253 lapidem
1694 1223 1770 1246 stan-

975 1269 1057 1289 neum
1068 1282 1075 1294 ,
1095 1266 1200 1297 septem
1223 1262 1318 1290 oculos
1334 1262 1479 1296 ferentem,
1496 1267 1526 1290 ut
1541 1264 1652 1299 scripsit
1664 1264 1770 1292 Zacha-

975 1307 1029 1336 rias
1043 1308 1178 1344 propheta
1193 1308 1205 1335 ?
1220 1313 1248 1336 et
1263 1309 1314 1336 alia
1336 1309 1422 1337 multa
1442 1310 1487 1337 his
1508 1309 1608 1337 similia
1623 1319 1631 1343 ;
1647 1311 1681 1338 de
1706 1311 1770 1346 qui-

975 1354 1027 1381 bus
1048 1354 1094 1382 ille
1117 1355 1176 1390 ipse
1199 1355 1245 1390 qui
1261 1355 1319 1383 hac
1342 1363 1390 1391 per
1411 1357 1607 1391 prophetarum
1634 1358 1770 1385 calamum

974 1400 1080 1428 locutus
1109 1405 1152 1428 est
1176 1410 1184 1428 :
1206 1401 1333 1436 perhibet
1357 1402 1416 1430 hare
1439 1402 1517 1430 Osee
1537 1403 1639 1431 dixisse
1659 1412 1666 1430 :
1688 1413 1697 1429 ε
1713 1405 1770 1440 Ego

975 1446 1096 1474 visiones
1130 1447 1309 1482 multiplicavi
1327 1468 1334 1481 ,
1352 1453 1380 1475 et
1402 1448 1429 1475 in
1466 1449 1593 1476 manibus
1620 1449 1769 1485 propheta-

975 1499 1036 1519 rum
1050 1491 1215 1520 assimilatus
1236 1499 1308 1520 sum.
1324 1502 1333 1518 ι
1354 1492 1442 1527 Hujus
1463 1497 1555 1521 autem
1575 1494 1687 1522 verbum
1703 1494 1768 1522 illud

972 1538 1092 1566 breviter
1112 1538 1214 1572 tradit,
1231 1538 1336 1566 scilicet
1357 1539 1489 1573 quosdam
1510 1540 1705 1575 prophetarum
1726 1549 1770 1568 rc-

972 1591 1018 1619 ges
1055 1583 1166 1612 latuisse
1178 1605 1185 1616 ,
1203 1585 1303 1619 quibus
1332 1586 1512 1621 regnantibus
1534 1587 1692 1622 prophetias
1708 1588 1769 1616 edi—

973 1629 1096 1662 derunt,
1111 1630 1169 1657 sive
1191 1630 1264 1664 quod
1292 1631 1366 1665 apud
1399 1635 1496 1666 gentes
1521 1633 1768 1667 prophetaverunt,

973 1675 1033 1703 sive
1048 1675 1121 1710 quod
1146 1676 1326 1711 degentibus
1353 1677 1405 1712 ipsi
1432 1678 1615 1712 prodierunt.
1635 1678 1663 1706 Si
1693 1680 1767 1707 enim

974 1721 1111 1757 pracipue
1124 1722 1269 1757 prophetia
1285 1722 1319 1750 ad
1335 1722 1418 1751 lsrael
1439 1723 1544 1752 directa
1571 1729 1632 1758 est,
1663 1725 1768 1754 nihilo-

973 1767 1216 1804 minusquosdam
1243 1769 1392 1804 prophetas
1420 1770 1536 1806 contigit
1562 1778 1578 1798 a
1603 1771 1767 1806 quibusdam

973 1811 1101 1846 gentibus
1129 1813 1238 1840 auditos
1263 1812 1360 1841 fuisse.
1385 1813 1483 1842 Nonne
1511 1814 1564 1843 hoc
1584 1815 1668 1843 Jonas
1687 1816 1771 1843 nobis

974 1859 1127 1893 praesertim
1159 1859 1282 1887 indicare
1314 1860 1443 1893 videtur,
1481 1868 1544 1888 eum
1563 1861 1622 1896 ipse
1643 1866 1717 1889 esset
1733 1870 1767 1890 ex

973 1903 1102 1937 gentibus
1130 1908 1159 1931 et
1182 1904 1255 1939 apud
1271 1908 1367 1939 gentes
1395 1907 1598 1940 prophetaret:
1635 1906 1771 1935 Ninivitis

973 1950 1046 1976 enim
1059 1950 1259 1984 praedicaturus
1276 1951 1410 1986 propheta
1422 1952 1523 1980 missus
1540 1957 1601 1980 est:
1629 1953 1700 1981 liber
1714 1962 1766 1981 ιιι-

974 1997 1029 2021 tem
1053 1993 1158 2029 Regum
1175 1995 1251 2022 illum
1266 1995 1301 2023 de
1316 1995 1386 2023 Geth
1398 2017 1406 2029 ,
1425 2004 1487 2031 qua:
1501 2002 1543 2025 est
1567 2005 1620 2026 una
1641 2006 1675 2026 ex
1698 1999 1770 2027 aliee

972 2041 1016 2068 nis
1033 2041 1171 2076 satrapiis,
1187 2041 1279 2069 tradit.
1299 2042 1372 2080 Dixit
1387 2045 1461 2070 enim
1475 2052 1481 2070 :
1500 2053 1509 2070 ε
1523 2043 1643 2072 Verbum
1659 2046 1769 2075 Domini

973 2085 1022 2113 Dei
1044 2085 1127 2113 lsrael
1145 2107 1153 2119 ,
1183 2087 1256 2121 quod
1270 2086 1379 2115 locutus
1397 2091 1439 2115 est
1467 2088 1495 2115 in
1522 2096 1606 2116 manu
1627 2091 1699 2118 servi
1722 2092 1769 2119 sui

971 2129 1064 2164 Jonas,
1093 2131 1129 2158 [ili
1152 2131 1277 2163 Amathi.
1291 2132 1431 2167 propheta:
1446 2133 1480 2160 de
1494 2132 1563 2161 Geth
1589 2138 1617 2162 et
1630 2134 1731 2170 Opher,
1751 2145 1766 2162 ι

973 2177 1007 2204 Et
1021 2181 1165 2212 propterea
1187 2177 1290 2212 absque
1302 2181 1426 2213 tempore
1436 2179 1607 2213 prophetiam
1620 2182 1767 2215 exposuit.

972 2222 1025 2250 Sed
1039 2227 1067 2250 et
1080 2223 1149 2256 Joel,
1161 2231 1224 2251 cum
1250 2223 1407 2258 scripsisset
1419 2225 1459 2252 sic
1475 2225 1534 2260 ipse
1547 2233 1657 2261 qu0que
1672 2235 1767 2262 proce-

132 2275 246 2310 φητείαν
260 2274 404 2309 ἐκθέμενος
415 2281 422 2288 ·
436 2271 505 2299 ἀλλὰ
517 2271 564 2298 καὶ
573 2270 661 2306 Ἰωήλ,
676 2269 784 2305 γράψας
791 2269 863 2296 οὕτω
875 2269 922 2296 καὶ

974 2269 1073 2297 mium:
1093 2279 1102 2296 ι
1117 2269 1217 2298 Audite
1237 2270 1290 2298 hoc
1303 2290 1311 2303 ,
1337 2278 1429 2304 senes,
1446 2276 1474 2299 et
1488 2273 1602 2300 auribus
1618 2274 1763 2309 percipite,

131 2321 213 2353 αὐτὸς
229 2321 259 2347 τὸ
274 2320 417 2356 προοίμιον
427 2326 434 2334 ·
455 2328 464 2345 ι
477 2317 626 2345 ’Δκούσατε
641 2316 738 2350 ταῦτα,
754 2317 779 2343 οι
798 2315 922 2351 πρεσϐύ-

130 2376 216 2403 τεροι,
233 2367 281 2393 καὶ
302 2365 479 2398 ἐνωτίσασθε,
498 2365 600 2396 πάντες
616 2365 641 2391 οἱ
664 2363 857 2395 κατοικοῦντες
872 2362 923 2398 τὴν

130 2415 192 2448 γῆν.
208 2422 218 2438 ι
229 2412 266 2438 Τὸ
273 2412 301 2438 δὲ
318 2411 382 2439 αὐτὸ
400 2411 448 2438 καὶ
460 2410 568 2437 Ἀϐδιού
580 2418 587 2426 ⁸
607 2410 720 2445 ι’Δκοὴν
732 2409 837 2445 ἥκουσα
847 2408 924 2444 παρὰ

131 2458 246 2493 Κυρίου,
261 2457 309 2484 καὶ
332 2457 464 2492 περιοχὴν
485 2457 525 2487 εἰς
542 2455 577 2482 τὰ
601 2455 664 2491 ἔθνη
687 2455 890 2488 ἐξαπέστειλεν.
910 2464 919 2481 ›

132 2503 195 2531 Ἔτι
209 2504 258 2530 καὶ
270 2502 383 2538 Ναούμ·
403 2511 413 2528 ι
427 2502 531 2538 Λῆμμα
543 2501 639 2528 Νινευῒ
655 2501 753 2534 λέγων,
765 2501 846 2536 ὅμοια
863 2509 923 2527 στο-

131 2549 262 2585 χάζεσθαι
276 2548 340 2584 περὶ
353 2548 429 2583 σφῶν
440 2547 648 2581 ἀναγκάζουσιν.
662 2556 670 2572 ι
685 2546 847 2581 ’Λμϐακοὺμ
857 2546 921 2580 γὰρ,

132 2597 155 2623 εἰ
170 2596 219 2631 μὲν
234 2591 311 2626 οὗτός
329 2596 404 2621 ἐστιν
419 2593 449 2619 ὃν
464 2594 493 2624 ἐς
514 2592 563 2628 τὴν
587 2591 768 2619 Βαϐυλωνίων
795 2593 922 2628 ἁρπάσας

132 2642 301 2676 ἀπεκόμισεν
314 2640 439 2674 ἄγγελος,
454 2639 541 2665 εἰπεῖν
553 2639 583 2665 τὺ
600 2638 685 2672 σαφὲς
702 2638 751 2665 οὐκ
767 2637 836 2673 ἔχω’
852 2638 923 2674 πλὴν

131 2688 191 2714 om
210 2687 291 2718 αὐτὸς
314 2688 342 2712 ὲν
366 2685 504 2721 προοιμίῳ
525 2685 575 2719 τῆς
590 2684 694 2720 βίϐλου,
712 2684 762 2719 τῆς
779 2684 922 2716 Ἰουδαίας,

137 2734 250 2769 ςυχὺνμῆ
266 2731 438 2768 Σαμαρείας,
452 2731 469 2766 ἦ
492 2730 540 2758 τοῦ
565 2729 676 2766 Ἰσραὴλ
691 2729 839 2766 μέμνηται,
855 2730 924 2757 ἀλλὰ

134 2779 206 2816 μκαὶ]
216 2780 266 2811 vi;
280 2779 332 2814 γῆς
347 2778 428 2814 ὅλης·
443 2777 504 2812 οὐχὶ
519 2777 573 2812 γὰρ
589 2776 672 2812 μόνης
687 2776 736 2812 τῆς
754 2775 884 2807 Ἰουδαίας
895 2776 925 2802 ἐν

133 2826 181 2862 ὅλῃ
194 2824 226 2860 τ’·ι,
243 2825 400 2860 κεροφητικῇ
415 2823 498 2859 βίϐλῳ
514 2822 681 2858 κατηγορίαν
692 2822 844 2857 εἰσέρχεται
854 2830 862 2837 ·
876 2821 924 2856 ζη-

133 2871 189 2897 τῶν
200 2871 228 2897 δὲ
239 2870 284 2897 τὸν
296 2869 450 2904 Μαλαχιὴλ,
469 2868 597 2903 εὑρήσεις
614 2868 669 2898 τοῖς
691 2866 780 2893 ἔθνεσι
793 2866 822 2892 τὸ
839 2867 924 2895 γεφα-

133 2917 209 2944 λαιον
219 2916 269 2949 τῆς
291 2914 459 2951 προφητείας
472 2913 599 2948 νέμοντα.
624 2913 672 2945 Ὃς
696 2913 720 2940 εί
742 2913 789 2940 καὶ
808 2912 923 2947 ἄγγελος

973 2323 1069 2344 omnes
1078 2316 1266 2344 inhabitantes
1278 2323 1406 2345 terram.»
1422 2318 1496 2345 idem
1508 2324 1600 2346 autem
1611 2324 1639 2347 et
1650 2320 1764 2348 Abdias:

976 2370 986 2387 σ
1002 2361 1130 2389 Auditum
1147 2362 1240 2390 audivi
1257 2370 1272 2390 n
1286 2363 1404 2390 Domino
1427 2367 1455 2390 et
1469 2363 1587 2399 legatum
1612 2365 1647 2392 ad
1669 2370 1769 2400 gentes

972 2406 1058 2434 misit.
1078 2416 1088 2433 ι
1106 2408 1139 2435 Et
1155 2407 1239 2435 etiam
1262 2407 1370 2435 Nahum
1396 2408 1495 2436 Ninive
1519 2409 1628 2437 titulum
1645 2411 1739 2439 dicens
1755 2421 1765 2440 :

973 2451 1075 2480 Omnes
1088 2453 1186 2480 similia
1204 2454 1347 2482 intendere
1369 2455 1404 2481 de
1425 2455 1494 2490 ipsis
1512 2461 1624 2491 cogunt.
1647 2456 1685 2484 De
1710 2457 1765 2485 Ha-

973 2497 1060 2525 bacuc
1072 2499 1159 2531 enim.
1176 2499 1200 2526 si
1225 2499 1271 2526 ille
1287 2500 1397 2534 quidem
1423 2504 1465 2527 est
1488 2508 1569 2536 quem
1597 2502 1623 2528 in
1651 2501 1766 2538 Babylo-

973 2545 1046 2571 niam
1063 2550 1171 2579 raptum
1182 2546 1331 2580 reportavit
1344 2545 1475 2581 Angelus.
1489 2554 1544 2574 non
1556 2552 1598 2575 est
1612 2548 1678 2576 mihi
1693 2550 1766 2584 quod

973 2589 1062 2617 dicam
1081 2590 1195 2622 clarum,
1210 2591 1262 2618 nisi
1277 2591 1350 2626 quod
1368 2592 1426 2627 ipse
1439 2591 1467 2619 in
1487 2592 1620 2627 procemio
1632 2593 1695 2622 libri
1710 2602 1765 2622 non

973 2635 1055 2662 modo
1070 2636 1103 2663 de
1118 2635 1230 2669 Iudaea,
1255 2637 1313 2664 sive
1330 2637 1363 2664 de
1383 2637 1515 2671 Samaria,
1541 2639 1598 2666 sive
1624 2639 1658 2668 de
1684 2640 1766 2669 Israel

977 2682 1148 2709 mentionem
1161 2682 1237 2716 facit,
1253 2683 1302 2710 sed
1318 2683 1400 2711 etiam
1411 2684 1446 2712 de
1457 2689 1511 2712 tota
1523 2689 1605 2713 terra.
1620 2685 1680 2714 Non
1693 2687 1767 2715 enim

973 2728 1058 2755 solius
1070 2727 1171 2756 Judaeae
1186 2729 1214 2756 in
1235 2733 1292 2757 toto
1307 2730 1467 2765 prophetico
1482 2731 1551 2759 libro
1565 2733 1766 2762 accusationem

974 2773 1130 2801 introducit.
1147 2774 1307 2803 Malachiam
1318 2781 1408 2804 autem
1421 2777 1443 2804 si
1455 2785 1560 2812 quaeras
1569 2799 1576 2812 ,
1591 2779 1713 2808 invenies
1727 2779 1769 2808 di-

975 2819 1153 2846 stribuentem
1168 2821 1294 2855 gentibus
1309 2822 1474 2857 pnecipuam
1484 2824 1634 2858 prophetiae
1649 2830 1767 2858 partem.

974 2865 1032 2899 qui.
1049 2873 1109 2892 cum
1132 2866 1245 2901 angelus
1259 2867 1365 2894 Domini
1391 2868 1557 2901 nominetur,
1580 2869 1661 2897 homo
1678 2875 1767 2898 tamen

974 2910 1104 2939 crut:Dci
1130 2911 1202 2941 enim
1228 2913 1316 2949 angeli
1339 2913 1477 2949 propheta:
1496 2915 1677 2951 dicebantur;
1695 2917 1770 2953 quod
