2056 3148
275 177 342 210 1343

863 182 888 212 II
895 182 1042 212 ESYCllll
1072 182 1119 211 PII
1125 182 1308 211 ESBY’I’ERI

1835 175 1903 206 13M

271 233 440 260 demonstrat
462 232 575 269 Aggaaus
595 233 635 261 sic
652 234 762 268 quidem
782 236 902 269 stzipsum
923 237 963 263 sic
978 236 1057 263 etiam

1111 236 1180 263 Θεοῦ
1196 237 1390 272 ἑρμηνεύεται,
1406 235 1547 272 ἄνθρωπος
1563 235 1637 268 ὅμως
1652 230 1695 267 ἦν.
1709 231 1838 266 Ἄγγελοι
1848 232 1904 266 γὰρ

270 285 299 306 ot
312 279 379 306 alios
390 279 537 314 prophetas
544 287 654 312 vocans,
669 280 769 315 quibus
777 281 926 315 prophetia:
937 289 994 308 sua:
1009 281 1060 308 mi-

271 325 364 352 nistris
373 325 510 352 utebatur.
523 325 682 352 Dicitenim:
693 335 703 351 ι
713 326 746 353 Et
753 326 940 362 dixitAggzeus
948 327 1060 362 angelus

270 370 376 397 Domini
391 371 461 397 inter
472 372 582 406 angelos
594 372 699 399 Domini
725 373 836 407 populo.
852 382 861 398 ι
879 372 960 401 Forte
975 375 1058 401 etiam

270 424 297 444 et
316 418 367 445 hoc
388 425 487 445 nomen
503 419 642 453 proprium
662 419 797 454 propheta
816 418 930 447 sortitus
940 425 991 447 est.
1004 420 1057 447 Sed

270 463 382 498 insuper
396 464 461 490 illud
475 464 661 499 adjiciendum
678 470 706 492 et
726 465 760 492 ad
777 465 955 494 sinceriorem
973 467 1058 494 libro-

270 517 329 536 rum
360 510 582 545 propheticorum
609 511 827 547 intelligentiam,
855 511 959 540 scilicet
986 513 1058 539 anti-

268 563 351 590 quam
369 563 430 583 esse
444 557 595 591 prophetia:
610 557 742 592 gratiam:
759 557 862 592 quippe
876 566 936 592 quae
950 558 984 585 ab
998 558 1056 592 ipsa

269 601 395 635 primitus
413 603 553 629 hominum
571 603 710 630 creatione
727 603 854 638 incipiat;
873 604 910 630 ita
927 610 956 631 ut
971 603 1056 632 Adam

268 648 302 674 dc
331 647 384 674 Eva
410 647 510 675 dixerit
525 649 687 682 prophetico
708 649 788 683 plane
803 649 895 676 dono:
916 659 926 674 ι
944 649 1056 684 Propter

269 694 323 721 hoc
350 694 523 729 derelinquct
555 695 637 722 homo
656 700 760 730 patrem
788 703 867 722 suum
893 700 921 722 et
942 700 1054 723 matrem

267 747 356 771 suam,
370 744 398 766 et
414 740 564 767 adhaerebit
578 741 611 767 ad
627 749 742 768 uxorem
753 749 830 768 suam
844 750 850 773 ;
865 747 892 768 et
908 747 989 769 erunt
1001 743 1055 770 duo

267 785 294 811 in
313 793 423 812 carnem
438 794 531 813 unam.
550 796 559 812 ι
572 786 709 814 Abraham
725 788 858 822 propheta
873 788 907 815 ab
921 788 981 822 ipso
1000 789 1054 816 Deo

267 831 324 858 haec
334 832 442 859 dicente
455 832 488 859 ad
501 831 672 865 Abimelech,
689 838 864 868 nuncupatus
890 838 945 861 est:
961 843 969 858 ι
983 833 1055 861 Red-

266 876 300 903 de
317 884 429 904 uxorem
455 877 523 910 viro,
540 878 603 912 quia
619 879 752 913 propheta
768 883 820 906 cst.
838 879 895 906 Non
922 880 1004 914 igitur
1025 881 1051 908 hi

265 921 315 948 soli
346 923 485 957 propheta:
511 927 587 955 sunt,
619 931 737 958 quorum
761 923 872 951 nomine
892 924 1054 952 inscribitur
1070 917 1090 944 Β

265 967 419 1002 prophetia.
431 967 497 995 Nam
514 969 652 1004 quomodo
668 968 778 996 Samuel
793 970 921 1005 princeps
935 971 1055 1006 prophe-

267 1019 353 1042 tarum
369 1016 517 1043 vocabatur
531 1016 543 1043 ?
559 1016 701 1049 Quomodo
718 1017 765 1044 lilii
791 1018 987 1052 prophetarum
1012 1019 1054 1046 di-

263 1061 397 1088 cebantur
419 1062 465 1097 qui
483 1063 560 1097 juxta
582 1063 667 1090 Eliam
699 1064 962 1099 congregabantur?
990 1064 1056 1092 Pro-

264 1107 358 1142 phetia
381 1107 454 1134 enim
478 1108 531 1135 ulla
546 1116 599 1136 nec
627 1109 724 1136 horum
742 1117 792 1136 nec
819 1109 927 1137 illorum
944 1111 1055 1138 nomine

264 1153 396 1188 inscripta
412 1153 540 1181 refertur.
555 1153 695 1189 Quotquot
711 1155 792 1190 igitur
823 1161 900 1183 erant
933 1156 1054 1191 philoso-

265 1199 337 1235 phia:
353 1199 445 1227 forsan
459 1204 522 1227 ante
536 1200 603 1226 alios
619 1201 710 1234 periti,
727 1201 754 1228 hi
771 1210 879 1236 quoque
895 1203 1055 1237 prophetico

264 1246 356 1274 studio
371 1246 491 1273 illustres
507 1245 571 1272 facti
586 1265 594 1277 .
621 1246 681 1273 sive
702 1247 773 1281 quod
810 1247 947 1275 historicis
978 1248 1055 1275 libris

265 1293 404 1328 inspirata:
425 1291 574 1327 Scriptura:
586 1299 757 1327 quacunque
782 1293 943 1328 prophetico
957 1294 1053 1329 spiritu

265 1339 393 1365 dixerunt
419 1341 466 1364 aut
480 1338 605 1365 fecerunt
627 1339 780 1374 conscripta
809 1344 889 1372 sunt,
915 1340 985 1367 sicut
1003 1341 1053 1367 Sa-

265 1384 354 1416 muel,
372 1382 444 1412 Elias
470 1389 498 1411 et
517 1384 647 1417 Elizaaus;
662 1385 719 1412 sive
730 1386 802 1420 quod
819 1386 904 1413 libros
931 1387 979 1422 ipsi
992 1395 1054 1421 pro-

266 1431 411 1465 pheticos,
433 1430 542 1458 alIlante
570 1431 674 1466 Spiritu
694 1452 701 1464 ,
723 1432 929 1465 condiderunt,
959 1434 1054 1467 quales

265 1476 342 1504 fuere
358 1476 502 1504 duodecim
517 1498 524 1510 ,
555 1482 583 1504 et
598 1477 682 1505 Isaias
697 1499 704 1510 ,
732 1483 760 1505 et
777 1478 927 1511 Jen‘mias,
944 1484 971 1506 et
989 1479 1054 1507 Eze-

265 1522 348 1555 chiel,
365 1527 392 1550 et
409 1523 514 1550 Daniel.
533 1523 606 1551 Inter
615 1532 683 1558 quos
699 1525 824 1552 Ezechiel
839 1525 949 1560 quidem
960 1530 987 1552 et
1001 1525 1053 1552 Da-

266 1566 330 1598 niel,
349 1567 462 1602 Aggzeus
475 1572 503 1594 ct
514 1567 669 1599 Zacharias,
688 1569 837 1603 captivitati
854 1569 945 1603 populi
958 1568 1053 1596 Judai-
1067 1582 1090 1612 ο

265 1612 290 1639 ci
305 1612 377 1647 apud
393 1612 520 1648 Assyrios
537 1614 704 1647 posteriores
721 1614 895 1648 prophetam.
922 1614 1055 1643 Jercmias

265 1661 357 1685 autem
374 1657 445 1684 hanc
461 1658 548 1692 ipsam
563 1658 749 1693 captivitatem
762 1659 934 1686 vaticinatur.
949 1659 1055 1695 Sopho-

265 1703 327 1729 nias
349 1711 406 1730 non
433 1707 492 1730 toto
507 1707 631 1738 tempore
658 1710 716 1731 sua:
732 1705 894 1739 prophetiae,
915 1705 963 1732 sed
979 1711 1056 1740 parte

267 1753 393 1780 tantum,
418 1748 510 1776 ﬂoruit
534 1753 666 1784 regnante
702 1749 794 1782 Josia;
823 1758 878 1784 quo
897 1750 979 1778 etiam
1011 1759 1054 1778 re-

266 1799 368 1829 gnante
383 1793 519 1822 Jeremias
530 1794 672 1822 vaticinari
688 1795 844 1830 incipiebat.
855 1797 953 1823 (ἕξοιετί
964 1802 1056 1824 autem

266 1839 344 1868 Isaiae
368 1841 479 1876 quidem
494 1841 738 1876 contemporanei,
764 1842 811 1869 sed
833 1842 978 1874 Samuele,
998 1843 1056 1871 Elia

266 1891 294 1913 et
310 1886 408 1914 Elisato
425 1887 601 1914 recentiores.
619 1886 647 1915 ld
664 1895 696 1915 ex
708 1895 742 1914 eo
766 1891 843 1922 patet
867 1889 940 1923 quod
960 1889 1056 1916 Elisazo

267 1933 395 1961 monienti
409 1933 496 1960 adfuit
520 1933 594 1966 Joas,
607 1941 655 1961 rex
680 1933 773 1961 Israel.
795 1934 823 1961 In
837 1934 935 1962 diebus
964 1939 1055 1963 autem

266 1979 430 2010 Jeroboam,
446 1987 502 2006 non
517 1979 565 2006 lilii
593 1980 699 2007 Nabatb
714 2000 720 2012 ,
738 1980 785 2008 sed
812 1980 859 2008 filii
881 1980 944 2008 Joas
955 1994 970 2013 ,-
987 1981 1057 2008 Osce

266 2025 437 2060 prophetiam
453 2025 518 2052 edit.
539 2025 626 2052 Simul
639 2033 700 2053 cum
715 2034 749 2053 eo
779 2025 932 2053 floruerunt
961 2027 1055 2058 Amos,

267 2071 395 2099 hliclneas
412 2075 440 2098 et
452 2071 554 2102 Isaias;
579 2071 651 2098 sient
669 2072 821 2098 enumerati
842 2072 869 2098 in
886 2072 976 2099 fronte
1000 2073 1058 2099 sin-

266 2117 391 2150 gulorum
406 2116 559 2151 prophetiae
572 2124 652 2152 reges
665 2117 787 2144 studiose
800 2118 931 2152 qmcrenti
940 2123 968 2145 et
981 2126 1057 2145 scru-

267 2163 334 2188 tanti
353 2163 475 2190 indicare
510 2167 635 2197 possunt.
653 2163 731 2196 Quod
745 2168 837 2191 autem
855 2164 933 2192 deest
944 2164 1057 2199 prologo

267 2208 425 2236 necessario
450 2209 599 2236 addemus:
621 2209 738 2241 scilicet,
755 2210 838 2237 Amos
854 2213 882 2237 et
897 2208 968 2237 Osee
985 2209 1057 2244 apud

1113 282 1182 309 Θεοῦ
1198 283 1224 309 οἱ
1234 283 1375 318 προφῆται
1398 282 1536 316 ἐλέγοντο·
1554 280 1629 315 δηλοῖ
1644 279 1672 305 δὲ
1687 279 1815 313 ’Δγγαῖος
1831 277 1904 314 οὕτω

1114 329 1164 364 μὲν
1182 330 1290 360 ἑαυτὸν,
1313 329 1385 355 οὕτω
1402 329 1430 355 δὲ
1442 327 1491 354 καὶ
1502 327 1566 358 τοὺς
1589 326 1686 357 ἄλλους
1702 325 1845 360 προφήτας
1859 332 1904 350 κε-

1113 374 1220 410 κληκὼς
1234 372 1274 406 οἷς
1282 374 1433 410 ὑπηρέταις
1440 374 1490 408 τῆς
1499 371 1598 399 ἑαυτοῦ
1609 370 1778 407 προφητείας
1790 369 1905 404 ἐκέχρη-

1111 429 1152 449 το.
1165 421 1234 456 Mal.
1248 421 1303 456 γάρ
1315 429 1322 435 ·
1343 429 1353 446 ι
1368 420 1423 446 Καὶ
1437 417 1516 446 εἶπεν
1531 419 1657 453 Ἀγγαῖος
1672 416 1787 452 ἄγγελος
1797 415 1903 450 Κυρίου

1111 467 1141 493 ὲν
1151 467 1278 500 ἀγγέλοις
1296 467 1399 502 Κυρίου
1415 466 1456 501 τῷ
1476 465 1543 500 λαῷ.
1559 473 1569 490 ›
1593 465 1672 495 Ἴσως
1688 463 1717 489 δὲ
1742 462 1790 489 καὶ
1816 461 1903 496 ὄνομα

1110 512 1190 539 τοῦτο
1202 512 1296 548 κύριον
1308 513 1322 539 ὁ
1348 512 1492 548 προφήτης
1505 511 1649 545 ἐκέκτητο.
1672 508 1756 536 Ἀλλὰ
1771 507 1825 543 μὴν
1850 508 1901 533 κά.

1110 561 1185 587 κεῖνο
1199 560 1357 596 προσθεῖναι
1368 560 1436 595 πρὸς
1449 558 1650 595 ἀκριΰεστέραν
1669 557 1771 590 γνῶσιν
1786 556 1841 581 τῶν
1859 555 1902 589 βί-

1110 606 1181 632 σλων
1193 607 1247 632 τῶν
1261 605 1438 642 προφητικῶν
1452 605 1536 638 ἄξιον,
1549 604 1587 636 ὡς
1610 603 1724 638 ἀρχαῖον
1740 601 1789 636 μὲν
1804 599 1839 636 ἧν
1851 602 1902 634 τῆς

1109 651 1280 686 προφητείας
1304 651 1335 678 τὸ
1347 651 1481 686 χάρισμα,
1503 650 1532 683 ἐξ
1547 649 1634 684 αὐτῆς
1648 647 1752 675 ἄνωθεν
1770 647 1821 681 τῆς
1846 645 1902 672 τῶν

1108 696 1261 731 ἀνθρώπων
1277 695 1463 731 δημιουργίας
1476 694 1642 730 ἀρξάμενον.
1656 693 1736 718 Ὥστε
1753 691 1799 718 τὴν
1815 690 1902 724 ’Δδὰμ

1108 743 1173 776 περὶ
1186 742 1236 777 τῆς
1254 741 1325 774 Εὔας
1337 741 1439 775 λέγειν,
1450 739 1612 777 προφητικῷ
1625 738 1748 773 δηλονότι
1763 737 1901 772 χαρίσμα-

1108 796 1144 814 τι·
1157 788 1284 814 ιἘνεκεν
1297 787 1392 814 τούτου
1404 787 1562 820 καταλείψει
1577 785 1719 820 ἄνθρωπος
1735 784 1781 809 τὸν
1795 782 1902 816 πατέρα

1107 834 1201 866 αὑτοῦ,
1218 834 1264 860 καὶ
1277 831 1327 869 τὴν
1345 833 1451 868 μητέρα
1475 832 1570 865 αὑτοῦ,
1598 832 1645 858 καὶ
1662 828 1902 865 προσκολληθήσε-

1106 889 1151 907 ται
1167 880 1236 915 πρὸς
1250 880 1299 915 τὴν
1311 881 1429 914 γυναῖκα
1449 879 1547 911 αὑτοῦ,
1567 878 1614 905 καὶ
1628 877 1736 904 ἔσονται
1751 876 1776 902 ot
1798 875 1846 901 δύο
1861 874 1901 905 είς

1106 926 1196 961 σάρκα
1211 926 1284 961 μίαν.
1306 935 1316 952 ι
1335 925 1463 961 Ἀδραὰμ
1472 925 1500 951 δὲ
1518 925 1662 960 προφήτης
1677 921 1742 957 παρ’
1759 919 1841 947 αὐτοῦ
1853 918 1901 946 τοῦ

1104 971 1184 1003 Θεοῦ,
1202 971 1289 998 ταῦτα
1304 973 1371 1006 πρὸς
1387 971 1433 998 τὸν
1448 970 1596 1006 ’Δῦιμέλεχ
1611 968 1745 999 εἰπόντος,
1761 965 1902 1002 προσηγό-

1106 1027 1198 1054 ρευται
1208 1026 1217 1034 '
1232 1027 1241 1044 ι
1253 1017 1365 1049 ’Δπόδος
1379 1017 1428 1052 τὴν
1439 1017 1555 1051 γυναῖκα
1569 1015 1608 1049 τῷ
1617 1013 1765 1048 ἀνθρώπῳ,
1777 1013 1820 1038 ὅτι
1835 1020 1903 1045 προ-

1105 1066 1194 1101 φήτης
1216 1064 1301 1091 ἐστίν.
1319 1073 1328 1090 ι
1359 1064 1396 1090 Οὐ
1414 1062 1490 1097 μόνοι
1522 1061 1612 1087 τοίνυν
1627 1059 1766 1094 προφῆται
1786 1057 1903 1091 γεγόνα-

1105 1120 1165 1143 σιν,
1181 1107 1219 1137 ὧν
1234 1109 1374 1146 ἔγγραφος
1388 1110 1405 1144 ἡ
1429 1108 1582 1142 προφητεία
1609 1106 1739 1140 φέρεται·
1756 1104 1818 1129 ἐπεὶ
1843 1103 1902 1134 πῶς

1107 1157 1154 1192 μὲν
1172 1155 1323 1190 ὁΣαμουὴλ
1341 1154 1488 1190 προφητῶν
1503 1153 1617 1188 ἔξαρχος
1632 1150 1827 1185 ἐπιυνόμαστο;
1842 1148 1901 1180 πῶς
1947 1153 1959 1162 ⁸

1104 1203 1132 1229 δὲ
1151 1202 1204 1228 υἱοὶ
1222 1201 1371 1236 προφητῶν
1387 1200 1413 1227 oi.
1424 1199 1602 1234 συναγόμενοι
1616 1196 1693 1232 παρὰ
1705 1195 1750 1222 τθιν
1766 1195 1901 1221 Ἐλισαῖον

1104 1247 1245 1281 ὲλέγοντο;
1263 1246 1419 1283 Προφητεία
1443 1245 1498 1280 γὰρ
1523 1245 1661 1278 ἔγγραφος
1676 1242 1706 1269 οὐ
1728 1241 1832 1268 τούτων
1851 1240 1902 1274 μὲν

1104 1292 1160 1325 οὖν,
1176 1293 1238 1319 οὐδὲ
1256 1292 1366 1319 ἐκείνων
1383 1291 1506 1327 φέρεται.
1517 1291 1595 1317 Ὅσοι
1607 1289 1695 1316 τοίνυν
1709 1286 1779 1323 ἦσαν
1790 1287 1841 1321 τὴν
1854 1295 1900 1320 φι-

1104 1339 1231 1373 λοσοφίαν
1247 1339 1313 1369 ίσως
1328 1337 1399 1372 ὑπὲρ
1411 1336 1475 1368 τοὺς
1488 1335 1583 1367 ἄλλους
1599 1333 1746 1367 ἐξαίρετοι,
1757 1329 1831 1359 οὗτοι
1853 1332 1900 1358 καὶ

1103 1385 1153 1420 τὴν
1167 1383 1339 1420 προφητικὴν
1356 1383 1474 1418 Θεωρίαν
1485 1381 1627 1416 γεγονότες
1640 1380 1782 1414 ἐπίσημοι,
1801 1378 1818 1414 ἦ
1838 1378 1900 1408 ταῖς

1106 1431 1255 1466 ἱστορικαῖς
1281 1429 1382 1464 βίϐλοις
1400 1429 1451 1464 τῆς
1475 1427 1665 1459 νθεοπνεύστου
1688 1425 1819 1460 Γραφῆς,
1849 1424 1900 1450 ὅσα

1105 1475 1269 1511 προφητικῷ
1283 1475 1425 1509 Πνεύματι
1437 1473 1560 1504 εἰπόντες
1574 1472 1591 1507 ἢ
1600 1472 1752 1507 πράξαντες
1765 1469 1900 1504 ὑπῆρχον,

1103 1521 1309 1555 ἀνεγράφησαν,
1320 1519 1416 1554 ὥσπερ
1432 1518 1571 1554 Σαμουὴλ,
1590 1517 1683 1547 Ἠλίας
1701 1524 1730 1542 τε
1745 1515 1794 1542 καὶ
1811 1514 1900 1541 'E‘ua-

1105 1568 1179 1598 σαίος
1189 1575 1196 1581 ·
1213 1566 1229 1602 ῆ
1243 1565 1363 1601 βίΰλους,
1377 1564 1574 1599 ἐπιτραπέντες
1584 1563 1658 1597 παρὰ
1671 1561 1718 1588 τοῦ
1729 1561 1901 1594 Πνεύματος,

1107 1613 1183 1640 αὐτοὶ
1209 1611 1382 1647 προφητιχὰς
1400 1610 1564 1642 συνέταξαν·
1587 1606 1637 1636 οἷοί
1653 1617 1724 1640 τινες
1740 1608 1766 1634 οἱ
1783 1607 1900 1638 δώδεκα,

1111 1659 1227 1690 Ἠσαίας
1243 1667 1283 1690 τε,
1295 1659 1342 1685 καὶ
1357 1657 1502 1692 Ἱερεμίας,
1520 1656 1567 1683 καὶ
1578 1655 1720 1690 Ἰεζεκιὴλ,
1737 1653 1786 1681 καὶ
1799 1652 1901 1687 Δανιὴλ

1106 1706 1250 1740 γεγόνασιν
1261 1713 1268 1719 ·
1282 1701 1319 1731 ὧν
1328 1703 1459 1737 ’ίεζεκιὴλ
1475 1703 1523 1738 μὲν
1543 1702 1589 1728 καὶ
1603 1701 1712 1736 Δανιὴλ,
1728 1699 1857 1734 ’Λγγᾱιός
1870 1707 1901 1725 τε

1107 1752 1153 1778 καὶ
1170 1750 1319 1786 Ζαχαρίας,
1337 1749 1387 1784 τῆς
1416 1748 1543 1779 ἁλώσεως
1565 1747 1614 1782 τῆς
1643 1747 1674 1779 ἐξ
1688 1745 1843 1781 Ἀσσυρίων
1862 1745 1902 1778 τῷ

1106 1797 1163 1832 λαῷ
1176 1797 1319 1831 συμϐάσης
1335 1795 1390 1822 τῶν
1405 1794 1551 1826 Ἰουδαίων,
1573 1793 1682 1828 ὕστεροι
1709 1792 1900 1829 προφητεύου-

1108 1851 1160 1869 σιν.
1183 1842 1318 1876 Ἱερεμίας
1331 1841 1360 1867 δὲ
1372 1840 1476 1875 ταύτην
1493 1839 1660 1875 προφητεύει
1677 1838 1728 1873 τὴν
1751 1838 1871 1864 ἅλωσιν·
1886 1838 1902 1863 ό

1108 1887 1237 1922 Σοφονίας
1251 1887 1282 1914 οὑ
1296 1887 1386 1913 πάντα
1403 1887 1448 1913 τὸν
1465 1886 1562 1921 καιρὸν
1577 1885 1627 1920 τῆς
1642 1885 1824 1920 προφητείας,
1843 1883 1902 1910 ἀλλ’

1107 1933 1161 1959 ἀπὸ
1177 1932 1278 1967 μέρους
1295 1932 1481 1967 συνήκμασεν,
1513 1930 1560 1957 ἐπὶ
1573 1930 1623 1965 τῆς
1635 1928 1738 1956 Ἰωσίου
1761 1927 1901 1962 βασιλείας

1109 1977 1320 2014 προφητεύσας·
1347 1978 1391 2011 ἐφ’
1419 1974 1450 2004 οὗ
1479 1976 1529 2011 τῆς
1559 1976 1728 2011 προφητείας
1764 1973 1902 2008 Ἱερεμίας

1107 2024 1222 2060 ἤρξατο·
1236 2025 1260 2050 οἱ
1269 2024 1358 2050 λοιποὶ
1371 2023 1400 2050 δὲ
1414 2023 1524 2050 Ἡσαΐου
1537 2022 1587 2058 μὲν
1601 2022 1756 2056 σύγχρονοι,
1770 2019 1839 2046 ἀλλὰ
1855 2019 1902 2045 καὶ

1108 2069 1246 2104 Σαμουὴλ,
1259 2068 1419 2101 καὶἭλίου,
1432 2068 1479 2095 καὶ
1495 2066 1648 2094 Ἐλισσαίου
1661 2065 1798 2100 νεώτεροι.
1812 2065 1901 2099 Δῆλον

1108 2116 1163 2150 γὰρ
1177 2116 1223 2150 ἀφ’
1250 2111 1288 2143 ὧν
1307 2114 1345 2149 τῷ
1363 2115 1413 2150 μὲν
1437 2113 1583 2148 Ἐλισσαίῳ
1599 2112 1691 2147 παρῆν
1717 2111 1795 2142 Ὶωίς
1819 2111 1834 2136 ὸ
1852 2109 1901 2137 τοῦ

1108 2161 1215 2196 Ἰσραὴλ
1230 2161 1368 2196 βασιλεὺς,
1382 2160 1427 2187 τὸν
1444 2159 1501 2194 βίον
1518 2158 1712 2194 μεταλλάττει·
1728 2157 1757 2182 ὲν
1780 2155 1902 2190 ἡμέραις

1108 2208 1136 2234 δὲ
1153 2208 1303 2243 Ίεροὸοὰμ,
1311 2207 1342 2234 οὺ
1353 2207 1402 2234 τοῦ
1415 2206 1473 2234 υίοῦ
1484 2205 1590 2236 Ναυὰτ,
1604 2203 1672 2230 ἀλλὰ
1682 2202 1730 2229 τοῦ
1742 2202 1801 2229 υίοῦ
1811 2201 1899 2232 Ίωᾶς,

265 2254 388 2282 Judmam
413 2259 440 2282 et
469 2254 620 2281 Samariam
647 2255 881 2290 prophetaverunt
904 2264 911 2282 :
942 2261 970 2283 et
994 2256 1057 2284 ideo

1115 2254 1196 2288 Ὠσηὲ
1222 2254 1273 2288 τὴν
1302 2253 1473 2289 προφητείαν
1500 2251 1658 2278 ὲκτίθεται”
1687 2249 1776 2283 τούτῳ
1799 2248 1829 2274 δὲ
1854 2248 1902 2274 καὶ

266 2302 337 2328 inter
369 2308 446 2335 reges
483 2300 562 2327 Iuda:
592 2299 760 2333 Jcroboam,
796 2301 842 2336 qui
874 2302 968 2330 decem
1005 2301 1056 2329 tri-

264 2347 349 2375 buum
367 2346 451 2374 Israel
473 2350 660 2381 separatarum
684 2347 771 2374 tenuit
790 2352 940 2382 sceptrum.
964 2356 1051 2376 attnu-

265 2395 383 2419 merant.
404 2392 480 2418 Patet
495 2396 586 2418 autem
603 2391 740 2418 Amaliam
771 2393 940 2419 sacerdotem
958 2393 1055 2421 Bethel

265 2436 324 2464 haec
340 2437 373 2464 ad
387 2437 472 2464 Amos
483 2436 600 2465 dixisse:
619 2447 628 2462 ι
640 2436 795 2472 Trasmigra
824 2437 851 2464 in
872 2442 972 2465 terram
985 2438 1055 2466 Juda

266 2485 295 2508 et
318 2481 354 2508 ibi
373 2481 433 2509 tive
447 2502 455 2514 ,
472 2487 500 2510 et
514 2483 551 2510 ibi
585 2482 780 2518 prophetabis:
797 2482 826 2509 In
845 2482 940 2511 Bcthel
964 2489 1054 2511 autem

267 2534 324 2553 non
339 2527 463 2561 adiicias.
481 2538 489 2554 ι
509 2528 647 2563 Quotquot
660 2532 751 2555 autem
763 2528 863 2556 futura).
879 2528 979 2557 Iudaeae
989 2537 1054 2564 pro-

270 2572 391 2607 phetiam
420 2574 654 2608 praedicaverunt,
672 2574 700 2602 hi
714 2574 802 2602 solum
832 2582 911 2611 reges
944 2576 971 2602 in
993 2583 1053 2603 eam

267 2623 414 2653 regnantes
429 2624 650 2647 commemorant.

269 2665 380 2701 Ἰσραὴλ
395 2665 531 2701 βασιλείας
557 2667 694 2702 ἐσχηκότα
712 2667 879 2700 συνέταξανο
894 2668 974 2704 δῆλον
994 2668 1022 2695 δὲ
1036 2669 1078 2696 ὃτι

1116 2299 1206 2335 ’Δμὼς
1219 2300 1266 2326 καί
1279 2300 1399 2334 Μιχαίας
1415 2299 1461 2325 καὶ
1481 2297 1596 2328 Ἡσαΐας
1614 2296 1810 2331 συνήκμασαν·
1826 2293 1864 2325 ὡς
1877 2293 1901 2320 οἱ

1109 2346 1327 2381 προτεταγμένοι
1357 2347 1408 2380 τῆς
1437 2344 1555 2370 ἑκάστου
1582 2341 1751 2377 προφητείας
1779 2339 1902 2374 βασιλεῖς

1109 2392 1254 2418 παιδεῦσαι
1270 2392 1314 2418 τὸν
1330 2391 1384 2418 ἀπὸ
1399 2390 1517 2423 σπουδῆς
1537 2387 1694 2424 μελετῶντά
1707 2395 1737 2413 τε
1756 2386 1803 2414 καὶ
1811 2386 1901 2420 ψηλα-

1109 2438 1201 2472 φῶντα
1213 2438 1351 2464 δύνανται.
1368 2437 1458 2471 Ὅπερ
1473 2437 1502 2462 δὲ
1517 2435 1611 2462 λοιπόν
1625 2435 1685 2460 ἑστι
1703 2433 1743 2468 τῷ
1762 2431 1900 2467 προλόγῳ,

1108 2483 1265 2517 ἀναγκαίως
1283 2482 1474 2518 προσθήσομεν
1486 2489 1492 2496 ο
1512 2481 1549 2512 ὼς
1562 2479 1654 2515 ’Δμὼς
1669 2479 1714 2506 καὶ
1734 2478 1812 2512 Ὠσηὲ
1831 2477 1901 2503 κατά

1107 2529 1157 2564 τὴν
1169 2529 1299 2555 Ἰουδαίαν
1311 2528 1359 2554 καὶ
1374 2527 1532 2562 Σαμάρειαν
1542 2525 1782 2560 προφητεύσαντες
1793 2523 1900 2557 ἔτυχον,

1107 2576 1155 2602 καὶ
1173 2577 1268 2602 τούτου
1294 2575 1375 2610 χάριν
1399 2575 1454 2605 τοῖς
1473 2572 1614 2608 βασιλεῦσι
1634 2572 1683 2607 τῆς
1702 2570 1836 2600 Ἰουδαίας
1856 2569 1902 2594 τὸν

1113 2622 1254 2658 Ἱεροὸοὰμ
1268 2622 1314 2648 τὸν
1325 2621 1358 2647 τὰ
1368 2621 1435 2647 δέκα
1449 2620 1578 2655 σκῆπτρα
1595 2618 1645 2652 τῆς
1656 2615 1852 2651 ἁφορισθείσης
1863 2613 1902 2649 τῷ

1100 2670 1234 2705 ’Δμασίας
1249 2670 1263 2695 ό
1288 2669 1379 2703 ἱερεὺς
1394 2667 1495 2702 Βαιοὴλ
1519 2665 1634 2693 τοιαῦτα
1655 2664 1722 2699 πρὸς
1745 2663 1791 2689 τὸν
1807 2660 1901 2697 ’Δμὼς

267 2709 419 2745 ἐφθέγξατο
434 2716 442 2724 ”
462 2709 654 2746 ιἘκχώρησον
671 2713 711 2744 είς
732 2713 784 2748 γῆν
805 2713 908 2746 Ἰούδα,
939 2713 985 2741 καὶ
1008 2715 1068 2742 ἐκεῖ
1093 2714 1240 2746 καταὸξου,
1268 2714 1315 2740 καὶ
1330 2715 1390 2741 ἐκεῖ
1418 2711 1630 2749 προφητεύσεις.
1648 2720 1657 2736 ι
1682 2709 1729 2741 Είς
1752 2709 1779 2734 δὲ
1797 2707 1900 2742 Βαιῧὴλ

269 2757 362 2786 οὐκέτι
377 2756 500 2792 προσθῇς
512 2766 520 2774 ·
535 2760 592 2786 ὅσοι
607 2758 634 2784 δὲ
657 2759 706 2794 τῆς
725 2760 859 2793 Ἰουδαίας
875 2761 1006 2798 ἐσομένης
1028 2761 1078 2797 τὴν
1098 2761 1264 2798 προφητείαν
1287 2760 1434 2796 ἐκήρυξαν,
1451 2756 1523 2786 οὗτοι
1537 2759 1616 2794 μόνον
1627 2756 1681 2784 τῶν
1690 2756 1718 2783 ὲν
1735 2755 1805 2790 αὐτῇ
1823 2754 1900 2788 βασις

268 2804 423 2835 λευσάντων
438 2806 602 2840 μέμνηνται.
