2056 3148
166 193 234 228 1345

291 267 467 298 ΚΕΦΑΛΔΙΑ
484 272 523 308 (3)
540 274 628 301 ΩΣΗΕ
644 275 839 304 ΠΡΟΦΗΤΟΥ.

196 327 232 351 α’.
246 324 337 353 Είκὼν
355 326 405 362 τῆς
416 328 470 355 τῶν
495 329 631 358 Ἰουδαίων
654 333 828 369 συναγωγῆς,
855 333 885 366 ἐξ
898 332 932 371 ῆς
946 335 960 361 ὀ

163 369 282 409 Χριστὸς
290 372 320 398 τὸ
329 375 398 401 κατὰ
416 375 504 410 σάρκα
518 376 640 405 τίκτεται
650 386 657 393 ·
671 379 719 405 καὶ
736 379 801 406 λαοῦ
817 380 847 407 τὺ
862 369 916 415 μὲν
931 381 959 407 ἐν

163 418 278 454 ἀπιστίᾳ
298 418 416 455 ἔμεινεν,
432 422 461 448 τὸ
472 422 501 450 δέ
527 423 640 460 ὕστερον
654 426 814 462 ἐπιστρέφει
836 427 883 455 καὶ
905 427 958 454 σώ-

162 462 250 494 ζεται.

203 519 235 555 β’.
251 521 364 557 ’Δπειλὴ
376 523 447 550 κατὰ
460 524 510 559 τῆς
530 527 692 562 συναγωγῆς
703 547 710 559 ,
725 528 766 556 ὅτι
779 529 888 557 πάντων
904 531 958 558 τῶν

161 566 293 594 δοθέντων
305 569 375 604 αὐτῇ
389 570 464 605 παρὰ
477 570 545 598 Θεοῦ
561 572 681 606 ἀγαθῶν,
706 574 775 602 ἀλλὰ
786 576 834 603 καὶ
850 573 888 604 ὧν
899 577 957 604 ἐδο-

161 612 208 646 ξεν
222 613 254 639 ἐκ
265 613 320 640 τῶν
334 615 452 642 εἰδώλων
471 617 554 652 ἔχειν¹
571 620 794 655 γυμνωθήσεται,

195 662 231 692 γ’.
243 660 266 685 Π
270 660 408 695 ρόρῤησις,
423 662 497 695 ὅπως
510 665 526 699 ή
537 664 587 699 μὲν
598 665 747 702 Συναγωγὴ
757 667 811 694 τῶν
820 668 956 696 Ἰουδαίων

158 705 345 738 ταπεινοῦται,
358 707 404 734 καὶ
413 708 461 742 τῆς
476 708 600 742 δουλείας
609 711 659 745 τῆς
669 711 724 738 τῶν
740 712 858 740 εἰδώλων
869 714 956 742 παύε-

159 758 204 777 ται
215 759 221 765 ·
235 751 262 777 οι
281 751 310 785 ἐξ
320 752 408 788 αὐτῆς
422 753 451 780 δὲ
479 755 676 789 πιστεύσαντες
698 760 894 794 κοινωνήσουσι
907 761 956 797 τῆς

158 796 224 828 νέας
240 796 384 834 διαθήκης,
401 799 448 826 καὶ
464 799 518 826 τῶν
531 802 561 828 ἐν
574 802 684 839 Χριστῷ
711 805 871 842 μυστηρίων
898 808 956 839 τοῖς

158 842 259 870 ἔθνεσι.

192 900 224 928 δ’.
240 902 400 939 Κατηγορία
410 905 460 940 τῆς
474 905 700 942 Συναγωγῆς,ὂτι
715 909 793 944 παρὰ
803 910 871 937 Θεοῦ
885 911 953 946 ἀγα-

157 947 273 982 πωμένη
287 949 344 980 τοῖς
363 949 486 983 εἰδώλοις
512 953 689 989 προσέδραμε
700 964 706 971 ·
723 956 770 982 καὶ
786 956 950 992 πρόρρησις,
969 947 989 974 Β

156 992 232 1040 ὅπως
248 993 404 1030 ὁλοκλήρως
418 997 487 1033 αὐτῇ
503 998 539 1025 τὰ
557 999 606 1033 τῆς
621 1000 739 1035 ἀρχαίας
750 1001 887 1035 πολιτείας
899 1004 950 1040 ἁρ-

156 1039 240 1074 γήσῃ,
253 1039 321 1074 αὑτὴ
333 1040 362 1067 δὲ
378 1042 531 1079 ἐπιστρέψῃ
548 1044 616 1080 πρὸς
631 1045 676 1073 τὸν
687 1047 806 1082 Χριστὸν
817 1050 857 1081 είς
872 1039 950 1077 ὕστε-

157 1091 214 1119 ρον.

189 1145 222 1171 s'.
239 1143 371 1180 Διήγησις
389 1142 427 1172 ὧν
437 1147 451 1173 δ
464 1146 528 1180 λαὸς
542 1148 598 1175 τῶν
612 1149 748 1178 Ἰουδαίων
761 1152 807 1179 καὶ
817 1153 842 1179 οἰ
856 1154 950 1181 τούτου

156 1187 240 1223 ἱερεῖς
250 1189 369 1223 ἠσέϐουν
382 1191 429 1218 καὶ
440 1192 613 1228 ἡμάρτανον.

193 1235 230 1266 ς’.
244 1235 406 1283 κατηγορία
418 1239 472 1265 τῶν
487 1239 641 1269 Ἰουδαϊκῶν
653 1243 794 1279 ἀρχόντων
803 1254 809 1260 ·
821 1245 861 1273 ὅτι
874 1247 950 1283 παρὰ

155 1280 205 1316 τὴν
219 1281 311 1308 αὐτῶν
326 1283 416 1310 αίτίαν
430 1285 444 1311 ὁ
468 1284 533 1318 λαὸς
557 1286 746 1324 ἐξημάρτανε·
762 1292 808 1318 καὶ
830 1280 951 1327 γνησίως

157 1327 208 1362 μὲν
216 1328 284 1363 πρὸς
297 1329 343 1356 τὴν
358 1329 425 1357 Θεὸν
450 1332 501 1358 οὐκ
516 1333 695 1370 ἐπέστρεφον,
720 1338 789 1371 μετὰ
805 1338 907 1365 θυσιῶν
922 1339 950 1366 δὲ

155 1373 236 1400 αὐτὴν
248 1374 354 1410 ἀλόγων
372 1376 476 1412 ἐζήτει,
492 1379 539 1405 καὶ
549 1379 592 1406 διὰ
604 1380 684 1408 τοῦτο
697 1381 747 1418 οὐχ
761 1382 888 1420 ηὕρισκε.

190 1429 224 1462 ζ’.
239 1431 418 1469 Πρόσταγμα,
444 1435 616 1471 κηρυχθῆναι
641 1436 686 1465 οἷα
709 1439 724 1465 ὸ
750 1439 813 1472 λαδς
831 1441 880 1476 μὲν
896 1442 950 1469 τῶν

154 1475 292 1523 Ἰουδαίων
307 1480 476 1517 ἐξήμαρτεν·
502 1483 517 1509 ὁ
532 1483 650 1518 Χριστὸς
665 1484 695 1511 δὲ
715 1485 759 1512 διὰ
774 1475 950 1523 τοῦγμυστη-

155 1521 215 1570 ρίου
231 1524 279 1550 καὶ
291 1525 341 1560 τῆς
357 1526 536 1561 ἀναστάσεως
549 1529 597 1557 καὶ
609 1530 660 1566 τῆς
676 1531 837 1567 ἀναλήψεως
852 1533 902 1570 τῆς
910 1521 950 1567 εἰς

153 1568 285 1604 οὐρανοὺς
300 1570 427 1607 ἔπραξεν.

699 204 739 236 ΙΝ
760 206 817 236 ΧΠ
838 207 1061 238 PROTIIETAS
1082 209 1263 241 MINORES.

1736 212 1802 245 1346

1189 281 1313 310 CAPITA
1330 282 1420 310 OSEE
1441 282 1647 311 ΡΒΟΡΙΙΕΤᾸΞ.

1045 336 1066 364 1.
1088 337 1195 374 Elligies
1208 339 1353 375 Synagogae
1367 339 1524 369 Jnd;eorum
1544 349 1575 369 ex
1602 350 1655 376 .iuu
1674 342 1800 369 Christus

1009 383 1159 411 secundum
1178 391 1290 412 carnem
1315 386 1449 419 nascitur,
1468 391 1495 414 et
1509 387 1602 423 populi
1620 386 1629 424 [
1646 387 1692 423 qui
1709 387 1718 424 ξ
1743 388 1801 423 pri-

1011 437 1084 457 mum
1106 430 1217 465 quidem
1243 431 1270 458 in
1298 432 1490 461 incredulitate
1521 434 1682 469 permansit,
1706 438 1800 470 postea

1008 482 1074 503 vero
1092 483 1122 503 se
1141 477 1275 504 c0nvertit
1290 482 1317 505 ct
1335 478 1465 506 salvatur.

1043 529 1077 558 Il.
1100 531 1179 559 Minae
1210 533 1342 560 adversus
1365 533 1545 570 Synagogam,
1574 535 1679 563 scilicet
1708 536 1799 564 omni-

1007 576 1059 604 bus
1089 585 1103 604 a
1130 578 1185 606 Deo
1201 580 1322 614 acceptis
1338 580 1419 608 bonis
1431 601 1440 614 ,
1457 581 1522 616 quin
1537 581 1621 609 etiam
1645 582 1677 610 iis
1691 590 1751 617 quae
1764 582 1798 610 ab

1008 623 1086 652 idolis
1100 624 1224 653 obtinere
1240 627 1355 655 sibivisa
1369 631 1421 661 est,
1439 629 1567 656 nudatam
1578 629 1620 657 iri.

1044 670 1087 697 Ill.
1112 672 1259 700 Prredictio
1288 675 1426 709 quomodo
1463 675 1621 704 Judzeorum
1657 675 1798 712 Synagoga

1007 715 1176 750 liumiliatur,
1192 724 1219 745 et
1237 726 1253 746 a
1271 720 1403 748 servitute
1430 721 1564 749 idolorum
1588 722 1729 750 liberatur.
1746 723 1798 756 Qui

1006 770 1040 789 cx
1055 770 1087 790 ea
1102 764 1270 792 crediderint
1300 766 1544 795 communicabunt
1579 775 1642 796 cum
1671 769 1798 805 gentibus

1006 816 1105 836 novum
1122 809 1212 838 fatdus
1227 815 1255 838 et
1281 811 1308 839 in
1326 811 1435 840 Christo
1457 813 1596 848 mysteria.

1041 915 1086 943 IV.
1106 916 1254 944 Accusatio
1275 916 1433 953 Synagogae,
1450 918 1533 953 quod,
1552 925 1613 946 cum
1633 927 1647 946 a
1663 919 1719 947 Deo
1733 920 1797 948 dili-

1003 965 1113 996 geretur
1126 982 1134 995 ,
1154 962 1187 989 ad
1208 963 1280 990 idola
1303 971 1333 991 se
1359 964 1518 992 contulerit.
1528 964 1562 991 Et
1573 965 1712 999 pncdictio
1726 973 1795 1000 quo-

1002 1008 1083 1035 modo
1099 1015 1180 1036 suum
1205 1009 1243 1036 illi
1257 1010 1398 1044 antiquum
1421 1010 1541 1046 regimen
1561 1011 1672 1038 omnino
1689 1012 1794 1040 irritum

1002 1054 1068 1087 ﬁct;
1086 1054 1145 1090 ipsa
1160 1061 1226 1083 vero
1246 1062 1275 1083 se
1289 1061 1431 1084 convertet
1445 1060 1538 1092 postea
1558 1058 1591 1085 ad
1613 1057 1764 1086 Christum.

1037 1147 1070 1175 V.
1091 1147 1218 1176 Narratio
1234 1157 1330 1177 corum
1345 1150 1373 1177 in
1389 1151 1490 1185 quibus
1501 1150 1659 1179 Iudaeorum
1676 1153 1795 1187 populus

1001 1198 1029 1222 et
1041 1194 1102 1230 ejus
1115 1195 1271 1222 sacerdotes
1289 1195 1372 1230 impie
1383 1199 1497 1231 egerunt
1510 1201 1538 1224 ct
1552 1203 1744 1232 peccaverunt.

1037 1240 1080 1268 \‘l.
1107 1241 1253 1269 Accusatio
1275 1241 1433 1269 Iudaeorum
1460 1242 1615 1277 principum
1628 1264 1635 1276 ,
1654 1244 1726 1278 quod
1747 1252 1795 1279 per

1001 1294 1096 1314 eorum
1118 1288 1227 1322 culpam
1240 1287 1358 1323 populus
1373 1288 1513 1323 peccavit,
1532 1296 1584 1316 nec
1600 1290 1718 1325 ingenue
1734 1291 1795 1325 qui-

1001 1334 1062 1361 dem
1080 1334 1113 1361 ad
1133 1334 1218 1361 Deum
1251 1342 1280 1361 se
1296 1334 1443 1368 convertit;
1459 1336 1509 1363 sed
1525 1342 1587 1363 eum
1617 1344 1680 1363 cum
1706 1336 1793 1372 illegi-

1002 1379 1075 1407 timis
1098 1380 1216 1408 victimis
1241 1381 1340 1416 quierit
1368 1385 1396 1408 et
1408 1385 1553 1416 propterea
1571 1389 1625 1409 non
1642 1382 1757 1411 invenit.

1036 1437 1092 1466 νη.
1112 1437 1203 1466 Jussio
1216 1442 1246 1466 ut
1274 1438 1452 1466 denuntietur
1471 1447 1531 1474 quae
1546 1440 1663 1475 populus
1683 1439 1793 1469 διιδωο-

1002 1491 1061 1511 rum
1085 1484 1258 1520 peccaverit;
1274 1492 1335 1520 quae
1364 1490 1456 1514 autem
1484 1486 1615 1514 Christus
1637 1494 1686 1522 per
1703 1494 1794 1514 resur-

1002 1530 1132 1558 rectionis
1148 1535 1176 1559 et
1189 1532 1357 1560 ascensionis
1364 1532 1524 1568 mysterium
1535 1533 1668 1561 effecerit.

188 1630 224 1660 η’.
246 1628 378 1661 Ἔνδειξις
389 1630 439 1665 τῆς
457 1631 504 1658 τοῦ
516 1630 584 1658 Θεοῦ
601 1633 818 1670 φιλανθρωπίας,
838 1637 886 1664 καὶ
900 1638 950 1674 τῆς

1037 1633 1107 1662 Vlll.
1129 1633 1335 1663 Demonstratio
1369 1635 1455 1663 divini
1475 1636 1503 1664 in
1537 1636 1664 1664 homines
1691 1637 1793 1665 amoris

154 1671 209 1720 τῶν
224 1674 361 1720 Ἰουδαίων
390 1676 608 1714 ἀγνωμοσύνης·
629 1680 677 1707 καὶ
695 1682 857 1718 παραίνεσις
881 1671 950 1720 πρδς

154 1718 265 1752 αὐτοὺς,
279 1720 387 1754 ἴνατοῖς
406 1722 496 1751 ἔθνεσι
506 1724 557 1760 τῆς
575 1726 746 1762 ἐπιστροφῆς
761 1727 808 1755 καὶ
828 1728 879 1764 τῆς
903 1718 950 1763 ἐξ·

154 1765 346 1801 ομολογήσεως
359 1767 399 1804 τῷ
408 1768 493 1806 λῃστῇ
501 1769 540 1806 τῷ
554 1772 627 1800 κατὰ
637 1772 683 1800 τὸν
695 1774 793 1811 καιρὸν
806 1775 853 1802 τοῦ
866 1784 949 1803 σταυ-

155 1812 203 1847 ροῦ
218 1813 333 1840 σωθέντι
346 1816 543 1851 κοινωνήσωσι.

189 1857 222 1886 0'.
236 1860 400 1896 Κατηγορία
423 1862 470 1889 τοῦ
484 1863 614 1899 αἰσθητοῦ
638 1863 757 1901 Ἰσραὴλ,
778 1866 830 1894 ὅσα
845 1868 886 1899 εἰς
902 1869 949 1896 τὸν

153 1905 272 1940 Χριστὸν
282 1906 418 1944 διαφόρως
436 1907 591 1945 ἐξήμαρτε’
615 1912 662 1938 καὶ
682 1913 724 1939 ὃτι
741 1913 949 1950 παλαιωθείσης

154 1951 246 1978 αὐτῶν
257 1952 307 1984 τῆς
319 1952 457 1985 πολιτείας
464 1953 514 1980 οὐκ
528 1954 688 1989 ᾐσθάνοντο,
700 1956 842 1991 ἐζήλωσαν
853 1958 882 1984 δέ
894 1958 948 1985 τῶν

153 1996 239 2023 ἐθνῶν
260 1998 310 2033 τὴν
325 1998 442 2034 ἀρχαίαν
458 1999 598 2034 ἀσέϐειαν,
625 2000 684 2028 ἀνθ’
696 1998 734 2029 ὥν
747 2002 840 2035 αὐτοῖς
853 2003 950 2030 ταπεί-

154 2051 237 2070 νωσιν
251 2043 395 2079 ἠπείλησε.

191 2093 217 2117 ι’.
237 2090 344 2125 Θρῆνος
357 2091 406 2118 τοῦ
421 2091 486 2118 λαοῦ
501 2091 555 2119 τῶν
573 2092 719 2126 Ἰουδαίων,
729 2092 773 2121 οἶα
790 2095 840 2130 μὲν
853 2095 893 2127 εἰς
903 2096 949 2123 τὸν

153 2134 220 2161 Θεὸν
240 2135 405 2171 ἐξήμαρτεν,
422 2133 467 2164 οἷα
489 2137 517 2164 δὲ
539 2137 604 2174 παρ’
615 2138 701 2165 αὐτοῦ
725 2139 926 2176 ἐπαιδεύθησαν
939 2149 946 2157 ·

153 2181 202 2208 καὶ
214 2182 289 2213 ὅπως
304 2182 348 2210 διὰ
360 2183 411 2219 τὴν
424 2183 531 2220 πλάνην
546 2184 600 2211 τῶν
613 2184 730 2213 εἰδώλων
745 2186 881 2222 ἀπόληται
901 2188 950 2214 αὑ-

152 2226 208 2253 ·ιῶν
223 2227 238 2253 ὸ
249 2226 312 2259 ναδς
335 2227 381 2254 καὶ
404 2228 421 2264 ὴ
442 2227 534 2264 χώρα·
549 2229 595 2255 καὶ
617 2228 689 2265 ἅπερ
703 2229 798 2257 ἐλαὸον
814 2231 889 2267 παρὰ
901 2231 948 2259 τοῦ

152 2272 221 2299 Θεοῦ
234 2274 349 2309 νόμιμα.

190 2332 235 2356 ια’.
254 2330 422 2364 ’Δπὸγνωσις
435 2331 485 2367 τῆς
501 2332 650 2368 Ἰουδαϊκῆς
665 2333 763 2369 χαρᾶς,
778 2334 836 2361 ἀνθ’
850 2331 887 2362 ὧν
899 2343 946 2370 μι-

153 2376 309 2412 μησάμενοι
322 2376 377 2404 τῶν
391 2377 476 2405 ἐθνῶν
492 2377 542 2415 τὴν
563 2378 701 2413 ἀσέϐειαν,
715 2378 765 2411 τὰς
787 2378 883 2412 Θυσίας
897 2381 944 2407 τοῦ

151 2421 222 2449 Θεοῦ
237 2422 285 2450 καὶ
297 2424 345 2455 τὰς
357 2423 475 2455 σπονδὰς
486 2424 629 2459 ἐμόλυναν,
642 2424 689 2452 καὶ
702 2424 752 2460 τὴν
762 2424 817 2452 τῶν
827 2425 944 2453 εἰδώλων

153 2469 260 2506 πλάνην
275 2470 315 2502 εἰς
329 2470 374 2497 τὸν
390 2470 454 2498 ναὸν
468 2471 626 2507 εἰσήγαγον.

187 2525 232 2560 ιβ’.
246 2525 341 2557 Ὅπως
349 2525 395 2554 τὸν
411 2526 520 2562 Ἰσραὴλ
534 2526 683 2563 ἀγαπητῶς
694 2527 781 2560 ὁΘεὸς
794 2528 944 2562 ἐξελέξατο,

150 2570 230 2596 αὐτοὶ
242 2569 272 2596 δὲ
281 2570 402 2604 εἰδώλοις
416 2571 616 2608 προσέδραμον,
630 2571 733 2599 καὶτοῦ
743 2573 811 2606 Θεοῦ
823 2573 873 2609 τῆς
884 2573 945 2600 δου-

150 2615 227 2647 λείας
240 2616 411 2652 ἀπέστησαν,
426 2617 474 2644 καὶ
484 2618 544 2644 οὐδὲ
555 2616 584 2650 ἐξ
595 2617 685 2644 αὐτῶν
698 2617 744 2645 τὸν
752 2618 871 2655 Χριστὸν
883 2628 947 2655 σαρ-

151 2661 277 2691 κωθέντα
291 2663 459 2699 ᾐδέσθησαν·
475 2663 537 2691 ὅθεν
552 2663 644 2696 αὐτοῖς
659 2663 716 2699 ἀρά
729 2664 883 2701 ἀκαρπίας,
897 2665 945 2692 καὶ

150 2707 202 2743 τῆς
216 2708 258 2742 ιίς
271 2709 308 2736 τὰ
322 2709 387 2746 ἔθνη
402 2710 551 2746 διασπορᾶς
569 2710 713 2745 ἐπάγεται.

1000 1678 1212 1716 Judaeorumque
1237 1681 1407 1709 immemoris
1424 1682 1519 1710 animi.
1543 1682 1577 1709 Et
1593 1683 1627 1710 ad
1651 1683 1723 1718 ipsos
1745 1691 1791 1710 ex-

1001 1725 1120 1753 hortatio
1135 1730 1165 1753 ut
1177 1726 1299 1762 gentium
1308 1727 1499 1755 conversionis
1514 1732 1542 1755 et
1553 1728 1668 1756 latronis
1683 1728 1711 1756 in
1724 1733 1794 1756 tem-

1000 1778 1067 1805 pore
1079 1771 1167 1799 crucis
1180 1770 1277 1799 salvati
1291 1772 1441 1807 participes
1456 1772 1532 1800 ﬁant.

1035 1864 1081 1892 IX.
1102 1864 1248 1893 Accusatio
1264 1865 1396 1894 adversus
1419 1866 1575 1894 sensualem
1593 1866 1676 1895 Israel
1688 1868 1793 1896 scilicet

999 1915 1066 1945 quot
1082 1915 1111 1938 et
1137 1915 1240 1946 quanta
1264 1911 1292 1938 in
1314 1911 1454 1939 Christum
1485 1913 1654 1947 peccaverit,
1672 1917 1701 1941 et
1718 1914 1792 1948 quod

999 1954 1171 1988 antiquatum
1185 1962 1265 1981 suum
1280 1955 1402 1990 regimen
1430 1963 1485 1984 non
1502 1957 1631 1990 senserit,
1646 1957 1695 1985 sed
1706 1965 1792 1986 33m“-

999 1999 1069 2026 latus
1087 1999 1122 2026 sit
1135 1999 1257 2034 gentium
1274 2000 1416 2034 antiquam
1433 2000 1600 2036 impietatem
1613 2023 1621 2036 ,
1653 2010 1704 2037 pro
1730 2003 1792 2038 qui-

999 2045 1051 2079 bus
1074 2045 1234 2072 criminibus
1254 2045 1472 2074 humiliationem
1497 2047 1563 2082 ipsis
1583 2048 1717 2076 minatur.

1035 2090 1069 2117 X.
1091 2090 1263 2118 Lamentatio
1277 2092 1370 2127 populi
1381 2091 1549 2127 Iudaeorum,
1567 2098 1668 2129 quanta
1679 2095 1791 2131 quidem

1000 2137 1026 2164 in
1045 2136 1130 2164 Deum
1149 2137 1314 2172 peccaverit,
1333 2138 1444 2172 quantis
1458 2146 1523 2166 vero
1538 2139 1572 2168 ab
1603 2140 1664 2176 ipso
1691 2142 1792 2169 multa-

1001 2187 1044 2210 tus
1067 2183 1113 2216 sit,
1140 2187 1167 2210 et
1183 2183 1322 2218 quomodo
1348 2189 1461 2219 propter
1489 2185 1650 2214 idololatriae
1669 2195 1791 2215 errorem

1000 2230 1134 2266 perierint
1146 2237 1242 2258 eorum
1260 2231 1393 2267 templum
1409 2236 1436 2260 ct
1451 2232 1552 2267 locum,
1565 2237 1593 2261 et
1618 2241 1680 2270 quae
1694 2242 1709 2262 a
1736 2235 1791 2262 Deo

963 2288 986 2316 ι)
1000 2275 1157 2311 acceperint
1171 2276 1277 2312 lcgalia.

1034 2332 1082 2360 XI.
1102 2331 1227 2360 Deiectio
1243 2332 1400 2361 Iudaeorum
1416 2333 1519 2370 gaudii,
1538 2339 1565 2362 et
1580 2342 1613 2362 cx
1629 2334 1702 2370 quod
1722 2342 1790 2370 gen-

999 2378 1068 2406 tium
1086 2377 1255 2413 impietatem
1271 2379 1393 2411 imitati,
1421 2379 1469 2406 Dei
1487 2379 1631 2407 sacriﬁicia
1659 2384 1687 2407 et
1716 2379 1790 2407 obla-

999 2425 1088 2453 tiones
1100 2425 1346 2453 contaminaverint
1358 2430 1386 2453 et
1400 2425 1536 2453 idolorum
1547 2432 1669 2453 errorem
1683 2426 1711 2452 in
1725 2430 1790 2453 tem-

998 2471 1074 2506 plum
1094 2471 1307 2499 introduxerint.

1033 2527 1091 2556 ΧΠ.
1115 2528 1258 2562 Quomodo
1275 2528 1358 2557 Israel
1386 2529 1458 2558 Deus
1473 2530 1554 2558 unice
1581 2530 1634 2558 sibi
1651 2530 1763 2566 elegerit
1779 2539 1787 2564 ;

995 2575 1047 2609 ipsi
1081 2583 1146 2603 vero
1188 2576 1222 2603 ad
1247 2575 1392 2604 simulacra
1425 2581 1617 2607 cucurrerunt,
1648 2580 1677 2604 et
1702 2584 1718 2604 a
1739 2575 1787 2604 Dei

995 2621 1128 2648 servitute
1137 2621 1322 2654 desciverunt,
1332 2629 1384 2650 nec
1398 2622 1469 2650 inter
1481 2630 1528 2650 eos
1538 2622 1679 2650 Christum
1696 2623 1790 2650 incar-

995 2671 1090 2694 natum
1107 2667 1218 2696 reveriti
1232 2672 1317 2701 sunt;
1334 2667 1407 2696 unde
1422 2668 1490 2704 ipsis
1505 2668 1668 2704 imprecatio
1683 2668 1788 2696 sterili-

995 2713 1057 2741 tatis
1076 2717 1104 2741 et
1122 2713 1149 2740 in
1165 2718 1261 2749 gentes
1275 2714 1456 2749 dispersionis
1474 2714 1622 2744 inducitur.

918 2797 1036 2828 NOTE.

186 2868 226 2910 (5)
250 2869 413 2905 Κεφάλαια.
430 2869 500 2897 Cum
532 2869 575 2897 his
599 2869 717 2898 conferri
740 2873 856 2904 possunt
883 2869 927 2897 illa
949 2870 1072 2907 Eusebii,
1092 2880 1153 2908 quae
1178 2872 1312 2910 Procopio
1328 2874 1441 2903 Parisiis
1466 2875 1540 2904 edito
1563 2875 1591 2903 in
1614 2874 1709 2904 Isaiam
1720 2879 1784 2903 sunt

150 2912 271 2940 praenxa.
