2056 3148
254 192 322 228 ἏἨἸ

255 300 385 336 pietatem
415 298 540 330 coluerit,
562 303 657 335 postea
679 306 733 325 non
755 298 843 325 solum
877 297 958 325 idolis
977 297 1045 332 (ser-

255 348 337 376 vierit
347 349 366 381 ),
382 347 430 377 sed
449 347 532 374 etiam
545 345 647 374 Christi
664 354 778 383 regnum
792 345 997 374 detrectaverit.
1013 345 1047 373 Et

256 393 338 420 mina:
353 393 379 420 in
402 386 576 427 eos-quantis
591 392 722 427 puniendi
739 393 806 419 sint.

291 436 364 464 XIV.
385 437 505 472 Antiquo
531 437 632 472 popqu
655 436 810 464 exhortatio
831 437 864 464 ad
894 436 1046 472 pietatem;

258 488 286 511 et
303 484 384 511 mina:
401 488 494 510 contra
512 491 560 511 eos
587 491 637 518 pro
662 491 695 510 eo
708 483 780 518 quod
796 482 936 510 Christum
956 482 1047 510 incar-

258 535 352 556 natum
364 529 522 563 objecerint.
540 528 572 555 Et
584 528 741 556 vaticinium
754 528 890 563 quomodo
917 535 950 555 ex
963 527 1048 563 Egy-

259 579 317 609 pto.
333 575 462 609 parvulus
475 581 537 601 cum
554 577 659 607 esset,a
673 573 753 601 Patre
765 581 816 601 suo
827 577 941 601 vocatus
953 573 1047 606 fuerit,

295 619 354 647 XV.
376 621 518 648 Accusatio
534 620 692 649 idololatriae
716 620 873 648 Judmornm
886 625 932 653 ,et
955 620 1027 655 quod
1040 640 1048 653 ,

260 673 322 692 cum
340 673 355 692 a
377 666 434 694 Deo
451 667 568 702 correpti
584 666 709 700 fuissent,
728 675 784 694 non
801 674 831 694 se
849 667 1048 699 converterint,

261 711 309 738 sed
329 716 485 747 contempta
513 712 584 740 illius
609 713 833 745 denuntiatione,
857 720 918 740 eum
936 712 970 740 ad
995 713 1050 740 ira-

261 756 390 784 cundiam
410 756 438 784 in
451 757 590 785 civitatem
603 762 631 786 et
647 758 779 794 templum
795 757 1014 794 provocaverint.

298 845 367 874 XVI.
387 846 453 880 Quae
481 846 581 875 Iudaeis
598 849 723 876 Christus
741 849 873 877 beneﬁcia
889 849 1049 882 contulerit,

262 892 314 927 ipsi
334 900 398 921 vero
419 893 448 921 in
473 901 522 922 sua
544 894 684 930 impietate
699 896 890 931 perstiterunt.
904 895 1051 931 Propterea

262 938 336 973 ipsos
346 939 508 974 puniendos,
520 939 657 968 Christum
670 949 734 968 vero
744 941 845 969 aPatre
857 941 1050 969 vindicandum

262 983 321 1011 fore
338 991 372 1012 eo
390 985 463 1020 quod
490 985 566 1013 illum
593 994 649 1013 non
669 987 828 1020 audierint,
861 987 1050 1015 denuntiatur.

298 1029 380 1057 XVII.
402 1030 564 1060 Exhortatio
592 1033 731 1067 quomodo
762 1033 796 1060 ad
821 1032 905 1060 Deum
929 1033 1051 1061 converti

264 1080 398 1110 oporteat,
415 1081 442 1104 et
457 1079 597 1106 accusatio
620 1087 715 1107 eorum
736 1086 797 1114 quae
820 1078 976 1107 Iudaeorum
1004 1087 1053 1115 po-

265 1119 345 1153 pulus
358 1123 584 1157 transgrediendo
603 1124 749 1160 cogitabat.
765 1125 799 1152 Et
822 1125 943 1152 narratio
956 1132 1052 1152 eorum

265 1173 325 1200 qua:
341 1170 396 1194 tum
413 1175 460 1202 per
486 1168 572 1204 legem
588 1174 616 1197 et
633 1171 792 1206 prophetas.
812 1176 870 1199 tum
899 1179 949 1206 per
975 1179 1052 1198 suam

264 1211 351 1246 ipsius
365 1214 536 1245 praesentiam
555 1214 681 1243 Christus
701 1216 848 1244 benefccit.

301 1256 394 1285 XVIiI.
414 1258 556 1291 Quomodo
570 1261 726 1290 Judmorum
747 1263 874 1298 populus,
888 1271 949 1290 cum
972 1263 1054 1291 Chri-

266 1307 310 1330 sto
322 1304 492 1332 eonviciatus
510 1305 626 1338 fuisset.
640 1306 726 1334 vicem
756 1309 900 1343 receperit,
920 1313 948 1336 et
967 1309 1055 1336 idolo-

267 1358 327 1377 rum
356 1350 482 1379 servituti
502 1351 633 1380 insistens
667 1353 773 1382 delctus
787 1353 879 1381 fuerit.
899 1354 932 1382 Et
952 1360 1054 1389 quanta

267 1395 376 1430 quidem
402 1403 417 1423 a
442 1395 498 1424 Deo
515 1397 648 1426 beneﬁcia
681 1399 838 1434 acceperit,
866 1403 961 1435 postea
990 1408 1055 1428 vero

268 1439 413 1468 immemor
427 1441 514 1469 factus
539 1443 695 1479 corripitur.

303 1486 374 1515 XIX.
394 1486 554 1524 Objurgatio
568 1489 596 1516 in
606 1489 726 1522 Judwos,
740 1491 811 1526 quod
826 1490 927 1519 Christi
942 1499 1055 1528 regnum

269 1531 321 1566 ipsi
354 1532 589 1567 detrectaverint;
627 1535 673 1562 ille
701 1543 766 1563 vero
784 1536 924 1564 diabolum
949 1537 1055 1565 irritum

853 193 1033 224 HESYCIIII
1051 192 1290 224 I‘RESBYTERI

290 253 360 282 XIII.
379 253 524 283 Accusatio
539 254 674 281 sonsualis
688 253 781 286 Israel,
798 253 951 288 quod,cum
967 252 1044 288 prius
1059 254 1082 281 Α

1820 184 1889 217 1348

1131 254 1176 286 ιγ’.
1197 249 1316 285 Διαϐολή
1333 248 1381 275 τοῦ
1402 246 1534 283 αἰσθητοῦ
1550 246 1671 281 Ἰσραὴλ,
1691 245 1732 272 ὅτι
1754 244 1889 279 πρότερον

1096 295 1227 328 εὐσεϐῶν,
1241 295 1355 330 ὕστερον
1369 293 1400 320 οὐ
1418 292 1497 328 μόνον
1510 292 1539 318 ὲν
1552 292 1609 323 τοῖς
1620 289 1751 321 εἰδώλοις,
1762 288 1830 315 ἀλλὰ
1842 287 1890 315 καὶ

1096 342 1143 369 τοῦ
1151 340 1270 377 Χριστοῦ
1280 340 1329 376 τὴν
1343 338 1482 375 βασιλείαν
1494 337 1632 374 ἠρνήσατο
1639 344 1645 350 ·
1657 335 1704 363 καὶ
1712 334 1812 370 ἀπειλὴ
1822 333 1891 360 κατ’

1097 388 1186 415 αὐτῶν
1198 387 1249 414 ὅσα
1262 385 1436 413 παιδεύεσθαι
1449 384 1588 419 μέλλουσι.
1780 378 1793 391 ⁸

1135 433 1175 462 ιδ’.
1197 433 1361 470 Παραίνεσις
1383 431 1423 467 τῷ
1444 430 1550 466 ἀρχαίῳ
1573 428 1630 464 λαῷ
1652 427 1825 459 θεοσεϐείας·
1842 425 1892 454 καὶ

1098 481 1198 516 ἀπειλὴ
1213 479 1285 506 κατὰ
1292 478 1346 506 τῶν
1358 477 1459 509 αὐτῶν,
1470 476 1529 503 ἀνθ’
1542 472 1579 502 ὧν
1594 473 1764 510 τὸνΧρισ-τὺν
1780 482 1891 508 σαρκω-

1100 527 1180 554 οέντα
1193 524 1349 560 ἀπέρριψαν
1359 531 1367 540 ο
1380 524 1426 550 καὶ
1441 520 1604 558 προφητεία,
1618 520 1692 551 ὅπως
1708 520 1737 553 ἐξ
1751 519 1890 553 Αἰγύπτου

1101 573 1200 608 βρέφος
1214 571 1252 598 ὣν
1268 570 1343 605 παρὰ
1355 568 1402 596 τοῦ
1418 568 1524 604 Πατρὺς
1535 567 1677 600 κέκληται.

1137 618 1178 646 ιε’.
1199 616 1359 652 Κατηγορία
1373 617 1424 651 τῆς
1438 613 1582 648 είδωλικῆς
1599 613 1654 640 τῶν
1672 611 1808 639 Ἰουδαίων
1821 610 1892 636 πλᾶ-

1100 672 1166 700 νῃς·
1189 662 1237 690 καὶ
1260 663 1302 689 ὅτι
1325 661 1401 696 παρὰ
1417 659 1466 686 τοῦ
1481 659 1549 686 Θεοῦ
1564 658 1758 695 διορθωθέντες
1776 657 1827 683 οὐκ
1842 657 1893 683 ἑπ-

1101 709 1246 745 ἕστρεψαν,
1263 707 1347 743 ἀργὸν
1361 706 1390 733 δὲ
1404 705 1485 732 αὐτοῦ
1501 704 1685 740 πεποιηκότες
1702 703 1731 730 τὺ
1749 703 1893 738 κήρυγμα,

1101 755 1261 793 ὀργισθῆναι
1283 753 1353 781 κατὰ
1377 753 1427 788 τῆς
1452 750 1592 782 πολιτείας
1610 749 1658 777 καὶ
1672 748 1722 776 τοῦ
1739 748 1805 776 ναοῦ
1819 756 1894 783 παρ-

1101 802 1265 829 εσκεύασαν.

1138 850 1187 880 ις’.
1207 844 1259 873 Οἷα
1277 846 1334 877 τοῖς
1353 843 1490 874 Ἰουδαίοις
1504 843 1518 869 ὁ
1531 841 1648 877 Χριστὸς
1669 838 1895 876 φιλανθρωπεύε-

1103 903 1158 925 ται,
1175 892 1252 920 αὐτοὶ
1272 892 1301 918 δὲ
1320 890 1484 921 ἀσεϐοῦντες
1502 889 1668 923 ἐπέμειναν*
1681 886 1776 921 διόπερ
1794 885 1895 916 αὐτοὺς

1091 941 1154 976 μὲν
1166 937 1383 975 τιμωρήσεσθαι,
1401 936 1557 971 ὲκδικήσειν
1569 934 1599 961 δὲ
1613 934 1659 960 τὸν
1673 932 1791 969 Χριστὸν
1807 934 1821 959 ὁ
1836 933 1896 959 Πα-

1101 989 1154 1024 τὴρ
1169 987 1206 1019 ὠς
1223 983 1452 1021 παρακουσθέντα
1465 983 1530 1018 παρ“
1543 981 1632 1008 αὐτῶν
1646 980 1857 1014 ἐπαγγέλλεται.

1140 1035 1183 1067 ιζί.
1204 1031 1369 1068 Παραίνεσις
1377 1029 1436 1061 πῶς
1446 1029 1487 1056 δεῖ
1499 1028 1568 1064 πρὸς
1575 1027 1695 1061 τδνβεδν
1706 1027 1894 1062 ἐπιστρέφειν⁴

1102 1089 1150 1108 και
1162 1077 1315 1113 κατηγορία
1328 1072 1366 1103 ὧν
1386 1076 1400 1102 δ
1417 1074 1471 1102 τῶν
1486 1073 1622 1101 Ἰουδαίων
1641 1072 1706 1105 λαὸς
1727 1072 1896 1107 παρανομῶν

1104 1125 1250 1160 ἐλογίζετο.
1262 1123 1319 1150 Καὶ
1332 1121 1457 1157 διήγηστς
1469 1119 1520 1146 ὅσα
1531 1119 1575 1146 διὰ
1586 1118 1670 1153 νόμου
1684 1118 1732 1145 καὶ
1747 1117 1896 1153 προφητῶν

1103 1172 1151 1199 καὶ
1162 1171 1207 1198 διὰ
1216 1171 1264 1205 τῆς
1278 1169 1382 1200 οἰκείας
1397 1166 1480 1195 αὐτοῦ
1494 1165 1647 1201 παρουσίας
1657 1166 1671 1192 ὁ
1682 1165 1798 1201 Χριστὸς
1812 1165 1896 1200 εὐηρ-

1103 1219 1232 1254 γέτησεν.

1142 1266 1186 1299 ιη’.
1199 1263 1293 1293 Ὅπως
1309 1261 1323 1288 ὁ
1336 1259 1390 1287 τῶν
1407 1258 1542 1286 Ἰουδαίων
1555 1257 1619 1289 λαὸς
1633 1257 1680 1284 τὸν
1691 1255 1811 1292 Χριστὸν
1823 1256 1898 1283 ὀνει-

1103 1310 1180 1341 δίσας
1193 1309 1242 1343 τὴν
1254 1307 1371 1343 ἀμοιῦὴν
1385 1305 1517 1337 ἁπέλαὸε,
1533 1304 1580 1331 καὶ
1591 1304 1626 1339 τῇ
1636 1303 1743 1338 δουλείᾳ
1754 1302 1808 1328 τῶν
1821 1301 1899 1328 εἰδώ-

1104 1356 1158 1382 λων
1177 1353 1323 1389 ὲπιμείνας
1341 1351 1504 1387 ἠφάνισται·
1521 1349 1568 1377 καὶ
1584 1349 1634 1376 ὃσα
1655 1348 1731 1384 παρὰ
1758 1348 1805 1375 τοῦ
1828 1347 1899 1375 Θεοῦ

1105 1399 1277 1436 εὐηργετήοη
1297 1399 1429 1434 πρότερον
1439 1418 1447 1432 ,
1464 1397 1661 1433 ἀγνωμονήσας
1677 1395 1706 1422 δὲ
1725 1395 1795 1431 μετὰ
1811 1394 1899 1421 ταῦτα

1106 1446 1277 1476 παιδεύεται,

1141 1492 1186 1519 ιθν.
1203 1490 1370 1526 Ὀνειδισμδς
1384 1489 1457 1516 κατὰ
1472 1488 1526 1515 τῶν
1544 1487 1689 1520 Ἰουδαίων,
1701 1486 1743 1514 ὅτι
1763 1485 1811 1512 τοῦ
1832 1486 1900 1521 Χρι-

1107 1537 1170 1565 στοῦ
1186 1537 1235 1572 μὲν
1246 1536 1324 1564 αὐτοὶ
1336 1535 1384 1571 τὴν
1395 1534 1534 1570 βασιλείαν
1545 1533 1708 1568 ἠρνήσαντο¹
1719 1531 1799 1563 αὐτὸς
1809 1531 1840 1558 δὲ
1853 1531 1900 1557 τὸν

269 1577 378 1608 cIIecit.
393 1580 529 1614 mortique
543 1580 624 1607 ﬁnem
649 1581 788 1615 imposuit,
805 1583 982 1610 abolitionem
1004 1592 1054 1611 au<

1107 1584 1158 1620 μὲν
1172 1583 1295 1610 διάϐολον
1309 1581 1468 1617 κατήργησε
1478 1600 1487 1613 ,
1505 1579 1553 1606 καὶ
1571 1579 1617 1605 τὸν
1633 1578 1747 1605 θάνατον
1760 1577 1880 1604 ἔπαυσεν
1889 1585 1898 1592 ⁸

271 1626 324 1650 tem
342 1623 490 1660 Synagogae
504 1629 533 1652 et
546 1626 605 1660 ejus
625 1627 766 1662 regiminis
778 1627 896 1656 minatus
913 1633 965 1657 est.

306 1716 366 1744 XX.
394 1717 553 1747 Exhortatio
571 1719 606 1747 ad
632 1721 843 1755 confessionem.
862 1728 889 1752 et
912 1727 1057 1760 promissio

271 1763 360 1789 venia:
383 1766 410 1789 et
433 1763 651 1798 participationis
676 1767 866 1802 mysteriorum
880 1770 978 1804 quibus
989 1779 1056 1806 gen-

271 1807 340 1834 tium
354 1808 471 1843 populus
482 1809 585 1844 potitus
599 1815 651 1838 est.

306 1854 375 1882 Osee
392 1855 527 1891 signiﬁcat
548 1856 675 1885 salvatus.
699 1858 747 1886 Ille
762 1864 820 1887 erat
841 1867 874 1888 ex
898 1860 1036 1891 Belemotb
1049 1884 1056 1897 ,

271 1900 306 1927 de
320 1900 394 1928 tribu
409 1901 547 1934 Issachar;
563 1907 590 1930 et
612 1903 688 1930 dedit
703 1904 809 1940 signum
824 1911 970 1935 venturum
983 1930 990 1942 ,
1005 1909 1058 1937 Do-

271 1947 376 1974 minum
401 1947 503 1975 scilicet
521 1955 582 1976 cum
602 1949 759 1977 hominibus
792 1951 821 1978 in
848 1955 920 1980 terra
944 1961 1059 1982 conver-

271 1998 371 2021 satum.
382 1994 414 2022 Et
425 2002 542 2029 quercus
556 1995 640 2023 Silom
652 1996 787 2024 dividetur
800 1998 827 2025 in
841 1998 983 2027 duodecim
995 2009 1058 2036 par-

272 2046 323 2074 tes,
334 2045 362 2068 et
371 2041 440 2068 sicut
454 2041 596 2069 duodecim
612 2040 732 2077 quercus
762 2051 822 2079 qua:
845 2045 956 2073 audiant
972 2051 999 2074 et
1015 2055 1059 2075 sc-

271 2090 390 2120 quantur
409 2086 491 2113 Deum
507 2086 536 2113 in
554 2086 634 2114 terris
658 2086 757 2114 visum.
771 2088 803 2115 Et
811 2095 860 2122 per
870 2088 958 2124 ipsum
971 2090 1059 2118 salva-

271 2131 345 2158 bitur
361 2132 450 2159 omnis
464 2136 546 2159 terra.
556 2131 589 2159 Et
603 2136 727 2160 mortuus
746 2134 869 2168 sepultus
886 2139 928 2163 est
943 2135 970 2162 in
988 2140 1060 2164 terra

272 2184 330 2205 sua.

418 2233 543 2261 CAPITA
562 2233 679 2262 JOELIS
697 2234 905 2265 PROPHETE.

308 2291 330 2320 Ι.
346 2291 491 2320 Accusatio
498 2292 665 2326 Iudaeorum,
677 2297 705 2321 et
720 2294 880 2322 vaticinium
896 2303 991 2324 eorum
1001 2305 1062 2332 quae

272 2337 395 2372 gentium
411 2337 530 2372 populus
559 2336 682 2364 facturus
699 2342 741 2365 est
759 2339 860 2374 populo
872 2339 1041 2369 Iudaeorum.

309 2382 342 2410 Il.
362 2382 532 2411 Lamentatio
558 2378 714 2411 Judmorum
743 2384 919 2413 sacerdotum
951 2392 1063 2422 propter

274 2429 444 2457 sterilitatem
462 2428 575 2464 populi,
595 2433 624 2457 et
652 2429 779 2465 legalium
802 2431 999 2460 sacriﬁciorum
1016 2433 1064 2461 dc-

275 2475 370 2501 structi
374 2482 452 2501 onem
457 2495 464 2502 .

312 2517 355 2544 Ill.
377 2519 535 2547 Exhortatio
560 2519 654 2547 Israeli
674 2519 709 2547 ad
737 2520 929 2555 paenitentiam
951 2528 1064 2558 propter

276 2561 347 2589 mala
363 2563 508 2598 quaeipsis
536 2571 610 2591 nunc
636 2563 775 2597 accidunt,
805 2569 833 2593 et
859 2573 920 2600 qua:
946 2572 1064 2595 ventura

274 2612 340 2634 sunt
351 2608 379 2635 in
395 2608 439 2636 die
451 2609 557 2644 judicii.

312 2655 358 2683 IV.
388 2656 555 2684 Valicinium
586 2658 750 2695 evangelicae
786 2659 1009 2695 pmdicaﬁonis,
1037 2665 1067 2688 et

1106 1629 1263 1666 ἀφανισμὸν
1277 1628 1306 1655 δὲ
1320 1628 1369 1663 τῆς
1385 1626 1554 1662 Συναγωγῆς
1570 1625 1618 1652 καὶ
1629 1625 1680 1661 τῆς
1698 1625 1727 1651 ἔν
1737 1624 1806 1660 αὐτῇ
1820 1623 1900 1650 πολι-

1106 1675 1182 1707 τείας
1200 1673 1342 1708 ἀπείλησε.

1141 1726 1177 1750 κ’.
1188 1721 1354 1756 Παραίνεσις
1361 1719 1593 1755 ὲξομολογήσεως,
1600 1717 1648 1744 καὶ
1658 1717 1825 1752 συγγνώμης
1832 1716 1901 1743 ὑπό-

1109 1776 1211 1804 σχεσις,
1220 1767 1269 1795 καὶ
1280 1766 1438 1803 μυστηρίων
1447 1765 1602 1798 κοινωνίας,
1609 1761 1647 1792 ὧν
1656 1764 1670 1791 δ
1680 1763 1744 1796 λαὸς
1751 1765 1764 1791 ὁ
1772 1763 1802 1796 ἐξ
1812 1763 1900 1791 ὲθνῶν

1107 1814 1278 1849 ἀπήλαυσεν.

1149 1859 1229 1894 Ὠσηὲ
1239 1858 1276 1894 (δ)
1289 1857 1471 1894 ἑρμηνεύεται
1482 1855 1666 1892 σωζόμενοςο
1677 1852 1754 1886 οὗτος
1763 1852 1798 1891 ἦν
1809 1855 1841 1881 ὲκ
1853 1855 1901 1881 Βε-

1107 1906 1199 1942 λεμὼθ
1213 1903 1382 1942 [Βελελεμὼθ
1394 1902 1600 1939 Theophylact.]
1611 1902 1663 1937 τῆς
1679 1901 1764 1937 φυλῆς
1776 1901 1898 1937 Ὶσέιχτιρ⁸

1109 1952 1158 1980 καὶ
1168 1951 1252 1979 ἔδωκε
1262 1951 1344 1986 τέρας
1353 1949 1428 1986 ἥξειν
1440 1949 1542 1985 Κύριον
1552 1949 1599 1975 ἐπὶ
1610 1949 1663 1984 γῆς
1674 1947 1829 1984 ἀνθρώποις
1843 1957 1900 1975 συν-

1110 1997 1347 2033 αναστρεφόμενον
1355 2004 1361 2012 ·
1371 1995 1418 2022 καὶ
1429 1996 1445 2031 ὴ
1457 1995 1522 2031 δρὺς
1533 1995 1549 2030 ἡ
1561 1996 1590 2021 ὲν
1601 1994 1693 2029 Σιλὼμ
1703 1994 1900 2029 μερισοήπεται

1109 2043 1174 2081 [είς]
1187 2043 1291 2070 δώδεκα
1310 2041 1395 2078 μέρη·
1408 2040 1456 2067 καὶ
1472 2041 1634 2077 γενήσονται
1645 2039 1749 2066 δώδεκα
1760 2040 1842 2074 δρύες
1855 2040 1901 2066 ἑπ-

1111 2089 1226 2117 ακοῦσαι
1246 2087 1294 2115 καὶ
1312 2086 1495 2119 ἀκολουθῆσαι
1506 2085 1580 2121 αὐτῷ
1592 2085 1639 2112 ἐπὶ
1649 2084 1700 2121 ηιτῷ
1713 2084 1770 2121 ἐπὶ]
1783 2085 1835 2119 γῆς
1847 2094 1901 2119 φα-

1111 2136 1182 2163 νέντι
1196 2133 1266 2168 Θεῷ,
1278 2133 1325 2160 καὶ
1340 2132 1374 2160 δι’
1385 2132 1468 2160 αὐτοῦ
1487 2131 1642 2167 σωθήσεται
1660 2131 1735 2158 πᾶσα
1752 2132 1769 2166 ἡ
1790 2132 1842 2166 γῆο
1855 2131 1902 2158 χαὶ

1111 2181 1197 2213 οὕτως
1207 2177 1309 2217 [οὗτος]
1323 2178 1412 2207 Θανὼν
1425 2178 1514 2214 ἐτάφη
1525 2179 1554 2205 ἐν
1563 2179 1597 2215 τῇ
1612 2180 1646 2216 γῇ
1659 2178 1753 2206 αὐτοῦ.

1221 2237 1397 2264 ΚΕΦΔΔΑΙΑ
1415 2237 1498 2264 ΙΩΠΔ
1512 2236 1582 2263 ΤΟΥ
1601 2236 1795 2264 ΠΡΟΦΗΤΟΥ.

1147 2292 1182 2321 α’.
1202 2293 1363 2328 Κατηγορία
1380 2292 1436 2319 τῶν
1447 2292 1594 2325 Ἰουδαίων,
1607 2292 1655 2320 καὶ
1665 2293 1818 2328 προφητεία
1832 2289 1871 2319 ὧν
1885 2293 1900 2319 ὁ

1111 2340 1141 2375 ἐξ
1151 2340 1235 2368 ἐθνῶν
1245 2339 1308 2372 λαὸς
1323 2340 1416 2366 ποιεῖν
1428 2338 1474 2365 τὸν
1486 2338 1550 2366 λαὸν
1560 2338 1616 2366 τῶν
1628 2338 1764 2366 Ἰουδαίων
1776 2338 1901 2374 ἔμελλεν.

1149 2385 1182 2421 β’.
1202 2385 1307 2426 Θρῇνος
1318 2384 1372 2412 τῶν
1385 2384 1537 2411 Ἰουδαῖκῶν
1548 2384 1645 2420 ἱερέων
1652 2383 1696 2411 διὰ
1703 2383 1752 2420 τὴν
1762 2384 1902 2419 ἀκαρπίαν

1110 2432 1158 2460 τοῦ
1169 2431 1246 2464 λαοῦ,
1258 2430 1368 2458 καὶτῶν
1379 2430 1500 2466 νομικῶν
1509 2429 1610 2458 θυσιῶν
1619 2430 1669 2466 τὴν
1677 2429 1850 2465 καθαίρεσιν.

1147 2526 1183 2558 γ’.
1202 2522 1368 2558 Παραίνεσις
1380 2521 1418 2558 τῷ
1433 2522 1541 2558 Ἰσραὴλ
1553 2521 1697 2558 μετανοίας
1706 2522 1788 2549 ἕνεκα
1799 2521 1855 2548 τῶν
1862 2522 1909 2547 ὲν-

1113 2568 1200 2596 ταῦθα
1210 2577 1241 2595 συ
1246 2568 1372 2603 μσάντων
1382 2568 1473 2599 αὐτοῖς
1480 2567 1583 2602 κακῶν,
1592 2567 1703 2595 καὶτῶν
1714 2566 1910 2602 προσδοκωμέ-

1114 2623 1166 2642 νων
1179 2615 1208 2641 ὲν
1218 2613 1312 2649 ἡμέρᾳ.
1322 2613 1371 2649 τῆς
1381 2613 1510 2648 κρίσεως.

1149 2659 1182 2687 δ’.
1202 2659 1360 2695 Προφητεία
1381 2658 1427 2686 τοῦ
1449 2658 1628 2694 εὐαγγελικοῦ
1646 2655 1906 2694 κηρύγματος,καὶ

1024 2728 1139 2757 ΝΟΤΕ.

311 2773 349 2808 (4)
369 2773 466 2808 Ὠσηὲ.
483 2772 533 2812 _Illa
558 2773 585 2801 in
605 2773 705 2812 codice
717 2774 885 2812 Augustano,
901 2779 929 2802 et
945 2779 976 2812 ut
994 2775 1054 2812 reli-

1111 2775 1166 2812 τῶν
1182 2775 1340 2811 προφητῶν,
1357 2776 1425 2812 etin
1449 2775 1646 2812 Theophylaeti
1660 2774 1835 2812 IIerpeneia,
1852 2782 1902 2802 ea.

274 2815 392 2843 quorum
413 2808 606 2846 prophetarum
629 2817 656 2837 ιι
679 2808 882 2846 vita—litteris
901 2810 1058 2844 majusculis
1110 2810 1172 2846 dem
1191 2808 1316 2846 legantur
1325 2808 1337 2842 ;⁷
1361 2811 1489 2846 pleraque
1505 2808 1587 2838 etiam
1615 2811 1686 2846 apud
1712 2810 1901 2846 Dorotheunr;

275 2847 395 2881 exarata,
410 2844 638 2881 ῥοᾷ-ἀνωνύμοις,
658 2844 795 2881 visuntur.
810 2844 990 2881 _De_auetore
1002 2853 1057 2872 non
1110 2845 1194 2873 Joelis
1211 2844 1276 2881 item
1289 2845 1349 2881 Vita
1362 2844 1390 2873 in
1405 2844 1506 2881 Cyrillo
1518 2844 1703 2874 Alexandrino
1715 2852 1768 2874 ms.
1783 2853 1842 2873 non
1856 2844 1904 2872 ali-

276 2878 375 2915 injuria
408 2879 526 2913 dubites,
556 2878 618 2907 cum
635 2884 663 2907 ct
688 2879 716 2906 in
740 2879 884 2914 Epiphanii
906 2880 974 2907 libro
994 2881 1058 2915 περὶ
1112 2884 1153 2907 ter
1169 2888 1250 2914 quam
1271 2880 1315 2908 hic
1329 2878 1511 2910 describatur.
