2056 3148
168 205 198 235 1:;
205 204 235 238 t9

704 204 742 234 IN
764 203 820 233 XII
844 201 1066 232 PROPIIETAS
1089 203 1273 234 MINORES.

1734 199 1803 235 13ἰο

167 265 214 298 τῆς
227 262 274 291 τοῦ
286 262 346 290 νέου
358 261 425 289 λαοῦ
436 261 586 295 πολιτείας,
598 262 646 290 καὶ
662 263 717 290 τῶν
728 262 880 298 μελλόντων
891 260 960 288 κατὰ

1023 262 1074 289 iovi
1091 264 1182 298 populi
1195 262 1344 299 regiminis,
1354 266 1381 291 et
1395 262 1549 291 futurorum
1565 261 1592 290 in
1608 266 1732 298 tempore
1741 270 1804 289 eon-

165 310 212 337 τον
224 308 321 344 καιρὸν
332 308 383 343 τῆς
396 308 554 340 συντελείας
566 308 687 336 ἔσεσθαι.

202 357 233 381 ε’.
255 353 422 382 Διδασκαλία
442 354 498 381 τῶν
517 354 570 390 τῆς
591 353 738 390 μετανοίας
764 353 893 389 τρόπων,
915 352 963 379 καὶ

166 400 236 427 Θεοῦ
258 400 432 435 συμπαθείας
451 400 610 436 ὑπόσχεσις,
623 401 671 428 καὶ
691 399 846 436 προφητεία
858 407 963 434 μυστη-

168 446 236 481 ρίων
247 445 282 472 δι’
292 442 330 472 ὧν
345 447 361 481 ὴ
375 445 520 472 δυναστεία
530 446 576 472 τοῦ
588 445 712 473 διαϐόλου
725 446 874 473 πέπαυται.

205 490 243 524 ς’.
264 492 422 528 Πρόῥρησις
439 492 489 526 τῆς
504 492 550 519 διὰ
568 493 688 528 σταυροῦ
698 492 846 528 σωτηρίας,
859 490 908 518 καὶ
915 490 964 525 τῆς

168 536 223 563 τῶν
235 537 395 572 μυστηρίων
405 537 459 563 τῶν
470 537 538 563 νέων
547 537 734 572 παραδόσεως,
744 537 816 572 ἅπερ
826 538 840 563 ὀ
848 535 964 571 Χριστὸς

170 583 385 619 ὲνανθρωπήσας
401 583 441 615 εἰς
460 583 620 619 ἀποτροπὴν
634 583 688 610 τῶν
707 582 862 618 ἔμπροσθεν
870 582 965 609 κακῶν

170 629 210 664 τῷ
228 629 338 664 Ἰσραὴλ
351 629 472 664 μάλιστα
486 629 524 664 τῷ
535 629 623 664 νοητῷ
633 629 796 664 δεδώρηται.

207 675 240 707 ζ’.
259 675 422 710 ’Υπόσχεσις
438 676 487 710 τῆς
501 675 651 710 καθολικῆς
664 675 770 711 δωρεᾶς
784 674 833 702 καὶ
849 673 964 701 καθόλου

171 720 219 746 τοῦ
230 720 298 748 [1νεύ
303 729 389 755 ματος
398 729 405 736 '
417 720 465 748 καὶ
476 721 630 757 πρόρρησις
642 721 703 747 τινα
720 722 750 747 ἐν
766 719 805 755 τῷ
817 719 906 755 καιρῷ
917 720 966 755 τῆς

173 766 330 798 συντελείας
342 766 421 793 ἔσται
431 786 438 798 ,
454 767 501 793 καὶ
521 767 593 798 τινες
601 767 626 793 οί
638 767 699 793 τότε
710 766 871 801 σωζόμενοι.

208 814 245 846 η’.
264 811 377 847 Ἀπειλὴ
388 811 507 847 κρίσεως
527 811 597 838 κατὰ
612 811 747 846 δαιμόνων
763 810 891 845 μάλιστα,
902 809 967 837 ἀνθ’

173 853 210 883 ὧν
220 857 268 883 τοῦ
279 856 347 884 Θεοῦ
356 856 402 883 τὸν
417 856 482 883 λαὸν
491 857 530 888 εἰς
540 856 643 891 ἡδονῶν
651 855 773 883 δουλείαν
783 855 832 882 καὶ
839 854 967 890 λατρείαν

174 902 292 928 εἰδώλων
309 902 474 937 Ἑλληνικῶν
491 902 641 936 ἀπέδοντο,
661 902 709 929 καὶ
728 902 778 937 τῆς
797 900 967 935 ἐπιστροφῆς

174 948 229 974 τῶν
244 947 352 974 ἀσεϐῶν
371 947 530 982 ὑπόσχεσις.

210 993 243 1021 θ’.
264 993 412 1029 Προτροπὴ
425 993 498 1020 θείου
513 992 608 1028 ζήλου,
625 993 674 1019 καὶ
688 992 787 1027 ἀπειλὴ
801 993 852 1028 τῆς
864 1000 970 1024 παγκο-

175 1039 257 1075 σμίου
279 1039 397 1075 κρίσεως
412 1059 421 1072 ,

176 1093 257 1116 σεως.

212 1129 239 1157 ι’.
260 1130 419 1165 Προφητεία
433 1129 488 1156 τῶν
503 1129 574 1156 κατὰ
591 1129 637 1156 τὸν
649 1129 746 1165 καιρὸν
760 1129 911 1164 γεγονότων
923 1128 970 1156 τοῦ

177 1176 307 1211 σταυροῦ,
316 1177 363 1202 καὶ
375 1175 513 1211 ἁγιασμοῦ
524 1176 573 1212 τῆς
586 1176 649 1208 νέας
662 1175 850 1211 Ἰερουσαλὴμ,
866 1175 972 1210 καὶτῆς

175 1221 231 1248 τῶν
247 1221 403 1249 ἀποστόλων
416 1221 464 1248 καὶ
478 1221 626 1256 προφητῶν
638 1220 799 1256 συμφωνίας
813 1221 860 1247 καὶ
877 1229 973 1255 μυστι-

177 1268 230 1303 κῆς
246 1268 349 1303 πηγῆς,
366 1268 427 1302 ἥτις
443 1267 474 1299 ἐξ
489 1267 565 1294 οἴκου
581 1266 684 1302 Κυρίου
704 1267 755 1302 τῆς
774 1267 896 1302 πλευρᾶς
923 1266 973 1299 τῆς

177 1314 348 1348 Δεσποτικῆς
369 1314 501 1349 ἐρρευσεο
519 1312 568 1340 καὶ
587 1312 742 1349 ἀφανισμοῦ
758 1313 908 1348 δαιμόνων·
926 1313 972 1339 καὶ

179 1359 346 1396 ἐκδικήσεως
361 1359 409 1386 τοῦ
428 1359 531 1395 Ἀδάμ’
552 1359 600 1386 atati.
613 1359 761 1394 ὑπόσχεσις
775 1359 898 1386 διαϐόλου
913 1359 974 1395 κρί-

179 1412 265 1438 σεως·
284 1405 332 1432 καὶ
349 1406 399 1441 τῆς
412 1406 442 1431 ἐν
456 1406 490 1441 τῇ
509 1404 579 1432 Σιὼν
593 1406 626 1440 τῇ
639 1406 722 1440 νοητῇ
739 1405 938 1439 κατοικήσεως.

214 1451 294 1487 Ὶωὴλ
303 1451 339 1487 (5)
353 1451 535 1487 ἑρμηνεύεται
550 1451 705 1486 ἀγαπητὸς
722 1449 969 1486 Κυρίου,ἢὰρχή.

179 1495 265 1528 Οὗτος
279 1495 313 1532 ἦν
333 1497 367 1523 ἐκ
387 1498 436 1532 τῆς
451 1496 539 1531 φυλῆς
555 1496 677 1532 Ῥουϐὴν,
693 1496 778 1532 ἀγροῦ
795 1497 971 1532 μεθομόρων·

179 1544 209 1571 ἐν
226 1543 322 1580 είρήνῃ
337 1543 468 1575 ἀπέθανε,
484 1543 532 1570 καὶ
547 1543 636 1577 ὲτάφη
652 1543 722 1570 ἐκεῖ.

443 1039 493 1066 καὶ
516 1038 677 1074 παραίνεσις
698 1037 804 1074 ἀρετῶν
830 1037 970 1074 κατορθώ-

320 1619 494 1646 ΚΕΦΛΛΑῙΑ
516 1619 611 1646 ΑΜΩΣ
632 1617 830 1646 ΠΡΟΦΗΤΟΥ.

216 1675 252 1703 α’.
273 1675 432 1711 Προφητεία
446 1676 496 1710 τῆς
512 1674 719 1711 ἀποφανοείσης
740 1675 817 1712 παρὰ
835 1675 882 1703 τοῦ
903 1677 973 1712 Χρι-

181 1722 245 1749 στοῦ
260 1723 317 1754 τοῖς
336 1721 473 1753 Ἰουδαίοις
484 1720 666 1757 ἐρημώσεως.

217 1768 250 1803 β’.
270 1768 382 1804 Ἀπειλὴ
407 1767 479 1795 κατὰ
501 1766 556 1794 τῶν
581 1767 777 1802 γειτονούντων
801 1768 840 1804 τῷ
865 1767 975 1805 Ἰσραὴλ

181 1814 280 1846 ἐθνῶν,
295 1813 353 1840 ἀνθ’
364 1810 402 1840 ὧν
414 1813 454 1845 είς
467 1812 551 1839 αὐτόν
561 1821 591 1839 τε
605 1812 735 1845 ποικίλως
746 1813 974 1850 ἐπλημμέλησαν,

181 1860 229 1887 καὶ
245 1861 286 1891 εἰς
299 1859 367 1886 Θεδν
383 1858 533 1894 ἠσέϐησαν.

217 1905 253 1940 γ’.
272 1904 385 1939 Ἀπιιλὴ
402 1904 474 1931 κατὰ
488 1903 535 1930 τοῦ
553 1903 640 1930 Ἰούδα
653 1903 701 1930 καὶ
714 1903 762 1931 τοῦ
776 1904 895 1940 Ἰσραὴλ,
910 1905 976 1933 ἀνθ’

181 1949 220 1979 ὧν
232 1952 279 1978 τδν
302 1950 352 1986 μὲν
371 1950 454 1986 νόμον
474 1949 647 1986 παρέϐησαν,
663 1949 710 1975 καὶ
731 1949 777 1976 τὸν
790 1949 908 1986 Χριστὸν
921 1951 975 1978 ἁπ-

182 1998 282 2029 έδοντο,
297 1998 344 2024 ναὶ
359 1997 400 2028 είς
417 1995 481 2028 τοὺς
496 1994 580 2022 αὑτοῦ
597 1995 724 2030 μαθητὰς
743 1995 972 2032 ἐπλημμέλησαν·

182 2046 211 2072 ὲν
229 2043 269 2080 τῷ
283 2043 341 2079 ναῷ
353 2043 382 2070 δὲ
396 2042 567 2077 ἠσέλγαινον,
578 2042 625 2068 καὶ
636 2042 758 2077 ἐνεργεῖν
770 2041 833 2074 τοὺς
843 2042 874 2069 ὲν
884 2043 976 2076 αὐτοῖς

183 2089 428 2125 πνευματοφόρους
443 2087 574 2116 ἐκώλυον.

218 2135 250 2163 δ’.
263 2136 324 2162 Ὅτι
339 2134 415 2171 παρὰ
429 2134 477 2161 τοῦ
493 2133 562 2161 Θεοῦ
579 2133 689 2170 Ἰσραὴλ
705 2133 868 2169 ὲπιλεχθεὶς,
878 2134 978 2171 ἠθέτη-

186 2191 233 2209 σε·
252 2182 300 2209 καὶ
321 2181 366 2208 διὰ
388 2180 468 2207 τοῦτο
487 2179 664 2215 μαστίζεται·
683 2180 732 2207 καὶ
751 2180 793 2207 ὅτι
808 2181 884 2208 πᾶσα
902 2182 978 2218 παρα

184 2228 252 2255 θεοῦ
275 2226 385 2254 παιδεία
400 2226 575 2262 ἐπιφέρεται,
590 2225 638 2252 καὶ
653 2226 719 2260 παρ’
731 2225 814 2253 αὑτοῦ
832 2227 888 2258 τοῖς
908 2235 977 2262 προ.

186 2274 287 2310 φήταις
300 2271 430 2308 γνωρίζετ
435 2280 474 2299 αι.

221 2324 252 2348 ε’.
274 2320 435 2357 Κατηγορία
445 2319 499 2347 τῶν
513 2320 543 2346 ἐν
557 2320 590 2356 τῇ
605 2319 750 2356 Σαμαρείᾳ
764 2319 976 2358 πλημμεληθέν-

185 2375 251 2400 των,
272 2367 319 2394 καὶ
338 2366 437 2402 ἀπειλὴ
454 2365 505 2401 τῆς
520 2366 619 2401 νοητῆς
634 2365 739 2401 Τύρου,
754 2366 801 2393 καὶ
823 2367 976 2403 πρόρρησις

186 2413 228 2440 ὃτι
241 2413 256 2439 ὀ
270 2411 378 2448 Ἰσραὴλ
393 2411 448 2438 ἀπὸ
463 2411 564 2447 μέρους
581 2410 745 2447 σωθήσεται.

222 2457 262 2492 ς’.
281 2458 440 2494 Προφητεία
452 2457 506 2484 τῶν
522 2456 738 2493 συμϐησομένων
749 2458 784 2493 τῇ
801 2457 979 2494 Ἰερουσαλὴμ

187 2505 235 2531 καὶ
248 2505 283 2540 τῇ
295 2503 375 2540 λοιπῃ
392 2503 519 2539 Ἰουδαίᾳ,
536 2503 594 2530 ἀνθ’
608 2512 645 2531 ὀν
659 2503 705 2530 τὸν
720 2504 816 2538 νόμον,
835 2504 904 2539 πρὸς
920 2506 976 2536 τοῖς

187 2550 277 2582 ἄλλοις
303 2549 413 2583 θύοντες
439 2549 493 2582 ἕξω
515 2549 564 2577 τοῦ
583 2549 667 2577 τόπου
686 2548 735 2577 τοῦ
749 2549 975 2586 προσταχθέντος,

187 2596 366 2632 παρέϐαινον.

223 2642 257 2675 ζ’.
277 2643 410 2679 Διήγησις
424 2638 462 2670 ὧν
474 2641 587 2678 ἔμελλεν
597 2642 612 2669 ὁ
622 2642 687 2675 λαὸς
698 2642 754 2669 τῶν
771 2641 907 2670 Ἰουδαίων
917 2641 978 2669 πεί-

189 2687 294 2722 σεσθαι,
302 2688 352 2715 καὶ
360 2684 398 2715 ὧν
410 2687 528 2715 πέπονθε
540 2686 672 2723 πρότερον
682 2694 689 2702 ·
706 2686 755 2714 καὶ
766 2687 918 2722 προφητεία
928 2686 979 2722 τῆς

188 2732 238 2761 τοῦ
253 2733 380 2770 Σωτῆρος
392 2733 522 2769 ἀφίξεως.

1016 309 1215 336 summationis.

1052 353 1084 380 V.
1103 354 1302 382 Documentum
1320 354 1355 382 de
1368 353 1536 390 poenitentia:
1550 353 1706 381 rationibus
1721 357 1749 379 et
1763 352 1806 379 di-

1017 398 1086 426 vinae
1101 401 1299 435 compaSsionis
1314 400 1460 435 promissio
1471 404 1499 427 et
1510 399 1652 435 prophetia
1665 398 1794 434 mysterio

1017 452 1078 471 rum
1096 452 1146 479 per
1162 452 1222 480 quae
1236 445 1380 480 imperium
1392 443 1494 471 diaboli
1513 443 1631 470 deletur.

1055 488 1097 516 Vl.
1116 490 1263 518 Praedictio
1288 490 1385 517 salutis
1400 497 1450 524 per
1463 496 1588 521 crucem,
1609 492 1636 516 et
1652 488 1807 516 traditionis

1018 543 1150 563 novorum
1164 536 1360 570 mysteriorum
1375 542 1436 570 quae
1448 533 1574 562 Christus
1598 534 1687 561 factus
1707 533 1736 560 ιι(
1745 541 1806 566 mo,

1017 581 1051 608 ad
1066 582 1213 609 avertenda
1232 582 1323 616 priora
1348 581 1435 614 mala,
1452 579 1545 608 lsraeli
1571 580 1725 616 praesertim
1750 580 1807 615 spi—

1018 627 1089 654 ritali
1111 627 1234 655 donavit.

1054 673 1109 701 Vll.
1131 674 1280 702 Promissio
1289 673 1416 702 catholici
1429 674 1495 701 doni
1507 679 1535 702 et
1545 673 1665 701 universi
1679 673 1791 708 Spiritus
1799 693 1807 704 ,

1018 724 1047 746 et
1059 720 1200 754 prmdictio
1209 720 1364 747 futurorum
1376 720 1403 746 in
1415 724 1537 754 tempore
1549 717 1807 750 consummationis;

1019 768 1047 791 et
1059 764 1105 799 qui
1125 764 1180 791 sint
1194 768 1259 792 tunc
1278 764 1386 791 salvati.

1055 809 1124 837 Vlll.
1151 809 1228 837 Minae
1245 810 1341 845 judicii
1375 809 1527 845 praesertim
1555 809 1582 836 in
1605 809 1759 839 daemones.
1777 815 1811 835 co

1020 855 1092 890 quod
1126 855 1257 891 populum
1291 855 1338 882 Dei
1369 855 1531 882 tradiderint
1571 855 1600 881 in
1639 854 1810 890 voluptatum

1021 901 1192 933 servitutem,
1205 905 1232 928 et
1252 901 1394 936 gentilium
1416 901 1608 928 simulacorum
1628 900 1730 928 cultum
1747 907 1812 927 ven-

983 941 1005 968 n
1019 946 1149 978 diderint,
1163 950 1189 974 et
1200 946 1389 974 conversionis
1406 946 1551 981 impiorum
1567 945 1723 980 promissio.

1057 993 1103 1021 IX.
1123 993 1248 1021 lneitatio
1269 993 1368 1021 divinae
1390 992 1582 1024 aemulationis,
1605 996 1632 1019 et
1650 991 1732 1019 minte
1750 990 1811 1018 uni-

1020 1040 1135 1067 versalis
1161 1039 1280 1075 judicii;
1309 1044 1338 1067 et
1363 1039 1516 1067 exhortatio
1535 1039 1569 1066 ad
1597 1038 1726 1067 virtutum
1756 1038 1812 1065 cul-

1022 1091 1089 1114 tum.

1057 1131 1090 1159 Χ.
1110 1131 1277 1162 Vaticinium
1290 1139 1387 1159 eorum
1403 1139 1464 1166 qua:
1483 1131 1553 1159 facta
1571 1135 1634 1158 sunt
1645 1131 1673 1158 in
1690 1135 1813 1164 tempore

1021 1177 1130 1210 crucis;
1164 1182 1193 1204 et
1219 1177 1446 1205 sanctiﬁcationis
1481 1184 1560 1205 novae
1582 1176 1755 1209 Jerusalem;
1786 1179 1814 1204 ct

1021 1223 1174 1251 concordia:
1207 1223 1393 1259 apostolorum
1426 1228 1454 1251 et
1470 1224 1683 1259 prophetarum;
1702 1227 1729 1251 et
1755 1231 1814 1259 my-

1024 1269 1089 1296 stici
1107 1268 1209 1300 fontis.
1225 1269 1271 1304 qui
1297 1277 1329 1297 ex
1349 1270 1430 1297 domo
1455 1268 1579 1303 Domini,
1596 1269 1682 1297 latere
1711 1269 1814 1297 scilicet

1023 1314 1182 1347 Dominico,
1206 1314 1329 1348 eﬁluxit;
1353 1319 1381 1342 et
1405 1315 1561 1343 abolitionis
1593 1315 1762 1347 daemonum,
1787 1320 1815 1342 et

1023 1367 1110 1395 poenae
1125 1360 1240 1393 Adami;
1256 1366 1285 1388 et
1304 1361 1453 1396 promissio
1465 1361 1561 1397 judicii
1576 1358 1678 1389 diaboli
1692 1364 1721 1389 et
1736 1361 1815 1389 habi-

1024 1405 1135 1433 tationis
1152 1405 1179 1432 in
1193 1405 1307 1440 spiritali
1323 1405 1400 1434 Sion.

1057 1449 1116 1477 Joel
1129 1451 1263 1486 signiﬁcat
1275 1451 1387 1478 dilectus
1407 1451 1462 1479 Deo
1474 1451 1532 1480 sive
1563 1453 1732 1487 principium.
1749 1452 1816 1480 Erat

1024 1503 1056 1523 ex
1077 1496 1149 1523 tribu
1163 1495 1276 1529 Ruben,
1292 1505 1324 1524 ex
1341 1505 1406 1533 agro
1425 1497 1592 1526 vicinorum.
1614 1498 1643 1525 In
1660 1506 1725 1534 pace
1741 1506 1815 1526 mor-

1024 1545 1088 1569 tuus
1109 1546 1151 1569 cst
1172 1546 1200 1569 et
1218 1542 1342 1577 sepultus
1358 1542 1471 1570 ibidem.

1183 1619 1310 1647 CAPITA
1328 1619 1421 1648 AMOS
1439 1618 1649 1648 PROPﬂETE.

1061 1675 1081 1703 Ι.
1104 1675 1272 1704 Vaticinium
1296 1675 1479 1704 manifestata
1494 1683 1510 1704 a
1524 1675 1636 1704 Christo
1653 1675 1754 1704 Judaeis
1773 1683 1817 1703 va-

1025 1724 1163 1752 stationis.

1061 1769 1093 1797 ll.
1112 1770 1191 1798 Minae
1206 1770 1235 1798 in
1254 1770 1361 1798 vicinas
1389 1769 1484 1798 lsraeli
1502 1774 1616 1806 gentes,
1634 1776 1667 1796 co
1689 1768 1760 1803 quod
1788 1768 1816 1795 in

1026 1817 1104 1844 illum
1129 1816 1204 1845 varie
1231 1817 1407 1852 peccaverint
1424 1822 1453 1845 et
1474 1817 1504 1845 in
1527 1816 1613 1844 Deum
1638 1815 1722 1851 impie
1753 1822 1818 1850 cge-

1024 1863 1091 1891 rint.

1062 1907 1105 1935 lll.
1123 1907 1203 1935 Minae
1225 1906 1358 1934 adversus
1385 1906 1482 1935 Iudam
1497 1911 1526 1935 et
1543 1906 1671 1946 lsraelem
1689 1914 1722 1934 eo
1744 1907 1817 1942 quod

1025 1953 1112 1989 legem
1132 1953 1293 1988 transgressi
1313 1952 1379 1985 sint,
1392 1952 1534 1980 Christum
1549 1952 1721 1980 vendiderint
1740 1957 1768 1980 et
1790 1953 1817 1980 in

1025 1999 1112 2034 ipsius
1125 1998 1274 2033 discipulos
1297 1998 1483 2033 peccaverint,
1499 2002 1527 2025 et
1540 1999 1671 2033 templum
1685 1998 1818 2025 contami«

1025 2045 1161 2078 paverint,
1178 2049 1206 2072 et
1234 2045 1263 2072 in
1281 2045 1346 2080 ipsis
1373 2037 1471 2079 spiriﬁt
1511 2044 1608 2079 plenos
1627 2044 1819 2080 prohibuerint

1026 2090 1092 2125 quin
1104 2094 1227 2125 agerent.

1062 2135 1106 2163 IV.
1124 2135 1203 2168 Quod
1225 2134 1308 2162 Israel
1339 2142 1354 2161 a
1389 2134 1446 2162 Deo
1462 2135 1567 2162 electus
1587 2134 1736 2162 desciverit
1754 2155 1762 2167 ,
1791 2138 1819 2161 ct

1026 2186 1171 2217 propterea
1201 2181 1366 2216 castigatur;
1393 2185 1422 2208 et
1445 2181 1519 2216 quod
1543 2180 1632 2208 omnis
1648 2182 1782 2209 correctio
1803 2189 1818 2208 a

1029 2227 1084 2255 Deo
1106 2227 1246 2255 inducitur
1266 2230 1295 2254 et
1309 2227 1343 2255 ab
1368 2227 1429 2262 ipso
1443 2226 1586 2262 prophetis
1600 2226 1782 2263 signiﬁcatur.

1059 2319 1092 2347 V.
1117 2319 1263 2347 Accusatio
1293 2324 1467 2355 peccatorum
1487 2318 1516 2346 in
1543 2318 1673 2346 Samaria;
1689 2318 1818 2345 commis-

1025 2372 1127 2396 sorum,
1142 2369 1170 2392 et
1192 2365 1274 2392 minae
1296 2364 1424 2400 spiritalis
1437 2364 1511 2400 Tyri,
1534 2368 1563 2392 et
1574 2363 1716 2400 praedictio
1730 2362 1820 2390 Israe-

1025 2409 1078 2437 lem
1095 2413 1170 2444 parte
1185 2410 1318 2437 salvatum
1333 2409 1376 2436 iri.

1063 2457 1107 2485 Vl.
1125 2456 1290 2485 Vaticinium
1309 2463 1404 2483 eorum
1435 2462 1497 2490 quae
1524 2459 1723 2490 snperventnra
1754 2459 1820 2483 sunt

1028 2503 1180 2531 Jerusalem
1191 2507 1220 2530 et
1238 2502 1349 2537 reliquae
1367 2501 1468 2529 Iudaeae
1490 2509 1540 2537 pro
1559 2508 1593 2529 eo
1614 2501 1686 2535 quod
1709 2501 1796 2536 legem
1809 2522 1818 2533 ,

1029 2553 1130 2585 praeter
1146 2553 1245 2576 caetera
1270 2547 1457 2575 sacriﬁcantes
1483 2551 1559 2574 extra
1578 2546 1668 2574 locum
1693 2546 1819 2581 praescri-

1002 2616 1012 2627 .
1030 2599 1108 2631 ptum
1128 2595 1289 2631 transgressi
1308 2597 1383 2622 sunt.

1068 2641 1124 2669 Vll.
1141 2640 1265 2668 Narratio
1292 2647 1387 2668 eorum
1402 2647 1461 2675 quae
1489 2646 1621 2674 passurus
1647 2643 1688 2666 est
1702 2638 1820 2674 populus

1030 2686 1200 2720 Judteorum,
1216 2691 1244 2714 et
1258 2694 1318 2734 τιμε
1330 2694 1428 2721 passus
1442 2690 1484 2715 est
1499 2686 1585 2722 prius.
1604 2684 1638 2713 Et
1660 2685 1819 2714 vaticinium
1833 2711 1844 2722 ί,

1031 2733 1164 2762 adventus
1180 2732 1340 2761 Salvatéris.

947 2831 1052 2860 NO'UE
1057 2853 1064 2860 .

229 2909 269 2945 (ε)
289 2909 368 2945 Ἰωὴλ
384 2906 461 2941 οὗτος
473 2906 508 2946 ἦν
523 2908 553 2942 ἐξ
567 2907 652 2944 ἀγροῦ
668 2905 778 2943 Βηθώρ,
792 2905 893 2941 Epipb.
905 2915 913 2940 ;
927 2908 972 2936 sic:

1023 2917 1028 2936 ι
1047 2917 1112 2945 agro
1129 2908 1270 2941 Bethoron,
1290 2908 1406 2937 Doroth.
