2056 3148
254 206 319 241 1351

849 206 1032 237 ΗΕΞΥΕΗΙΙ
1053 207 1289 237 PRESBYTERI

1822 206 1892 239 1352

287 263 355 292 VIII.
375 261 539 292 Vaticinium
557 260 591 288 ad
607 266 771 297 synagogam
786 259 927 289 Judaicam
942 260 1040 296 integri

1128 263 1163 295 η’.
1185 259 1342 296 Προφήτεία
1356 260 1390 295 τῇ
1408 258 1538 303 Ἰουδαϊκῇ
1554 260 1706 296 Συναγωγῇ
1722 258 1774 296 τῆς
1790 269 1894 288 πανιε-

250 317 341 338 casus.
369 308 401 335 Et
427 306 583 335 exhortatio
610 310 640 333 ut
656 305 689 332 ad
723 304 809 332 Deum
838 309 1040 338 convertatur;

251 361 280 384 et
301 355 447 392 prophetia
465 360 561 381 eorum
577 360 638 387 quae
658 352 686 379 in
698 350 839 380 Christum
854 351 1043 386 delinquentes

251 401 359 438 passuri
377 405 453 428 sunt.

288 447 332 474 IX.
361 447 516 475 Consilium
554 446 588 474 de
624 446 699 475 culto
734 446 827 474 divino
853 449 882 472 et
899 443 1044 480 promissio

255 493 455 521 nmentationis
474 492 643 525 ludat-orum,
660 497 689 520 et
708 499 803 519 eorum
824 499 885 526 quae
912 494 1044 518 eventura

252 544 317 567 sunt
341 539 531 575 peccatoribus
551 539 579 566 in
591 539 635 566 die
650 539 756 573 iudicii.

287 584 322 611 Χ.
339 584 505 620 chudiatio
535 585 734 613 sacriﬁciorum
782 583 985 615 Judaicorum,
1017 587 1046 610 et

252 631 390 658 accusatio
404 631 474 666 quod
491 630 636 658 servierint
651 630 730 658 idolis
745 630 896 657 vicinarum
910 628 1044 664 gentium,

255 680 317 707 licet
331 686 448 706 numero
462 683 490 706 et
504 679 608 706 viribus
627 678 763 714 majores,
780 682 808 706 et
821 678 959 713 quomodo
982 685 1046 712 pro-

254 728 316 760 pter
342 723 546 751 multitudinem
574 724 761 759 voluptatum,
776 723 902 751 conversi
929 727 994 750 sunt
1013 722 1046 750 ad

257 769 402 796 luxuriant.

292 814 337 841 XI.
354 814 432 842 Minae
448 814 610 842 vastationis
643 814 738 848 Israel,
760 819 786 842 et
801 814 922 841 narratio
952 821 1046 841 eorum

255 868 316 895 qua
331 860 461 888 adversus
479 860 567 896 legem
587 864 614 888 et
628 860 714 888 Deum
728 865 920 895 peccaverunt,
937 864 1048 895 propter

257 914 318 941 qua:
341 905 486 941 Babylonis
502 914 531 934 se
546 906 721 934 inducturum
755 906 884 932 minatur.

293 952 350 980 XII.
379 952 521 980 Pnedictio
550 952 731 988 expeditionis
760 951 968 987 Babyloniorum
986 970 994 983 ,
1020 954 1049 978 ct

260 1001 383 1025 venturae
412 996 514 1024 Iudaeis
527 1004 616 1032 paena:
637 997 664 1023 in
680 1000 803 1031 tempore
821 996 925 1029 futuro,
952 1001 981 1023 et
996 996 1046 1023 atl-

259 1047 358 1070 rentus
374 1041 524 1069 Salvatorls
541 1042 567 1069 in
592 1049 685 1074 carne,
703 1045 732 1068 et
745 1049 841 1068 eorum
858 1049 919 1076 quae
934 1049 967 1069 ex
990 1041 1050 1077 ipso

258 1087 349 1115 I'utura
373 1092 437 1115 sunt
451 1086 562 1115 Judteis.

293 1178 365 1206 XIII.
381 1178 506 1206 Narratio
537 1178 697 1207 insidiarum
718 1180 869 1208 sacerdotis
899 1180 996 1208 Bethel
1020 1180 1048 1208 in

259 1224 433 1259 prophetam,
451 1228 479 1250 et
491 1231 585 1251 eorum
601 1231 661 1258 quae
677 1224 811 1259 propheta
826 1224 973 1258 sacerdoti,
994 1225 1050 1252 Deo

259 1271 384 1305 iubente,
398 1270 517 1296 minatus
531 1273 583 1296 est.

295 1315 366 1344 XIV.
381 1315 544 1343 Vaticinium
563 1315 649 1342 ruinae
672 1315 766 1351 templi
793 1324 809 1343 ιι
827 1315 937 1344 Christo
969 1317 1050 1344 induo

260 1365 311 1387 οισι
324 1379 332 1392 ,
354 1365 382 1387 et
397 1359 540 1394 prophetia
548 1366 643 1387 eorum
663 1367 724 1394 qua:
746 1360 773 1387 in
788 1360 914 1388 Sabbatis
929 1364 957 1388 ct
981 1359 1052 1388 Neo-

261 1405 361 1433 meniis
380 1405 500 1440 populus
517 1404 674 1432 Judacorum
698 1406 832 1440 peccavit,
852 1411 965 1442 propter
977 1405 1050 1441 quod

262 1457 357 1478 corum
377 1453 451 1477 terra
465 1456 527 1476 cum
542 1448 642 1476 incolis
658 1449 820 1484 castigatur.

297 1541 355 1569 XV.
371 1542 519 1578 Prophetia
533 1542 728 1569 miraculorum
742 1541 772 1568 in
786 1548 868 1568 cruce
893 1540 1049 1568 futurorum

262 1593 291 1616 et
309 1588 443 1615 malorum
459 1595 520 1622 quae
533 1587 644 1621 Judaeis,
657 1587 743 1623 gratia
755 1587 789 1615 ab
802 1587 869 1622 ipsis
882 1587 1050 1621 discedente,
1066 1597 1087 1625 ο

263 1637 464 1669 superventura
486 1636 564 1659 sunt.

299 1678 369 1706 XVI.
391 1678 539 1713 Prophetia
568 1685 663 1706 eorum
685 1686 747 1714 qua:
763 1678 890 1706 Christus
917 1679 1053 1706 facturum

263 1732 292 1752 se
308 1724 411 1759 populo
434 1728 461 1752 et
477 1724 579 1759 templo
602 1724 723 1751 minatus
749 1729 800 1758 est,
823 1729 852 1752 et
877 1725 990 1760 insuper
1006 1732 1054 1752 eos

265 1769 392 1805 objurgat
408 1772 538 1803 tanquam
554 1776 611 1796 non
626 1769 717 1796 minus
732 1769 839 1797 alienos
851 1777 933 1804 quam
950 1774 1055 1798 caetera:

263 1817 358 1849 gentes
373 1817 577 1840 extraneorum.

300 1857 383 1886 XVII.
410 1857 554 1892 Quomodo
570 1857 658 1886 tldelis
678 1858 763 1886 Israel
787 1866 821 1886 ex
843 1857 948 1886 inﬁdeli
966 1866 1056 1887 secer-

264 1907 339 1933 nitur
359 1913 409 1941 per
431 1905 580 1933 Salvatoris
594 1905 753 1938 adventum,
769 1909 797 1932 et
823 1913 936 1941 regnum
971 1905 1056 1933 David

264 1952 291 1979 in
306 1952 371 1987 ipsis
386 1956 545 1983 renovatur,
562 1956 589 1979 et
604 1952 686 1979 simul
708 1959 771 1979 cum
787 1951 846 1988 lege
870 1951 951 1979 bonis
963 1950 1056 1987 gratiae

263 1999 400 2026 fruentur.

299 2045 384 2072 Amos
404 2043 539 2080 significat
563 2044 678 2079 ﬁrmitas
698 2044 757 2072 sive
784 2044 873 2071 robur.
899 2044 983 2071 Amos
998 2047 1057 2071 erat

265 2098 299 2118 ex
316 2089 441 2124 Thecue;
475 2094 502 2118 et
525 2090 651 2118 Amasias
686 2090 785 2117 crebro
811 2090 885 2117 fuste
910 2093 1056 2117 contusum

268 2136 380 2163 tandem
412 2135 502 2171 gladio
517 2136 634 2163 necavit.
658 2134 710 2168 Qui
736 2143 798 2163 cum
827 2135 918 2163 adhuc
940 2135 1058 2170 spiraret

266 2189 407 2217 regressus
432 2186 475 2209 est
502 2182 530 2209 in
549 2186 650 2209 terram
667 2189 756 2209 suam.
774 2181 819 2217 Et:
832 2185 894 2216 post
913 2181 982 2209 duos
998 2181 1058 2209 dies

266 2233 391 2256 mortuus
408 2232 449 2255 est
465 2228 502 2255 ibi
515 2231 542 2255 et
554 2227 685 2263 sepultus.

1070 2265 1095 2294 D

407 2305 533 2334 CAPITA
552 2305 666 2332 ABDl/E
694 2305 900 2333 PROPHETAE.

302 2364 324 2392 I.
342 2364 422 2393 Minae
442 2366 573 2394 adversus
597 2365 735 2394 diabolum
757 2369 785 2392 et
801 2364 944 2400 praedictio
963 2371 1058 2392 eorum

268 2419 328 2445 quae
350 2411 409 2447 ipse
425 2419 557 2447 passurus
574 2415 635 2446 est,
650 2416 678 2438 et
695 2411 741 2446 qui
759 2411 809 2439 sub
835 2411 896 2446 ipso
922 2410 951 2438 in
966 2417 1060 2438 errore

267 2461 295 2484 et
311 2457 450 2491 impietate
465 2458 568 2494 degunt
593 2458 628 2485 ab
644 2457 777 2493 apostolis
798 2461 825 2485 et
857 2457 892 2485 ab
913 2457 947 2485 iis
963 2457 1010 2492 qui
1026 2465 1059 2484 cx

268 2502 407 2537 impiatate
421 2504 546 2532 conversi
561 2509 636 2532 sunt.

304 2548 337 2575 II.
353 2547 433 2575 Minae
450 2549 583 2578 adversus
598 2550 737 2583 eumdem,
750 2550 855 2578 scilicet
891 2557 926 2577 ne
940 2549 1057 2585 gaudeat

269 2595 303 2622 de
317 2595 439 2630 gentium
455 2603 548 2624 errore
561 2616 568 2629 ,
586 2602 614 2623 et
629 2596 768 2632 praedictio
788 2595 981 2631 mysteriorum
995 2594 1057 2630 qui-
1082 2616 1094 2630 ,

269 2640 321 2669 bus
346 2640 475 2668 fruuntur
490 2649 538 2676 per
556 2642 726 2670 vocationem
746 2641 941 2677 evangelicam.

305 2688 351 2716 III.
374 2688 517 2721 Quomodo
531 2688 577 2722 qui
606 2688 634 2715 in
653 2688 798 2716 virtutibus
824 2696 853 2716 se
869 2691 1023 2718 exercent,
1042 2686 1061 2713 ii

269 2737 380 2772 quidem
407 2735 570 2772 spiritalium
585 2741 774 2764 extraneorum
789 2740 816 2764 et
830 2735 987 2763 Judaaorum
1003 2734 1062 2762 haz-

1065 937 1086 964 Β

1092 305 1155 338 λοῦς
1171 305 1338 337 ἐκπτώσεως
1349 313 1356 321 '
1372 305 1420 332 καὶ
1432 306 1596 340 παραίνεσις
1610 306 1662 342 τῆς
1675 307 1745 342 πρὸς
1759 307 1805 334 τὸν
1825 307 1895 334 Θεὸν

1092 351 1277 386 ἐπιστροφῆς·
1295 351 1344 378 καὶ
1357 350 1458 386 ἀπειλὴ
1474 347 1511 378 ὧν
1527 350 1642 386 ἔμελλον
1654 352 1696 384 είς
1708 353 1757 380 τὸν
1775 352 1894 388 Χριστὸν

1094 396 1321 431 παρανομοῦντες
1339 396 1496 423 πείσεσθαι.

1130 442 1164 469 θ’.
1185 442 1330 479 Συμόουλὴ
1346 442 1513 476 θεοσεϐείας,
1529 443 1578 469 καὶ
1591 444 1746 480 πρόῤῥησις
1762 446 1809 473 τοῦ
1825 447 1895 474 Ἰου-

1093 488 1188 516 δαϊκοῦ
1204 489 1315 524 θρήνου,
1328 492 1375 516 καὶ
1390 489 1443 516 τῶν
1459 489 1598 525 ἐσομένων
1610 491 1666 523 τοῖς
1681 492 1855 528 ἁμαρτωλοῖς
1866 495 1896 522 ἐν

1095 536 1129 570 τῇ
1148 536 1242 571 ἡμέρᾳ
1257 535 1307 570 τῆς
1322 535 1454 570 κρίσεως.

1134 578 1161 605 ι’.
1181 579 1353 615 ’Λποστροφὴ
1368 580 1422 606 τῶν
1441 580 1595 608 Ἰουδαϊκῶν
1617 581 1738 609 θυσιῶν
1760 583 1809 610 καὶ
1829 592 1896 611 κατ-

1096 624 1196 660 ηγορία
1213 625 1254 652 ὅτι
1277 626 1334 657 τοῖς
1356 626 1476 658 εἰδώλοις
1493 626 1634 654 ἐδούλευον
1651 628 1707 655 τῶν
1721 629 1896 665 ὁμορούντων

1096 670 1193 702 ὲθνῶν,
1210 669 1299 697 καίτοι
1316 670 1439 706 μείζονες
1453 672 1563 708 ἀριθμῷ
1586 673 1634 700 καὶ
1654 674 1770 709 δυνάμει
1794 677 1897 711 τυγχά-

1097 725 1189 748 νοντες
1199 724 1205 731 ·
1220 717 1267 744 καὶ
1281 717 1355 749 ὅπως
1368 718 1421 745 ὑπὸ
1434 718 1554 754 πλήθους
1563 719 1672 755 τρυφῆς
1683 721 1789 757 ἐτράπη
1795 730 1844 748 ταν
1855 724 1897 754 είς

1097 762 1254 796 ἀσέλγειαν.

1134 812 1178 836 ια’.
1199 809 1310 844 Ἀπειλὴ
1328 809 1378 844 τῆς
1399 809 1568 845 ἐρημώσεως
1583 811 1632 838 τοῦ
1649 811 1771 848 Ἰσραὴλ,
1791 814 1840 840 καὶ
1855 814 1898 841 δι-

1099 854 1200 889 ήγησις
1223 850 1261 880 ὧν
1283 854 1324 885 είς
1343 853 1390 880 τὸν
1412 853 1497 889 νόμον
1520 855 1568 881 καὶ
1585 855 1631 882 τὸν
1645 856 1711 883 Θεὸν
1725 857 1897 893 ἡμάρτανον,

1101 899 1172 934 ὑπὲρ
1184 896 1222 926 ὧν
1234 899 1422 930 Βαὸυλωνίους
1437 900 1584 936 ἐπιφέρειν
1599 901 1759 937 ἠπείλησεν.

1138 947 1182 982 ιβ’.
1203 946 1359 982 Πρόρῤησις
1380 947 1429 982 τῆς
1445 948 1626 976 Βαϐυλωνίων
1647 949 1898 985 ὲπιστρατεύσεως,

1100 993 1149 1020 καὶ
1172 993 1222 1028 τῆς
1244 993 1465 1028 ὲπελευσομένης
1483 995 1539 1025 τοῖς
1557 994 1697 1026 Ἰουδαίοις
1717 994 1797 1030 δίκης
1813 996 1842 1021 ὲν
1859 996 1900 1030 τῷ

1100 1039 1179 1066 αἰῶνι
1199 1039 1239 1074 τῷ
1264 1037 1400 1073 μέλλοντι,
1418 1039 1466 1065 καὶ
1488 1039 1538 1073 τῆς
1559 1040 1589 1065 ὲν
1613 1039 1698 1075 σαρκὶ
1709 1039 1757 1066 τοῦ
1773 1040 1900 1076 Σοηῆρος

1100 1084 1230 1119 ἀφίξεως,
1243 1084 1290 1110 καὶ
1305 1083 1360 1110 τῶν
1377 1083 1530 1119 μελλόντων
1541 1084 1571 1117 ἐξ
1586 1085 1671 1121 αὐτῆς
1685 1087 1741 1117 τοῖς
1759 1086 1900 1118 Ἰουδαίοις

1100 1131 1222 1158 ἔσεσθαι.

1138 1180 1181 1212 ιγ’.
1202 1177 1334 1212 Διήγησις
1353 1177 1403 1211 τῆς
1426 1176 1474 1202 τοῦ
1499 1176 1596 1212 ίερέως
1621 1175 1723 1211 Βαιθὴλ
1748 1176 1899 1211 ἐπιϐουλῆς

1100 1223 1173 1250 κατά
1182 1222 1228 1250 τοῦ
1241 1223 1394 1258 προφήτου,
1403 1223 1449 1248 καὶ
1460 1218 1497 1248 ὧν
1511 1223 1524 1248 ὁ
1535 1222 1681 1257 προφήτης
1692 1222 1731 1257 τῷ
1744 1222 1812 1258 ίερεῖ
1823 1222 1900 1257 παρὰ

1099 1269 1147 1296 τοῦ
1162 1268 1230 1295 Θεοῦ
1247 1268 1487 1304 προστεταγμένος
1502 1268 1647 1303 ἠπείλησε.

1137 1314 1178 1341 ιδ’.
1201 1313 1359 1349 Προφητεία
1387 1313 1438 1348 τῆς
1463 1313 1657 1349 ἑπενεχθείσης
1678 1312 1717 1348 τῷ
1742 1313 1799 1348 ναῷ
1823 1313 1900 1348 παρὰ

1101 1360 1221 1397 Χριστοῦ
1235 1360 1398 1396 πορθήσεως
1409 1369 1416 1376 ·
1430 1360 1479 1387 καὶ
1489 1360 1614 1395 διήγησις
1628 1357 1664 1386 ὧν
1676 1361 1706 1387 ὲν
1719 1361 1776 1392 τοῖς
1792 1361 1900 1387 Σαῦσά-

1101 1415 1157 1439 τοις
1174 1407 1221 1434 καὶ
1235 1407 1296 1437 ταῖς
1310 1405 1482 1441 Νουμηνίαις
1491 1406 1505 1432 ὁ
1517 1405 1581 1437 λαὸς
1590 1405 1644 1432 τῶν
1658 1405 1794 1433 Ἰουδαίων
1807 1406 1900 1441 ἡμάρ-

1102 1462 1193 1485 τανεν,
1205 1453 1265 1482 ἀνθ’
1276 1450 1314 1480 ὧν
1330 1452 1422 1485 αὐτοῖς
1438 1453 1455 1487 ή
1470 1452 1505 1487 γῆ
1526 1452 1595 1488 μετά
1608 1452 1663 1479 τῶν
1677 1452 1825 1479 οἰκούντων
1834 1460 1900 1480 πρι-

1102 1499 1222 1526 δεύεται.

1140 1549 1180 1572 ιε’.
1202 1545 1360 1581 Προφήτεία
1382 1545 1436 1572 τῶν
1460 1545 1507 1572 ἐπὶ
1528 1545 1576 1572 τοῦ
1601 1543 1720 1580 σταυροῦ
1744 1542 1901 1579 γενομένων

1104 1592 1261 1628 θαυμάτων,
1279 1593 1327 1619 καὶ
1342 1592 1396 1619 τῶν
1412 1592 1506 1618 κακῶν
1518 1591 1537 1618 ἃ.
1551 1592 1611 1623 τοῖς
1627 1590 1764 1622 Ἰουδαίοις
1779 1589 1901 1624 συμϐαί-

1104 1645 1172 1669 νειν,
1187 1638 1237 1672 τῆς
1252 1637 1365 1672 χάριτος
1379 1636 1408 1670 ἐξ
1419 1636 1511 1663 αὐτῶν
1528 1635 1740 1671 ἀναχωρούσης,
1755 1634 1881 1670 ἔμελλεν.

1139 1682 1187 1715 ις’.
1209 1683 1366 1718 Πρόῥρησις
1380 1679 1418 1710 ὧν
1431 1683 1445 1709 ὁ
1459 1682 1576 1718 Χριστὸς
1585 1683 1708 1717 ποιήσειν
1718 1681 1765 1708 τὸν
1776 1680 1842 1708 ναὸν
1853 1681 1901 1708 καὶ

1104 1728 1149 1755 τὸν
1166 1727 1229 1754 λαδν
1243 1727 1393 1763 ἠπείλησε·
1410 1727 1457 1753 καὶ
1482 1726 1551 1762 πρὸς
1568 1725 1675 1758 τούτοις
1698 1725 1841 1752 ὠνείδισεν
1861 1725 1901 1756 ὡς

1105 1774 1235 1805 ἀποίκους
1252 1773 1378 1809 καθάπερ
1391 1773 1426 1800 τὰ
1439 1772 1520 1800 λοιπά
1535 1772 1599 1808 ἔθνη
1610 1772 1665 1799 τῶν
1678 1770 1836 1805 ἀλλοφύλων
1847 1770 1899 1796 ὑπ-

1105 1819 1250 1854 άρχοντας.

1144 1865 1188 1897 ις’.
1201 1865 1296 1897 Ὅπως
1311 1866 1325 1892 ὁ
1344 1865 1440 1897 πιστὸς
1456 1864 1565 1900 Ἰσραὴλ
1577 1864 1609 1890 ὲκ
1623 1862 1670 1890 τοῦ
1684 1862 1802 1890 ἀπίστου
1815 1861 1902 1897 χωρί-

1106 1910 1183 1943 ζεται
1199 1910 1244 1938 διὰ
1264 1911 1315 1951 τῇς
1326 1910 1375 1938 τοῦ
1392 1911 1519 1946 Σωτῆρος
1534 1909 1663 1945 ἀφίξεως,
1681 1909 1730 1936 καὶ
1743 1908 1760 1943 ή
1776 1907 1902 1942 βασιλεία

1106 1957 1153 1984 τοῦ
1166 1957 1249 1984 Δαυῒδ
1265 1958 1294 1984 ἰν
1310 1958 1403 1989 αὐτοῖς
1417 1957 1589 1989 ἀνανεοῦται,
1606 1956 1653 1982 καὶ
1666 1955 1736 1991 μετά
1750 1953 1798 1981 τοῦ
1816 1953 1902 1989 νόμου

1106 2005 1303 2040 καρπώσονται
1318 2005 1366 2032 καὶ
1380 2004 1415 2031 τὰ
1431 2004 1502 2031 καλά
1516 2004 1567 2039 τῆς
1583 2004 1719 2040 χάριτος..

1142 2051 1234 2086 ’Δμῶς
1249 2051 1431 2087 ἑρμηνεύεται
1443 2051 1607 2086 στερέωσις
1620 2050 1636 2086 ἢ
1654 2051 1757 2085 ίσχύς·
1767 2050 1858 2086 Ἀμὼς
1868 2049 1903 2087 ἦν

1107 2098 1140 2124 ἐκ
1154 2097 1274 2124 Θεκουέ“
1294 2099 1340 2124 καὶ
1359 2098 1493 2132 Ἀμασίας
1511 2097 1548 2132 (6)
1569 2097 1673 2132 ωχνῶς
1689 2097 1770 2124 αὑτὸν
1791 2105 1901 2132 τυμπα-

1107 2143 1195 2177 νίσας,
1207 2144 1287 2175 τέλος
1303 2143 1409 2170 ἀνεῖλεν
1429 2143 1510 2170 αὑτὸν
1534 2141 1606 2177 ξίφει
1616 2150 1622 2157 ·
1637 2142 1677 2169 ἔτι
1692 2142 1722 2169 δὲ
1736 2143 1903 2178 ἐμπνέοντος

1108 2188 1190 2215 αὐτοῦ
1203 2187 1318 2224 ἀνῆλθεν
1337 2189 1378 2220 είς
1391 2188 1442 2223 τὴν
1464 2188 1516 2223 γῆν
1539 2187 1636 2215 αὐτοῦ·
1650 2188 1698 2214 καὶ
1722 2188 1784 2222 μεθ’
1795 2189 1904 2224 ἡμέρας

1107 2234 1154 2261 δύο
1166 2234 1296 2268 ἀπέθανε,
1316 2234 1363 2261 καὶ
1379 2233 1468 2270 ἐτάφη
1485 2234 1554 2262 ἐκεῖ.

1337 2312 1514 2340 ΚΕΦΑΛΑΙΔ
1534 2312 1669 2339 ΑΒΔΙΟΥ,

1143 2367 1178 2395 α’.
1197 2368 1311 2404 Ἀπειλὴ
1326 2369 1398 2396 κατά
1408 2368 1456 2395 τοῦ
1471 2368 1596 2396 διαϐόλου
1609 2376 1616 2383 ·
1632 2368 1680 2395 καὶ
1694 2368 1854 2404 πρόρρησις
1868 2367 1906 2396 ὧν

1108 2413 1220 2448 ἔμελλεν
1234 2414 1316 2446 αὐτός
1327 2423 1356 2441 τε
1370 2414 1422 2441 ὑπὸ
1432 2414 1487 2441 τῶν
1499 2415 1657 2442 ἀποστόλων
1668 2414 1780 2441 καὶτῶν
1793 2414 1823 2447 ἐξ
1836 2414 1904 2440 ἀσε-

1108 2459 1184 2491 ϐείας
1199 2459 1434 2494 ἐπιστρεψάντων,
1451 2460 1499 2487 καὶ
1515 2461 1540 2487 ot
1555 2461 1601 2487 ὑπ’
1613 2461 1696 2488 αὑτὸν
1709 2461 1738 2487 ὲν
1755 2460 1844 2495 πλάνῃ
1859 2467 1905 2485 τε·

1110 2505 1220 2538 λοῦντες
1238 2507 1285 2533 καὶ
1299 2506 1414 2542 ἀσεϐείᾳ
1429 2507 1583 2533 πείσεσθαι.

1147 2550 1180 2586 β’.
1200 2551 1311 2586 Ἀπειλὴ
1328 2551 1399 2578 κατά
1417 2551 1465 2578 τοῦ
1486 2551 1587 2584 αὐτοῦ,
1606 2552 1643 2586 μὴ
1667 2549 1832 2586 ἐπιχαρῆναι
1848 2551 1905 2577 τῶν

1107 2596 1193 2624 ἐθνῶν
1206 2597 1310 2632 πλάνῃ·
1324 2597 1371 2624 καὶ
1386 2597 1540 2634 πρόρρησις
1558 2597 1727 2634 μυστηρίων,
1744 2593 1783 2624 ὧν
1799 2595 1843 2623 διὰ
1853 2595 1905 2630 τῆς

1108 2643 1290 2678 εὐαγγελικῆς
1302 2644 1470 2670 ἀπολαύουσι
1486 2644 1621 2680 κλήσεως.

1145 2692 1181 2723 γ’.
1193 2689 1288 2721 Ὅπως
1298 2689 1324 2716 οἱ
1338 2689 1388 2721 τὰς
1404 2689 1506 2725 ἀρετὰς
1517 2688 1686 2725 ἀσκούμενοι
1700 2689 1778 2716 αὐτοὶ
1795 2688 1846 2724 μιν
1856 2688 1906 2715 καὶ

1112 2734 1166 2761 τῶν
1184 2735 1287 2770 νοητῶν
1302 2735 1460 2770 ἀλλοφύλων
1473 2736 1521 2763 καὶ
1537 2736 1593 2764 τῶν
1612 2735 1745 2763 Ἰουδαίων
1759 2735 1824 2768 τοὺς
1835 2733 1907 2770 κλή-

1029 2812 1146 2841 NOTAE.

305 2891 344 2927 (6)
368 2892 521 2927 Ἀμασίας.
540 2891 571 2918 '0
596 2891 685 2927 ἱερεὺς
700 2890 819 2928 Βαιθῂλ,
838 2891 974 2928 Ιειρὶρνιιιιη.
988 2892 1054 2919 Ihid.

1113 2893 1195 2920 αὑτὸν
1215 2892 1286 2919 κατά
1311 2892 1358 2919 τοῦ
1381 2892 1531 2928 κροτάφου.
1556 2891 1629 2920 Idem
1651 2891 1785 2928 Epiphan.
1806 2896 1832 2920 ct
1851 2892 1903 2920 Do-

270 2927 374 2954 Δνεῖλεν
387 2928 479 2954 αὐτόν.
492 2943 525 2948 -—
543 2928 573 2953 '0
590 2928 648 2959 υἱὸς
673 2927 814 2961 ’Δμασίου,
833 2927 943 2962 ῥοπάλῳ
956 2927 1054 2961 πλήξας

1116 2929 1188 2955 roth.
1207 2928 1266 2954 Mox
1281 2928 1373 2955 malim
1386 2928 1475 2963 legere
1489 2928 1616 2962 ἐμπνέων
1627 2927 1715 2958 αὐτός.
