2056 3148
262 186 332 219 1355

866 186 1046 216 llESYCHlI
1063 187 1300 217 PRESBYTERI

1827 188 1896 221 1156

258 246 365 282 inquit.
383 245 500 281 lapidem
518 245 681 272 clamantem
696 245 830 276 luctuose.
843 249 871 272 et
885 244 1048 272 cantharum

1103 244 1212 279 ᾤκησεν
1222 245 1251 270 ἐν
1264 246 1299 280 γῇ
1316 244 1426 280 Σαραὴρ
1443 244 1571 281 [Σαραὰμ
1586 245 1763 281 'l'hcophyl.].
1779 245 1900 273 ἀπέθανε

259 295 377 328 ligneum
391 292 425 319 ad
440 292 524 318 Deum
540 291 708 326 loquentem.
721 297 786 318 tunc
799 299 883 326 prope
898 291 951 318 erit
964 291 1048 318 salus.

258 339 336 366 Tune
350 338 482 365 videbunt
495 337 646 365 Jerusalem
664 342 747 364 totam
768 335 882 364 stratam
909 345 996 372 usque
1014 337 1047 364 ad

257 385 433 412 fundamenta
445 404 452 416 ,
467 388 495 410 et
516 383 543 410 in
561 391 592 410 ea
610 391 707 410 omnes
720 382 815 419 gentes
828 383 981 410 adorabunt
995 382 1048 409 Βο-

257 431 361 457 minum
371 451 378 463 ,
393 434 420 457 et
436 429 602 461 trans-ferent
611 429 715 464 lapides
730 437 825 456 versus
836 437 966 457 occasum
975 429 1052 460 solis.

256 482 284 504 et
297 476 333 504 ibi
351 477 404 504 erit
435 475 559 503 adoratio
589 475 663 502 uncti
687 474 826 511 (Christi),
843 483 876 503 eo
899 475 971 510 quod
1000 475 1033 502 de

255 527 348 557 specta
370 521 452 549 fuerit
464 520 614 548 Jerusalem
635 520 785 548 indcserto
802 521 922 548 ferarum
945 525 973 548 et
989 527 1049 547 om-

257 569 301 596 nis
320 568 509 596 itnmunditite.
532 569 565 595 Et
591 572 655 603 tunc
671 568 763 596 veniet
779 567 841 595 linis
871 568 962 595 omnis
989 567 1050 594 ani-

256 623 319 642 n18.

1103 290 1131 316 δὲ
1149 290 1218 323 ἐκεῖ,
1232 290 1280 316 καὶ
1294 290 1382 325 ἐτάφη
1401 291 1430 315 ἐν
1452 291 1577 325 σπηλαίῳ
1593 291 1692 323 Κενὲζ,
1711 291 1806 326 κριτοῦ
1823 300 1902 325 γενο‹

1105 336 1187 371 μένου
1213 336 1242 363 ἐν
1267 336 1385 372 ἡμέραις
1409 336 1458 372 τῆς
1477 337 1626 373 ἀναρχίας·
1645 338 1692 364 καὶ
1715 338 1799 364 ἔδωκε
1817 339 1900 373 τέρας

1104 382 1171 409 πολὺ
1196 383 1244 410 ἐπὶ
1270 383 1310 419 [ἐν
1329 383 1493 420 Theophle
1514 384 1621 421 Ἰσραὴλ
1646 385 1693 411 καὶ
1718 385 1839 421 ἐφ’ὅλην
1852 387 1901 421 τὴν

1104 429 1157 464 γῆν
1167 437 1174 445 ⁸
1189 429 1265 463 ὅταν,
1281 431 1375 464 φησὶν,
1390 430 1483 457 ἴδωσιν
1499 430 1572 458 λίθον
1586 431 1692 466 βοῶντα
1707 432 1837 468 οἰκτρῶς,
1853 433 1902 459 καὶ

1103 476 1240 510 κάνθαρον
1267 475 1321 502 ἀπὸ
1347 476 1426 508 ξύλου
1450 477 1519 512 πρὸς
1542 477 1608 504 Θεὸν
1626 477 1826 512 φθεγγόμενον,
1839 479 1902 506 τότε

1103 521 1223 556 ἐγγίζειν
1247 522 1296 557 τὴν
1318 522 1454 558 σωτηρίαν
1466 531 1473 538 ”
1491 524 1552 549 τότε
1569 523 1680 558 ὄψονται
1698 524 1747 559 τὴν
1763 525 1901 559 Ἰερουσα-

1103 566 1159 602 λὴμ
1173 567 1364 603 ὴδαφισμένην
1381 567 1588 604 Ιὴφανισμένην
1605 569 1771 605 Thcophyl.]
1786 570 1839 602 ἓως
1853 570 1901 597 οε-

1105 612 1206 647 μελίων
1222 613 1296 648 ὃλην,
1307 614 1354 641 καὶ
1366 615 1407 646 εἰς
1421 615 1505 650 αὐτὴν
1516 615 1605 642 πάντα
1621 617 1656 643 τὰ
1671 617 1735 652 ἔθνη
1749 617 1802 653 [ἐν]
1816 626 1900 652 προσ-

256 663 368 698 κυνήσει
391 662 430 698 τῷ
454 661 569 698 Κυρίῳ·
596 661 643 688 καὶ
670 661 853 696 μεταθήσουσι
879 660 1053 696 [μεθήσουςι
1076 659 1241 696 Theophle
1265 661 1327 692 τοὺς
1352 661 1443 694 λίθους
1461 662 1532 689 κατὰ
1551 662 1658 698 δυσμὰς
1674 663 1761 698 ἡλίου,
1775 666 1824 692 καὶ
1841 667 1900 692 ἐκεῖ

256 710 333 736 ἔσται
358 711 375 745 ή
400 710 589 746 προσκύνησις
615 709 664 736 τοῦ
687 709 848 744 ὴλημμένου
875 708 1056 744 [ὴλειμμένου
1078 707 1262 744 Tlteophyl.].
1289 708 1334 735 διὰ
1355 708 1386 735 τὸ
1402 708 1450 744 τὴν
1469 709 1650 745 Ἰερονταλὴμ
1674 710 1853 747 βδελυχθῆναι
1871 714 1900 739 ἐν

257 756 399 792 ἐρημώσει
418 756 522 792 θηρίων
543 756 591 783 καὶ
606 756 700 792 πάσης
719 755 902 790 ἀκαθαρσίας,
921 756 969 783 καὶ
994 755 1055 782 τότε
1075 755 1135 790 ἥξει
1150 755 1180 782 τὺ
1195 755 1272 787 τέλος
1288 755 1381 791 πάσης
1402 756 1498 789 πνοῆς.

398 834 522 863 ΟΑΡΙΤΑ
533 834 686 862 MlClUE/E
704 833 908 862 PROPHETIE.

294 894 316 920 l.
339 892 502 920 Vaticininm
521 891 657 920 adventus
681 891 795 925 Christi,
820 897 848 919 et
873 899 967 919 eorum
990 899 1051 926 qua

257 943 458 974 snperventura
470 943 535 966 sunt
555 939 656 974 populo
671 938 838 967 Judzeorum.

293 985 323 1012 ll.
339 985 500 1013 Exhortatio
511 985 545 1013 ad
561 985 661 1020 impias
677 990 772 1020 gentes
788 993 823 1012 ne
843 985 988 1012 derideant
1014 984 1053 1012 ls-

257 1031 314 1058 rael
328 1032 400 1066 quod
414 1032 449 1059 ah
466 1031 533 1067 ipsis
548 1031 717 1067 impietatem
736 1031 851 1059 edoctus
865 1036 907 1058 est
920 1039 929 1063 ;
949 1036 976 1058 et
990 1039 1053 1058 nar-

260 1078 330 1105 ratio
348 1086 442 1105 corum
457 1085 518 1113 quas
538 1076 612 1104 Deus
631 1077 723 1105 lsracli
739 1077 859 1104 minatus
877 1081 929 1104 est.

292 1171 338 1199 lll.
345 1170 499 1204 Praedictio,
508 1178 634 1206 quamam
643 1169 928 1205 pleriqueJudaeorum
942 1173 1053 1205 propter

257 1216 387 1252 injuriam
408 1215 436 1242 in
452 1215 594 1243 Christum
614 1215 720 1250 passuri
736 1214 802 1246 sint,
821 1222 946 1249 quamam
961 1219 1053 1242 autem

258 1262 389 1290 evenient
402 1261 435 1289 iis
452 1261 498 1296 qui
515 1269 547 1289 cx
560 1261 627 1297 ipsis
643 1261 822 1289 crediderint.

293 1306 334 1333 IV.
350 1305 431 1332 Minae
447 1306 473 1333 in
483 1305 788 1340 priueipchudaaorum
805 1311 834 1334 et
848 1313 943 1333 eorum
963 1313 1052 1341 pseu-

258 1352 454 1388 doprophetas,
481 1356 577 1387 utpote
615 1351 661 1386 qui
685 1351 789 1378 faciunt
813 1355 907 1378 contra
935 1351 960 1378 id
980 1351 1052 1385 quod

257 1398 366 1425 docent.
381 1396 416 1425 Et
431 1397 571 1432 praadictio
587 1404 643 1424 non
655 1396 712 1431 jam
727 1396 787 1424 fore
808 1396 887 1423 ﬁdem
903 1396 1054 1431 prophetia:

257 1444 330 1479 apud
345 1444 430 1479 ipsos,
439 1443 590 1472 Jerusalem
599 1447 691 1471 autem
703 1442 846 1479 antiquam
859 1447 886 1469 et
898 1442 964 1469 Sion
976 1450 1052 1470 ever-

258 1491 353 1518 tendas
367 1490 434 1518 fore.

295 1535 327 1563 V.
352 1535 518 1564 Vaticinium
542 1536 608 1563 doni
623 1535 743 1570 Spiritus
755 1535 784 1563 in
800 1542 895 1563 omnes
909 1535 1052 1562 credentes

1222 835 1398 862 ΚΕΦΑΛΛΙΛ
1417 836 1567 863 ΜΙΧΑΙΟΥ
1587 837 1783 866 ΠΡΟΦΠΤΟΥ.

1141 896 1177 920 α’.
1198 893 1358 928 Προφητεία
1372 893 1520 929 ἐπιδημίας
1534 895 1672 930 Χριστοῦ,
1689 896 1738 923 καὶ
1754 897 1809 924 τῶν
1833 897 1900 932 μελ-

1070 925 1090 954 B
1104 938 1206 965 λόντων
1220 925 1332 974 ’τῷ-λαῷ
1350 938 1405 965 τῶν
1424 925 1566 966 Ἰουδαίων.
1577 925 1777 976 συμϐήσεσθαι.

1143 984 1176 1020 β’.
1198 984 1364 1020 Παραίνεσις
1378 984 1446 1020 πρὸς
1459 985 1494 1012 τά
1508 985 1659 1012 ἀσεϐοῦντα
1674 987 1729 1013 τῶν
1744 987 1839 1019 ἐθνῶν,
1861 988 1899 1023 μὴ

1105 1030 1236 1065 ἐπιγελᾷν
1260 1029 1299 1065 τῷ
1309 1030 1430 1065 Ἰσραὴλ,
1448 1030 1543 1066 ἐπειδὴ
1567 1031 1597 1058 τὸ
1619 1031 1728 1058 ἀσεῦεἰν
1752 1033 1781 1065 ἐξ
1807 1033 1900 1060 αὐτῶν

1105 1075 1302 1111 ἐδιδάχθησαν·
1329 1076 1378 1102 καὶ
1400 1075 1527 1111 διήγησις
1553 1073 1590 1103 ὧν
1615 1077 1628 1103 ὀ
1651 1077 1716 1109 Θεὸς
1735 1078 1774 1113 τῷ
1789 1078 1899 1114 Ἰσραὴλ

1108 1120 1247 1155 ὴπείλησε.

1140 1170 1176 1201 γ’.
1197 1167 1366 1202 Πρόρῤησις,
1381 1167 1442 1194 τινα
1470 1168 1520 1203 μὲν
1545 1169 1559 1195 ό
1584 1168 1710 1201 πλεῖστος
1730 1170 1840 1206 Ἰσραὴλ
1853 1170 1899 1198 διὰ

1103 1213 1153 1249 τὴν
1167 1214 1208 1245 εἰς
1223 1213 1341 1247 Χριστδν
1355 1214 1531 1248 παρανομίαν
1543 1215 1689 1249 πάσχουσι.
1706 1215 1766 1242 τίνα
1778 1216 1805 1242 δὲ
1820 1216 1898 1244 ἔσται

1103 1260 1158 1290 τοῖς
1175 1258 1204 1290 ἐξ
1220 1259 1309 1285 αὐτῶν
1323 1259 1507 1287 πιστεύουσιν.

1138 1305 1168 1332 δ’.
1190 1305 1302 1340 ’Λπειλὴ
1315 1304 1386 1331 κατὰ
1395 1305 1613 1333 τῶνΊουδαῖκῶν
1625 1307 1774 1341 ἀρχόντων,
1786 1308 1898 1335 καὶτῶν

1103 1351 1168 1385 παρ’
1182 1351 1274 1380 αὐτοῖς
1286 1350 1530 1386 ψευδοπροφητῶν,
1543 1352 1581 1383 ὡς
1596 1353 1703 1379 ἐναντία
1716 1353 1898 1381 διδασκόντων

1103 1393 1142 1428 οἷς
1157 1396 1305 1431 ἔπραττον·
1323 1397 1371 1424 καὶ
1385 1397 1552 1433 πρόρρησις,
1568 1399 1605 1429 ὡς
1619 1399 1712 1425 οὐκέτι
1726 1400 1776 1435 μὲν
1791 1409 1894 1436 προφη-

1102 1442 1165 1468 τεία.
1190 1443 1256 1477 παρ’
1274 1442 1367 1474 αὐτοῖς
1391 1443 1615 1479 πιστευθήσεται,
1625 1444 1803 1481 Ἰερουσαλὴμ
1828 1446 1856 1473 δὲ
1878 1448 1895 1482 ἡ

1103 1487 1204 1523 ἀρχαία
1219 1487 1264 1514 καὶ
1283 1487 1352 1514 Σιὼν
1370 1487 1584 1522 πορθηοὴσεται.
1828 1516 1835 1524 ,

1138 1536 1168 1559 ε’.
1191 1532 1349 1568 Προφητεία
1359 1533 1409 1567 τῆς
1421 1533 1467 1559 ἐπὶ
1481 1533 1585 1566 πάντας
1598 1535 1660 1566 τοὺς
1671 1535 1783 1568 πιστοὺς
1791 1536 1898 1572 δωρεᾶς

257 1582 349 1614 ell‘usi,
367 1587 395 1609 et
408 1582 532 1617 gentium
550 1582 691 1617 ingressus
704 1582 732 1610 in
746 1589 845 1609 novam
858 1580 1009 1609 Jerusalem
1025 1585 1050 1608 el

1103 1579 1270 1613 ἐκχεομένης
1290 1578 1338 1605 τοῦ
1359 1578 1533 1614 Πνεύματος·
1555 1580 1673 1608 καὶτῶν
1693 1581 1776 1608 ἐθνῶν
1791 1583 1830 1614 είς
1847 1583 1900 1618 τὴν

257 1628 334 1660 Sion,
351 1633 380 1655 et
394 1628 470 1663 pacis
485 1629 618 1663 ipsarum,
634 1628 714 1663 cujus
734 1627 874 1656 Christum
898 1627 1051 1663 principem

259 1674 399 1701 habebunt
417 1683 423 1701 :
437 1678 466 1701 et
481 1673 618 1708 quomodo
632 1673 752 1703 Ecclesia
768 1677 830 1709 post
844 1681 1000 1709 pressuram
1016 1673 1052 1701 ab

259 1728 365 1753 errore,
386 1720 544 1755 recipietur.

295 1813 339 1841 Vl.
358 1813 550 1848 Reprehensio
563 1812 591 1840 in
611 1811 783 1848 Synagogam
798 1815 913 1848 propter
931 1819 1052 1840 errorem

258 1860 445 1891 anteriorem;
464 1863 492 1886 et
516 1858 692 1886 annuntiatio
715 1862 811 1886 contra
840 1857 978 1886 daemones
1003 1865 1052 1892 per

264 1906 395 1933 virtutem
411 1905 519 1937 Crucis,
532 1905 560 1932 in
572 1912 668 1933 eorum
683 1904 799 1940 gratiam
809 1904 857 1940 qui
866 1912 899 1932 ex
912 1904 1051 1940 Synagoga

257 1950 435 1979 crediderint.

294 1995 350 2024 VII.
369 1995 536 2024 Vaticinium
559 1996 728 2023 annuntians
751 1995 893 2024 Christum
912 2003 946 2024 ex
967 1995 1052 2023 Beth-

214 2053 216 2058 λ
258 2043 328 2070 leem
344 2051 352 2076 ;
369 2047 396 2070 et
424 2042 563 2078 quomodo
577 2042 624 2077 qui
651 2050 684 2070 ex
704 2042 832 2079 gentibus
857 2045 1052 2070 convertentur

258 2098 308 2126 per
320 2089 493 2126 evangelicas
510 2089 697 2118 beatitudines
710 2094 738 2117 et
751 2089 825 2117 dono
839 2089 959 2125 Spiritus
969 2089 1052 2117 liber-

258 2141 342 2164 tatem
357 2143 389 2164 ex
403 2135 537 2164 diabolica
557 2135 690 2164 servitute
704 2140 920 2171 consequentur.

291 2227 366 2264 VVlll.
381 2227 536 2260 Prtedietio.
547 2229 686 2264 apostolos
699 2228 759 2257 fore
775 2228 902 2264 gentibus
916 2227 1051 2255 terribiles

1103 1625 1166 1651 νέαν
1182 1624 1361 1661 Ἰερουσαλὴμ
1382 1625 1429 1651 καὶ
1449 1625 1521 1652 Σιὼν
1536 1626 1712 1660 ἀναὸἀσεως·
1731 1629 1844 1664 εἰρήνης
1867 1638 1898 1656 τε

1102 1670 1202 1702 αὐτῶν,
1214 1670 1248 1705 ἢν
1266 1670 1296 1696 ἐν
1311 1669 1422 1706 Χριστῷ
1440 1670 1633 1705 βραὸεύονται·
1649 1674 1696 1700 καὶ
1711 1674 1787 1706 ὅπως
1801 1675 1818 1710 ὴ
1833 1675 1899 1701 Ἑκ-

1101 1715 1201 1751 κλησία
1216 1716 1286 1751 μετὰ
1300 1715 1350 1750 τὴν
1367 1716 1514 1752 συντριΰὴν
1529 1717 1579 1752 τὴν
1600 1719 1633 1745 ἐκ
1647 1718 1751 1755 πλάνης
1765 1719 1898 1756 δεχθήσε-

1101 1771 1158 1791 ται.

1139 1812 1176 1841 ς’.
1196 1809 1325 1845 Ἐπιτίμη
1331 1819 1370 1843 σις
1382 1812 1415 1846 τῇ
1428 1813 1585 1847 συναγωγῇ,
1595 1812 1646 1848 τῆς
1656 1813 1762 1849 πλάνης
1771 1814 1822 1849 τῆς
1833 1822 1898 1850 προ-

1101 1854 1240 1891 λαϐούσης
1257 1855 1353 1883 ἕνεκα·
1378 1858 1427 1885 καὶ
1443 1857 1644 1894 εὐαγγελισμδς
1666 1859 1735 1886 κατὰ
1759 1860 1897 1896 δαιμόνων

1101 1901 1148 1928 διὰ
1162 1902 1280 1938 σταυροῦ
1294 1902 1455 1935 δυναστείας
1470 1905 1528 1936 τοῖς
1542 1904 1573 1937 ἐξ
1587 1904 1673 1940 αὐτῆς
1690 1905 1860 1932 πιστεύουσι.

1137 1993 1171 2026 ζ’.
1192 1994 1351 2029 Προφητεία
1365 1995 1411 2022 τὸν
1427 1995 1546 2031 Χριστὸν
1559 1996 1592 2023 ἐκ
1605 1995 1730 2032 Βηθλεὲμ
1743 1997 1897 2032 κηρύττου-

1102 2048 1153 2067 σαο
1172 2040 1219 2066 καὶ
1242 2040 1317 2073 ὅπως
1339 2041 1364 2067 οἱ
1390 2041 1418 2074 ἐξ
1436 2041 1521 2068 ἐθνῶν
1544 2043 1767 2077 ἐπιστρέφοντες,
1783 2043 1828 2070 διὰ
1841 2043 1895 2070 τῶν

1102 2087 1291 2122 εὐαγγελικῶν
1306 2088 1556 2124 μακαρισμῶν,καὶ
1568 2089 1622 2116 τῶν
1629 2089 1740 2126 δωρεῶν
1752 2090 1799 2116 τοῦ
1811 2090 1897 2116 Πνεύι

1104 2142 1200 2169 ματος,
1211 2133 1371 2169 ἐλευθερίαν
1386 2134 1436 2170 τῆς
1448 2134 1604 2170 διαϐολικῆς
1616 2135 1774 2170 τυραννίδος
1787 2135 1894 2170 λαμϐά-

1103 2188 1204 2207 νουσιν.

1138 2225 1172 2262 η’.
1194 2226 1362 2262 Πρόρῤησις,
1379 2226 1513 2262 φοϐεροὺς
1527 2227 1585 2258 τοῖς
1597 2226 1685 2254 ἔθνεσι
1700 2226 1764 2258 τοὺς
1779 2227 1897 2254 ἀποστό-

257 2262 402 2306 videndos,
416 2272 447 2301 "et
457 2274 517 2301 fore
538 2277 568 2300 ut
585 2274 749 2309 pratvaleant
766 2260 862 2302 c'ontra
877 2274 1016 2301 daemones
1030 2272 1048 2300 ii

1103 2260 1165 2304 λους
1187 2260 1370 2308 ὀφθήσεσθαι,
1387 2260 1582 2300 δυναστεύσειν
1607 2282 1638 2299 τε
1664 2273 1735 2300 κατὰ
1760 2273 1897 2308 δαιμόνων

257 2320 304 2355 qui
323 2327 357 2347 ex
371 2318 455 2346 Israel
474 2319 653 2352 crediderint,
666 2325 813 2355 postquam
833 2328 868 2347 ex
897 2319 964 2355 ipsis
986 2327 1049 2355 per-

258 2365 341 2393 ierint
355 2365 470 2393 fallaciae
490 2365 627 2393 idolorum
641 2365 775 2401 symbola.

294 2410 340 2437 lx.
360 2410 499 2439 Iudicium
515 2411 561 2438 Dei
573 2411 600 2438 in
615 2411 707 2443 lsrael.
737 2416 850 2447 propter
873 2412 949 2440 varia
964 2412 1050 2440 bene-

260 2456 320 2483 ﬁcia
339 2464 400 2491 quae
418 2456 469 2492 ipsi
485 2457 603 2485 contulit
620 2466 627 2490 ;
646 2461 674 2485 et
690 2457 723 2485 ad
740 2457 867 2486 eumdem
884 2457 1048 2490 exhortatio,

259 2501 326 2535 quid
340 2501 445 2528 scilicet
460 2501 586 2530 faciendo
599 2502 692 2530 salvus
706 2502 768 2530 erit.

296 2546 330 2574 Χ.
342 2545 493 2573 Consilium
501 2547 535 2574 ad
551 2547 646 2580 Israel,
661 2552 690 2575 ut
701 2548 735 2575 ab
746 2547 891 2582 iniquitate
904 2547 1050 2581 abstineat,

260 2596 288 2619 et
305 2592 481 2620 comminatio
503 2593 564 2621 illos
576 2594 708 2621 delendos
724 2594 791 2625 fore.
807 2599 836 2621 et
853 2594 965 2629 mystica
980 2595 1052 2622 bona

260 2646 315 2665 non
328 2643 485 2674 gustaturus
498 2646 568 2672 esse,
580 2643 608 2666 et
618 2641 745 2675 gentibus
755 2639 783 2667 in
796 2640 972 2675 opprobrium
981 2641 1049 2669 fore.

295 2732 342 2762 XI.
357 2732 532 2760 Lamentatio
546 2733 686 2767 propheta:
702 2733 737 2760 de
753 2733 897 2761 sterilitate
912 2733 1053 2769 populi,e‘t

259 2778 414 2808 exhortatio
429 2786 464 2805 ne
482 2782 585 2804 tantam
606 2777 633 2804 in
645 2779 702 2805 suis
716 2783 844 2813 quantam
860 2779 888 2806 in
904 2779 960 2807 Deo
979 2779 1050 2806 ﬁdu-

259 2825 329 2853 ciam
349 2824 456 2852 habent.

295 2872 353 2900 Xll.
365 2870 500 2900 Allocutio
516 2870 642 2898 Ecclesiae
656 2872 690 2898 ad
705 2871 873 2906 Synagogatn
890 2879 924 2898 ne
936 2871 1052 2906 gaudeat

262 2925 373 2954 propter
394 2919 535 2953 antiquam
550 2917 733 2952 impietatem.
749 2917 810 2952 lpsa
829 2918 901 2944 enim
929 2917 1051 2945 Ecclesia

1103 2319 1166 2350 τοὺς
1191 2319 1221 2352 ἐξ
1233 2319 1343 2355 Ἰσραὴλ
1369 2318 1579 2352 πιστεύσαντας,
1603 2319 1668 2346 ὃταν
1684 2320 1713 2353 ἐξ
1729 2319 1820 2346 αὐτῶν
1835 2320 1895 2346 ὀλο-

1103 2365 1202 2400 θρευθῇ
1218 2365 1267 2400 τῆς
1282 2365 1392 2400 ἀπάτης
1408 2365 1463 2391 τῶν
1476 2365 1594 2392 εἰδώλων
1605 2365 1639 2391 τὰ
1653 2364 1786 2400 σύμὸολα.

1138 2410 1170 2438 θ’.
1191 2410 1290 2446 Κρίσις
1306 2410 1353 2437 τοῦ
1368 2410 1437 2437 Θεοῦ
1452 2410 1522 2446 πρὸς
1539 2410 1584 2437 τὸν
1598 2410 1716 2446 Ἰσραὴλ,
1730 2411 1771 2444 ἐφ’
1786 2407 1828 2441 οἷς
1843 2410 1893 2436 αὑ-

1103 2456 1150 2483 τὸν
1167 2456 1298 2489 ποικίλως
1315 2457 1485 2493 εὐηργέτησε
1496 2465 1503 2471 ·
1524 2457 1572 2483 καὶ
1594 2457 1754 2492 παραίνεσις
1767 2458 1836 2491 πρὺς
1849 2456 1895 2483 τιν

1103 2503 1194 2536 αὑτὸν,
1210 2503 1237 2529 τί
1254 2504 1372 2541 ποιήσας
1388 2504 1552 2538 σωθήσεται.

1140 2551 1165 2574 ι’.
1187 2547 1332 2583 Συμϐουλὴ
1349 2548 1388 2583 τῷ
1405 2547 1709 2583 Ἰσραὴλ,παρανομίας
1723 2547 1876 2583 ἀπέχεσθαι
1887 2555 1894 2563 ·

1103 2595 1151 2621 καὶ
1166 2595 1266 2630 ἀπειλὴ
1279 2594 1447 2630 ἀφανισμοῦ,
1463 2595 1510 2622 καὶ
1522 2595 1577 2621 τῶν
1591 2595 1702 2629 ἀγαθῶν
1717 2595 1759 2622 ὅτι
1773 2595 1829 2621 τῶν
1845 2603 1896 2629 μυ-

1106 2642 1205 2668 στικῶν
1217 2642 1248 2668 οὐ
1263 2641 1418 2675 γεύσονται,
1435 2641 1509 2668 ἀλλὰ.
1518 2642 1567 2668 καὶ
1582 2643 1637 2673 τοῖς
1649 2641 1756 2668 ἔθνεσιν
1769 2642 1808 2672 είς
1823 2641 1896 2667 ὀνει-

1102 2687 1198 2722 δισμὸν
1215 2687 1332 2715 ἔσονται.

1141 2732 1185 2761 ια’,
1200 2733 1389 2768 ιΣχετλιασμὺς
1400 2732 1446 2760 τοῦ
1458 2733 1599 2768 προφήτου
1611 2732 1658 2759 ἐπὶ
1667 2734 1700 2768 τῇ
1711 2732 1838 2767 ἀκαρπίᾳ
1848 2731 1896 2759 τοῦ

1105 2778 1186 2805 λαοῦ’
1202 2778 1250 2804 καὶ
1267 2778 1440 2814 παραίνεσις,
1456 2778 1494 2814 μὴ
1507 2778 1634 2804 τοσοῦτον
1651 2779 1697 2804 ἐπὶ
1715 2779 1770 2810 τοῖς
1785 2777 1897 2809 οἰκείοις

1105 2825 1167 2851 ὅσον
1181 2824 1252 2859 ἔχειν
1265 2824 1310 2850 ἐπὶ
1327 2824 1387 2860 θεῷ
1406 2825 1454 2859 τὴν
1469 2824 1643 2860 πεποίθησιν.

1140 2870 1182 2905 ιβ’.
1204 2870 1402 2905 Προσφώνησις
1417 2869 1467 2905 τῆς
1479 2869 1646 2905 Ἐκκλησίας
1666 2869 1735 2905 πρὸς
1757 2869 1807 2905 τὴν
1829 2869 1897 2895 Συν-

1104 2916 1224 2951 αγωγὴν,
1243 2916 1280 2951 μὴ
1303 2916 1456 2951 ἐπιχαίρειν
1477 2917 1522 2943 διὰ
1539 2914 1589 2950 τὴν
1611 2917 1730 2951 ἀρχαίαν
1747 2916 1898 2942 ἀσέὁειαν·
