  <div class='ocr_page' id='page_1' title='image "/cluster/home/n/w/nwhite01/storage/ocr_20150623/93/njp.32101077772836/748.png"; bbox 0 0 2056 3148; ppageno 0'>
   <div class='ocr_carea' id='block_1_1' title="bbox 171 193 241 228">
    <p class='ocr_par' dir='ltr' id='par_1_1' title="bbox 171 193 241 228">
     <span class='ocr_line' id='line_1_1' title="bbox 171 193 241 228; baseline 0.029 -2"><span class='ocrx_word' id='word_1_1' title='bbox 171 193 241 228; x_wconf 83' lang='lat'><strong>1357</strong></span> 
     </span>
    </p>
   </div>
   <div class='ocr_carea' id='block_1_2' title="bbox 708 187 1277 220">
    <p class='ocr_par' dir='ltr' id='par_1_2' title="bbox 708 187 1277 220">
     <span class='ocr_line' id='line_1_2' title="bbox 708 187 1277 220; baseline 0 0"><span class='ocrx_word' id='word_1_2' title='bbox 708 190 750 220; x_wconf 86' lang='lat' dir='ltr'><strong>IN</strong></span> <span class='ocrx_word' id='word_1_3' title='bbox 771 189 829 219; x_wconf 78' lang='lat' dir='ltr'><strong>XII</strong></span> <span class='ocrx_word' id='word_1_4' title='bbox 850 187 1074 219; x_wconf 80' lang='lat' dir='ltr'><strong>PROPHETAS</strong></span> <span class='ocrx_word' id='word_1_5' title='bbox 1094 189 1277 220; x_wconf 82' lang='lat' dir='ltr'><strong>MINORES.</strong></span> 
     </span>
    </p>
   </div>
   <div class='ocr_carea' id='block_1_3' title="bbox 1260 127 1311 135">
    <p class='ocr_par' dir='ltr' id='par_1_3' title="bbox 1260 127 1311 135">
     <span class='ocr_line' id='line_1_3' title="bbox 1260 127 1311 135; baseline 0 -3"><span class='ocrx_word' id='word_1_6' title='bbox 1260 127 1311 135; x_wconf 50' lang='grc' dir='ltr'><strong>ν...</strong></span> 
     </span>
    </p>
   </div>
   <div class='ocr_carea' id='block_1_4' title="bbox 1739 188 1805 220">
    <p class='ocr_par' dir='ltr' id='par_1_4' title="bbox 1739 188 1805 220">
     <span class='ocr_line' id='line_1_4' title="bbox 1739 188 1805 220; baseline 0.015 -2"><span class='ocrx_word' id='word_1_7' title='bbox 1739 188 1805 220; x_wconf 64' lang='grc' dir='ltr'><strong>1Ὗ58</strong></span> 
     </span>
    </p>
   </div>
   <div class='ocr_carea' id='block_1_5' title="bbox 172 242 974 287">
    <p class='ocr_par' dir='ltr' id='par_1_5' title="bbox 172 246 966 287">
     <span class='ocr_line' id='line_1_5' title="bbox 172 246 966 287; baseline -0.011 -8"><span class='ocrx_word' id='word_1_8' title='bbox 172 251 241 287; x_wconf 69' lang='grc' dir='ltr'>αὕτη</span> <span class='ocrx_word' id='word_1_9' title='bbox 264 251 314 286; x_wconf 81' lang='grc' dir='ltr'>μὲν</span> <span class='ocrx_word' id='word_1_10' title='bbox 329 250 384 286; x_wconf 82' lang='grc' dir='ltr'>γὰρ</span> <span class='ocrx_word' id='word_1_11' title='bbox 399 251 416 285; x_wconf 85' lang='grc' dir='ltr'><strong>ἠ</strong></span> <span class='ocrx_word' id='word_1_12' title='bbox 428 247 579 284; x_wconf 79' lang='grc' dir='ltr'>Ἐκκλησία</span> <span class='ocrx_word' id='word_1_13' title='bbox 593 247 638 274; x_wconf 82' lang='grc' dir='ltr'><strong>διὰ</strong></span> <span class='ocrx_word' id='word_1_14' title='bbox 655 246 800 282; x_wconf 77' lang='grc' dir='ltr'><strong>μετανοίας</strong></span> <span class='ocrx_word' id='word_1_15' title='bbox 814 246 966 280; x_wconf 77' lang='grc' dir='ltr'>ἀναστήσε-</span> 
     </span>
    </p>
   </div>
   <div class='ocr_carea' id='block_1_6' title="bbox 1025 242 1806 287">
    <p class='ocr_par' dir='ltr' id='par_1_6' title="bbox 1025 242 1806 281">
     <span class='ocr_line' id='line_1_6' title="bbox 1025 242 1806 281; baseline 0.006 -14"><span class='ocrx_word' id='word_1_16' title='bbox 1025 248 1065 268; x_wconf 77' lang='lat' dir='ltr'><strong>&gt;cr</strong></span> <span class='ocrx_word' id='word_1_17' title='bbox 1091 242 1283 276; x_wconf 61' lang='lat' dir='ltr'><strong>paenitentiam</strong></span> <span class='ocrx_word' id='word_1_18' title='bbox 1312 250 1457 280; x_wconf 77' lang='lat' dir='ltr'><strong>resurget;</strong></span> <span class='ocrx_word' id='word_1_19' title='bbox 1484 245 1530 272; x_wconf 85' lang='lat' dir='ltr'><strong>illa</strong></span> <span class='ocrx_word' id='word_1_20' title='bbox 1554 249 1646 272; x_wconf 83' lang='lat' dir='ltr'><strong>autem</strong></span> <span class='ocrx_word' id='word_1_21' title='bbox 1673 245 1806 281; x_wconf 69' lang='lat' dir='ltr'><strong>legalibus</strong></span> 
     </span>
    </p>
   </div>
   <div class='ocr_carea' id='block_1_7' title="bbox 169 291 965 332">
    <p class='ocr_par' dir='ltr' id='par_1_7' title="bbox 169 291 965 332">
     <span class='ocr_line' id='line_1_7' title="bbox 169 291 965 332; baseline -0.01 -8"><span class='ocrx_word' id='word_1_22' title='bbox 169 306 226 330; x_wconf 86' lang='grc' dir='ltr'>ται,</span> <span class='ocrx_word' id='word_1_23' title='bbox 242 297 336 332; x_wconf 81' lang='grc' dir='ltr'>ἐκείνη</span> <span class='ocrx_word' id='word_1_24' title='bbox 352 297 380 323; x_wconf 87' lang='grc' dir='ltr'>δὲ</span> <span class='ocrx_word' id='word_1_25' title='bbox 395 296 443 322; x_wconf 76' lang='grc' dir='ltr'>καὶ</span> <span class='ocrx_word' id='word_1_26' title='bbox 457 295 513 322; x_wconf 87' lang='grc' dir='ltr'><strong>τῶν</strong></span> <span class='ocrx_word' id='word_1_27' title='bbox 526 293 651 329; x_wconf 80' lang='grc' dir='ltr'><strong>νομίμων</strong></span> <span class='ocrx_word' id='word_1_28' title='bbox 664 293 834 325; x_wconf 78' lang='grc' dir='ltr'>ἐκπεσεῖται,</span> <span class='ocrx_word' id='word_1_29' title='bbox 846 291 895 318; x_wconf 82' lang='grc' dir='ltr'>καὶ</span> <span class='ocrx_word' id='word_1_30' title='bbox 908 292 965 322; x_wconf 84' lang='grc' dir='ltr'>τοῖς</span> 
     </span>
    </p>
   </div>
   <div class='ocr_carea' id='block_1_8' title="bbox 169 340 697 380">
    <p class='ocr_par' dir='ltr' id='par_1_8' title="bbox 169 340 697 380">
     <span class='ocr_line' id='line_1_8' title="bbox 169 340 697 380; baseline -0.008 -10"><span class='ocrx_word' id='word_1_31' title='bbox 169 345 277 380; x_wconf 82' lang='grc' dir='ltr'><strong>νοητοῖς</strong></span> <span class='ocrx_word' id='word_1_32' title='bbox 290 342 449 378; x_wconf 78' lang='grc' dir='ltr'><strong>Ἀσσυρίοις</strong></span> <span class='ocrx_word' id='word_1_33' title='bbox 462 340 697 376; x_wconf 78' lang='grc' dir='ltr'>παραδοθήσεται.</span> 
     </span>
    </p>
   </div>
   <div class='ocr_carea' id='block_1_9' title="bbox 206 384 965 424">
    <p class='ocr_par' dir='ltr' id='par_1_9' title="bbox 206 384 965 424">
     <span class='ocr_line' id='line_1_9' title="bbox 206 384 965 424; baseline -0.008 -7"><span class='ocrx_word' id='word_1_34' title='bbox 206 393 252 424; x_wconf 89' lang='grc' dir='ltr'><strong>ιγ’.</strong></span> <span class='ocrx_word' id='word_1_35' title='bbox 272 388 440 424; x_wconf 74' lang='grc' dir='ltr'><strong>Παραίνεσις</strong></span> <span class='ocrx_word' id='word_1_36' title='bbox 455 387 495 423; x_wconf 85' lang='grc' dir='ltr'>τῷ</span> <span class='ocrx_word' id='word_1_37' title='bbox 507 386 618 422; x_wconf 78' lang='grc' dir='ltr'>Ἰσραὴλ</span> <span class='ocrx_word' id='word_1_38' title='bbox 629 405 636 418; x_wconf 87' lang='grc'><strong>,</strong></span> <span class='ocrx_word' id='word_1_39' title='bbox 653 385 698 412; x_wconf 82' lang='grc' dir='ltr'><strong>διὰ</strong></span> <span class='ocrx_word' id='word_1_40' title='bbox 714 384 833 422; x_wconf 84' lang='grc' dir='ltr'>σταυροῦ</span> <span class='ocrx_word' id='word_1_41' title='bbox 850 385 965 420; x_wconf 85' lang='grc' dir='ltr'>ποιμαί-</span> 
     </span>
    </p>
   </div>
   <div class='ocr_carea' id='block_1_10' title="bbox 169 431 966 470">
    <p class='ocr_par' dir='ltr' id='par_1_10' title="bbox 169 431 966 470">
     <span class='ocr_line' id='line_1_10' title="bbox 169 431 966 470; baseline -0.005 -7"><span class='ocrx_word' id='word_1_42' title='bbox 169 436 281 464; x_wconf 80' lang='grc' dir='ltr'>νεσοαι·</span> <span class='ocrx_word' id='word_1_43' title='bbox 301 435 349 462; x_wconf 82' lang='grc' dir='ltr'>καὶ</span> <span class='ocrx_word' id='word_1_44' title='bbox 365 434 535 470; x_wconf 70' lang='grc' dir='ltr'>πρόρρησις,</span> <span class='ocrx_word' id='word_1_45' title='bbox 551 433 627 465; x_wconf 83' lang='grc' dir='ltr'>ὅπως</span> <span class='ocrx_word' id='word_1_46' title='bbox 645 432 679 459; x_wconf 80' lang='grc' dir='ltr'><strong>τὰ</strong></span> <span class='ocrx_word' id='word_1_47' title='bbox 698 432 748 468; x_wconf 84' lang='grc' dir='ltr'>μὲν</span> <span class='ocrx_word' id='word_1_48' title='bbox 764 431 828 467; x_wconf 82' lang='grc' dir='ltr'>Εθνη</span> <span class='ocrx_word' id='word_1_49' title='bbox 843 431 899 458; x_wconf 85' lang='grc' dir='ltr'><strong>τῶν</strong></span> <span class='ocrx_word' id='word_1_50' title='bbox 908 432 966 459; x_wconf 85' lang='grc' dir='ltr'>δαι-</span> 
     </span>
    </p>
   </div>
   <div class='ocr_carea' id='block_1_11' title="bbox 172 478 966 518">
    <p class='ocr_par' dir='ltr' id='par_1_11' title="bbox 172 478 966 518">
     <span class='ocr_line' id='line_1_11' title="bbox 172 478 966 518; baseline -0.008 -8"><span class='ocrx_word' id='word_1_51' title='bbox 172 483 262 518; x_wconf 79' lang='grc' dir='ltr'>μόνων</span> <span class='ocrx_word' id='word_1_52' title='bbox 286 481 521 517; x_wconf 75' lang='grc' dir='ltr'>αἰσχυνθήσεται,</span> <span class='ocrx_word' id='word_1_53' title='bbox 545 480 627 515; x_wconf 81' lang='grc' dir='ltr'>ἡμεῖς</span> <span class='ocrx_word' id='word_1_54' title='bbox 652 479 681 513; x_wconf 55' lang='grc' dir='ltr'>δὲ</span> <span class='ocrx_word' id='word_1_55' title='bbox 703 478 749 505; x_wconf 81' lang='grc' dir='ltr'><strong>διὰ</strong></span> <span class='ocrx_word' id='word_1_56' title='bbox 776 478 966 514; x_wconf 79' lang='grc' dir='ltr'><strong>βαπτίσματος</strong></span> 
     </span>
    </p>
   </div>
   <div class='ocr_carea' id='block_1_12' title="bbox 170 524 841 564">
    <p class='ocr_par' dir='ltr' id='par_1_12' title="bbox 170 524 841 564">
     <span class='ocr_line' id='line_1_12' title="bbox 170 524 841 564; baseline -0.007 -8"><span class='ocrx_word' id='word_1_57' title='bbox 170 530 270 564; x_wconf 61' lang='grc' dir='ltr'>ἄφεσιν</span> <span class='ocrx_word' id='word_1_58' title='bbox 290 527 501 563; x_wconf 82' lang='grc' dir='ltr'>ἁμαρτημάτων</span> <span class='ocrx_word' id='word_1_59' title='bbox 515 526 592 561; x_wconf 83' lang='grc' dir='ltr'>παρὰ</span> <span class='ocrx_word' id='word_1_60' title='bbox 605 525 675 552; x_wconf 88' lang='grc' dir='ltr'>Θεοῦ</span> <span class='ocrx_word' id='word_1_61' title='bbox 687 524 841 560; x_wconf 69' lang='grc' dir='ltr'>ληψόμεθα.</span> 
     </span>
    </p>
   </div>
   <div class='ocr_carea' id='block_1_13' title="bbox 206 581 965 618">
    <p class='ocr_par' dir='ltr' id='par_1_13' title="bbox 206 581 965 618">
     <span class='ocr_line' id='line_1_13' title="bbox 206 581 965 618; baseline -0.004 -8"><span class='ocrx_word' id='word_1_62' title='bbox 206 583 326 618; x_wconf 81' lang='grc' dir='ltr'>Μιχαίας</span> <span class='ocrx_word' id='word_1_63' title='bbox 339 581 525 618; x_wconf 79' lang='grc' dir='ltr'><strong>ἑρμηνεύεται</strong></span> <span class='ocrx_word' id='word_1_64' title='bbox 541 581 756 615; x_wconf 70' lang='grc' dir='ltr'>ταπείνωσις-,ἢ</span> <span class='ocrx_word' id='word_1_65' title='bbox 770 581 965 616; x_wconf 79' lang='grc' dir='ltr'>ταπεινούμε-</span> 
     </span>
    </p>
   </div>
   <div class='ocr_carea' id='block_1_14' title="bbox 171 626 965 664">
    <p class='ocr_par' dir='ltr' id='par_1_14' title="bbox 171 626 965 664">
     <span class='ocr_line' id='line_1_14' title="bbox 171 626 965 664; baseline -0.004 -8"><span class='ocrx_word' id='word_1_66' title='bbox 171 638 235 663; x_wconf 80' lang='grc' dir='ltr'>νος.</span> <span class='ocrx_word' id='word_1_67' title='bbox 250 627 335 660; x_wconf 77' lang='grc' dir='ltr'>Οὗτος</span> <span class='ocrx_word' id='word_1_68' title='bbox 348 627 383 664; x_wconf 82' lang='grc' dir='ltr'>ἦν</span> <span class='ocrx_word' id='word_1_69' title='bbox 396 628 451 655; x_wconf 83' lang='grc' dir='ltr'>ἀπὸ</span> <span class='ocrx_word' id='word_1_70' title='bbox 463 627 587 662; x_wconf 76' lang='grc' dir='ltr'>Μοραθεὶ</span> <span class='ocrx_word' id='word_1_71' title='bbox 600 627 637 662; x_wconf 86' lang='lat'><strong>(9)</strong></span> <span class='ocrx_word' id='word_1_72' title='bbox 652 626 773 663; x_wconf 83' lang='grc' dir='ltr'>[Μοραθὶ</span> <span class='ocrx_word' id='word_1_73' title='bbox 789 626 965 663; x_wconf 78' lang='lat' dir='ltr'><strong>Tlleopliyl.],</strong></span> 
     </span>
    </p>
   </div>
   <div class='ocr_carea' id='block_1_15' title="bbox 172 671 965 710">
    <p class='ocr_par' dir='ltr' id='par_1_15' title="bbox 172 671 965 710">
     <span class='ocr_line' id='line_1_15' title="bbox 172 671 965 710; baseline 0 -9"><span class='ocrx_word' id='word_1_74' title='bbox 172 676 203 702; x_wconf 78' lang='grc' dir='ltr'>ἔκ</span> <span class='ocrx_word' id='word_1_75' title='bbox 219 675 307 710; x_wconf 80' lang='grc' dir='ltr'>φυλῆς</span> <span class='ocrx_word' id='word_1_76' title='bbox 319 674 439 710; x_wconf 80' lang='grc' dir='ltr'>Ἐφραίμ</span> <span class='ocrx_word' id='word_1_77' title='bbox 449 682 456 689; x_wconf 93' lang='grc'><strong>·</strong></span> <span class='ocrx_word' id='word_1_78' title='bbox 469 671 548 705; x_wconf 73' lang='grc' dir='ltr'>οὗτος</span> <span class='ocrx_word' id='word_1_79' title='bbox 561 673 647 700; x_wconf 79' lang='grc' dir='ltr'>πολλὰ</span> <span class='ocrx_word' id='word_1_80' title='bbox 664 673 782 708; x_wconf 76' lang='grc' dir='ltr'>ποιήσας</span> <span class='ocrx_word' id='word_1_81' title='bbox 797 673 836 709; x_wconf 82' lang='grc' dir='ltr'>τῷ</span> <span class='ocrx_word' id='word_1_82' title='bbox 847 673 965 708; x_wconf 77' lang='grc' dir='ltr'>’Δχαὰ6,</span> 
     </span>
    </p>
   </div>
   <div class='ocr_carea' id='block_1_16' title="bbox 172 718 967 756">
    <p class='ocr_par' dir='ltr' id='par_1_16' title="bbox 172 718 967 756">
     <span class='ocr_line' id='line_1_16' title="bbox 172 718 967 756; baseline 0 -9"><span class='ocrx_word' id='word_1_83' title='bbox 172 721 225 747; x_wconf 83' lang='grc' dir='ltr'><strong>ὑπὸ</strong></span> <span class='ocrx_word' id='word_1_84' title='bbox 240 721 346 756; x_wconf 81' lang='grc' dir='ltr'>Ἰωρὰμ</span> <span class='ocrx_word' id='word_1_85' title='bbox 369 720 416 747; x_wconf 84' lang='grc' dir='ltr'><strong>τοῦ</strong></span> <span class='ocrx_word' id='word_1_86' title='bbox 442 719 504 747; x_wconf 83' lang='grc' dir='ltr'>υἱοῦ</span> <span class='ocrx_word' id='word_1_87' title='bbox 527 719 612 747; x_wconf 87' lang='grc' dir='ltr'>αὐτοῦ</span> <span class='ocrx_word' id='word_1_88' title='bbox 638 718 757 756; x_wconf 77' lang='grc' dir='ltr'>ἀνῃρέθη</span> <span class='ocrx_word' id='word_1_89' title='bbox 783 719 910 755; x_wconf 85' lang='grc' dir='ltr'>κρημνῷ,</span> <span class='ocrx_word' id='word_1_90' title='bbox 926 720 967 747; x_wconf 79' lang='grc' dir='ltr'>ὅτι</span> 
     </span>
    </p>
   </div>
   <div class='ocr_carea' id='block_1_17' title="bbox 172 765 967 802">
    <p class='ocr_par' dir='ltr' id='par_1_17' title="bbox 172 765 967 802">
     <span class='ocr_line' id='line_1_17' title="bbox 172 765 967 802; baseline 0 -9"><span class='ocrx_word' id='word_1_91' title='bbox 172 766 290 802; x_wconf 71' lang='grc' dir='ltr'>ἦλεγχεν</span> <span class='ocrx_word' id='word_1_92' title='bbox 308 766 390 793; x_wconf 81' lang='grc' dir='ltr'>αὐτὸν</span> <span class='ocrx_word' id='word_1_93' title='bbox 414 767 461 794; x_wconf 76' lang='grc' dir='ltr'><strong>ἐπὶ</strong></span> <span class='ocrx_word' id='word_1_94' title='bbox 474 767 534 798; x_wconf 86' lang='grc' dir='ltr'>ταῖς</span> <span class='ocrx_word' id='word_1_95' title='bbox 550 765 691 797; x_wconf 78' lang='grc' dir='ltr'>ἀσεϐείαις</span> <span class='ocrx_word' id='word_1_96' title='bbox 704 765 758 792; x_wconf 82' lang='grc' dir='ltr'><strong>τῶν</strong></span> <span class='ocrx_word' id='word_1_97' title='bbox 772 766 900 802; x_wconf 76' lang='grc' dir='ltr'>πατέρων</span> <span class='ocrx_word' id='word_1_98' title='bbox 919 766 967 793; x_wconf 79' lang='grc' dir='ltr'><strong>αὺ-</strong></span> 
     </span>
    </p>
   </div>
   <div class='ocr_carea' id='block_1_18' title="bbox 173 812 967 848">
    <p class='ocr_par' dir='ltr' id='par_1_18' title="bbox 173 812 967 848">
     <span class='ocr_line' id='line_1_18' title="bbox 173 812 967 848; baseline 0 -9"><span class='ocrx_word' id='word_1_99' title='bbox 173 813 220 840; x_wconf 84' lang='grc' dir='ltr'><strong>τοῦ</strong></span> <span class='ocrx_word' id='word_1_100' title='bbox 230 821 237 827; x_wconf 91' lang='grc'><strong>·</strong></span> <span class='ocrx_word' id='word_1_101' title='bbox 256 813 304 839; x_wconf 77' lang='grc' dir='ltr'>καὶ</span> <span class='ocrx_word' id='word_1_102' title='bbox 319 813 407 848; x_wconf 71' lang='grc' dir='ltr'>ἐτάφη</span> <span class='ocrx_word' id='word_1_103' title='bbox 425 814 454 840; x_wconf 81' lang='grc' dir='ltr'>ὲν</span> <span class='ocrx_word' id='word_1_104' title='bbox 466 813 498 848; x_wconf 87' lang='grc' dir='ltr'><strong>τῇ</strong></span> <span class='ocrx_word' id='word_1_105' title='bbox 511 814 547 848; x_wconf 85' lang='grc' dir='ltr'>γῇ</span> <span class='ocrx_word' id='word_1_106' title='bbox 557 812 640 840; x_wconf 78' lang='grc' dir='ltr'>αὑτοῦ</span> <span class='ocrx_word' id='word_1_107' title='bbox 658 812 750 848; x_wconf 85' lang='grc' dir='ltr'>μόνος,</span> <span class='ocrx_word' id='word_1_108' title='bbox 767 812 901 848; x_wconf 87' lang='grc' dir='ltr'>σύνεγγυς</span> <span class='ocrx_word' id='word_1_109' title='bbox 917 821 967 840; x_wconf 84' lang='grc' dir='ltr'>πο-</span> 
     </span>
    </p>
   </div>
   <div class='ocr_carea' id='block_1_19' title="bbox 173 857 468 894">
    <p class='ocr_par' dir='ltr' id='par_1_19' title="bbox 173 857 468 894">
     <span class='ocr_line' id='line_1_19' title="bbox 173 857 468 894; baseline -0.003 -9"><span class='ocrx_word' id='word_1_110' title='bbox 173 857 316 894; x_wconf 67' lang='grc' dir='ltr'>λυανδρίου</span> <span class='ocrx_word' id='word_1_111' title='bbox 327 857 468 894; x_wconf 81' lang='grc' dir='ltr'>Ἐνακείμ.</span> 
     </span>
    </p>
   </div>
   <div class='ocr_carea' id='block_1_20' title="bbox 260 936 884 965">
    <p class='ocr_par' dir='ltr' id='par_1_20' title="bbox 260 936 884 965">
     <span class='ocr_line' id='line_1_20' title="bbox 260 936 884 965; baseline 0 -1"><span class='ocrx_word' id='word_1_112' title='bbox 260 936 438 964; x_wconf 75' lang='grc' dir='ltr'><strong>ΚΕΦΔΛΑΙΔ</strong></span> <span class='ocrx_word' id='word_1_113' title='bbox 455 937 579 964; x_wconf 80' lang='grc' dir='ltr'><strong>ΝΔΟΥΜ</strong></span> <span class='ocrx_word' id='word_1_114' title='bbox 599 937 669 964; x_wconf 83' lang='grc' dir='ltr'><strong>ΤΟΥ</strong></span> <span class='ocrx_word' id='word_1_115' title='bbox 688 937 884 965; x_wconf 81' lang='grc' dir='ltr'><strong>ΠΡΟΦΗΤΟΥ.</strong></span> 
     </span>
    </p>
   </div>
   <div class='ocr_carea' id='block_1_21' title="bbox 210 998 971 1040">
    <p class='ocr_par' dir='ltr' id='par_1_21' title="bbox 210 998 971 1040">
     <span class='ocr_line' id='line_1_21' title="bbox 210 998 971 1040; baseline 0.007 -13"><span class='ocrx_word' id='word_1_116' title='bbox 210 1004 245 1029; x_wconf 81' lang='grc' dir='ltr'>α’,</span> <span class='ocrx_word' id='word_1_117' title='bbox 261 998 396 1034; x_wconf 73' lang='grc' dir='ltr'>Ἔνδειξις</span> <span class='ocrx_word' id='word_1_118' title='bbox 410 1001 528 1037; x_wconf 80' lang='grc' dir='ltr'><strong>ἀπειλῆς</strong></span> <span class='ocrx_word' id='word_1_119' title='bbox 544 1002 625 1035; x_wconf 81' lang='grc' dir='ltr'>Θεοῦ,</span> <span class='ocrx_word' id='word_1_120' title='bbox 642 1003 691 1030; x_wconf 57' lang='grc' dir='ltr'><strong>καὶ⁵</strong></span> <span class='ocrx_word' id='word_1_121' title='bbox 707 1003 757 1039; x_wconf 85' lang='grc' dir='ltr'>τῆς</span> <span class='ocrx_word' id='word_1_122' title='bbox 773 1004 813 1036; x_wconf 87' lang='grc' dir='ltr'><strong>είς</strong></span> <span class='ocrx_word' id='word_1_123' title='bbox 832 1004 864 1031; x_wconf 83' lang='grc' dir='ltr'><strong>τδ</strong></span> <span class='ocrx_word' id='word_1_124' title='bbox 884 1013 971 1040; x_wconf 84' lang='grc' dir='ltr'>τιμω-</span> 
     </span>
    </p>
   </div>
   <div class='ocr_carea' id='block_1_22' title="bbox 176 1046 971 1085">
    <p class='ocr_par' dir='ltr' id='par_1_22' title="bbox 176 1046 971 1085">
     <span class='ocr_line' id='line_1_22' title="bbox 176 1046 971 1085; baseline 0.006 -12"><span class='ocrx_word' id='word_1_125' title='bbox 176 1046 282 1082; x_wconf 82' lang='grc' dir='ltr'>ρεῖσθαι</span> <span class='ocrx_word' id='word_1_126' title='bbox 297 1047 440 1083; x_wconf 80' lang='grc' dir='ltr'>δυνάμεως</span> <span class='ocrx_word' id='word_1_127' title='bbox 449 1055 456 1063; x_wconf 92' lang='grc'><strong>·</strong></span> <span class='ocrx_word' id='word_1_128' title='bbox 468 1049 538 1075; x_wconf 68' lang='grc' dir='ltr'>κατὰ</span> <span class='ocrx_word' id='word_1_129' title='bbox 550 1049 685 1085; x_wconf 77' lang='grc' dir='ltr'>δαιμόνων</span> <span class='ocrx_word' id='word_1_130' title='bbox 696 1049 763 1085; x_wconf 76' lang='grc' dir='ltr'>ὁμοῦ</span> <span class='ocrx_word' id='word_1_131' title='bbox 776 1050 824 1077; x_wconf 76' lang='grc' dir='ltr'>καὶ</span> <span class='ocrx_word' id='word_1_132' title='bbox 836 1050 971 1078; x_wconf 85' lang='grc' dir='ltr'>Ἰουδαίων</span> 
     </span>
    </p>
   </div>
   <div class='ocr_carea' id='block_1_23' title="bbox 175 1093 318 1129">
    <p class='ocr_par' dir='ltr' id='par_1_23' title="bbox 175 1093 318 1129">
     <span class='ocr_line' id='line_1_23' title="bbox 175 1093 318 1129; baseline 0 -10"><span class='ocrx_word' id='word_1_133' title='bbox 175 1093 257 1119; x_wconf 78' lang='grc' dir='ltr'>ἐκάτε</span> <span class='ocrx_word' id='word_1_134' title='bbox 262 1101 318 1129; x_wconf 87' lang='grc' dir='ltr'>ρον.</span> 
     </span>
    </p>
   </div>
   <div class='ocr_carea' id='block_1_24' title="bbox 212 1139 971 1180">
    <p class='ocr_par' dir='ltr' id='par_1_24' title="bbox 212 1139 971 1180">
     <span class='ocr_line' id='line_1_24' title="bbox 212 1139 971 1180; baseline 0.008 -15"><span class='ocrx_word' id='word_1_135' title='bbox 212 1139 246 1174; x_wconf 86' lang='grc' dir='ltr'><strong>β’.</strong></span> <span class='ocrx_word' id='word_1_136' title='bbox 264 1139 377 1175; x_wconf 80' lang='grc' dir='ltr'>’Δπειλὴ</span> <span class='ocrx_word' id='word_1_137' title='bbox 400 1140 473 1168; x_wconf 87' lang='grc' dir='ltr'><strong>κατά</strong></span> <span class='ocrx_word' id='word_1_138' title='bbox 496 1141 639 1168; x_wconf 79' lang='grc' dir='ltr'>διαϐόλου·</span> <span class='ocrx_word' id='word_1_139' title='bbox 660 1142 707 1169; x_wconf 75' lang='grc' dir='ltr'>καὶ</span> <span class='ocrx_word' id='word_1_140' title='bbox 729 1144 925 1179; x_wconf 70' lang='grc' dir='ltr'>προσφώνησις</span> <span class='ocrx_word' id='word_1_141' title='bbox 936 1144 971 1180; x_wconf 79' lang='grc' dir='ltr'>τῇ</span> 
     </span>
    </p>
   </div>
   <div class='ocr_carea' id='block_1_25' title="bbox 178 1183 972 1223">
    <p class='ocr_par' dir='ltr' id='par_1_25' title="bbox 178 1183 972 1223">
     <span class='ocr_line' id='line_1_25' title="bbox 178 1183 972 1223; baseline 0.006 -13"><span class='ocrx_word' id='word_1_142' title='bbox 178 1183 327 1220; x_wconf 72' lang='grc' dir='ltr'>Ἐκκλησία</span> <span class='ocrx_word' id='word_1_143' title='bbox 342 1185 391 1220; x_wconf 84' lang='grc' dir='ltr'>τῆς</span> <span class='ocrx_word' id='word_1_144' title='bbox 414 1185 470 1212; x_wconf 87' lang='grc' dir='ltr'><strong>τῶν</strong></span> <span class='ocrx_word' id='word_1_145' title='bbox 493 1185 610 1213; x_wconf 86' lang='grc' dir='ltr'>είδώλων</span> <span class='ocrx_word' id='word_1_146' title='bbox 630 1187 810 1223; x_wconf 82' lang='grc' dir='ltr'>ἀπαλλαγῆς·</span> <span class='ocrx_word' id='word_1_147' title='bbox 829 1189 875 1215; x_wconf 84' lang='grc' dir='ltr'>καὶ</span> <span class='ocrx_word' id='word_1_148' title='bbox 887 1189 972 1223; x_wconf 84' lang='grc' dir='ltr'>εὐαγ-</span> 
     </span>
    </p>
   </div>
   <div class='ocr_carea' id='block_1_26' title="bbox 177 1231 973 1272">
    <p class='ocr_par' dir='ltr' id='par_1_26' title="bbox 177 1231 973 1272">
     <span class='ocr_line' id='line_1_26' title="bbox 177 1231 973 1272; baseline 0.008 -15"><span class='ocrx_word' id='word_1_149' title='bbox 177 1231 306 1267; x_wconf 81' lang='grc' dir='ltr'>γελισμὸς</span> <span class='ocrx_word' id='word_1_150' title='bbox 319 1232 366 1259; x_wconf 83' lang='grc' dir='ltr'><strong>τοῦ</strong></span> <span class='ocrx_word' id='word_1_151' title='bbox 387 1233 523 1269; x_wconf 86' lang='grc' dir='ltr'>σωτηρίου</span> <span class='ocrx_word' id='word_1_152' title='bbox 543 1234 732 1269; x_wconf 82' lang='grc' dir='ltr'>κηρύγματος,</span> <span class='ocrx_word' id='word_1_153' title='bbox 751 1235 855 1272; x_wconf 78' lang='grc' dir='ltr'>ἑορτῶν</span> <span class='ocrx_word' id='word_1_154' title='bbox 873 1244 903 1262; x_wconf 90' lang='grc' dir='ltr'><strong>τε</strong></span> <span class='ocrx_word' id='word_1_155' title='bbox 918 1235 973 1263; x_wconf 83' lang='grc' dir='ltr'><strong>τῶν</strong></span> 
     </span>
    </p>
   </div>
   <div class='ocr_carea' id='block_1_27' title="bbox 177 1277 973 1318">
    <p class='ocr_par' dir='ltr' id='par_1_27' title="bbox 177 1277 973 1318">
     <span class='ocr_line' id='line_1_27' title="bbox 177 1277 973 1318; baseline 0.006 -14"><span class='ocrx_word' id='word_1_156' title='bbox 177 1277 223 1304; x_wconf 77' lang='grc' dir='ltr'><strong>διὰ</strong></span> <span class='ocrx_word' id='word_1_157' title='bbox 245 1277 365 1313; x_wconf 80' lang='grc' dir='ltr'>Χριστοῦ</span> <span class='ocrx_word' id='word_1_158' title='bbox 378 1299 386 1312; x_wconf 86' lang='grc'><strong>,</strong></span> <span class='ocrx_word' id='word_1_159' title='bbox 405 1280 453 1307; x_wconf 73' lang='grc' dir='ltr'>καὶ</span> <span class='ocrx_word' id='word_1_160' title='bbox 471 1280 626 1316; x_wconf 71' lang='grc' dir='ltr'>ἀφανισμοῦ</span> <span class='ocrx_word' id='word_1_161' title='bbox 644 1280 781 1317; x_wconf 87' lang='grc' dir='ltr'>δαιμόνων</span> <span class='ocrx_word' id='word_1_162' title='bbox 804 1282 853 1309; x_wconf 83' lang='grc' dir='ltr'>καὶ</span> <span class='ocrx_word' id='word_1_163' title='bbox 871 1281 973 1318; x_wconf 74' lang='grc' dir='ltr'>συγχύ-</span> 
     </span>
    </p>
   </div>
   <div class='ocr_carea' id='block_1_28' title="bbox 180 1332 261 1355">
    <p class='ocr_par' dir='ltr' id='par_1_28' title="bbox 180 1332 261 1355">
     <span class='ocr_line' id='line_1_28' title="bbox 180 1332 261 1355; baseline 0 -5"><span class='ocrx_word' id='word_1_164' title='bbox 180 1332 261 1355; x_wconf 81' lang='grc' dir='ltr'>σεως.</span> 
     </span>
    </p>
   </div>
   <div class='ocr_carea' id='block_1_29' title="bbox 216 1370 975 1410">
    <p class='ocr_par' dir='ltr' id='par_1_29' title="bbox 216 1370 975 1410">
     <span class='ocr_line' id='line_1_29' title="bbox 216 1370 975 1410; baseline 0.007 -13"><span class='ocrx_word' id='word_1_165' title='bbox 216 1370 251 1405; x_wconf 90' lang='grc' dir='ltr'><strong>γ’.</strong></span> <span class='ocrx_word' id='word_1_166' title='bbox 274 1371 432 1407; x_wconf 77' lang='grc' dir='ltr'>Πρόρῤησις</span> <span class='ocrx_word' id='word_1_167' title='bbox 454 1373 630 1406; x_wconf 84' lang='grc' dir='ltr'>ἀναστάσεως</span> <span class='ocrx_word' id='word_1_168' title='bbox 642 1374 762 1410; x_wconf 79' lang='grc' dir='ltr'>Χριστοῦ</span> <span class='ocrx_word' id='word_1_169' title='bbox 778 1375 825 1401; x_wconf 84' lang='grc' dir='ltr'>καὶ</span> <span class='ocrx_word' id='word_1_170' title='bbox 838 1375 893 1402; x_wconf 86' lang='grc' dir='ltr'>τῶν</span> <span class='ocrx_word' id='word_1_171' title='bbox 910 1384 975 1402; x_wconf 57' lang='grc' dir='ltr'>συν.</span> 
     </span>
    </p>
   </div>
   <div class='ocr_carea' id='block_1_30' title="bbox 179 1418 975 1458">
    <p class='ocr_par' dir='ltr' id='par_1_30' title="bbox 179 1418 975 1458">
     <span class='ocr_line' id='line_1_30' title="bbox 179 1418 975 1458; baseline 0.006 -14"><span class='ocrx_word' id='word_1_172' title='bbox 179 1418 371 1453; x_wconf 78' lang='grc' dir='ltr'>ἀνισταμένων</span> <span class='ocrx_word' id='word_1_173' title='bbox 385 1419 461 1455; x_wconf 75' lang='grc' dir='ltr'>αὐτῷ</span> <span class='ocrx_word' id='word_1_174' title='bbox 473 1419 580 1455; x_wconf 80' lang='grc' dir='ltr'>ψυχῶν,</span> <span class='ocrx_word' id='word_1_175' title='bbox 597 1421 646 1446; x_wconf 73' lang='grc' dir='ltr'>καὶ</span> <span class='ocrx_word' id='word_1_176' title='bbox 668 1421 718 1456; x_wconf 84' lang='grc' dir='ltr'><strong>τῆς</strong></span> <span class='ocrx_word' id='word_1_177' title='bbox 742 1421 804 1448; x_wconf 82' lang='grc' dir='ltr'>τότε</span> <span class='ocrx_word' id='word_1_178' title='bbox 827 1422 975 1458; x_wconf 78' lang='grc' dir='ltr'>γινομένης</span> 
     </span>
    </p>
   </div>
   <div class='ocr_carea' id='block_1_31' title="bbox 180 1464 902 1502">
    <p class='ocr_par' dir='ltr' id='par_1_31' title="bbox 180 1464 902 1502">
     <span class='ocr_line' id='line_1_31' title="bbox 180 1464 902 1502; baseline 0.004 -11"><span class='ocrx_word' id='word_1_179' title='bbox 180 1464 297 1492; x_wconf 76' lang='grc' dir='ltr'>θανάτου</span> <span class='ocrx_word' id='word_1_180' title='bbox 315 1465 362 1492; x_wconf 78' lang='grc' dir='ltr'>καὶ</span> <span class='ocrx_word' id='word_1_181' title='bbox 377 1465 500 1492; x_wconf 77' lang='grc' dir='ltr'>διαϐόλου</span> <span class='ocrx_word' id='word_1_182' title='bbox 520 1466 647 1502; x_wconf 82' lang='grc' dir='ltr'>ἁρπαγῆς</span> <span class='ocrx_word' id='word_1_183' title='bbox 661 1467 708 1494; x_wconf 81' lang='grc' dir='ltr'>καὶ</span> <span class='ocrx_word' id='word_1_184' title='bbox 720 1466 902 1500; x_wconf 82' lang='grc' dir='ltr'>σκυλεύσεως.</span> 
     </span>
    </p>
   </div>
   <div class='ocr_carea' id='block_1_32' title="bbox 216 1522 976 1561">
    <p class='ocr_par' dir='ltr' id='par_1_32' title="bbox 216 1522 976 1561">
     <span class='ocr_line' id='line_1_32' title="bbox 216 1522 976 1561; baseline 0.005 -13"><span class='ocrx_word' id='word_1_185' title='bbox 216 1522 249 1551; x_wconf 84' lang='grc' dir='ltr'><strong>δ’,</strong></span> <span class='ocrx_word' id='word_1_186' title='bbox 267 1522 381 1558; x_wconf 72' lang='grc' dir='ltr'>’Δπειλὴ</span> <span class='ocrx_word' id='word_1_187' title='bbox 402 1523 474 1550; x_wconf 84' lang='grc' dir='ltr'>κατὰ</span> <span class='ocrx_word' id='word_1_188' title='bbox 497 1522 544 1550; x_wconf 88' lang='grc' dir='ltr'><strong>τοῦ</strong></span> <span class='ocrx_word' id='word_1_189' title='bbox 570 1523 720 1551; x_wconf 79' lang='grc' dir='ltr'>Ἰουδαϊκοῦ</span> <span class='ocrx_word' id='word_1_190' title='bbox 739 1523 823 1555; x_wconf 87' lang='grc' dir='ltr'>λαοῦ.</span> <span class='ocrx_word' id='word_1_191' title='bbox 843 1524 892 1551; x_wconf 72' lang='grc' dir='ltr'>καὶ</span> <span class='ocrx_word' id='word_1_192' title='bbox 914 1534 976 1561; x_wconf 84' lang='grc' dir='ltr'>σχε-</span> 
     </span>
    </p>
   </div>
   <div class='ocr_carea' id='block_1_33' title="bbox 181 1567 976 1605">
    <p class='ocr_par' dir='ltr' id='par_1_33' title="bbox 181 1567 976 1605">
     <span class='ocr_line' id='line_1_33' title="bbox 181 1567 976 1605; baseline 0.006 -12"><span class='ocrx_word' id='word_1_193' title='bbox 181 1567 316 1603; x_wconf 79' lang='grc' dir='ltr'>τλιασμδς</span> <span class='ocrx_word' id='word_1_194' title='bbox 326 1567 576 1604; x_wconf 84' lang='grc' dir='ltr'>τῆςῚερουσαλήμ·</span> <span class='ocrx_word' id='word_1_195' title='bbox 589 1569 636 1596; x_wconf 81' lang='grc' dir='ltr'>καὶ</span> <span class='ocrx_word' id='word_1_196' title='bbox 648 1569 801 1605; x_wconf 78' lang='grc' dir='ltr'>πρόρρησις</span> <span class='ocrx_word' id='word_1_197' title='bbox 816 1567 853 1598; x_wconf 81' lang='grc' dir='ltr'><strong>ὧν</strong></span> <span class='ocrx_word' id='word_1_198' title='bbox 864 1570 976 1605; x_wconf 79' lang='grc' dir='ltr'>ἔμελλεν</span> 
     </span>
    </p>
   </div>
   <div class='ocr_carea' id='block_1_34' title="bbox 182 1612 977 1650">
    <p class='ocr_par' dir='ltr' id='par_1_34' title="bbox 182 1612 977 1650">
     <span class='ocr_line' id='line_1_34' title="bbox 182 1612 977 1650; baseline 0.005 -11"><span class='ocrx_word' id='word_1_199' title='bbox 182 1614 212 1639; x_wconf 78' lang='grc' dir='ltr'>ὲν</span> <span class='ocrx_word' id='word_1_200' title='bbox 226 1615 260 1648; x_wconf 85' lang='grc' dir='ltr'><strong>τῇ</strong></span> <span class='ocrx_word' id='word_1_201' title='bbox 277 1613 377 1640; x_wconf 81' lang='grc' dir='ltr'>ἁλώσει</span> <span class='ocrx_word' id='word_1_202' title='bbox 393 1615 426 1649; x_wconf 84' lang='grc' dir='ltr'><strong>τῇ</strong></span> <span class='ocrx_word' id='word_1_203' title='bbox 442 1614 584 1650; x_wconf 80' lang='grc' dir='ltr'>Ῥωμαϊκῇ</span> <span class='ocrx_word' id='word_1_204' title='bbox 610 1614 767 1647; x_wconf 81' lang='grc' dir='ltr'>πείσεσθαι,</span> <span class='ocrx_word' id='word_1_205' title='bbox 785 1615 845 1642; x_wconf 81' lang='grc' dir='ltr'>ἀνθ’</span> <span class='ocrx_word' id='word_1_206' title='bbox 859 1612 897 1643; x_wconf 90' lang='grc' dir='ltr'>ὧν</span> <span class='ocrx_word' id='word_1_207' title='bbox 920 1618 977 1649; x_wconf 83' lang='grc' dir='ltr'>τοῖς</span> 
     </span>
    </p>
   </div>
   <div class='ocr_carea' id='block_1_35' title="bbox 183 1659 709 1697">
    <p class='ocr_par' dir='ltr' id='par_1_35' title="bbox 183 1659 709 1697">
     <span class='ocr_line' id='line_1_35' title="bbox 183 1659 709 1697; baseline 0.006 -11"><span class='ocrx_word' id='word_1_208' title='bbox 183 1659 289 1686; x_wconf 75' lang='grc' dir='ltr'>Εθνεσιν</span> <span class='ocrx_word' id='word_1_209' title='bbox 303 1661 317 1686; x_wconf 84' lang='grc' dir='ltr'><strong><em>ὁ</em></strong></span> <span class='ocrx_word' id='word_1_210' title='bbox 330 1660 393 1691; x_wconf 83' lang='grc' dir='ltr'>λαὸς</span> <span class='ocrx_word' id='word_1_211' title='bbox 404 1660 514 1695; x_wconf 78' lang='grc' dir='ltr'>ἐγένετο</span> <span class='ocrx_word' id='word_1_212' title='bbox 532 1661 709 1697; x_wconf 76' lang='grc' dir='ltr'>πρόσκομμα.</span> 
     </span>
    </p>
   </div>
   <div class='ocr_carea' id='block_1_36' title="bbox 219 1716 977 1757">
    <p class='ocr_par' dir='ltr' id='par_1_36' title="bbox 219 1716 977 1757">
     <span class='ocr_line' id='line_1_36' title="bbox 219 1716 977 1757; baseline 0.007 -14"><span class='ocrx_word' id='word_1_213' title='bbox 219 1716 251 1744; x_wconf 90' lang='grc' dir='ltr'><strong>ε’.</strong></span> <span class='ocrx_word' id='word_1_214' title='bbox 271 1717 384 1753; x_wconf 79' lang='grc' dir='ltr'>’Δπειλὴ</span> <span class='ocrx_word' id='word_1_215' title='bbox 411 1718 483 1745; x_wconf 87' lang='grc' dir='ltr'><strong>κατά</strong></span> <span class='ocrx_word' id='word_1_216' title='bbox 514 1718 564 1753; x_wconf 85' lang='grc' dir='ltr'>τῆς</span> <span class='ocrx_word' id='word_1_217' title='bbox 590 1717 769 1755; x_wconf 81' lang='grc' dir='ltr'>Ἰερουσαλὴμ</span> <span class='ocrx_word' id='word_1_218' title='bbox 797 1720 841 1747; x_wconf 74' lang='grc' dir='ltr'><strong>ἐπ’</strong></span> <span class='ocrx_word' id='word_1_219' title='bbox 861 1720 977 1757; x_wconf 73' lang='grc' dir='ltr'>αἰσχύνῃ</span> 
     </span>
    </p>
   </div>
   <div class='ocr_carea' id='block_1_37' title="bbox 184 1764 978 1802">
    <p class='ocr_par' dir='ltr' id='par_1_37' title="bbox 184 1764 978 1802">
     <span class='ocr_line' id='line_1_37' title="bbox 184 1764 978 1802; baseline 0.004 -12"><span class='ocrx_word' id='word_1_220' title='bbox 184 1764 353 1800; x_wconf 85' lang='grc' dir='ltr'>γυμνώσεως</span> <span class='ocrx_word' id='word_1_221' title='bbox 363 1772 370 1779; x_wconf 80' lang='lat'>&#39;</span> <span class='ocrx_word' id='word_1_222' title='bbox 386 1764 434 1791; x_wconf 77' lang='grc' dir='ltr'><strong>καὶ</strong></span> <span class='ocrx_word' id='word_1_223' title='bbox 448 1765 522 1796; x_wconf 78' lang='grc' dir='ltr'>ὅπως</span> <span class='ocrx_word' id='word_1_224' title='bbox 536 1764 649 1800; x_wconf 80' lang='grc' dir='ltr'>ζητήσει</span> <span class='ocrx_word' id='word_1_225' title='bbox 669 1766 719 1800; x_wconf 78' lang='grc' dir='ltr'>μὲν</span> <span class='ocrx_word' id='word_1_226' title='bbox 733 1766 749 1802; x_wconf 79' lang='grc' dir='ltr'>ἡ</span> <span class='ocrx_word' id='word_1_227' title='bbox 766 1766 916 1802; x_wconf 79' lang='grc' dir='ltr'>Ἐκκλησία</span> <span class='ocrx_word' id='word_1_228' title='bbox 928 1767 978 1802; x_wconf 85' lang='grc' dir='ltr'>τῆς</span> 
     </span>
    </p>
   </div>
   <div class='ocr_carea' id='block_1_38' title="bbox 191 1809 979 1849">
    <p class='ocr_par' dir='ltr' id='par_1_38' title="bbox 191 1809 979 1849">
     <span class='ocr_line' id='line_1_38' title="bbox 191 1809 979 1849; baseline 0.004 -12"><span class='ocrx_word' id='word_1_229' title='bbox 191 1809 370 1846; x_wconf 81' lang='grc' dir='ltr'>Ἰερουσαλὴμ</span> <span class='ocrx_word' id='word_1_230' title='bbox 387 1810 572 1846; x_wconf 82' lang='grc' dir='ltr'>παράκλησιν,</span> <span class='ocrx_word' id='word_1_231' title='bbox 583 1811 652 1847; x_wconf 80' lang='grc' dir='ltr'>αὑτὴ</span> <span class='ocrx_word' id='word_1_232' title='bbox 668 1811 696 1838; x_wconf 79' lang='grc' dir='ltr'>δὲ</span> <span class='ocrx_word' id='word_1_233' title='bbox 707 1812 838 1845; x_wconf 85' lang='grc' dir='ltr'>ποικίλοις</span> <span class='ocrx_word' id='word_1_234' title='bbox 853 1813 979 1849; x_wconf 87' lang='grc' dir='ltr'>ὁμιλήσει</span> 
     </span>
    </p>
   </div>
   <div class='ocr_carea' id='block_1_39' title="bbox 186 1857 977 1896">
    <p class='ocr_par' dir='ltr' id='par_1_39' title="bbox 186 1857 977 1896">
     <span class='ocr_line' id='line_1_39' title="bbox 186 1857 977 1896; baseline 0.005 -13"><span class='ocrx_word' id='word_1_235' title='bbox 186 1858 283 1889; x_wconf 78' lang='grc' dir='ltr'>κακοῖς</span> <span class='ocrx_word' id='word_1_236' title='bbox 299 1857 488 1893; x_wconf 85' lang='grc' dir='ltr'>Ἰερουσαλὴμ,</span> <span class='ocrx_word' id='word_1_237' title='bbox 503 1857 548 1885; x_wconf 84' lang='grc' dir='ltr'><strong>διὰ</strong></span> <span class='ocrx_word' id='word_1_238' title='bbox 564 1857 594 1884; x_wconf 83' lang='grc' dir='ltr'>τὸ</span> <span class='ocrx_word' id='word_1_239' title='bbox 607 1858 724 1893; x_wconf 86' lang='grc' dir='ltr'>νοσῆσαι</span> <span class='ocrx_word' id='word_1_240' title='bbox 739 1859 840 1886; x_wconf 89' lang='grc' dir='ltr'>κακίαν</span> <span class='ocrx_word' id='word_1_241' title='bbox 855 1859 977 1896; x_wconf 76' lang='grc' dir='ltr'>ἀνυπέρ-</span> 
     </span>
    </p>
   </div>
   <div class='ocr_carea' id='block_1_40' title="bbox 187 1903 296 1938">
    <p class='ocr_par' dir='ltr' id='par_1_40' title="bbox 187 1903 296 1938">
     <span class='ocr_line' id='line_1_40' title="bbox 187 1903 296 1938; baseline 0.018 -10"><span class='ocrx_word' id='word_1_242' title='bbox 187 1903 296 1938; x_wconf 78' lang='grc' dir='ltr'>ὄλητον.</span> 
     </span>
    </p>
   </div>
   <div class='ocr_carea' id='block_1_41' title="bbox 224 1949 978 1987">
    <p class='ocr_par' dir='ltr' id='par_1_41' title="bbox 224 1949 978 1987">
     <span class='ocr_line' id='line_1_41' title="bbox 224 1949 978 1987; baseline 0.003 -11"><span class='ocrx_word' id='word_1_243' title='bbox 224 1950 323 1985; x_wconf 79' lang='grc' dir='ltr'>Ναοὺμ</span> <span class='ocrx_word' id='word_1_244' title='bbox 347 1949 530 1985; x_wconf 77' lang='grc' dir='ltr'>ἑρμηνεύεται</span> <span class='ocrx_word' id='word_1_245' title='bbox 546 1950 741 1985; x_wconf 73' lang='grc' dir='ltr'>παράκλητος·</span> <span class='ocrx_word' id='word_1_246' title='bbox 759 1950 955 1987; x_wconf 81' lang='grc' dir='ltr'>[παράκλησις</span> <span class='ocrx_word' id='word_1_247' title='bbox 970 1973 978 1985; x_wconf 91' lang='grc'><strong>,</strong></span> 
     </span>
    </p>
   </div>
   <div class='ocr_carea' id='block_1_42' title="bbox 187 1992 979 2034">
    <p class='ocr_par' dir='ltr' id='par_1_42' title="bbox 187 1992 979 2034">
     <span class='ocr_line' id='line_1_42' title="bbox 187 1992 979 2034; baseline 0.004 -12"><span class='ocrx_word' id='word_1_248' title='bbox 187 1995 352 2032; x_wconf 79' lang='lat' dir='ltr'><strong>Theophyl.]</strong></span> <span class='ocrx_word' id='word_1_249' title='bbox 367 1992 452 2027; x_wconf 73' lang='grc' dir='ltr'>Οὗτος</span> <span class='ocrx_word' id='word_1_250' title='bbox 462 1994 497 2031; x_wconf 86' lang='grc' dir='ltr'>ἦν</span> <span class='ocrx_word' id='word_1_251' title='bbox 511 1996 567 2023; x_wconf 78' lang='grc' dir='ltr'>ἀπὸ</span> <span class='ocrx_word' id='word_1_252' title='bbox 580 1996 719 2023; x_wconf 76' lang='grc' dir='ltr'>Ἐλκεσεὶν</span> <span class='ocrx_word' id='word_1_253' title='bbox 728 1996 738 2033; x_wconf 88' lang='grc'>[</span> <span class='ocrx_word' id='word_1_254' title='bbox 747 1997 877 2024; x_wconf 80' lang='grc' dir='ltr'>Ἑλκασαῒ</span> <span class='ocrx_word' id='word_1_255' title='bbox 892 1997 979 2034; x_wconf 84' lang='grc' dir='ltr'>πέραν</span> 
     </span>
    </p>
   </div>
   <div class='ocr_carea' id='block_1_43' title="bbox 186 2040 979 2078">
    <p class='ocr_par' dir='ltr' id='par_1_43' title="bbox 186 2040 979 2078">
     <span class='ocr_line' id='line_1_43' title="bbox 186 2040 979 2078; baseline 0.004 -10"><span class='ocrx_word' id='word_1_256' title='bbox 186 2040 235 2068; x_wconf 77' lang='grc' dir='ltr'><strong>τοῦ</strong></span> <span class='ocrx_word' id='word_1_257' title='bbox 255 2041 389 2077; x_wconf 77' lang='grc' dir='ltr'>Ἰορδάνου</span> <span class='ocrx_word' id='word_1_258' title='bbox 414 2042 454 2073; x_wconf 81' lang='grc' dir='ltr'>εἰς</span> <span class='ocrx_word' id='word_1_259' title='bbox 478 2041 611 2077; x_wconf 72' lang='grc' dir='ltr'>Βιγαὸρὶ,</span> <span class='ocrx_word' id='word_1_260' title='bbox 629 2041 794 2078; x_wconf 89' lang='lat' dir='ltr'><strong>Theophyl.]</strong></span> <span class='ocrx_word' id='word_1_261' title='bbox 817 2042 906 2078; x_wconf 71' lang='grc' dir='ltr'>πέραν</span> <span class='ocrx_word' id='word_1_262' title='bbox 931 2044 979 2071; x_wconf 85' lang='grc' dir='ltr'><strong>τοῦ</strong></span> 
     </span>
    </p>
   </div>
   <div class='ocr_carea' id='block_1_44' title="bbox 187 2085 980 2125">
    <p class='ocr_par' dir='ltr' id='par_1_44' title="bbox 187 2085 980 2125">
     <span class='ocr_line' id='line_1_44' title="bbox 187 2085 980 2125; baseline 0.004 -10"><span class='ocrx_word' id='word_1_263' title='bbox 187 2087 342 2123; x_wconf 74' lang='grc' dir='ltr'>Τηνῦαρεὶν</span> <span class='ocrx_word' id='word_1_264' title='bbox 356 2087 423 2123; x_wconf 85' lang='lat' dir='ltr'><strong>(I0),</strong></span> <span class='ocrx_word' id='word_1_265' title='bbox 441 2088 474 2114; x_wconf 75' lang='grc' dir='ltr'>ὲκ</span> <span class='ocrx_word' id='word_1_266' title='bbox 495 2087 580 2123; x_wconf 82' lang='grc' dir='ltr'>φυλῆς</span> <span class='ocrx_word' id='word_1_267' title='bbox 596 2087 720 2124; x_wconf 86' lang='grc' dir='ltr'>Συμεών.</span> <span class='ocrx_word' id='word_1_268' title='bbox 737 2085 822 2120; x_wconf 78' lang='grc' dir='ltr'>Οὗτος</span> <span class='ocrx_word' id='word_1_269' title='bbox 844 2089 914 2125; x_wconf 86' lang='grc' dir='ltr'>μετὰ</span> <span class='ocrx_word' id='word_1_270' title='bbox 934 2090 980 2118; x_wconf 80' lang='grc' dir='ltr'>τὸν</span> 
     </span>
    </p>
   </div>
   <div class='ocr_carea' id='block_1_45' title="bbox 194 2133 981 2170">
    <p class='ocr_par' dir='ltr' id='par_1_45' title="bbox 194 2133 981 2170">
     <span class='ocr_line' id='line_1_45' title="bbox 194 2133 981 2170; baseline 0.005 -10"><span class='ocrx_word' id='word_1_271' title='bbox 194 2133 289 2161; x_wconf 84' lang='grc' dir='ltr'>Ίωνᾶν</span> <span class='ocrx_word' id='word_1_272' title='bbox 305 2134 389 2170; x_wconf 83' lang='grc' dir='ltr'>τέρας</span> <span class='ocrx_word' id='word_1_273' title='bbox 412 2133 524 2166; x_wconf 76' lang='grc' dir='ltr'>ἔδωκεν,</span> <span class='ocrx_word' id='word_1_274' title='bbox 538 2134 580 2161; x_wconf 83' lang='grc' dir='ltr'>ὅτι</span> <span class='ocrx_word' id='word_1_275' title='bbox 598 2133 652 2161; x_wconf 72' lang='grc' dir='ltr'><strong>ἀπὸ</strong></span> <span class='ocrx_word' id='word_1_276' title='bbox 673 2134 779 2162; x_wconf 76' lang='grc' dir='ltr'>ὑδάτων</span> <span class='ocrx_word' id='word_1_277' title='bbox 792 2135 917 2170; x_wconf 79' lang='grc' dir='ltr'>γλυκέων</span> <span class='ocrx_word' id='word_1_278' title='bbox 934 2137 981 2164; x_wconf 79' lang='grc' dir='ltr'>καὶ</span> 
     </span>
    </p>
   </div>
   <div class='ocr_carea' id='block_1_46' title="bbox 187 2180 980 2219">
    <p class='ocr_par' dir='ltr' id='par_1_46' title="bbox 187 2180 980 2219">
     <span class='ocr_line' id='line_1_46' title="bbox 187 2180 980 2219; baseline 0.004 -13"><span class='ocrx_word' id='word_1_279' title='bbox 187 2180 274 2215; x_wconf 80' lang='grc' dir='ltr'>πυρὸς</span> <span class='ocrx_word' id='word_1_280' title='bbox 288 2180 429 2207; x_wconf 82' lang='grc' dir='ltr'>ἀπολεῖται</span> <span class='ocrx_word' id='word_1_281' title='bbox 443 2181 460 2215; x_wconf 84' lang='grc' dir='ltr'>ὴ</span> <span class='ocrx_word' id='word_1_282' title='bbox 473 2181 582 2207; x_wconf 81' lang='grc' dir='ltr'>Νινευῖ·</span> <span class='ocrx_word' id='word_1_283' title='bbox 594 2180 608 2207; x_wconf 81' lang='grc' dir='ltr'><strong>ὃ</strong></span> <span class='ocrx_word' id='word_1_284' title='bbox 619 2180 666 2208; x_wconf 81' lang='grc' dir='ltr'>καὶ</span> <span class='ocrx_word' id='word_1_285' title='bbox 676 2181 772 2215; x_wconf 80' lang='grc' dir='ltr'>γέγονε</span> <span class='ocrx_word' id='word_1_286' title='bbox 781 2189 789 2196; x_wconf 75' lang='grc'><strong><em>⁸</em></strong></span> <span class='ocrx_word' id='word_1_287' title='bbox 806 2181 823 2217; x_wconf 81' lang='grc' dir='ltr'>ἡ</span> <span class='ocrx_word' id='word_1_288' title='bbox 838 2182 892 2218; x_wconf 80' lang='grc' dir='ltr'><strong>γὰρ</strong></span> <span class='ocrx_word' id='word_1_289' title='bbox 902 2191 980 2219; x_wconf 63' lang='grc' dir='ltr'>περι.</span> 
     </span>
    </p>
   </div>
   <div class='ocr_carea' id='block_1_47' title="bbox 188 2226 978 2266">
    <p class='ocr_par' dir='ltr' id='par_1_47' title="bbox 188 2226 978 2266">
     <span class='ocr_line' id='line_1_47' title="bbox 188 2226 978 2266; baseline 0.005 -14"><span class='ocrx_word' id='word_1_290' title='bbox 188 2226 290 2261; x_wconf 86' lang='grc' dir='ltr'>έχουσα</span> <span class='ocrx_word' id='word_1_291' title='bbox 313 2226 400 2262; x_wconf 80' lang='grc' dir='ltr'>αὐτὴν</span> <span class='ocrx_word' id='word_1_292' title='bbox 421 2226 503 2262; x_wconf 83' lang='grc' dir='ltr'>λίμνη</span> <span class='ocrx_word' id='word_1_293' title='bbox 526 2227 695 2254; x_wconf 85' lang='grc' dir='ltr'>κατέκλυσεν</span> <span class='ocrx_word' id='word_1_294' title='bbox 717 2227 803 2263; x_wconf 75' lang='grc' dir='ltr'>αὐτὴν</span> <span class='ocrx_word' id='word_1_295' title='bbox 818 2230 848 2255; x_wconf 75' lang='grc' dir='ltr'>ὲν</span> <span class='ocrx_word' id='word_1_296' title='bbox 862 2229 978 2266; x_wconf 85' lang='grc' dir='ltr'>σεισμῷ,</span> 
     </span>
    </p>
   </div>
   <div class='ocr_carea' id='block_1_48' title="bbox 1014 286 1662 326">
    <p class='ocr_par' dir='ltr' id='par_1_48' title="bbox 1014 286 1662 326">
     <span class='ocr_line' id='line_1_48' title="bbox 1014 286 1662 326; baseline 0.005 -13"><span class='ocrx_word' id='word_1_297' title='bbox 1014 286 1131 319; x_wconf 73' lang='lat' dir='ltr'><strong>excidet,</strong></span> <span class='ocrx_word' id='word_1_298' title='bbox 1145 291 1173 314; x_wconf 91' lang='lat' dir='ltr'><strong>et</strong></span> <span class='ocrx_word' id='word_1_299' title='bbox 1185 288 1377 322; x_wconf 81' lang='lat' dir='ltr'><strong>spiritualibus</strong></span> <span class='ocrx_word' id='word_1_300' title='bbox 1393 290 1512 326; x_wconf 76' lang='lat' dir='ltr'><strong>Assyriis</strong></span> <span class='ocrx_word' id='word_1_301' title='bbox 1528 290 1662 318; x_wconf 83' lang='lat' dir='ltr'><strong>tradetur.</strong></span> 
     </span>
    </p>
   </div>
   <div class='ocr_carea' id='block_1_49' title="bbox 1053 377 1811 414">
    <p class='ocr_par' dir='ltr' id='par_1_49' title="bbox 1053 377 1811 414">
     <span class='ocr_line' id='line_1_49' title="bbox 1053 377 1811 414; baseline 0 -8"><span class='ocrx_word' id='word_1_302' title='bbox 1053 377 1122 406; x_wconf 84' lang='lat' dir='ltr'><strong>XIII.</strong></span> <span class='ocrx_word' id='word_1_303' title='bbox 1139 378 1297 406; x_wconf 77' lang='lat' dir='ltr'><strong>Exhortatio</strong></span> <span class='ocrx_word' id='word_1_304' title='bbox 1309 379 1342 406; x_wconf 84' lang='lat' dir='ltr'><strong>ad</strong></span> <span class='ocrx_word' id='word_1_305' title='bbox 1359 378 1441 406; x_wconf 84' lang='lat' dir='ltr'><strong>Israel</strong></span> <span class='ocrx_word' id='word_1_306' title='bbox 1457 383 1485 406; x_wconf 89' lang='lat' dir='ltr'><strong>ut</strong></span> <span class='ocrx_word' id='word_1_307' title='bbox 1513 385 1562 413; x_wconf 86' lang='lat' dir='ltr'><strong>per</strong></span> <span class='ocrx_word' id='word_1_308' title='bbox 1575 386 1686 406; x_wconf 65' lang='lat' dir='ltr'><strong>crucem</strong></span> <span class='ocrx_word' id='word_1_309' title='bbox 1701 382 1811 414; x_wconf 79' lang='lat' dir='ltr'><strong>regatur</strong></span> 
     </span>
    </p>
   </div>
   <div class='ocr_carea' id='block_1_50' title="bbox 1017 425 1810 461">
    <p class='ocr_par' dir='ltr' id='par_1_50' title="bbox 1017 425 1810 461">
     <span class='ocr_line' id='line_1_50' title="bbox 1017 425 1810 461; baseline 0.001 -9"><span class='ocrx_word' id='word_1_310' title='bbox 1017 429 1045 452; x_wconf 89' lang='lat' dir='ltr'><strong>et</strong></span> <span class='ocrx_word' id='word_1_311' title='bbox 1073 425 1211 460; x_wconf 86' lang='lat' dir='ltr'><strong>quomodo</strong></span> <span class='ocrx_word' id='word_1_312' title='bbox 1227 431 1324 461; x_wconf 70' lang='lat' dir='ltr'><strong>gentes</strong></span> <span class='ocrx_word' id='word_1_313' title='bbox 1350 425 1461 461; x_wconf 87' lang='lat' dir='ltr'><strong>quidem</strong></span> <span class='ocrx_word' id='word_1_314' title='bbox 1475 433 1491 453; x_wconf 89' lang='lat' dir='ltr'><strong>a</strong></span> <span class='ocrx_word' id='word_1_315' title='bbox 1505 425 1676 454; x_wconf 67' lang='lat' dir='ltr'><strong>daemonibus</strong></span> <span class='ocrx_word' id='word_1_316' title='bbox 1691 425 1810 453; x_wconf 77' lang='lat' dir='ltr'><strong>coniun-</strong></span> 
     </span>
    </p>
   </div>
   <div class='ocr_carea' id='block_1_51' title="bbox 1016 471 1811 508">
    <p class='ocr_par' dir='ltr' id='par_1_51' title="bbox 1016 471 1811 508">
     <span class='ocr_line' id='line_1_51' title="bbox 1016 471 1811 508; baseline 0.001 -10"><span class='ocrx_word' id='word_1_317' title='bbox 1016 471 1118 498; x_wconf 89' lang='lat' dir='ltr'><strong>dentur</strong></span> <span class='ocrx_word' id='word_1_318' title='bbox 1137 479 1145 504; x_wconf 91' lang='lat'><strong>;</strong></span> <span class='ocrx_word' id='word_1_319' title='bbox 1177 479 1228 499; x_wconf 92' lang='lat' dir='ltr'><strong>nos</strong></span> <span class='ocrx_word' id='word_1_320' title='bbox 1251 477 1342 499; x_wconf 81' lang='lat' dir='ltr'><strong>autem</strong></span> <span class='ocrx_word' id='word_1_321' title='bbox 1363 479 1413 507; x_wconf 90' lang='lat' dir='ltr'><strong>per</strong></span> <span class='ocrx_word' id='word_1_322' title='bbox 1431 472 1596 508; x_wconf 80' lang='lat' dir='ltr'><strong>baptismum</strong></span> <span class='ocrx_word' id='word_1_323' title='bbox 1623 471 1811 500; x_wconf 80' lang='lat' dir='ltr'><strong>remissionem</strong></span> 
     </span>
    </p>
   </div>
   <div class='ocr_carea' id='block_1_52' title="bbox 1017 518 1483 553">
    <p class='ocr_par' dir='ltr' id='par_1_52' title="bbox 1017 518 1483 553">
     <span class='ocr_line' id='line_1_52' title="bbox 1017 518 1483 553; baseline 0.004 -9"><span class='ocrx_word' id='word_1_324' title='bbox 1017 521 1193 552; x_wconf 80' lang='lat' dir='ltr'><strong>peccatorum</strong></span> <span class='ocrx_word' id='word_1_325' title='bbox 1205 525 1221 545; x_wconf 86' lang='lat' dir='ltr'><strong>a</strong></span> <span class='ocrx_word' id='word_1_326' title='bbox 1237 518 1292 546; x_wconf 88' lang='lat' dir='ltr'><strong>Deo</strong></span> <span class='ocrx_word' id='word_1_327' title='bbox 1303 518 1483 553; x_wconf 84' lang='lat' dir='ltr'><strong>accipiemur.</strong></span> 
     </span>
    </p>
   </div>
   <div class='ocr_carea' id='block_1_53' title="bbox 1053 573 1814 610">
    <p class='ocr_par' dir='ltr' id='par_1_53' title="bbox 1053 573 1814 610">
     <span class='ocr_line' id='line_1_53' title="bbox 1053 573 1814 610; baseline 0.001 -9"><span class='ocrx_word' id='word_1_328' title='bbox 1053 573 1180 602; x_wconf 73' lang='lat' dir='ltr'><strong>Michteas</strong></span> <span class='ocrx_word' id='word_1_329' title='bbox 1195 574 1332 610; x_wconf 78' lang='lat' dir='ltr'><strong>signiﬁcat</strong></span> <span class='ocrx_word' id='word_1_330' title='bbox 1345 575 1482 602; x_wconf 74' lang='lat' dir='ltr'><strong>humilitas</strong></span> <span class='ocrx_word' id='word_1_331' title='bbox 1500 575 1560 603; x_wconf 84' lang='lat' dir='ltr'><strong>sive</strong></span> <span class='ocrx_word' id='word_1_332' title='bbox 1576 575 1744 603; x_wconf 67' lang='lat' dir='ltr'><strong>humiliatus.</strong></span> <span class='ocrx_word' id='word_1_333' title='bbox 1764 575 1814 602; x_wconf 79' lang='lat' dir='ltr'><strong>Ille</strong></span> 
     </span>
    </p>
   </div>
   <div class='ocr_carea' id='block_1_54' title="bbox 1017 620 1812 656">
    <p class='ocr_par' dir='ltr' id='par_1_54' title="bbox 1017 620 1812 656">
     <span class='ocr_line' id='line_1_54' title="bbox 1017 620 1812 656; baseline 0.004 -10"><span class='ocrx_word' id='word_1_334' title='bbox 1017 624 1076 646; x_wconf 84' lang='lat' dir='ltr'><strong>erat</strong></span> <span class='ocrx_word' id='word_1_335' title='bbox 1095 627 1129 647; x_wconf 80' lang='lat' dir='ltr'><strong>ex</strong></span> <span class='ocrx_word' id='word_1_336' title='bbox 1144 620 1271 654; x_wconf 75' lang='lat' dir='ltr'><strong>Morathi,</strong></span> <span class='ocrx_word' id='word_1_337' title='bbox 1287 621 1322 649; x_wconf 87' lang='lat' dir='ltr'><strong>de</strong></span> <span class='ocrx_word' id='word_1_338' title='bbox 1335 621 1408 649; x_wconf 89' lang='lat' dir='ltr'><strong>tribu</strong></span> <span class='ocrx_word' id='word_1_339' title='bbox 1422 620 1565 656; x_wconf 85' lang='lat' dir='ltr'><strong>Ephralm.</strong></span> <span class='ocrx_word' id='word_1_340' title='bbox 1590 621 1615 649; x_wconf 89' lang='lat' dir='ltr'><strong>Is</strong></span> <span class='ocrx_word' id='word_1_341' title='bbox 1637 630 1699 650; x_wconf 89' lang='lat' dir='ltr'><strong>cum</strong></span> <span class='ocrx_word' id='word_1_342' title='bbox 1727 621 1812 649; x_wconf 72' lang='lat' dir='ltr'><strong>multa</strong></span> 
     </span>
    </p>
   </div>
   <div class='ocr_carea' id='block_1_55' title="bbox 1018 665 1814 704">
    <p class='ocr_par' dir='ltr' id='par_1_55' title="bbox 1018 665 1814 704">
     <span class='ocr_line' id='line_1_55' title="bbox 1018 665 1814 704; baseline 0.003 -10"><span class='ocrx_word' id='word_1_343' title='bbox 1018 665 1132 695; x_wconf 79' lang='lat' dir='ltr'><strong>fecisset</strong></span> <span class='ocrx_word' id='word_1_344' title='bbox 1155 668 1260 701; x_wconf 84' lang='lat' dir='ltr'><strong>Achab.</strong></span> <span class='ocrx_word' id='word_1_345' title='bbox 1277 676 1292 695; x_wconf 91' lang='lat' dir='ltr'><strong>a</strong></span> <span class='ocrx_word' id='word_1_346' title='bbox 1319 668 1376 696; x_wconf 80' lang='lat' dir='ltr'><strong>ﬁlio</strong></span> <span class='ocrx_word' id='word_1_347' title='bbox 1399 667 1461 702; x_wconf 84' lang='lat' dir='ltr'><strong>ejus</strong></span> <span class='ocrx_word' id='word_1_348' title='bbox 1477 667 1570 696; x_wconf 74' lang='lat' dir='ltr'><strong>Joram</strong></span> <span class='ocrx_word' id='word_1_349' title='bbox 1593 675 1717 704; x_wconf 66' lang='lat' dir='ltr'><strong>praeceps</strong></span> <span class='ocrx_word' id='word_1_350' title='bbox 1733 668 1814 696; x_wconf 78' lang='lat' dir='ltr'><strong>datus</strong></span> 
     </span>
    </p>
   </div>
   <div class='ocr_carea' id='block_1_56' title="bbox 1018 713 1814 751">
    <p class='ocr_par' dir='ltr' id='par_1_56' title="bbox 1018 713 1814 751">
     <span class='ocr_line' id='line_1_56' title="bbox 1018 713 1814 751; baseline 0.004 -11"><span class='ocrx_word' id='word_1_351' title='bbox 1018 713 1110 749; x_wconf 83' lang='lat' dir='ltr'><strong>periit,</strong></span> <span class='ocrx_word' id='word_1_352' title='bbox 1129 715 1194 750; x_wconf 85' lang='lat' dir='ltr'><strong>quia</strong></span> <span class='ocrx_word' id='word_1_353' title='bbox 1209 715 1234 743; x_wconf 92' lang='lat' dir='ltr'><strong>ei</strong></span> <span class='ocrx_word' id='word_1_354' title='bbox 1258 715 1408 751; x_wconf 83' lang='lat' dir='ltr'><strong>objiciebat</strong></span> <span class='ocrx_word' id='word_1_355' title='bbox 1423 715 1580 751; x_wconf 81' lang='lat' dir='ltr'><strong>impietates</strong></span> <span class='ocrx_word' id='word_1_356' title='bbox 1608 719 1717 751; x_wconf 77' lang='lat' dir='ltr'><strong>patrum</strong></span> <span class='ocrx_word' id='word_1_357' title='bbox 1742 715 1814 751; x_wconf 81' lang='lat' dir='ltr'><strong>ejus.</strong></span> 
     </span>
    </p>
   </div>
   <div class='ocr_carea' id='block_1_57' title="bbox 1019 760 1816 799">
    <p class='ocr_par' dir='ltr' id='par_1_57' title="bbox 1019 760 1816 799">
     <span class='ocr_line' id='line_1_57' title="bbox 1019 760 1816 799; baseline 0.005 -12"><span class='ocrx_word' id='word_1_358' title='bbox 1019 760 1053 787; x_wconf 88' lang='lat' dir='ltr'><strong>Et</strong></span> <span class='ocrx_word' id='word_1_359' title='bbox 1068 761 1193 796; x_wconf 85' lang='lat' dir='ltr'><strong>sepultus</strong></span> <span class='ocrx_word' id='word_1_360' title='bbox 1209 767 1252 790; x_wconf 83' lang='lat' dir='ltr'><strong>est</strong></span> <span class='ocrx_word' id='word_1_361' title='bbox 1275 762 1303 790; x_wconf 92' lang='lat' dir='ltr'><strong>in</strong></span> <span class='ocrx_word' id='word_1_362' title='bbox 1324 767 1396 790; x_wconf 87' lang='lat' dir='ltr'><strong>terra</strong></span> <span class='ocrx_word' id='word_1_363' title='bbox 1411 770 1460 791; x_wconf 88' lang='lat' dir='ltr'><strong>sua</strong></span> <span class='ocrx_word' id='word_1_364' title='bbox 1477 763 1564 796; x_wconf 87' lang='lat' dir='ltr'><strong>solus,</strong></span> <span class='ocrx_word' id='word_1_365' title='bbox 1581 770 1669 799; x_wconf 84' lang='lat' dir='ltr'><strong>prope</strong></span> <span class='ocrx_word' id='word_1_366' title='bbox 1685 766 1816 791; x_wconf 64' lang='lat' dir='ltr'><strong>eamete-</strong></span> 
     </span>
    </p>
   </div>
   <div class='ocr_carea' id='block_1_58' title="bbox 1019 806 1236 836">
    <p class='ocr_par' dir='ltr' id='par_1_58' title="bbox 1019 806 1236 836">
     <span class='ocr_line' id='line_1_58' title="bbox 1019 806 1236 836; baseline 0.014 -3"><span class='ocrx_word' id='word_1_367' title='bbox 1019 806 1090 834; x_wconf 93' lang='lat' dir='ltr'><strong>rium</strong></span> <span class='ocrx_word' id='word_1_368' title='bbox 1108 807 1236 836; x_wconf 85' lang='lat' dir='ltr'><strong>Enacim.</strong></span> 
     </span>
    </p>
   </div>
   <div class='ocr_carea' id='block_1_59' title="bbox 1160 932 1675 964">
    <p class='ocr_par' dir='ltr' id='par_1_59' title="bbox 1160 932 1675 964">
     <span class='ocr_line' id='line_1_59' title="bbox 1160 932 1675 964; baseline 0.006 -3"><span class='ocrx_word' id='word_1_369' title='bbox 1160 932 1288 961; x_wconf 83' lang='lat' dir='ltr'><strong>CAPITA</strong></span> <span class='ocrx_word' id='word_1_370' title='bbox 1314 933 1437 962; x_wconf 77' lang='lat' dir='ltr'><strong>NAIIUM</strong></span> <span class='ocrx_word' id='word_1_371' title='bbox 1464 933 1675 964; x_wconf 69' lang='lat' dir='ltr'><strong>PROPHETE.</strong></span> 
     </span>
    </p>
   </div>
   <div class='ocr_carea' id='block_1_60' title="bbox 1057 997 1815 1036">
    <p class='ocr_par' dir='ltr' id='par_1_60' title="bbox 1057 997 1815 1036">
     <span class='ocr_line' id='line_1_60' title="bbox 1057 997 1815 1036; baseline 0.008 -11"><span class='ocrx_word' id='word_1_372' title='bbox 1057 998 1077 1025; x_wconf 94' lang='grc'><strong>1.</strong></span> <span class='ocrx_word' id='word_1_373' title='bbox 1094 997 1272 1027; x_wconf 87' lang='lat' dir='ltr'><strong>Denuntiatio</strong></span> <span class='ocrx_word' id='word_1_374' title='bbox 1285 1000 1423 1028; x_wconf 88' lang='lat' dir='ltr'><strong>minarum</strong></span> <span class='ocrx_word' id='word_1_375' title='bbox 1439 999 1486 1028; x_wconf 88' lang='lat' dir='ltr'><strong>Dei</strong></span> <span class='ocrx_word' id='word_1_376' title='bbox 1502 1005 1531 1029; x_wconf 85' lang='lat' dir='ltr'><strong>et</strong></span> <span class='ocrx_word' id='word_1_377' title='bbox 1543 1001 1605 1036; x_wconf 87' lang='lat' dir='ltr'><strong>ejus</strong></span> <span class='ocrx_word' id='word_1_378' title='bbox 1620 1001 1654 1030; x_wconf 87' lang='lat' dir='ltr'><strong>ad</strong></span> <span class='ocrx_word' id='word_1_379' title='bbox 1669 1001 1815 1031; x_wconf 85' lang='lat' dir='ltr'><strong>vindican-</strong></span> 
     </span>
    </p>
   </div>
   <div class='ocr_carea' id='block_1_61' title="bbox 1021 1043 1816 1081">
    <p class='ocr_par' dir='ltr' id='par_1_61' title="bbox 1021 1043 1816 1081">
     <span class='ocr_line' id='line_1_61' title="bbox 1021 1043 1816 1081; baseline 0.009 -12"><span class='ocrx_word' id='word_1_380' title='bbox 1021 1043 1086 1070; x_wconf 88' lang='lat' dir='ltr'><strong>dum</strong></span> <span class='ocrx_word' id='word_1_381' title='bbox 1101 1043 1253 1078; x_wconf 79' lang='lat' dir='ltr'><strong>potestatis,</strong></span> <span class='ocrx_word' id='word_1_382' title='bbox 1276 1048 1334 1072; x_wconf 90' lang='lat' dir='ltr'><strong>tum</strong></span> <span class='ocrx_word' id='word_1_383' title='bbox 1353 1049 1447 1073; x_wconf 79' lang='lat' dir='ltr'><strong>contra</strong></span> <span class='ocrx_word' id='word_1_384' title='bbox 1470 1045 1623 1081; x_wconf 64' lang='lat' dir='ltr'><strong>dmmOncs,</strong></span> <span class='ocrx_word' id='word_1_385' title='bbox 1650 1051 1707 1074; x_wconf 90' lang='lat' dir='ltr'><strong>tum</strong></span> <span class='ocrx_word' id='word_1_386' title='bbox 1734 1048 1816 1077; x_wconf 86' lang='lat' dir='ltr'><strong>etiam</strong></span> 
     </span>
    </p>
   </div>
   <div class='ocr_carea' id='block_1_62' title="bbox 1021 1089 1250 1118">
    <p class='ocr_par' dir='ltr' id='par_1_62' title="bbox 1021 1089 1250 1118">
     <span class='ocr_line' id='line_1_62' title="bbox 1021 1089 1250 1118; baseline 0.004 -1"><span class='ocrx_word' id='word_1_387' title='bbox 1021 1094 1116 1117; x_wconf 87' lang='lat' dir='ltr'><strong>contra</strong></span> <span class='ocrx_word' id='word_1_388' title='bbox 1126 1089 1250 1118; x_wconf 74' lang='lat' dir='ltr'><strong>Judzeos.</strong></span> 
     </span>
    </p>
   </div>
   <div class='ocr_carea' id='block_1_63' title="bbox 1058 1136 1817 1171">
    <p class='ocr_par' dir='ltr' id='par_1_63' title="bbox 1058 1136 1817 1171">
     <span class='ocr_line' id='line_1_63' title="bbox 1058 1136 1817 1171; baseline 0.008 -8"><span class='ocrx_word' id='word_1_389' title='bbox 1058 1136 1092 1164; x_wconf 91' lang='lat' dir='ltr'><strong>II.</strong></span> <span class='ocrx_word' id='word_1_390' title='bbox 1112 1136 1192 1164; x_wconf 70' lang='lat' dir='ltr'><strong>Minze</strong></span> <span class='ocrx_word' id='word_1_391' title='bbox 1207 1137 1341 1166; x_wconf 83' lang='lat' dir='ltr'><strong>adversus</strong></span> <span class='ocrx_word' id='word_1_392' title='bbox 1353 1138 1507 1171; x_wconf 86' lang='lat' dir='ltr'><strong>diabolum,</strong></span> <span class='ocrx_word' id='word_1_393' title='bbox 1523 1144 1550 1167; x_wconf 90' lang='lat' dir='ltr'><strong>et</strong></span> <span class='ocrx_word' id='word_1_394' title='bbox 1564 1140 1697 1168; x_wconf 80' lang='lat' dir='ltr'><strong>allocutio</strong></span> <span class='ocrx_word' id='word_1_395' title='bbox 1713 1141 1748 1168; x_wconf 86' lang='lat' dir='ltr'><strong>ad</strong></span> <span class='ocrx_word' id='word_1_396' title='bbox 1764 1139 1817 1169; x_wconf 82' lang='lat' dir='ltr'><strong>Ec-</strong></span> 
     </span>
    </p>
   </div>
   <div class='ocr_carea' id='block_1_64' title="bbox 1023 1182 1818 1216">
    <p class='ocr_par' dir='ltr' id='par_1_64' title="bbox 1023 1182 1818 1216">
     <span class='ocr_line' id='line_1_64' title="bbox 1023 1182 1818 1216; baseline 0.009 -7"><span class='ocrx_word' id='word_1_397' title='bbox 1023 1182 1136 1210; x_wconf 85' lang='lat' dir='ltr'><strong>clesiam</strong></span> <span class='ocrx_word' id='word_1_398' title='bbox 1166 1183 1199 1211; x_wconf 89' lang='lat' dir='ltr'><strong>de</strong></span> <span class='ocrx_word' id='word_1_399' title='bbox 1216 1183 1382 1213; x_wconf 83' lang='lat' dir='ltr'><strong>liberatione</strong></span> <span class='ocrx_word' id='word_1_400' title='bbox 1407 1185 1443 1214; x_wconf 87' lang='lat' dir='ltr'><strong>ab</strong></span> <span class='ocrx_word' id='word_1_401' title='bbox 1461 1185 1564 1214; x_wconf 87' lang='lat' dir='ltr'><strong>idolis:</strong></span> <span class='ocrx_word' id='word_1_402' title='bbox 1588 1192 1617 1215; x_wconf 85' lang='lat' dir='ltr'><strong>et</strong></span> <span class='ocrx_word' id='word_1_403' title='bbox 1645 1187 1818 1216; x_wconf 80' lang='lat' dir='ltr'><strong>annuntiatlo</strong></span> 
     </span>
    </p>
   </div>
   <div class='ocr_carea' id='block_1_65' title="bbox 1024 1228 1817 1268">
    <p class='ocr_par' dir='ltr' id='par_1_65' title="bbox 1024 1228 1817 1268">
     <span class='ocr_line' id='line_1_65' title="bbox 1024 1228 1817 1268; baseline 0.009 -13"><span class='ocrx_word' id='word_1_404' title='bbox 1024 1228 1230 1263; x_wconf 58' lang='lat' dir='ltr'><strong>pradicationis</strong></span> <span class='ocrx_word' id='word_1_405' title='bbox 1247 1229 1344 1257; x_wconf 83' lang='lat' dir='ltr'><strong>salutis</strong></span> <span class='ocrx_word' id='word_1_406' title='bbox 1358 1234 1386 1258; x_wconf 81' lang='lat' dir='ltr'><strong>et</strong></span> <span class='ocrx_word' id='word_1_407' title='bbox 1400 1230 1582 1260; x_wconf 83' lang='lat' dir='ltr'><strong>festivitatum</strong></span> <span class='ocrx_word' id='word_1_408' title='bbox 1600 1240 1649 1268; x_wconf 91' lang='lat' dir='ltr'><strong>per</strong></span> <span class='ocrx_word' id='word_1_409' title='bbox 1664 1232 1817 1267; x_wconf 81' lang='lat' dir='ltr'><strong>Christum.</strong></span> 
     </span>
    </p>
   </div>
   <div class='ocr_carea' id='block_1_66' title="bbox 1023 1274 1640 1307">
    <p class='ocr_par' dir='ltr' id='par_1_66' title="bbox 1023 1274 1640 1307">
     <span class='ocr_line' id='line_1_66' title="bbox 1023 1274 1640 1307; baseline 0.008 -6"><span class='ocrx_word' id='word_1_410' title='bbox 1023 1278 1051 1301; x_wconf 89' lang='lat' dir='ltr'><strong>et</strong></span> <span class='ocrx_word' id='word_1_411' title='bbox 1065 1274 1222 1303; x_wconf 82' lang='lat' dir='ltr'><strong>abolitionis</strong></span> <span class='ocrx_word' id='word_1_412' title='bbox 1237 1275 1392 1304; x_wconf 66' lang='lat' dir='ltr'><strong>daemonum</strong></span> <span class='ocrx_word' id='word_1_413' title='bbox 1416 1281 1444 1304; x_wconf 90' lang='lat' dir='ltr'><strong>et</strong></span> <span class='ocrx_word' id='word_1_414' title='bbox 1458 1277 1640 1307; x_wconf 76' lang='lat' dir='ltr'><strong>confusionis.</strong></span> 
     </span>
    </p>
   </div>
   <div class='ocr_carea' id='block_1_67' title="bbox 1062 1365 1820 1400">
    <p class='ocr_par' dir='ltr' id='par_1_67' title="bbox 1062 1365 1820 1400">
     <span class='ocr_line' id='line_1_67' title="bbox 1062 1365 1820 1400; baseline 0.009 -7"><span class='ocrx_word' id='word_1_415' title='bbox 1062 1365 1105 1393; x_wconf 92' lang='lat' dir='ltr'><strong>Ill.</strong></span> <span class='ocrx_word' id='word_1_416' title='bbox 1122 1366 1267 1395; x_wconf 70' lang='lat' dir='ltr'><strong>Praedictio</strong></span> <span class='ocrx_word' id='word_1_417' title='bbox 1280 1368 1492 1396; x_wconf 84' lang='lat' dir='ltr'><strong>resurrectionis</strong></span> <span class='ocrx_word' id='word_1_418' title='bbox 1507 1368 1611 1397; x_wconf 83' lang='lat' dir='ltr'><strong>Christi</strong></span> <span class='ocrx_word' id='word_1_419' title='bbox 1627 1375 1655 1398; x_wconf 89' lang='lat' dir='ltr'><strong>et</strong></span> <span class='ocrx_word' id='word_1_420' title='bbox 1667 1379 1820 1400; x_wconf 76' lang='lat' dir='ltr'><strong>animarum</strong></span> 
     </span>
    </p>
   </div>
   <div class='ocr_carea' id='block_1_68' title="bbox 1025 1412 1822 1454">
    <p class='ocr_par' dir='ltr' id='par_1_68' title="bbox 1025 1412 1822 1454">
     <span class='ocr_line' id='line_1_68' title="bbox 1025 1412 1822 1454; baseline 0.011 -16"><span class='ocrx_word' id='word_1_421' title='bbox 1025 1419 1087 1439; x_wconf 91' lang='lat' dir='ltr'><strong>cum</strong></span> <span class='ocrx_word' id='word_1_422' title='bbox 1099 1412 1158 1447; x_wconf 90' lang='lat' dir='ltr'><strong>ipso</strong></span> <span class='ocrx_word' id='word_1_423' title='bbox 1169 1415 1457 1448; x_wconf 84' lang='lat' dir='ltr'><strong>conresuscitatarum,</strong></span> <span class='ocrx_word' id='word_1_424' title='bbox 1473 1419 1500 1443; x_wconf 79' lang='lat' dir='ltr'><strong>et</strong></span> <span class='ocrx_word' id='word_1_425' title='bbox 1517 1416 1602 1445; x_wconf 60' lang='lat' dir='ltr'><strong>ruina</strong></span> <span class='ocrx_word' id='word_1_426' title='bbox 1612 1421 1641 1445; x_wconf 86' lang='lat' dir='ltr'><strong>et</strong></span> <span class='ocrx_word' id='word_1_427' title='bbox 1650 1415 1822 1454; x_wconf 79' lang='lat' dir='ltr'><strong>spoliationis</strong></span> 
     </span>
    </p>
   </div>
   <div class='ocr_carea' id='block_1_69' title="bbox 1026 1459 1481 1490">
    <p class='ocr_par' dir='ltr' id='par_1_69' title="bbox 1026 1459 1481 1490">
     <span class='ocr_line' id='line_1_69' title="bbox 1026 1459 1481 1490; baseline 0.011 -5"><span class='ocrx_word' id='word_1_428' title='bbox 1026 1459 1122 1486; x_wconf 89' lang='lat' dir='ltr'><strong>mortis</strong></span> <span class='ocrx_word' id='word_1_429' title='bbox 1130 1464 1159 1486; x_wconf 88' lang='lat' dir='ltr'><strong>et</strong></span> <span class='ocrx_word' id='word_1_430' title='bbox 1171 1459 1271 1487; x_wconf 84' lang='lat' dir='ltr'><strong>diaboli</strong></span> <span class='ocrx_word' id='word_1_431' title='bbox 1291 1464 1358 1488; x_wconf 85' lang='lat' dir='ltr'><strong>tunc</strong></span> <span class='ocrx_word' id='word_1_432' title='bbox 1372 1460 1481 1490; x_wconf 66' lang='lat' dir='ltr'><strong>futurae.</strong></span> 
     </span>
    </p>
   </div>
   <div class='ocr_carea' id='block_1_70' title="bbox 1063 1516 1822 1554">
    <p class='ocr_par' dir='ltr' id='par_1_70' title="bbox 1063 1516 1822 1554">
     <span class='ocr_line' id='line_1_70' title="bbox 1063 1516 1822 1554; baseline 0.011 -11"><span class='ocrx_word' id='word_1_433' title='bbox 1063 1516 1108 1544; x_wconf 86' lang='lat' dir='ltr'><strong>IV.</strong></span> <span class='ocrx_word' id='word_1_434' title='bbox 1125 1516 1203 1545; x_wconf 61' lang='lat' dir='ltr'><strong>Minae</strong></span> <span class='ocrx_word' id='word_1_435' title='bbox 1217 1517 1244 1545; x_wconf 91' lang='lat' dir='ltr'><strong>in</strong></span> <span class='ocrx_word' id='word_1_436' title='bbox 1257 1519 1389 1554; x_wconf 89' lang='lat' dir='ltr'><strong>populum</strong></span> <span class='ocrx_word' id='word_1_437' title='bbox 1405 1518 1564 1554; x_wconf 73' lang='lat' dir='ltr'><strong>Iudaicum,</strong></span> <span class='ocrx_word' id='word_1_438' title='bbox 1581 1525 1609 1549; x_wconf 88' lang='lat' dir='ltr'><strong>et</strong></span> <span class='ocrx_word' id='word_1_439' title='bbox 1626 1521 1759 1551; x_wconf 82' lang='lat' dir='ltr'><strong>desolalio</strong></span> <span class='ocrx_word' id='word_1_440' title='bbox 1774 1522 1822 1551; x_wconf 85' lang='lat' dir='ltr'><strong>Je-</strong></span> 
     </span>
    </p>
   </div>
   <div class='ocr_carea' id='block_1_71' title="bbox 1027 1563 1823 1605">
    <p class='ocr_par' dir='ltr' id='par_1_71' title="bbox 1027 1563 1823 1605">
     <span class='ocr_line' id='line_1_71' title="bbox 1027 1563 1823 1605; baseline 0.011 -17"><span class='ocrx_word' id='word_1_441' title='bbox 1027 1563 1157 1596; x_wconf 86' lang='lat' dir='ltr'><strong>rusalem,</strong></span> <span class='ocrx_word' id='word_1_442' title='bbox 1173 1569 1201 1591; x_wconf 86' lang='lat' dir='ltr'><strong>et</strong></span> <span class='ocrx_word' id='word_1_443' title='bbox 1210 1565 1353 1599; x_wconf 63' lang='lat' dir='ltr'><strong>prtedictio</strong></span> <span class='ocrx_word' id='word_1_444' title='bbox 1368 1573 1463 1594; x_wconf 90' lang='lat' dir='ltr'><strong>eorum</strong></span> <span class='ocrx_word' id='word_1_445' title='bbox 1474 1575 1536 1602; x_wconf 75' lang='lat' dir='ltr'><strong>quze</strong></span> <span class='ocrx_word' id='word_1_446' title='bbox 1553 1568 1580 1596; x_wconf 86' lang='lat' dir='ltr'><strong>in</strong></span> <span class='ocrx_word' id='word_1_447' title='bbox 1595 1568 1718 1598; x_wconf 83' lang='lat' dir='ltr'><strong>Romana</strong></span> <span class='ocrx_word' id='word_1_448' title='bbox 1730 1570 1823 1605; x_wconf 86' lang='lat' dir='ltr'><strong>direp-</strong></span> 
     </span>
    </p>
   </div>
   <div class='ocr_carea' id='block_1_72' title="bbox 1030 1609 1818 1652">
    <p class='ocr_par' dir='ltr' id='par_1_72' title="bbox 1030 1609 1818 1652">
     <span class='ocr_line' id='line_1_72' title="bbox 1030 1609 1818 1652; baseline 0.009 -16"><span class='ocrx_word' id='word_1_449' title='bbox 1030 1609 1105 1636; x_wconf 88' lang='lat' dir='ltr'><strong>tione</strong></span> <span class='ocrx_word' id='word_1_450' title='bbox 1127 1617 1243 1645; x_wconf 79' lang='lat' dir='ltr'><strong>passura</strong></span> <span class='ocrx_word' id='word_1_451' title='bbox 1262 1616 1316 1643; x_wconf 87' lang='lat' dir='ltr'><strong>cst,</strong></span> <span class='ocrx_word' id='word_1_452' title='bbox 1334 1620 1383 1647; x_wconf 88' lang='lat' dir='ltr'><strong>pro</strong></span> <span class='ocrx_word' id='word_1_453' title='bbox 1402 1621 1436 1641; x_wconf 88' lang='lat' dir='ltr'><strong>eo</strong></span> <span class='ocrx_word' id='word_1_454' title='bbox 1449 1614 1521 1649; x_wconf 91' lang='lat' dir='ltr'><strong>quod</strong></span> <span class='ocrx_word' id='word_1_455' title='bbox 1538 1615 1666 1650; x_wconf 74' lang='lat' dir='ltr'><strong>gentibus</strong></span> <span class='ocrx_word' id='word_1_456' title='bbox 1698 1617 1818 1652; x_wconf 82' lang='lat' dir='ltr'><strong>populus</strong></span> 
     </span>
    </p>
   </div>
   <div class='ocr_carea' id='block_1_73' title="bbox 1027 1654 1366 1686">
    <p class='ocr_par' dir='ltr' id='par_1_73' title="bbox 1027 1654 1366 1686">
     <span class='ocr_line' id='line_1_73' title="bbox 1027 1654 1366 1686; baseline 0.012 -4"><span class='ocrx_word' id='word_1_457' title='bbox 1027 1654 1116 1683; x_wconf 82' lang='lat' dir='ltr'><strong>factus</strong></span> <span class='ocrx_word' id='word_1_458' title='bbox 1131 1661 1172 1684; x_wconf 82' lang='lat' dir='ltr'><strong>est</strong></span> <span class='ocrx_word' id='word_1_459' title='bbox 1196 1657 1366 1686; x_wconf 83' lang='lat' dir='ltr'><strong>scandalum.</strong></span> 
     </span>
    </p>
   </div>
   <div class='ocr_carea' id='block_1_74' title="bbox 1064 1712 1827 1755">
    <p class='ocr_par' dir='ltr' id='par_1_74' title="bbox 1064 1712 1827 1755">
     <span class='ocr_line' id='line_1_74' title="bbox 1064 1712 1827 1755; baseline 0.013 -16"><span class='ocrx_word' id='word_1_460' title='bbox 1064 1712 1096 1740; x_wconf 90' lang='lat' dir='ltr'><strong>V.</strong></span> <span class='ocrx_word' id='word_1_461' title='bbox 1111 1713 1191 1741; x_wconf 62' lang='lat' dir='ltr'><strong>Minae</strong></span> <span class='ocrx_word' id='word_1_462' title='bbox 1202 1721 1298 1744; x_wconf 90' lang='lat' dir='ltr'><strong>contra</strong></span> <span class='ocrx_word' id='word_1_463' title='bbox 1310 1716 1463 1746; x_wconf 84' lang='lat' dir='ltr'><strong>Jerusalem</strong></span> <span class='ocrx_word' id='word_1_464' title='bbox 1473 1718 1507 1746; x_wconf 88' lang='lat' dir='ltr'><strong>de</strong></span> <span class='ocrx_word' id='word_1_465' title='bbox 1517 1721 1665 1755; x_wconf 90' lang='lat' dir='ltr'><strong>opprobrio</strong></span> <span class='ocrx_word' id='word_1_466' title='bbox 1676 1721 1808 1749; x_wconf 79' lang='lat' dir='ltr'><strong>nuditatis</strong></span> <span class='ocrx_word' id='word_1_467' title='bbox 1819 1727 1827 1752; x_wconf 91' lang='lat'>;</span> 
     </span>
    </p>
   </div>
   <div class='ocr_carea' id='block_1_75' title="bbox 1028 1763 1825 1796">
    <p class='ocr_par' dir='ltr' id='par_1_75' title="bbox 1028 1763 1825 1796">
     <span class='ocr_line' id='line_1_75' title="bbox 1028 1763 1825 1796; baseline 0.005 -9"><span class='ocrx_word' id='word_1_468' title='bbox 1028 1764 1057 1788; x_wconf 76' lang='lat' dir='ltr'><strong>et</strong></span> <span class='ocrx_word' id='word_1_469' title='bbox 1070 1763 1208 1795; x_wconf 90' lang='lat' dir='ltr'><strong>quomodo</strong></span> <span class='ocrx_word' id='word_1_470' title='bbox 1221 1766 1325 1796; x_wconf 73' lang='lat' dir='ltr'><strong>qumret</strong></span> <span class='ocrx_word' id='word_1_471' title='bbox 1345 1763 1468 1791; x_wconf 75' lang='lat' dir='ltr'><strong>Ecclesia</strong></span> <span class='ocrx_word' id='word_1_472' title='bbox 1493 1763 1644 1793; x_wconf 80' lang='lat' dir='ltr'><strong>Jerusalem</strong></span> <span class='ocrx_word' id='word_1_473' title='bbox 1659 1766 1825 1793; x_wconf 70' lang='lat' dir='ltr'><strong>consolati&quot;-</strong></span> 
     </span>
    </p>
   </div>
   <div class='ocr_carea' id='block_1_76' title="bbox 1029 1806 1826 1844">
    <p class='ocr_par' dir='ltr' id='par_1_76' title="bbox 1029 1806 1826 1844">
     <span class='ocr_line' id='line_1_76' title="bbox 1029 1806 1826 1844; baseline 0.008 -11"><span class='ocrx_word' id='word_1_474' title='bbox 1029 1814 1103 1840; x_wconf 85' lang='lat' dir='ltr'><strong>nem,</strong></span> <span class='ocrx_word' id='word_1_475' title='bbox 1117 1806 1175 1841; x_wconf 84' lang='lat' dir='ltr'><strong>ipsa</strong></span> <span class='ocrx_word' id='word_1_476' title='bbox 1189 1811 1281 1835; x_wconf 84' lang='lat' dir='ltr'><strong>autem</strong></span> <span class='ocrx_word' id='word_1_477' title='bbox 1297 1808 1326 1835; x_wconf 89' lang='lat' dir='ltr'><strong>in</strong></span> <span class='ocrx_word' id='word_1_478' title='bbox 1343 1809 1427 1836; x_wconf 76' lang='lat' dir='ltr'><strong>variis</strong></span> <span class='ocrx_word' id='word_1_479' title='bbox 1448 1810 1528 1837; x_wconf 80' lang='lat' dir='ltr'><strong>malis</strong></span> <span class='ocrx_word' id='word_1_480' title='bbox 1549 1811 1766 1844; x_wconf 82' lang='lat' dir='ltr'><strong>conversabitur,</strong></span> <span class='ocrx_word' id='word_1_481' title='bbox 1783 1817 1826 1839; x_wconf 88' lang='lat' dir='ltr'><strong>ut-</strong></span> 
     </span>
    </p>
   </div>
   <div class='ocr_carea' id='block_1_77' title="bbox 1029 1853 1650 1891">
    <p class='ocr_par' dir='ltr' id='par_1_77' title="bbox 1029 1853 1650 1891">
     <span class='ocr_line' id='line_1_77' title="bbox 1029 1853 1650 1891; baseline 0.008 -12"><span class='ocrx_word' id='word_1_482' title='bbox 1029 1856 1094 1887; x_wconf 87' lang='lat' dir='ltr'><strong>pote</strong></span> <span class='ocrx_word' id='word_1_483' title='bbox 1110 1860 1172 1888; x_wconf 69' lang='lat' dir='ltr'><strong>quo:</strong></span> <span class='ocrx_word' id='word_1_484' title='bbox 1182 1853 1290 1881; x_wconf 83' lang='lat' dir='ltr'><strong>laboret</strong></span> <span class='ocrx_word' id='word_1_485' title='bbox 1302 1854 1407 1882; x_wconf 85' lang='lat' dir='ltr'><strong>malitia</strong></span> <span class='ocrx_word' id='word_1_486' title='bbox 1423 1855 1650 1891; x_wconf 79' lang='lat' dir='ltr'><strong>inexsuperabili.</strong></span> 
     </span>
    </p>
   </div>
   <div class='ocr_carea' id='block_1_78' title="bbox 1065 1945 1826 1981">
    <p class='ocr_par' dir='ltr' id='par_1_78' title="bbox 1065 1945 1826 1981">
     <span class='ocr_line' id='line_1_78' title="bbox 1065 1945 1826 1981; baseline 0.009 -10"><span class='ocrx_word' id='word_1_487' title='bbox 1065 1945 1175 1972; x_wconf 84' lang='lat' dir='ltr'><strong>Nahum</strong></span> <span class='ocrx_word' id='word_1_488' title='bbox 1191 1945 1327 1981; x_wconf 76' lang='lat' dir='ltr'><strong>signiﬁcat</strong></span> <span class='ocrx_word' id='word_1_489' title='bbox 1353 1947 1505 1974; x_wconf 71' lang='lat' dir='ltr'><strong>consolator</strong></span> <span class='ocrx_word' id='word_1_490' title='bbox 1523 1948 1582 1975; x_wconf 88' lang='lat' dir='ltr'><strong>sive</strong></span> <span class='ocrx_word' id='word_1_491' title='bbox 1604 1949 1758 1978; x_wconf 73' lang='lat' dir='ltr'><strong>consolatio.</strong></span> <span class='ocrx_word' id='word_1_492' title='bbox 1778 1950 1826 1979; x_wconf 82' lang='lat' dir='ltr'><strong>Illo</strong></span> 
     </span>
    </p>
   </div>
   <div class='ocr_carea' id='block_1_79' title="bbox 1030 1991 1821 2026">
    <p class='ocr_par' dir='ltr' id='par_1_79' title="bbox 1030 1991 1821 2026">
     <span class='ocr_line' id='line_1_79' title="bbox 1030 1991 1821 2026; baseline 0.01 -9"><span class='ocrx_word' id='word_1_493' title='bbox 1030 1995 1089 2018; x_wconf 90' lang='lat' dir='ltr'><strong>erat</strong></span> <span class='ocrx_word' id='word_1_494' title='bbox 1099 1999 1133 2018; x_wconf 81' lang='lat' dir='ltr'><strong>ex</strong></span> <span class='ocrx_word' id='word_1_495' title='bbox 1146 1991 1286 2023; x_wconf 86' lang='lat' dir='ltr'><strong>Helcesin,</strong></span> <span class='ocrx_word' id='word_1_496' title='bbox 1299 1992 1371 2020; x_wconf 88' lang='lat' dir='ltr'><strong>ultra</strong></span> <span class='ocrx_word' id='word_1_497' title='bbox 1395 1992 1550 2026; x_wconf 84' lang='lat' dir='ltr'><strong>Timbarin,</strong></span> <span class='ocrx_word' id='word_1_498' title='bbox 1562 1994 1596 2021; x_wconf 86' lang='lat' dir='ltr'><strong>de</strong></span> <span class='ocrx_word' id='word_1_499' title='bbox 1610 1995 1682 2023; x_wconf 82' lang='lat' dir='ltr'><strong>tribu</strong></span> <span class='ocrx_word' id='word_1_500' title='bbox 1698 1995 1821 2026; x_wconf 87' lang='lat' dir='ltr'><strong>Simeon.</strong></span> 
     </span>
    </p>
   </div>
   <div class='ocr_carea' id='block_1_80' title="bbox 1031 2036 1826 2076">
    <p class='ocr_par' dir='ltr' id='par_1_80' title="bbox 1031 2036 1826 2076">
     <span class='ocr_line' id='line_1_80' title="bbox 1031 2036 1826 2076; baseline 0.01 -13"><span class='ocrx_word' id='word_1_501' title='bbox 1031 2036 1078 2064; x_wconf 89' lang='lat' dir='ltr'><strong>Ille</strong></span> <span class='ocrx_word' id='word_1_502' title='bbox 1089 2042 1151 2072; x_wconf 83' lang='lat' dir='ltr'><strong>post</strong></span> <span class='ocrx_word' id='word_1_503' title='bbox 1164 2037 1261 2065; x_wconf 73' lang='lat' dir='ltr'><strong>Ionam</strong></span> <span class='ocrx_word' id='word_1_504' title='bbox 1277 2038 1386 2074; x_wconf 84' lang='lat' dir='ltr'><strong>signum</strong></span> <span class='ocrx_word' id='word_1_505' title='bbox 1401 2039 1497 2073; x_wconf 85' lang='lat' dir='ltr'><strong>edidit,</strong></span> <span class='ocrx_word' id='word_1_506' title='bbox 1516 2040 1622 2068; x_wconf 84' lang='lat' dir='ltr'><strong>scilicet</strong></span> <span class='ocrx_word' id='word_1_507' title='bbox 1644 2043 1723 2076; x_wconf 88' lang='lat' dir='ltr'><strong>aquis</strong></span> <span class='ocrx_word' id='word_1_508' title='bbox 1736 2043 1826 2072; x_wconf 88' lang='lat' dir='ltr'><strong>dulci-</strong></span> 
     </span>
    </p>
   </div>
   <div class='ocr_carea' id='block_1_81' title="bbox 1031 2083 1824 2123">
    <p class='ocr_par' dir='ltr' id='par_1_81' title="bbox 1031 2083 1824 2123">
     <span class='ocr_line' id='line_1_81' title="bbox 1031 2083 1824 2123; baseline 0.01 -13"><span class='ocrx_word' id='word_1_509' title='bbox 1031 2083 1083 2110; x_wconf 84' lang='lat' dir='ltr'><strong>bus</strong></span> <span class='ocrx_word' id='word_1_510' title='bbox 1102 2088 1131 2111; x_wconf 86' lang='lat' dir='ltr'><strong>et</strong></span> <span class='ocrx_word' id='word_1_511' title='bbox 1157 2084 1218 2120; x_wconf 74' lang='lat' dir='ltr'><strong>igne</strong></span> <span class='ocrx_word' id='word_1_512' title='bbox 1243 2085 1392 2120; x_wconf 87' lang='lat' dir='ltr'><strong>perituram</strong></span> <span class='ocrx_word' id='word_1_513' title='bbox 1408 2084 1526 2114; x_wconf 82' lang='lat' dir='ltr'><strong>Niniven</strong></span> <span class='ocrx_word' id='word_1_514' title='bbox 1546 2095 1553 2120; x_wconf 93' lang='lat'>;</span> <span class='ocrx_word' id='word_1_515' title='bbox 1579 2089 1651 2123; x_wconf 89' lang='lat' dir='ltr'><strong>quod</strong></span> <span class='ocrx_word' id='word_1_516' title='bbox 1677 2094 1705 2117; x_wconf 88' lang='lat' dir='ltr'><strong>et</strong></span> <span class='ocrx_word' id='word_1_517' title='bbox 1721 2091 1824 2118; x_wconf 85' lang='lat' dir='ltr'><strong>evenit.</strong></span> 
     </span>
    </p>
   </div>
   <div class='ocr_carea' id='block_1_82' title="bbox 1032 2129 1825 2165">
    <p class='ocr_par' dir='ltr' id='par_1_82' title="bbox 1032 2129 1825 2165">
     <span class='ocr_line' id='line_1_82' title="bbox 1032 2129 1825 2165; baseline 0.01 -9"><span class='ocrx_word' id='word_1_518' title='bbox 1032 2129 1121 2157; x_wconf 86' lang='lat' dir='ltr'><strong>Lacus</strong></span> <span class='ocrx_word' id='word_1_519' title='bbox 1137 2130 1210 2157; x_wconf 87' lang='lat' dir='ltr'><strong>enim</strong></span> <span class='ocrx_word' id='word_1_520' title='bbox 1224 2131 1271 2165; x_wconf 90' lang='lat' dir='ltr'><strong>qui</strong></span> <span class='ocrx_word' id='word_1_521' title='bbox 1287 2139 1349 2158; x_wconf 84' lang='lat' dir='ltr'><strong>eam</strong></span> <span class='ocrx_word' id='word_1_522' title='bbox 1364 2131 1553 2161; x_wconf 85' lang='lat' dir='ltr'><strong>circumdabat</strong></span> <span class='ocrx_word' id='word_1_523' title='bbox 1564 2134 1695 2162; x_wconf 84' lang='lat' dir='ltr'><strong>demersit</strong></span> <span class='ocrx_word' id='word_1_524' title='bbox 1715 2143 1775 2163; x_wconf 87' lang='lat' dir='ltr'><strong>eam</strong></span> <span class='ocrx_word' id='word_1_525' title='bbox 1797 2137 1825 2165; x_wconf 88' lang='lat' dir='ltr'><strong>in</strong></span> 
     </span>
    </p>
   </div>
   <div class='ocr_carea' id='block_1_83' title="bbox 1033 2176 1827 2216">
    <p class='ocr_par' dir='ltr' id='par_1_83' title="bbox 1033 2176 1827 2216">
     <span class='ocr_line' id='line_1_83' title="bbox 1033 2176 1827 2216; baseline 0.009 -14"><span class='ocrx_word' id='word_1_526' title='bbox 1033 2179 1113 2203; x_wconf 63' lang='lat' dir='ltr'><strong>terra;</strong></span> <span class='ocrx_word' id='word_1_527' title='bbox 1134 2180 1220 2208; x_wconf 88' lang='lat' dir='ltr'><strong>motu,</strong></span> <span class='ocrx_word' id='word_1_528' title='bbox 1242 2181 1270 2203; x_wconf 89' lang='lat' dir='ltr'><strong>et</strong></span> <span class='ocrx_word' id='word_1_529' title='bbox 1295 2176 1366 2212; x_wconf 75' lang='lat' dir='ltr'><strong>ignis</strong></span> <span class='ocrx_word' id='word_1_530' title='bbox 1382 2184 1415 2205; x_wconf 77' lang='lat' dir='ltr'><strong>ex</strong></span> <span class='ocrx_word' id='word_1_531' title='bbox 1432 2178 1544 2206; x_wconf 83' lang='lat' dir='ltr'><strong>deserto</strong></span> <span class='ocrx_word' id='word_1_532' title='bbox 1570 2179 1740 2215; x_wconf 83' lang='lat' dir='ltr'><strong>superiorem</strong></span> <span class='ocrx_word' id='word_1_533' title='bbox 1765 2182 1827 2216; x_wconf 74' lang='lat' dir='ltr'><strong>cjus</strong></span> 
     </span>
    </p>
   </div>
   <div class='ocr_carea' id='block_1_84' title="bbox 1033 2222 1827 2263">
    <p class='ocr_par' dir='ltr' id='par_1_84' title="bbox 1033 2222 1827 2263">
     <span class='ocr_line' id='line_1_84' title="bbox 1033 2222 1827 2263; baseline 0.01 -15"><span class='ocrx_word' id='word_1_534' title='bbox 1033 2226 1137 2256; x_wconf 87' lang='lat' dir='ltr'><strong>partem</strong></span> <span class='ocrx_word' id='word_1_535' title='bbox 1152 2222 1313 2250; x_wconf 90' lang='lat' dir='ltr'><strong>combussit.</strong></span> <span class='ocrx_word' id='word_1_536' title='bbox 1335 2223 1458 2253; x_wconf 80' lang='lat' dir='ltr'><strong>Mortuus</strong></span> <span class='ocrx_word' id='word_1_537' title='bbox 1485 2230 1528 2254; x_wconf 84' lang='lat' dir='ltr'><strong>est</strong></span> <span class='ocrx_word' id='word_1_538' title='bbox 1542 2230 1635 2254; x_wconf 88' lang='lat' dir='ltr'><strong>autem</strong></span> <span class='ocrx_word' id='word_1_539' title='bbox 1653 2227 1680 2254; x_wconf 93' lang='lat' dir='ltr'><strong>in</strong></span> <span class='ocrx_word' id='word_1_540' title='bbox 1704 2235 1780 2263; x_wconf 82' lang='lat' dir='ltr'><strong>pace.</strong></span> <span class='ocrx_word' id='word_1_541' title='bbox 1799 2232 1827 2256; x_wconf 84' lang='lat' dir='ltr'><strong>et</strong></span> 
     </span>
    </p>
   </div>
   <div class='ocr_carea' id='block_1_85' title="bbox 187 2261 1417 2311">
    <p class='ocr_par' dir='ltr' id='par_1_85' title="bbox 187 2261 1417 2311">
     <span class='ocr_line' id='line_1_85' title="bbox 187 2261 1417 2311; baseline 0.007 -13"><span class='ocrx_word' id='word_1_542' title='bbox 187 2272 237 2299; x_wconf 82' lang='grc' dir='ltr'>καὶ</span> <span class='ocrx_word' id='word_1_543' title='bbox 250 2273 307 2308; x_wconf 87' lang='grc' dir='ltr'><strong>πῦρ</strong></span> <span class='ocrx_word' id='word_1_544' title='bbox 320 2273 353 2299; x_wconf 86' lang='grc' dir='ltr'>ὲκ</span> <span class='ocrx_word' id='word_1_545' title='bbox 368 2261 416 2307; x_wconf 82' lang='grc' dir='ltr'>τῆς</span> <span class='ocrx_word' id='word_1_546' title='bbox 431 2261 535 2308; x_wconf 79' lang='grc' dir='ltr'>ἐρήμου</span> <span class='ocrx_word' id='word_1_547' title='bbox 552 2273 689 2310; x_wconf 68' lang='grc' dir='ltr'>[ἐπελθὸν]</span> <span class='ocrx_word' id='word_1_548' title='bbox 702 2274 734 2300; x_wconf 78' lang='grc' dir='ltr'>τὸ</span> <span class='ocrx_word' id='word_1_549' title='bbox 747 2261 915 2311; x_wconf 58' lang='grc' dir='ltr'>ὑψηλότερον</span> <span class='ocrx_word' id='word_1_550' title='bbox 924 2261 982 2303; x_wconf 31' lang='grc' dir='ltr'>ἰαίν-</span> <span class='ocrx_word' id='word_1_551' title='bbox 999 2261 1020 2288; x_wconf 76' lang='lat' dir='ltr'><strong>D</strong></span> <span class='ocrx_word' id='word_1_552' title='bbox 1035 2268 1160 2303; x_wconf 68' lang='grc' dir='ltr'><strong>δθρυιωῧ</strong></span> <span class='ocrx_word' id='word_1_553' title='bbox 1171 2272 1214 2297; x_wconf 61' lang='grc' dir='ltr'><strong>εει</strong></span> <span class='ocrx_word' id='word_1_554' title='bbox 1231 2269 1260 2296; x_wconf 62' lang='lat' dir='ltr'><strong>in</strong></span> <span class='ocrx_word' id='word_1_555' title='bbox 1272 2274 1343 2298; x_wconf 53' lang='lat' dir='ltr'><strong>terra</strong></span> <span class='ocrx_word' id='word_1_556' title='bbox 1357 2278 1417 2298; x_wconf 65' lang='lat' dir='ltr'><strong>sua-</strong></span> 
     </span>
    </p>
   </div>
   <div class='ocr_carea' id='block_1_86' title="bbox 187 2318 985 2358">
    <p class='ocr_par' dir='ltr' id='par_1_86' title="bbox 187 2318 985 2358">
     <span class='ocr_line' id='line_1_86' title="bbox 187 2318 985 2358; baseline 0.006 -14"><span class='ocrx_word' id='word_1_557' title='bbox 187 2318 238 2352; x_wconf 82' lang='grc' dir='ltr'><strong>τῆς</strong></span> <span class='ocrx_word' id='word_1_558' title='bbox 261 2318 344 2353; x_wconf 80' lang='grc' dir='ltr'>μέρος</span> <span class='ocrx_word' id='word_1_559' title='bbox 368 2318 521 2353; x_wconf 79' lang='grc' dir='ltr'>ἐνέπρησεν</span> <span class='ocrx_word' id='word_1_560' title='bbox 535 2327 542 2335; x_wconf 91' lang='grc'><strong>·</strong></span> <span class='ocrx_word' id='word_1_561' title='bbox 569 2318 690 2346; x_wconf 83' lang='grc' dir='ltr'>ἀπέθανε</span> <span class='ocrx_word' id='word_1_562' title='bbox 712 2319 734 2345; x_wconf 80' lang='grc' dir='ltr'>δ’</span> <span class='ocrx_word' id='word_1_563' title='bbox 751 2321 780 2347; x_wconf 74' lang='grc' dir='ltr'>ἐν</span> <span class='ocrx_word' id='word_1_564' title='bbox 802 2321 910 2358; x_wconf 77' lang='grc' dir='ltr'>εἰρήνῃ,</span> <span class='ocrx_word' id='word_1_565' title='bbox 936 2323 985 2349; x_wconf 72' lang='grc' dir='ltr'>καὶ</span> 
     </span>
    </p>
   </div>
   <div class='ocr_carea' id='block_1_87' title="bbox 188 2364 529 2400">
    <p class='ocr_par' dir='ltr' id='par_1_87' title="bbox 188 2364 529 2400">
     <span class='ocr_line' id='line_1_87' title="bbox 188 2364 529 2400; baseline 0.006 -10"><span class='ocrx_word' id='word_1_566' title='bbox 188 2364 275 2399; x_wconf 77' lang='grc' dir='ltr'>ἐτάφη</span> <span class='ocrx_word' id='word_1_567' title='bbox 289 2365 318 2390; x_wconf 79' lang='grc' dir='ltr'>ὲν</span> <span class='ocrx_word' id='word_1_568' title='bbox 333 2365 366 2400; x_wconf 88' lang='grc' dir='ltr'>τῇ</span> <span class='ocrx_word' id='word_1_569' title='bbox 382 2365 418 2400; x_wconf 84' lang='grc' dir='ltr'>γῇ</span> <span class='ocrx_word' id='word_1_570' title='bbox 435 2364 529 2393; x_wconf 84' lang='grc' dir='ltr'>αὑτοῦ.</span> 
     </span>
    </p>
   </div>
   <div class='ocr_carea' id='block_1_88' title="bbox 234 2440 935 2472">
    <p class='ocr_par' dir='ltr' id='par_1_88' title="bbox 234 2440 935 2472">
     <span class='ocr_line' id='line_1_88' title="bbox 234 2440 935 2472; baseline 0.007 -5"><span class='ocrx_word' id='word_1_571' title='bbox 234 2440 410 2469; x_wconf 77' lang='grc' dir='ltr'><strong>ΚΕΦΑΛΑΙΑ</strong></span> <span class='ocrx_word' id='word_1_572' title='bbox 429 2441 628 2468; x_wconf 80' lang='grc' dir='ltr'><strong>ΔΜΒΑΚΟΥΜ</strong></span> <span class='ocrx_word' id='word_1_573' title='bbox 647 2441 718 2469; x_wconf 85' lang='grc' dir='ltr'><strong>ΤΟΥ</strong></span> <span class='ocrx_word' id='word_1_574' title='bbox 737 2443 935 2472; x_wconf 82' lang='grc' dir='ltr'><strong>ΠΡΟΦΗΤΟΥ.</strong></span> 
     </span>
    </p>
   </div>
   <div class='ocr_carea' id='block_1_89' title="bbox 225 2497 980 2537">
    <p class='ocr_par' dir='ltr' id='par_1_89' title="bbox 225 2497 980 2537">
     <span class='ocr_line' id='line_1_89' title="bbox 225 2497 980 2537; baseline 0.001 -12"><span class='ocrx_word' id='word_1_575' title='bbox 225 2501 261 2525; x_wconf 87' lang='grc' dir='ltr'><strong>α’.</strong></span> <span class='ocrx_word' id='word_1_576' title='bbox 283 2497 468 2533; x_wconf 80' lang='grc' dir='ltr'>Σχετλιασμδς</span> <span class='ocrx_word' id='word_1_577' title='bbox 481 2497 529 2524; x_wconf 78' lang='grc' dir='ltr'><strong>τοῦ</strong></span> <span class='ocrx_word' id='word_1_578' title='bbox 542 2498 684 2533; x_wconf 83' lang='grc' dir='ltr'>προφήτου</span> <span class='ocrx_word' id='word_1_579' title='bbox 696 2500 762 2534; x_wconf 80' lang='grc' dir='ltr'>περὶ</span> <span class='ocrx_word' id='word_1_580' title='bbox 772 2501 822 2534; x_wconf 86' lang='grc' dir='ltr'>τῆς</span> <span class='ocrx_word' id='word_1_581' title='bbox 837 2501 866 2527; x_wconf 77' lang='grc' dir='ltr'>ἐν</span> <span class='ocrx_word' id='word_1_582' title='bbox 878 2501 917 2537; x_wconf 84' lang='grc' dir='ltr'><strong>τῷ</strong></span> <span class='ocrx_word' id='word_1_583' title='bbox 929 2501 980 2537; x_wconf 79' lang='grc' dir='ltr'><strong>βίῳ</strong></span> 
     </span>
    </p>
   </div>
   <div class='ocr_carea' id='block_1_90' title="bbox 189 2542 981 2580">
    <p class='ocr_par' dir='ltr' id='par_1_90' title="bbox 189 2542 981 2580">
     <span class='ocr_line' id='line_1_90' title="bbox 189 2542 981 2580; baseline 0.005 -10"><span class='ocrx_word' id='word_1_584' title='bbox 189 2543 403 2579; x_wconf 79' lang='grc' dir='ltr'>πολιτευομένης</span> <span class='ocrx_word' id='word_1_585' title='bbox 429 2542 551 2574; x_wconf 80' lang='grc' dir='ltr'>ἀδικίας·</span> <span class='ocrx_word' id='word_1_586' title='bbox 578 2543 625 2570; x_wconf 84' lang='grc' dir='ltr'>καὶ</span> <span class='ocrx_word' id='word_1_587' title='bbox 653 2545 808 2580; x_wconf 75' lang='grc' dir='ltr'>πρόρρησις</span> <span class='ocrx_word' id='word_1_588' title='bbox 836 2546 884 2573; x_wconf 84' lang='grc' dir='ltr'><strong>τοῦ</strong></span> <span class='ocrx_word' id='word_1_589' title='bbox 909 2549 981 2574; x_wconf 82' lang='grc' dir='ltr'><strong>κατά</strong></span> 
     </span>
    </p>
   </div>
   <div class='ocr_carea' id='block_1_91' title="bbox 188 2590 982 2628">
    <p class='ocr_par' dir='ltr' id='par_1_91' title="bbox 188 2590 982 2628">
     <span class='ocr_line' id='line_1_91' title="bbox 188 2590 982 2628; baseline 0.006 -12"><span class='ocrx_word' id='word_1_590' title='bbox 188 2590 308 2625; x_wconf 74' lang='grc' dir='ltr'>Χριστὸν</span> <span class='ocrx_word' id='word_1_591' title='bbox 323 2590 486 2625; x_wconf 82' lang='grc' dir='ltr'>μυστηρίου,</span> <span class='ocrx_word' id='word_1_592' title='bbox 504 2590 552 2617; x_wconf 71' lang='grc' dir='ltr'>καὶ</span> <span class='ocrx_word' id='word_1_593' title='bbox 566 2591 616 2625; x_wconf 80' lang='grc' dir='ltr'>τῆς</span> <span class='ocrx_word' id='word_1_594' title='bbox 630 2590 684 2617; x_wconf 82' lang='grc' dir='ltr'>τῶν</span> <span class='ocrx_word' id='word_1_595' title='bbox 697 2591 783 2618; x_wconf 74' lang='grc' dir='ltr'>ἐθνῶν</span> <span class='ocrx_word' id='word_1_596' title='bbox 796 2592 919 2628; x_wconf 84' lang='grc' dir='ltr'>κλήσεως</span> <span class='ocrx_word' id='word_1_597' title='bbox 933 2596 982 2621; x_wconf 73' lang='grc' dir='ltr'>καὶ</span> 
     </span>
    </p>
   </div>
   <div class='ocr_carea' id='block_1_92' title="bbox 188 2632 981 2672">
    <p class='ocr_par' dir='ltr' id='par_1_92' title="bbox 188 2632 981 2672">
     <span class='ocr_line' id='line_1_92' title="bbox 188 2632 981 2672; baseline 0.006 -11"><span class='ocrx_word' id='word_1_598' title='bbox 188 2635 359 2667; x_wconf 83' lang='grc' dir='ltr'>δυναστείας,</span> <span class='ocrx_word' id='word_1_599' title='bbox 375 2636 405 2662; x_wconf 68' lang='grc' dir='ltr'>ἐν</span> <span class='ocrx_word' id='word_1_600' title='bbox 455 2636 564 2668; x_wconf 79' lang='grc' dir='ltr'>παίζειν</span> <span class='ocrx_word' id='word_1_601' title='bbox 578 2636 625 2662; x_wconf 79' lang='grc' dir='ltr'>καὶ</span> <span class='ocrx_word' id='word_1_602' title='bbox 640 2635 782 2672; x_wconf 85' lang='grc' dir='ltr'>καθαίρειν</span> <span class='ocrx_word' id='word_1_603' title='bbox 796 2637 842 2663; x_wconf 70' lang='grc' dir='ltr'><strong>τὸν</strong></span> <span class='ocrx_word' id='word_1_604' title='bbox 858 2637 981 2666; x_wconf 72' lang='grc' dir='ltr'>διάϐολον</span> 
     </span>
    </p>
   </div>
   <div class='ocr_carea' id='block_1_93' title="bbox 191 2680 329 2716">
    <p class='ocr_par' dir='ltr' id='par_1_93' title="bbox 191 2680 329 2716">
     <span class='ocr_line' id='line_1_93' title="bbox 191 2680 329 2716; baseline 0.014 -10"><span class='ocrx_word' id='word_1_605' title='bbox 191 2680 329 2716; x_wconf 74' lang='grc' dir='ltr'>μέλλουσι.</span> 
     </span>
    </p>
   </div>
   <div class='ocr_carea' id='block_1_94' title="bbox 1165 2444 1698 2478">
    <p class='ocr_par' dir='ltr' id='par_1_94' title="bbox 1165 2444 1698 2478">
     <span class='ocr_line' id='line_1_94' title="bbox 1165 2444 1698 2478; baseline 0.013 -7"><span class='ocrx_word' id='word_1_606' title='bbox 1165 2444 1293 2473; x_wconf 78' lang='lat' dir='ltr'><strong>CAPITA</strong></span> <span class='ocrx_word' id='word_1_607' title='bbox 1308 2445 1468 2475; x_wconf 82' lang='lat' dir='ltr'><strong>IIABACUC</strong></span> <span class='ocrx_word' id='word_1_608' title='bbox 1489 2447 1698 2478; x_wconf 65' lang='lat' dir='ltr'><strong>PROPIIETE.</strong></span> 
     </span>
    </p>
   </div>
   <div class='ocr_carea' id='block_1_95' title="bbox 1069 2500 1826 2540">
    <p class='ocr_par' dir='ltr' id='par_1_95' title="bbox 1069 2500 1826 2540">
     <span class='ocr_line' id='line_1_95' title="bbox 1069 2500 1826 2540; baseline 0.012 -13"><span class='ocrx_word' id='word_1_609' title='bbox 1069 2500 1090 2528; x_wconf 94' lang='lat' dir='ltr'><strong>I.</strong></span> <span class='ocrx_word' id='word_1_610' title='bbox 1101 2500 1217 2534; x_wconf 82' lang='lat' dir='ltr'><strong>Querela</strong></span> <span class='ocrx_word' id='word_1_611' title='bbox 1230 2504 1370 2538; x_wconf 63' lang='lat' dir='ltr'><strong>prophetat</strong></span> <span class='ocrx_word' id='word_1_612' title='bbox 1386 2504 1420 2532; x_wconf 89' lang='lat' dir='ltr'><strong>de</strong></span> <span class='ocrx_word' id='word_1_613' title='bbox 1436 2505 1580 2540; x_wconf 81' lang='lat' dir='ltr'><strong>iniquitate</strong></span> <span class='ocrx_word' id='word_1_614' title='bbox 1594 2507 1784 2536; x_wconf 83' lang='lat' dir='ltr'><strong>administrata</strong></span> <span class='ocrx_word' id='word_1_615' title='bbox 1799 2511 1826 2537; x_wconf 95' lang='lat' dir='ltr'><strong>in</strong></span> 
     </span>
    </p>
   </div>
   <div class='ocr_carea' id='block_1_96' title="bbox 1034 2545 1826 2589">
    <p class='ocr_par' dir='ltr' id='par_1_96' title="bbox 1034 2545 1826 2589">
     <span class='ocr_line' id='line_1_96' title="bbox 1034 2545 1826 2589; baseline 0.011 -16"><span class='ocrx_word' id='word_1_616' title='bbox 1034 2545 1089 2574; x_wconf 82' lang='lat' dir='ltr'><strong>vita</strong></span> <span class='ocrx_word' id='word_1_617' title='bbox 1104 2555 1113 2574; x_wconf 67' lang='grc' dir='ltr'>ί</span> <span class='ocrx_word' id='word_1_618' title='bbox 1129 2552 1157 2574; x_wconf 87' lang='lat' dir='ltr'><strong>et</strong></span> <span class='ocrx_word' id='word_1_619' title='bbox 1173 2548 1337 2576; x_wconf 82' lang='lat' dir='ltr'><strong>vaticinium</strong></span> <span class='ocrx_word' id='word_1_620' title='bbox 1355 2550 1477 2585; x_wconf 88' lang='lat' dir='ltr'><strong>mysterii</strong></span> <span class='ocrx_word' id='word_1_621' title='bbox 1490 2551 1516 2578; x_wconf 94' lang='lat' dir='ltr'><strong>in</strong></span> <span class='ocrx_word' id='word_1_622' title='bbox 1533 2551 1654 2585; x_wconf 84' lang='lat' dir='ltr'><strong>Christo,</strong></span> <span class='ocrx_word' id='word_1_623' title='bbox 1663 2557 1693 2580; x_wconf 87' lang='lat' dir='ltr'><strong>et</strong></span> <span class='ocrx_word' id='word_1_624' title='bbox 1703 2554 1826 2589; x_wconf 77' lang='lat' dir='ltr'><strong>gentium</strong></span> 
     </span>
    </p>
   </div>
   <div class='ocr_carea' id='block_1_97' title="bbox 1035 2593 1827 2636">
    <p class='ocr_par' dir='ltr' id='par_1_97' title="bbox 1035 2593 1827 2636">
     <span class='ocr_line' id='line_1_97' title="bbox 1035 2593 1827 2636; baseline 0.013 -17"><span class='ocrx_word' id='word_1_625' title='bbox 1035 2593 1194 2626; x_wconf 83' lang='lat' dir='ltr'><strong>vocationis.</strong></span> <span class='ocrx_word' id='word_1_626' title='bbox 1209 2598 1237 2622; x_wconf 86' lang='lat' dir='ltr'><strong>et</strong></span> <span class='ocrx_word' id='word_1_627' title='bbox 1253 2595 1361 2623; x_wconf 85' lang='lat' dir='ltr'><strong>virtutis</strong></span> <span class='ocrx_word' id='word_1_628' title='bbox 1388 2603 1441 2632; x_wconf 88' lang='lat' dir='ltr'><strong>qua</strong></span> <span class='ocrx_word' id='word_1_629' title='bbox 1458 2596 1573 2626; x_wconf 85' lang='lat' dir='ltr'><strong>illudent</strong></span> <span class='ocrx_word' id='word_1_630' title='bbox 1585 2598 1693 2627; x_wconf 89' lang='lat' dir='ltr'><strong>diabolo</strong></span> <span class='ocrx_word' id='word_1_631' title='bbox 1708 2607 1827 2636; x_wconf 81' lang='lat' dir='ltr'><strong>eumque</strong></span> 
     </span>
    </p>
   </div>
   <div class='ocr_carea' id='block_1_98' title="bbox 1035 2639 1186 2668">
    <p class='ocr_par' dir='ltr' id='par_1_98' title="bbox 1035 2639 1186 2668">
     <span class='ocr_line' id='line_1_98' title="bbox 1035 2639 1186 2668; baseline 0.013 -2"><span class='ocrx_word' id='word_1_632' title='bbox 1035 2639 1186 2668; x_wconf 88' lang='lat' dir='ltr'><strong>destruent.</strong></span> 
     </span>
    </p>
   </div>
   <div class='ocr_carea' id='block_1_99' title="bbox 954 2775 1071 2804">
    <p class='ocr_par' dir='ltr' id='par_1_99' title="bbox 954 2775 1071 2804">
     <span class='ocr_line' id='line_1_99' title="bbox 954 2775 1071 2804; baseline -0.009 -1"><span class='ocrx_word' id='word_1_633' title='bbox 954 2775 1058 2804; x_wconf 70' lang='grc' dir='ltr'><strong>ΝΟΤΑεὶ</strong></span> <span class='ocrx_word' id='word_1_634' title='bbox 1063 2795 1071 2802; x_wconf 89' lang='grc'><strong>.</strong></span> 
     </span>
    </p>
   </div>
   <div class='ocr_carea' id='block_1_100' title="bbox 227 2839 979 2877">
    <p class='ocr_par' dir='ltr' id='par_1_100' title="bbox 227 2839 979 2877">
     <span class='ocr_line' id='line_1_100' title="bbox 227 2839 979 2877; baseline 0.003 -8"><span class='ocrx_word' id='word_1_635' title='bbox 227 2842 266 2877; x_wconf 82' lang='lat'><strong>(9)</strong></span> <span class='ocrx_word' id='word_1_636' title='bbox 283 2842 421 2874; x_wconf 78' lang='grc' dir='ltr'>Μοραθει.</span> <span class='ocrx_word' id='word_1_637' title='bbox 441 2840 562 2877; x_wconf 60' lang='grc' dir='ltr'>Μαραβί,</span> <span class='ocrx_word' id='word_1_638' title='bbox 579 2839 679 2876; x_wconf 86' lang='lat' dir='ltr'><strong>Epiph.</strong></span> <span class='ocrx_word' id='word_1_639' title='bbox 694 2846 722 2869; x_wconf 85' lang='lat' dir='ltr'><strong>et</strong></span> <span class='ocrx_word' id='word_1_640' title='bbox 739 2842 852 2871; x_wconf 83' lang='lat' dir='ltr'><strong>Dorotli.</strong></span> <span class='ocrx_word' id='word_1_641' title='bbox 877 2843 945 2871; x_wconf 89' lang='lat' dir='ltr'><strong>Ibid.</strong></span> <span class='ocrx_word' id='word_1_642' title='bbox 961 2843 979 2871; x_wconf 93' lang='lat' dir='ltr'><strong>I.</strong></span> 
     </span>
    </p>
   </div>
   <div class='ocr_carea' id='block_1_101' title="bbox 191 2875 981 2912">
    <p class='ocr_par' dir='ltr' id='par_1_101' title="bbox 191 2875 981 2912">
     <span class='ocr_line' id='line_1_101' title="bbox 191 2875 981 2912; baseline 0.003 -8"><span class='ocrx_word' id='word_1_643' title='bbox 191 2875 295 2906; x_wconf 65' lang='lat' dir='ltr'><strong>xxsvu.</strong></span> <span class='ocrx_word' id='word_1_644' title='bbox 316 2877 362 2912; x_wconf 88' lang='grc' dir='ltr'><strong>Τῷ</strong></span> <span class='ocrx_word' id='word_1_645' title='bbox 385 2875 500 2912; x_wconf 62' lang='grc' dir='ltr'>Ἀχαᾲίῆ</span> <span class='ocrx_word' id='word_1_646' title='bbox 523 2875 616 2912; x_wconf 75' lang='lat' dir='ltr'><strong>iidem.</strong></span> <span class='ocrx_word' id='word_1_647' title='bbox 631 2875 709 2905; x_wconf 32' lang='lat' dir='ltr'><strong>’Ibid.</strong></span> <span class='ocrx_word' id='word_1_648' title='bbox 727 2878 746 2905; x_wconf 88' lang='lat' dir='ltr'><strong>i.</strong></span> <span class='ocrx_word' id='word_1_649' title='bbox 773 2886 884 2906; x_wconf 79' lang='lat' dir='ltr'><strong>xxxvm.</strong></span> <span class='ocrx_word' id='word_1_650' title='bbox 911 2878 981 2912; x_wconf 85' lang='grc' dir='ltr'>Ταῖς</span> 
     </span>
    </p>
   </div>
   <div class='ocr_carea' id='block_1_102' title="bbox 191 2911 980 2950">
    <p class='ocr_par' dir='ltr' id='par_1_102' title="bbox 191 2911 980 2950">
     <span class='ocr_line' id='line_1_102' title="bbox 191 2911 980 2950; baseline 0.003 -10"><span class='ocrx_word' id='word_1_651' title='bbox 191 2911 354 2944; x_wconf 67' lang='grc' dir='ltr'>ἀσεϐείαιςζ</span> <span class='ocrx_word' id='word_1_652' title='bbox 383 2911 470 2940; x_wconf 77' lang='grc' dir='ltr'>Αὑτοῦ</span> <span class='ocrx_word' id='word_1_653' title='bbox 489 2911 605 2938; x_wconf 79' lang='grc' dir='ltr'>καὶτῶν</span> <span class='ocrx_word' id='word_1_654' title='bbox 628 2912 754 2947; x_wconf 75' lang='grc' dir='ltr'>πατέρων</span> <span class='ocrx_word' id='word_1_655' title='bbox 769 2913 861 2947; x_wconf 73' lang='grc' dir='ltr'>αὑτοῦ,</span> <span class='ocrx_word' id='word_1_656' title='bbox 881 2911 980 2950; x_wconf 72' lang='lat' dir='ltr'><strong>Epipli.</strong></span> 
     </span>
    </p>
   </div>
   <div class='ocr_carea' id='block_1_103' title="bbox 1071 2844 1827 2886">
    <p class='ocr_par' dir='ltr' id='par_1_103' title="bbox 1071 2844 1827 2886">
     <span class='ocr_line' id='line_1_103' title="bbox 1071 2844 1827 2886; baseline 0.007 -15"><span class='ocrx_word' id='word_1_657' title='bbox 1071 2844 1127 2886; x_wconf 68' lang='lat' dir='ltr'><strong>(I9)</strong></span> <span class='ocrx_word' id='word_1_658' title='bbox 1149 2845 1511 2886; x_wconf 62' lang='lat' dir='ltr'><strong>Htpgr_tﬁc_pndgﬁqu.</strong></span> <span class='ocrx_word' id='word_1_659' title='bbox 1539 2849 1650 2878; x_wconf 87' lang='lat' dir='ltr'><strong>Doroth.</strong></span> <span class='ocrx_word' id='word_1_660' title='bbox 1668 2850 1759 2886; x_wconf 76' lang='lat' dir='ltr'><strong>IIlpav</strong></span> <span class='ocrx_word' id='word_1_661' title='bbox 1780 2847 1827 2876; x_wconf 85' lang='grc' dir='ltr'><strong>τοῦ</strong></span> 
     </span>
    </p>
   </div>
   <div class='ocr_carea' id='block_1_104' title="bbox 1040 2879 1507 2920">
    <p class='ocr_par' dir='ltr' id='par_1_104' title="bbox 1040 2879 1507 2920">
     <span class='ocr_line' id='line_1_104' title="bbox 1040 2879 1507 2920; baseline 0.015 -14"><span class='ocrx_word' id='word_1_662' title='bbox 1040 2879 1175 2916; x_wconf 79' lang='grc' dir='ltr'>Ἰορδάνου</span> <span class='ocrx_word' id='word_1_663' title='bbox 1188 2879 1234 2914; x_wconf 68' lang='grc' dir='ltr'><strong>είς</strong></span> <span class='ocrx_word' id='word_1_664' title='bbox 1248 2879 1387 2920; x_wconf 62' lang='grc' dir='ltr'>Βηγάσάρζ</span> <span class='ocrx_word' id='word_1_665' title='bbox 1408 2879 1507 2920; x_wconf 75' lang='lat' dir='ltr'><strong>Epiph.</strong></span> 
     </span>
    </p>
   </div>
  </div>
