2056 3148
218 196 282 230 1361

733 199 773 228 ΙΝ
794 198 849 228 XII
871 197 1090 227 PROPHE'TAS
1106 198 1284 228 MINOBE‘S.

1769 192 1836 230 1362

217 253 385 288 μυστηρίων,
401 253 473 287 ἅπερ
485 254 514 279 ὲν
525 253 594 289 αὐτῇ
608 252 683 288 παρὰ
697 252 816 288 Χριστοῦ
831 252 1000 278 τετέλεσται·

1054 253 1181 287 mysteria
1192 261 1253 287 qua:
1270 253 1296 279 iu
1308 253 1365 287 ipsa
1379 260 1394 280 ο
1410 252 1519 281 Christo
1527 252 1647 288 perlecta
1658 257 1731 284 sunt.
1743 258 1770 280 et
1779 253 1837 288 glo-

216 300 263 325 καὶ
280 299 328 334 τῆς
351 299 441 334 δόξης,
453 300 486 334 ἢν
503 300 520 333 ἠ
543 298 692 334 Ἐκκλησία
706 298 778 324 κατὰ
794 298 885 323 πᾶσαν
898 297 948 332 τὴν
963 297 1003 322 οἰ-

216 345 370 381 κουμένην,
405 345 624 381 ὲπιστρεφούσης
653 344 707 378 τῆς
732 343 921 379 αἰχμαλωσίας
948 342 1002 370 τῶν

215 389 395 425 ἁμαρτωλῶν,
410 389 501 425 ἔλαχε.

252 435 383 469 Σοφονίας
398 435 580 471 ἑρμηνεύεται
589 435 702 462 amomis
709 435 829 468 Κυρίου.
839 431 961 469 Οὗτοςῆν
969 435 1002 460 ἐκ

216 483 304 518 φυλῆς
318 482 444 517 Συμεὼν,
465 481 550 517 ἀγροῦ
573 480 704 516 Σαϐαρὼο
731 481 786 515 (12)
809 480 856 507 καὶ
879 480 1000 515 προεφή-

215 537 296 554 τευσε
320 528 450 564 περὶτῆς
467 527 571 558 πόλεως
597 526 775 562 Ἰερουσαλὴμ
799 525 846 552 καὶ
867 525 932 561 περὶ
954 525 1000 551 τέ-

217 573 279 604 λους
294 573 414 608 Ἰσραὴλ,
424 573 470 599 καὶ
482 574 689 608 ἀντεισαγωγῆς
699 573 746 599 καὶ
756 572 892 606 σωτηρίας
905 570 1000 604 ὲονῶν,

217 620 264 646 καὶ
291 618 422 654 αἰσχύνης
445 619 562 650 ἀσεϐῶν,
579 619 627 645 κα).
642 618 721 653 δόξης
734 618 857 649 δικαίων,
880 617 926 644 καὶ
940 625 1001 652 κρι-

216 665 264 691 τοῦ
288 664 377 700 πάσης
401 665 501 700 πνοῆςο
519 664 566 691 καὶ
591 663 680 691 θανὼν
704 664 790 699 ἐτάφη
813 665 841 690 ὲν
864 662 902 697 τῷ
923 662 1001 697 ἀγρῴ

170 717 180 719 ‘
217 711 310 738 αὐτοῦ.

328 791 351 817 Κ
356 791 501 818 ΕΦΑΛΔΙΑ
519 790 667 817 ΑΓΓΑΙΟΥ
694 790 887 818 ΠΡΟΦΠΤΟΥ.

250 851 284 874 α’.
317 847 515 883 Ἀγανάκτησις
538 847 606 874 Θεοῦ
631 848 703 874 κατὰ
725 847 779 874 τῶν
807 846 1001 882 ῥᾳθυμούντων

1053 300 1100 325 rice
1110 307 1169 333 qua:
1184 300 1312 327 Ecclesiae
1328 308 1376 334 per
1396 300 1553 327 universum
1574 301 1678 331 orbem,
1705 308 1836 328 conversa

1053 343 1184 372 servitute
1198 350 1381 379 peccatorum,
1397 345 1503 381 obtigit.

1087 436 1241 470 Sophonias
1257 436 1390 471 signiﬁcat
1409 435 1515 471 specula
1534 435 1647 463 Domini.
1665 435 1715 464 llic
1731 441 1789 464 erat
1803 445 1835 464 ex

1053 482 1124 509 tribu
1140 482 1262 514 Simeon,
1275 489 1289 508 e
1301 482 1410 517 regione
1419 482 1561 509 Sabaroth.
1581 482 1614 509 Et
1624 482 1786 510 vaticinatus
1795 487 1837 510 est

1051 528 1086 555 de
1102 528 1168 555 urbe
1182 527 1344 559 Jerusalem,
1360 533 1388 554 et
1402 528 1436 555 de
1448 527 1500 555 line
1512 528 1593 555 Israel
1609 533 1637 555 et
1652 529 1685 555 de
1700 528 1838 555 sutl'ectio-

1051 581 1085 601 ne
1094 574 1215 608 gentium
1225 573 1252 600 in
1262 573 1321 608 ejus
1331 573 1392 601 loco
1398 581 1547 608 earumque
1553 573 1649 605 salute,
1660 578 1688 601 et
1696 574 1730 600 de
1741 573 1837 600 coniu—

1052 612 1129 646 sioue
1143 619 1299 654 impiorum,
1312 623 1340 645 ct
1354 619 1387 647 de
1400 619 1485 654 gloria
1496 619 1685 653 justorum,ct
1699 619 1733 646 de
1745 619 1836 653 judice

1051 665 1142 692 omnis
1157 664 1279 699 spiritus.
1306 663 1339 691 Et
1355 668 1479 692 mortuus
1493 663 1616 699 sepultus
1629 668 1670 691 est
1684 663 1710 690 in
1727 663 1836 699 regione

1053 719 1111 739 sua.

1192 791 1315 819 CAPITA
1345 791 1461 820 ACCAE!
1488 790 1695 819 PROPHET/E.

1088 848 1108 875 l.
1122 848 1274 884 Indignatio
1290 848 1337 874 Dei
1350 852 1446 874 contra
1466 846 1627 881 pigritantes
1642 846 1668 872 in
1681 845 1838 873 aediﬁcatio-

214 894 264 928 τῆς
279 894 420 929 οἰκοδομῆς
443 893 490 920 τοῦ
514 894 596 921 ναοῦ·
624 893 672 920 καὶ
695 893 820 929 διήγησις
842 893 893 920 ὅσα
908 894 1000 925 αὐτοῖς

1053 903 1089 923 ne
1103 895 1244 930 templi;et
1260 895 1407 931 exponitur
1417 898 1485 930 quot
1496 894 1563 930 ipsis
1579 894 1644 922 inde
1655 893 1725 921 mala
1739 901 1836 929 supcr-

214 940 337 967 ἐντεῦοεν
353 940 451 976 συνέϐη
471 940 554 972 κακὰ,
570 941 619 967 ὅσα
633 939 662 966 δὲ
676 941 723 967 καὶ
739 939 919 976 συμϐήσεται.

251 986 283 1020 β’.
313 985 435 1021 ’Υπεικοὴ
458 985 513 1012 τῶν
529 985 680 1021 ἀρχόντων,
705 985 788 1012 αὐτοῦ
803 994 834 1012 τε
850 985 896 1012 τοῦ
917 985 999 1012 λαοῦ’

215 1032 262 1059 καὶ
284 1032 385 1067 σπουδὴ
403 1031 517 1066 περὶτὰ
539 1031 607 1067 ἔργα
628 1032 674 1058 τοῦ
699 1031 780 1059 ναοῦ·
799 1032 847 1059 καὶ
863 1031 910 1058 τοῦ
932 1031 1000 1058 Θεοῦ

215 1077 283 1112 πρὸς
297 1078 394 1110 αὐτοὺς
408 1076 611 1113 προσφώνησις,
626 1077 799 1113 ἀνδρίζεσθαι
814 1077 861 1104 καὶ
876 1077 999 1114 θαρρεῖν,

216 1124 260 1149 καὶ
274 1122 420 1157 γινώσκειν
436 1124 483 1150 τὸν
499 1123 565 1150 Θεὸν
581 1123 663 1150 αὐτὸν
686 1123 800 1160 [αὐτῶν]
819 1124 1001 1159 ἐφιστάμενον

215 1169 336 1205 ἔχοντας.

249 1219 283 1248 γ’.
301 1215 455 1252 Πρόῤῥησις
472 1216 527 1243 τῶν
541 1217 587 1243 ἐπὶ
600 1215 647 1242 τοῦ
661 1215 777 1251 σταυροῦ
790 1218 846 1248 τοῖς
860 1215 1000 1251 στοιχείοις

215 1262 449 1296 συμῖησομένων⁵
469 1262 517 1288 καὶ
538 1263 587 1298 τῆς
611 1262 666 1289 τῶν
691 1262 777 1289 ἐονῶν
801 1262 998 1298 καρποφορίας,

216 1307 263 1333 καὶ
277 1307 326 1342 τῆς
342 1307 389 1334 τοῦ
406 1308 467 1334 νέου
481 1307 546 1335 ναοῦ
559 1307 638 1342 δόξης
651 1317 658 1324 ·
676 1309 723 1334 καὶ
737 1308 785 1344 τῆς
801 1309 923 1344 εἰρήνης,
940 1309 1002 1344 ἥτις

221 1353 296 1387 παρὰ
311 1353 357 1379 τοῦ
381 1354 499 1389 Χριστοῦ
515 1354 558 1380 διὰ
581 1354 628 1382 τοῦ
652 1355 770 1390 σταυροῦ
788 1355 843 1386 τοῖς
859 1354 1001 1381 εὐσεϐοῦσι

218 1399 407 1435 κατώρθωται.

249 1447 280 1474 δ’.
310 1446 469 1481 Κατηγορία
496 1446 641 1477 Ἰουδαίων.
665 1446 702 1478 ὡς
725 1445 788 1473 οὔτε
811 1446 1001 1482 ἁγιαζομένων

214 1493 273 1524 ταῖς
297 1492 413 1526 θυσίαις,
432 1493 477 1519 καὶ
492 1494 654 1528 μιαινόντων
669 1494 729 1525 ταῖς
752 1494 842 1520 αὐτῶν
860 1495 1002 1530 πονηρίαις

215 1539 278 1569 τοὺς
298 1538 472 1573 ὲγγίζοντας’
494 1539 542 1565 καὶ
566 1539 693 1574 διήγησις
710 1536 747 1567 ὧν
770 1540 847 1567 αὐτοί
860 1549 889 1567 τε
910 1541 956 1567 καὶ
976 1541 1001 1567 oi

1017 929 1037 956 Β
1052 929 1168 969 ventura
1186 941 1251 968 sint.

1085 986 1119 1014 II.
1135 986 1282 1014 Obauditio
1291 986 1444 1021 principum
1457 993 1564 1014 necnon
1578 991 1605 1012 et
1626 985 1767 1020 ipsiusmet
1787 992 1836 1019 po-

1051 1033 1119 1068 puli,
1133 1037 1161 1061 et
1179 1033 1300 1061 studium
1317 1041 1386 1068 opus
1401 1033 1505 1068 templi.
1521 1033 1555 1060 Et
1576 1032 1703 1060 allocutio
1733 1031 1778 1058 Dei
1802 1031 1835 1058 ad

1051 1078 1124 1113 ipsos
1145 1083 1175 1105 ut
1184 1078 1373 1106 coniortentur
1384 1078 1531 1106 etviriliter
1543 1082 1657 1113 agantct
1668 1077 1755 1104 sciant
1774 1077 1836 1112 quia

1052 1125 1185 1153 Dominus
1203 1125 1262 1160 ipse
1276 1129 1330 1154 stat
1340 1133 1423 1160 super
1437 1133 1485 1152 eos
1496 1124 1543 1159 qui
1559 1128 1745 1160 perseverant.

1085 1218 1130 1246 Ill.
1148 1218 1292 1246 Praedictio
1310 1224 1405 1245 eorum
1419 1224 1481 1252 qua:
1494 1216 1522 1243 in
1537 1223 1620 1243 cruce
1634 1215 1777 1242 elementis
1791 1222 1837 1242 su-

1052 1265 1253 1300 pervenient,et
1266 1263 1387 1299 gentium
1400 1261 1586 1294 fecunditatis,
1609 1265 1637 1288 et
1661 1260 1752 1296 gloria:
1773 1259 1836 1287 novi

1053 1310 1156 1346 templi.
1167 1314 1195 1338 et
1210 1309 1285 1344 pacis
1294 1317 1355 1345 qua:
1368 1316 1384 1336 a
1397 1307 1506 1335 Christo
1522 1315 1571 1342 per
1580 1306 1695 1335 Crucem
1707 1305 1837 1341 disposita

1051 1362 1094 1385 est
1107 1356 1218 1384 sanctis.
1573 1360 1578 1364 '

1087 1451 1132 1479 ιν.
1146 1449 1292 1478 Accusatio
1304 1447 1473 1480 Judaeorum,
1485 1446 1587 1482 quippe
1603 1445 1650 1481 qui
1667 1453 1721 1473 non
1736 1445 1837 1473 sancti«

1053 1498 1133 1526 licam
1148 1497 1299 1530 sacriticiis,
1317 1498 1366 1525 sed
1387 1497 1566 1532 coinquinant
1578 1496 1635 1523 suis
1650 1495 1761 1522 malitiis
1774 1502 1837 1530 pro-

1051 1543 1148 1571 ximos.
1162 1543 1194 1570 Et
1208 1543 1342 1578 expositio
1356 1551 1450 1570 corum
1461 1542 1561 1577 quibus
1576 1545 1604 1568 et
1621 1540 1673 1576 ipsi
1687 1544 1715 1567 et
1733 1539 1838 1566 fructus

215 1586 316 1620 καρποὶ
332 1586 381 1620 τῆς
395 1585 446 1620 γῆς
459 1585 503 1612 διὰ
517 1585 566 1621 τὴν
580 1585 626 1612 τοῦ
642 1585 707 1613 λαοῦ
733 1587 865 1622 πονηρίαν
880 1587 1000 1622 ὑπέστη-

1054 1595 1132 1617 terra:
1140 1594 1252 1624 propter
1266 1589 1358 1624 populi
1376 1588 1506 1616 malitiam
1530 1587 1737 1622 subiacuerunt,
1751 1589 1779 1613 et
1792 1585 1836 1612 fu-

216 1640 282 1658 σαν·
303 1632 348 1658 καὶ
369 1633 418 1666 τῆς
441 1632 574 1667 ἐσομένης
595 1631 638 1658 διὰ
659 1633 778 1667 Χριστοῦ
793 1632 918 1668 εὐλογίας
931 1634 999 1661 ὑπό-

216 1686 318 1713 σχεσις.

250 1727 280 1749 ε’.
309 1723 463 1759 Πρόρῤησις
490 1725 683 1760 καταστροφῆς
705 1725 851 1761 δαιμόνων,
877 1727 925 1754 καὶ
945 1727 1000 1754 τῶν

216 1770 281 1805 παρ’
305 1769 416 1796 ἐκείνων
443 1770 665 1806 ἐνεργουμένων·
693 1772 846 1807 προφητεία
872 1772 901 1800 δὲ
924 1773 1000 1809 παρὰ

216 1815 272 1851 [ἵσ.
290 1824 319 1842 τε
335 1815 409 1852 περὶ]
425 1816 555 1851 Χριστοῦ,
572 1818 617 1844 καὶ
630 1817 679 1853 τὴν
693 1818 849 1854 οίκονομίαν
863 1819 913 1854 τῆς
932 1827 1000 1856 σαρο

216 1862 264 1894 κὸς
279 1863 324 1889 καί
343 1862 393 1897 τῆς
408 1863 534 1898 θεότητος
551 1864 700 1899 μηνύουσα.

257 1909 382 1942 Ἀγγαῖος
394 1908 538 1943 ἑορτάζων
548 1909 740 1945 ἐρμηνεύιται.
757 1907 842 1944 Οὗτος
853 1911 949 1947 ιτέχθη
961 1913 1002 1944 είς

217 1952 373 1984 Βαϐυλῶνα,
392 1951 425 1988 ἦν
445 1953 474 1980 δὲ
490 1954 524 1980 ὲκ
540 1953 627 1989 φυλῆς
649 1954 715 1981 Λευϊ
727 1963 734 1970 ·
760 1956 807 1982 καὶ
826 1956 865 1982 ἐτι
882 1957 941 1988 νέος
963 1957 1001 1984 ὣν

216 1997 297 2034 ἦλθεν
311 1999 363 2025 ἀπὸ
376 1999 533 2031 Βαϐυλῶνος
548 2000 588 2031 εἰς
608 2000 800 2037 Ἰερουσαλήμ·
813 2002 859 2028 καὶ
876 2002 1002 2037 φανερῶς

217 2044 347 2078 περὶτῆς
372 2044 539 2080 ἐπιστροφῆς
565 2045 613 2072 τοῦ
635 2044 700 2072 λαοῦ
726 2047 929 2082 προεφήτευσε·
955 2049 1003 2075 καὶ

216 2087 285 2116 εἶδεν
299 2090 331 2116 ἐκ
347 2090 445 2125 μέρους
459 2090 508 2126 τὴν
524 2091 668 2127 οἰκοδομὴν
681 2091 728 2118 τοῦ
744 2092 808 2119 ναοῦ
819 2100 825 2107 ·
842 2093 888 2119 καὶ
900 2094 1003 2122 ἀποθαο

216 2135 270 2161 νὼν
288 2137 318 2163 ἐν
341 2135 530 2173 Ἰερουσαλὴμ,
543 2137 630 2173 ἐτάφη
657 2138 772 2174 πλησίον
789 2139 875 2173 τάφου
900 2139 953 2166 τῶν
967 2140 1004 2167 ιε-

218 2183 286 2218 ρέων
300 2182 422 2215 ἐνδόξως,
437 2183 474 2215 ὡς
490 2184 578 2216 αὐτοὶ,
596 2185 689 2220 ἐπειδὴ
709 2186 756 2212 καὶ
770 2185 852 2218 αὐτὸς
863 2183 898 2221 ἦν
911 2186 945 2212 ἐκ
961 2187 1004 2220 γέ-

215 2236 277 2259 νους
292 2229 439 2264 ἱερατικοῦ.

316 2307 489 2335 ΚΕΦΑΛΑΙΑ
507 2307 679 2336 ΖΑΧΛΡΙΟΥ
703 2309 896 2338 ΠΡΟΦΗΤΟΥ.

250 2367 283 2391 α’.
315 2363 460 2399 Προτροπὴ
486 2364 554 2400 πρὸς
583 2364 743 2400 μετάνοιαν,
774 2366 821 2392 καὶ
849 2367 1001 2402 ὁνιιδισμδς

213 2409 261 2436 τοῦ
284 2410 429 2436 Ἰουδαϊκοῦ
451 2410 527 2443 λαοῦ,
551 2411 593 2437 ὅτι
611 2411 665 2438 τῶν
682 2411 821 2446 προγόνων
836 2411 886 2447 τὴν
901 2413 1001 2440 κακίαν

214 2455 365 2492 ἐζήλωσαν.

251 2502 284 2537 β’.
311 2501 469 2537 Προφητεία
484 2501 592 2537 δρόμων
603 2502 801 2537 ἀποσωλικῶν,
817 2505 865 2531 καὶ
880 2505 1001 2533 ἀνανεώ-

215 2557 294 2579 σεως,
313 2547 366 2579 ἕως
380 2546 429 2582 τῆς
449 2546 635 2583 Ἰερουσαλὴμ,
650 2549 711 2585 ἥτις
728 2549 799 2584 αὐτὴ
814 2549 858 2577 διὰ
872 2551 923 2585 τῆς
937 2550 1000 2582 νέας

213 2594 361 2628 γεγένηται
366 2615 372 2621 .

249 2644 283 2674 γ’.
310 2641 430 2675 Αἴνιγμα
444 2640 497 2667 τῶν
513 2641 696 2675 Εὖαγγελίων,
710 2641 739 2675 ἐξ
755 2638 792 2669 ὦν
805 2642 839 2669 τὰ
848 2641 913 2678 ἔθνη
929 2643 999 2670 κατὰ

213 2687 263 2720 τῆς
287 2685 461 2721 Ἰερουσαλὴμ
486 2687 534 2722 τῆς
550 2687 666 2722 ἀρχαίας
679 2687 846 2723 ὠξύνοησαν.

248 2732 280 2758 δ’.
308 2732 472 2767 Προφητεία,
484 2733 534 2767 τὴν
547 2732 610 2759 νέαν
632 2732 806 2769 Ἰερουσαλὴμ
821 2735 865 2761 διὰ
881 2735 998 2770 Χριστοῦ

212 2776 417 2812 κτισθήσεσθαι,
433 2777 480 2804 καὶ
497 2777 598 2812 πλῆθος
620 2777 764 2806 οἰκούντων
780 2779 867 2811 ἕξειν·
886 2780 932 2806 καὶ
948 2780 994 2806 τοῦ

1050 1641 1118 1663 tura:
1138 1644 1187 1671 per
1200 1635 1338 1664 Christum
1353 1633 1552 1663 benedictionis
1562 1632 1716 1668 promissio.

1087 1728 1120 1756 ν.
1131 1728 1274 1756 Prmdictio
1293 1729 1380 1756 ruinae
1391 1727 1589 1755 daemoniorum
1604 1729 1632 1753 et
1644 1725 1678 1752 ab
1694 1724 1761 1759 ipsis
1772 1730 1836 1759 pos-

1050 1783 1200 1808 sessorum,
1217 1780 1246 1802 et
1264 1774 1408 1810 prophetia
1425 1774 1458 1802 de
1466 1773 1587 1805 Christo,
1608 1771 1763 1808 signiﬁcans
1780 1770 1837 1797 dis—

1051 1823 1214 1859 positionem
1239 1821 1329 1849 carnis
1345 1825 1372 1848 et
1383 1820 1540 1848 divinitatis.

1086 1913 1200 1948 Aggaaus
1218 1910 1354 1946 signiﬁcat
1366 1909 1503 1944 festiuum.
1519 1907 1569 1934 Hic
1583 1910 1664 1934 natus
1677 1909 1718 1932 est
1735 1904 1762 1931 in
1785 1903 1836 1931 Ba-

1052 1959 1161 1994 bylone,
1175 1962 1202 1984 et
1221 1960 1281 1983 erat
1292 1956 1326 1983 de
1346 1955 1419 1982 tribu
1440 1953 1514 1981 Levi.
1530 1953 1563 1980 Et
1579 1960 1646 1987 puer
1661 1959 1723 1979 cum
1749 1950 1837 1977 adhuc

1052 2007 1134 2035 esset,
1163 2002 1238 2030 venit
1260 2009 1294 2029 ex
1319 2000 1454 2036 Babylone
1471 1999 1498 2026 in
1518 1997 1677 2029 Jerusalem,
1694 2000 1723 2024 et
1749 1997 1837 2031 palam

1053 2048 1227 2085 prophetarit
1243 2047 1278 2074 de
1296 2045 1475 2074 conversione
1487 2043 1581 2079 populi
1595 2048 1623 2071 et
1636 2043 1704 2070 vidit
1721 2042 1747 2069 in
1761 2046 1837 2076 parte

1053 2095 1262 2124 azdiﬁattiouem
1276 2092 1381 2128 templi.
1395 2092 1429 2119 Et
1440 2095 1564 2118 mortuus
1575 2090 1602 2116 iu
1619 2089 1779 2120 Jerusalem,
1794 2095 1838 2115 so-

1053 2142 1146 2177 pultus
1160 2145 1201 2168 est
1213 2147 1296 2175 prope
1308 2138 1474 2174 sepulturam
1487 2136 1668 2168 sacerdotum,
1680 2135 1775 2162 eodem
1789 2134 1837 2161 bo-

1054 2193 1122 2214 nore
1140 2193 1194 2221 quo
1209 2184 1297 2220 etipsi
1313 2193 1319 2210 :
1333 2186 1428 2219 utpote
1452 2183 1498 2217 qui
1515 2185 1574 2209 erat
1588 2188 1620 2208 ex
1635 2187 1736 2216 genere
1748 2187 1837 2208 sacer-

1054 2232 1149 2260 dotali.

1175 2308 1301 2337 CAPITA
1313 2305 1498 2335 ZACHARUE
1511 2304 1713 2334 PROPHETIE.

1090 2366 1109 2393 Ι.
1130 2365 1291 2394 Exhortatio
1304 2364 1339 2392 ad
1356 2363 1555 2399 paenitentiam,
1570 2366 1599 2391 et
1616 2363 1768 2398 objurgatio
1787 2371 1833 2398 po-

1055 2412 1111 2447 puli
1128 2411 1245 2443 Judaici,
1261 2418 1295 2438 eo
1306 2410 1378 2445 quod
1390 2414 1498 2445 patrum
1510 2416 1622 2437 suorum
1637 2408 1765 2436 malitiam
1782 2409 1841 2436 imi-

1055 2455 1101 2484 tati
1121 2460 1196 2483 sunt.

1085 2502 1119 2529 ll.
1138 2501 1303 2528 Vaticinium
1327 2507 1456 2527 cursuum
1476 2498 1661 2534 apostolorum
1679 2503 1706 2526 et
1723 2506 1836 2526 renova-

1055 2548 1137 2577 tionis
1155 2547 1303 2576 Jerusalem
1317 2554 1378 2582 quae
1390 2546 1448 2580 ipsa
1461 2545 1566 2573 novalis
1576 2544 1646 2573 facta
1661 2548 1713 2573 est.

1090 2641 1134 2669 Ill.
1152 2640 1285 2669 Indicium
1299 2640 1460 2668 nuntiorum
1480 2647 1512 2667 ex
1527 2639 1626 2674 quibus
1635 2642 1729 2674 gentes
1742 2643 1834 2666 contra

1053 2689 1191 2723 antiquam
1206 2686 1356 2714 Jerusalem
1374 2686 1488 2714 infensa:
1499 2690 1573 2714 sunt.

1089 2733 1131 2761 lV.
1144 2733 1308 2760 Vaticinium
1327 2740 1425 2759 novam
1445 2732 1594 2760 Jerusalem
1607 2739 1622 2758 ιι
1640 2731 1749 2759 Christo
1772 2729 1832 2757 fun-

1051 2779 1140 2806 datam
1157 2779 1200 2813 iri,
1217 2783 1244 2806 et
1268 2777 1467 2806 multitudinem
1485 2776 1668 2806 habitantium
1690 2775 1740 2811 ipsi
1757 2775 1826 2804 lutu-

982 2854 1098 2882 NOTAE.

250 2921 307 2956 (1‘2)
324 2921 469 2954 Σαϐαμώθ.
500 2921 656 2956 Σαραῆαθόι,
680 2921 776 2958 Hpiph.
807 2923 994 2953 Slibal‘i/mi/m,
1011 2923 1122 2950 Dorotb.
