2056 3148
229 198 299 237 i363

831 204 1011 234 IIESYCIIII
1028 204 1267 237 PRESBYTERI

1795 206 1864 240 1364

228 271 285 290 ram
306 269 379 295 esse.
395 266 422 290 et
436 261 555 297 Spiritus
575 261 785 297 inspirationem
806 261 857 296 ipsi
874 269 923 296 pro
935 261 1021 288 'muro

1075 262 1234 296 Πνεὺματος
1250 263 1318 299 αὐτῇ
1341 263 1391 300 τὴν
1413 264 1555 300 ἐνέργειαν
1578 264 1640 292 ἀντὶ
1662 264 1768 300 τείχους
1782 267 1864 300 γενῆ-

239 317 296 337 ore.

264 355 296 383 V.
319 355 432 384 Vocatio
445 355 567 392 gentium
583 354 612 382 In
627 363 724 382 novam
737 355 803 383 Sion
813 376 821 388 ,
843 360 872 383 et
890 355 971 384 minae
993 356 1021 384 in

229 401 377 434 dwmones,
389 405 417 429 et
430 401 603 429 annuntiatio
622 401 758 429 adventus
782 401 888 429 Domini
905 401 932 428 in
953 401 1020 429 Sion

228 455 291 474 cum
307 454 401 480 carne,
417 455 466 483 per
479 454 562 482 quem
577 451 674 483 gentes
694 447 728 475 ad
744 446 834 483 ipsum
857 453 1021 475 converten-

228 497 283 520 tur.

266 537 311 565 Vl.
326 538 453 566 Narratio
467 537 633 574 expiationis
641 537 707 565 Iesu
731 538 803 573 apud
814 537 889 574 ipsos
901 543 968 566 tunc
979 546 1022 566 sa-

228 583 356 614 cerdotis,
366 588 394 610 et
409 584 572 619 protestatio
584 583 618 611 ad
630 583 768 616 eumdem,
785 590 909 618 quaenam
925 583 1021 611 obser-

229 636 295 656 vare
309 629 415 656 deceat.

264 673 321 702 VII.
349 674 516 702 Vaticinium
551 675 687 703 adventus
713 673 871 708 Salvatoris,
888 675 915 702 in
938 683 1021 711 quem

230 725 336 755 septem
345 721 416 748 dona
431 721 550 756 Spiritus
564 721 740 756 requiescunt
755 730 762 754 ;
781 726 808 748 ct
824 722 965 756 praedictio
980 722 1022 749 I'u-

231 770 299 793 tura:
314 774 364 801 per
377 765 526 794 Salvatoris
538 766 692 802 passionem
708 766 878 794 remissionis
893 772 1021 802 peccato-

232 819 303 844 rum,
320 816 349 839 et
358 812 544 848 possessionis
560 812 738 848 mysticorum
751 813 895 842 bonorum.

266 901 333 930 VIII.
351 902 453 931 Notitia
463 903 610 940 imaginum
628 904 706 939 pretii
721 909 749 932 ct
761 904 928 940 operationis
938 905 1022 940 Spiri-

233 952 276 975 tus
298 953 326 975 et
339 948 407 984 legis
419 949 492 977 circa
509 949 610 985 ipsum,
623 954 651 977 et
669 950 762 986 gratiae
776 955 805 978 et
819 951 928 978 virtutis
942 951 1021 979 Chri-
1039 946 1059 974 Β

230 992 276 1020 sti.
296 993 330 1020 Et
344 994 523 1029 reprehensio
539 995 672 1024 adversus
697 997 847 1032 diabolum,
861 998 939 1034 quasi
961 1003 1022 1027 ten-

233 1044 335 1067 Iantem
348 1039 483 1076 impedire
495 1042 721 1077 praedicationem
736 1043 843 1072 salutis.

267 1132 313 1160 IX.
330 1132 494 1162 Vaticinium
502 1134 537 1162 de
549 1134 661 1163 Christo
674 1141 703 1164 et
715 1137 920 1172 operationibus
934 1138 1022 1174 Spiri-

233 1182 276 1205 tus
290 1178 316 1205 in
327 1179 384 1214 ipso
396 1189 403 1212 ;
413 1184 440 1207 et
450 1180 553 1216 eﬂigies
566 1180 632 1217 legis
646 1186 675 1209 et
689 1183 794 1218 gratiae,
807 1188 835 1211 et
850 1192 946 1212 corum
961 1193 1022 1220 qua:

232 1224 465 1253 subministranda
478 1229 543 1253 sunt
558 1226 585 1254 in
605 1227 776 1262 apparitione
791 1227 918 1264 Spiritus.

265 1316 299 1345 Χ.
319 1316 399 1345 Minae
415 1318 442 1345 in
458 1317 532 1347 fures
545 1324 573 1347 et
585 1319 724 1355 periuros,
736 1322 813 1356 quasi
827 1329 881 1350 una
899 1330 961 1351 cum
974 1323 1022 1352 do-

233 1371 279 1390 mo
289 1363 455 1396 perdendos.
474 1368 482 1374 ‘

270 1409 315 1436 XI.
331 1409 440 1446 Emgies
457 1411 611 1447 iniquitatis
635 1413 706 1441 inter
724 1413 851 1443 homines
873 1418 1021 1453 regnantis,

232 1462 314 1489 quam
329 1456 440 1490 pariunt
451 1457 532 1485 simul
543 1464 686 1493 peccatum
699 1464 728 1487 et
739 1460 866 1496 impietas
880 1469 908 1490 et
923 1471 984 1499 qua:
995 1463 1021 1491 in

232 1500 394 1529 confusione
410 1504 514 1531 erroris
531 1504 728 1534 habitationem
741 1508 834 1535 sortita
846 1513 898 1535 est.

269 1545 327 1574 XII.
340 1548 447 1584 Eliigies
462 1550 602 1586 regiminis
609 1552 682 1587 quod
697 1554 889 1589 generationes
904 1557 1022 1591 prophe-

235 1596 323 1620 tarum
335 1599 364 1622 et
377 1595 455 1631 legis,
467 1597 684 1632 patriarcharum
701 1604 729 1627 et
743 1601 938 1636 prophetarum
959 1611 1020 1638 per~

233 1644 390 1668 currerunt.

268 1685 340 1713 XIII.
355 1685 488 1715 Indicium
513 1696 679 1716 coronarum
694 1698 754 1725 quae
769 1689 868 1718 futura:
884 1696 948 1719 sunt
981 1692 1024 1720 his

233 1731 281 1766 qui
295 1739 328 1759 ex
346 1737 459 1767 peccato
473 1735 598 1762 conversi
615 1734 728 1766 fuerint.
751 1744 865 1770 quorum
886 1737 1023 1772 specimen

233 1774 327 1805 Iesum
342 1783 407 1806 tunc
423 1779 606 1813 sacerdotem,
620 1780 695 1808 velut
709 1788 758 1816 per
772 1781 960 1816 paenitentiam
977 1790 1024 1817 pu-

234 1823 381 1855 riﬁcatutn,
397 1824 512 1859 profert.

269 1868 342 1897 XIV.
359 1870 484 1898 Narratio
505 1879 601 1899 eorum
614 1879 674 1907 quae
688 1872 798 1908 quidam
815 1880 893 1909 reges
903 1872 1024 1908 gentium

232 1915 268 1943 ad
278 1923 368 1944 arcam
376 1917 516 1945 mittentes
524 1917 717 1946 siscitabantur
727 1923 770 1951 :et
780 1919 919 1946 accusatio
930 1919 1024 1952 Israel,

233 1962 306 1996 quod
322 1970 377 1990 non
392 1963 544 1991 secundum
559 1971 673 1999 scopum
690 1964 736 1992 Dei
750 1964 878 2000 jejunant
893 1969 922 1993 et
945 1973 1024 1993 man-

234 2005 347 2033 ducant.

270 2051 329 2079 XV.
346 2044 503 2080 Admonitio
526 2061 650 2088 quaenam
668 2053 724 2081 sint
736 2053 836 2089 quibus
860 2054 932 2082 Deus
958 2063 1023 2083 con-

234 2102 338 2130 tentus,
360 2103 387 2126 et
401 2099 541 2127 accusatio
561 2099 752 2128 inobcdientia:
776 2101 880 2136 populi,
896 2105 924 2128 et
943 2101 1025 2129 mina:

234 2144 417 2179 dispersionis
424 2153 520 2172 eorum
540 2150 569 2173 et
577 2146 750 2182 perditionis.

270 2189 339 2216 XVI.
359 2190 501 2218 Praedictio
516 2191 652 2219 bonorum
667 2199 728 2227 qua:
750 2191 905 2220 Ierusalem
934 2191 1024 2220 futura

235 2240 356 2271 suntper
372 2236 521 2265 Salvatoris
534 2237 696 2265 adventum.

272 2282 353 2310 XVII.
371 2283 511 2319 Expositio
526 2291 650 2320 quaenam
663 2284 749 2312 veteri
764 2285 866 2320 popqu
881 2290 946 2313 ante
958 2286 1024 2314 :edi-
1040 2296 1062 2324 ι)

235 2330 389 2358 ﬁcationem
407 2330 500 2366 templi
520 2330 579 2363 Dei,
593 2338 718 2366 quamam
739 2339 805 2359 vero
824 2339 895 2359 novo
923 2333 1025 2367 populo

234 2382 296 2412 post
319 2378 394 2405 illius
407 2376 627 2409 aediﬁcationem,
644 2385 659 2404 a
676 2377 731 2405 Deo
753 2377 825 2406 facta
844 2377 947 2406 fuerint
964 2387 972 2412 ;
997 2382 1025 2406 et

234 2423 380 2452 instructio
392 2424 524 2459 quidnam
535 2424 674 2460 corrigere
687 2424 818 2452 debeant.

270 2469 365 2497 XVIII.
381 2470 542 2498 Exhortatio
554 2470 589 2498 ad
601 2470 737 2506 jejunium
765 2470 808 2499 his
822 2470 869 2506 qui
889 2471 1023 2499 conﬁten-

237 2519 291 2546 tur,
302 2515 379 2550 quasi
395 2516 421 2543 in
435 2524 469 2544 eo
483 2517 613 2552 gaudium
624 2515 732 2544 nacturi
750 2516 805 2544 sint
824 2525 831 2549 ;
846 2521 872 2544 et
884 2517 1025 2552 praedictio

235 2562 424 2589 conversionis
436 2563 558 2596 gentium
567 2571 616 2598 per
629 2563 779 2591 Salvatoris
793 2563 953 2590 adventum.

272 2607 343 2634 XIX.
366 2607 528 2636 Vaticinium
547 2609 705 2637 abolitionis
722 2609 826 2636 erroris
840 2609 911 2643 apud
929 2612 1024 2644 gentes

237 2653 320 2681 l'uturi
342 2662 349 2685 ;
365 2658 393 2680 et
410 2654 550 2688 praedictio
565 2655 626 2682 ﬁdei
645 2663 706 2690 quae
721 2654 748 2681 in
764 2654 830 2689 ipsis
845 2654 1022 2689 plantabitur,

236 2708 284 2735 per
297 2708 378 2735 quam
390 2707 444 2728 non
454 2700 510 2735 jam
522 2700 683 2729 diabolicam
692 2702 873 2738 direptionem
886 2706 1022 2729 metuunt.

272 2794 332 2822 XX.
343 2793 508 2822 Vaticinium
526 2794 560 2822 de
575 2794 696 2827 Christo,
710 2795 846 2830 quomodo
856 2795 940 2822 asina!
955 2794 1023 2822 insi-

235 2841 304 2868 dens
317 2839 457 2868 Iudaicam
467 2841 624 2876 superbiant
639 2840 868 2877 destruit,pacem
879 2848 943 2867 vero
956 2848 1023 2867 con-

234 2887 311 2914 ciliat
323 2887 461 2923 gentibus,
478 2887 611 2915 ministris
625 2894 691 2914 usus
702 2886 834 2921 apostolis
859 2886 887 2913 in
905 2893 1023 2921 evange-

236 2932 314 2962 Iicam
334 2934 567 2970 praedicationem,
589 2933 618 2961 in
635 2932 850 2960 destructionem
866 2931 976 2965 erroris,
995 2932 1023 2958 in

1078 308 1180 335 σεσοαι.

1110 353 1141 380 ι’.
1170 354 1276 388 κλῆσις
1300 353 1354 381 τῶν
1371 354 1456 382 ὲθνῶν
1482 356 1522 388 εἰς
1545 355 1595 391 τὴν
1619 355 1684 382 νέαν
1708 355 1799 382 Σιώνο
1817 357 1864 383 καὶ

1074 399 1173 434 ἀπειλὴ
1197 398 1269 426 κατὰ
1286 398 1439 434 δαιμόνων·
1459 401 1505 427 καὶ
1529 400 1728 436 εὐαγγελισμὺς
1752 401 1801 436 τῆς
1815 401 1863 428 τοῦ

1075 446 1178 482 Κυρίου
1190 446 1259 481 μετὰ
1276 446 1377 482 σαρκὸς
1390 447 1431 478 εἰς
1443 446 1491 482 τὴν
1508 446 1578 473 Σιὼν
1590 446 1718 482 ἀφίξεως,
1733 447 1768 474 δι’
1781 445 1816 484 ἧς
1830 448 1864 474 τὰ

1075 491 1138 526 ἔθνη
1154 492 1223 527 πρὸς
1238 491 1320 518 αὑτὸν
1335 491 1555 527 ἐπιστρέφουσιν.

1111 541 1148 570 ς’.
1171 538 1303 573 Διήγησις
1318 537 1370 573 τῆς
1391 537 1478 573 Ἰησοῦ
1492 537 1540 564 τοῦ
1555 538 1620 573 παρ’
1634 538 1727 569 αὐτοῖς
1741 537 1802 564 τότε
1824 538 1864 564 Ia-

1077 583 1145 619 ρέως
1162 584 1323 619 καθάρσεως
1335 592 1342 598 ·
1358 585 1406 611 καὶ
1422 583 1606 620 διαμαρτυρία
1621 583 1690 619 πρὸς
1705 583 1751 610 τὸν
1770 584 1862 616 αὐτὸν,

1074 630 1135 657 τίνα
1151 630 1297 664 φυλάττειν
1312 630 1444 665 προσῆκε.

1111 674 1145 706 ζ’.
1168 674 1326 710 Προφητεία
1347 675 1396 710 τῆς
1413 674 1532 709 ἀφίξεως
1553 673 1601 701 τοῦ
1627 673 1764 710 Σωτῆρος,
1780 674 1864 709 ὲφ¹δν

1074 721 1103 748 αἱ
1120 721 1190 748 ἑπτὰ
1209 721 1257 747 τοῦ
1280 721 1439 755 Πνεύματος
1462 720 1563 756 δωρεαὶ
1587 719 1789 747 ἀναπαύονται·
1818 721 1865 748 καὶ

1075 768 1229 804 πρόρρησις
1244 767 1293 803 τῆς
1319 767 1452 802 ἐσομένης
1465 767 1509 794 διὰ
1532 767 1580 794 τοῦ
1602 767 1736 802 σωτηρίου
1760 767 1865 799 πάθους

1075 814 1283 850 ἁμαρτημάτων
1300 813 1435 848 ἀφέσεως,
1450 813 1497 839 καὶ
1517 812 1657 848 μυστικῶν
1671 812 1783 847 ἀγαθῶν
1799 813 1866 840 ἀπο-

1074 860 1206 892 λαύσεως.

1110 910 1146 941 η’.
1170 906 1277 942 Θεωρία
1292 906 1348 934 τῶν
1362 906 1475 933 εἰκόνων
1491 905 1541 942 τῆς
1558 906 1637 937 ἀξίας
1654 905 1701 932 καὶ
1724 905 1865 941 ἐνεργείας

1075 953 1122 980 τοῦ
1138 953 1306 988 Πνεύματος,
1331 953 1380 979 καὶ
1402 953 1485 988 νόμου
1511 952 1576 988 περὶ
1590 952 1666 982 αὐτὸ,
1687 953 1732 979 καὶ
1753 953 1865 988 χάριτος

1076 1000 1125 1027 καὶ
1144 999 1287 1035 δυνάμεως
1308 998 1426 1034 Χριστοῦ
1438 1006 1444 1012 ·
1461 998 1509 1025 καὶ
1523 997 1647 1033 ἐπιτιμία
1660 998 1731 1024 κατά
1743 997 1789 1024 τοῦ
1806 997 1864 1025 δια-

1076 1045 1166 1079 ϐόλου,
1181 1045 1220 1077 ὡς
1234 1044 1391 1081 ἐμποδίζειν
1405 1044 1607 1081 ἐπιχειροῦντος
1621 1043 1661 1079 τῷ
1673 1043 1802 1079 σωτηρίῳ
1815 1052 1866 1080 κη-

1077 1091 1208 1127 ρύγματι.

1112 1137 1144 1164 θ’.
1172 1136 1329 1172 Προφητεία
1353 1136 1418 1170 περὶ
1434 1135 1554 1171 Χριστοῦ
1577 1135 1624 1162 καὶ
1645 1135 1700 1162 τῶν
1718 1134 1866 1170 ἐνεργειῶν

1075 1183 1130 1209 τῶν
1145 1183 1174 1209 ὲν
1189 1182 1264 1218 αὐτῷ
1280 1181 1327 1208 τοῦ
1344 1181 1521 1216 Πνεύματος·
1537 1181 1584 1207 κα)⁸
1604 1179 1688 1206 εἰκὼν
1710 1180 1794 1214 νόμου
1817 1180 1866 1205 καὶ

1076 1230 1197 1266 χάριτος,
1213 1229 1260 1256 καὶ
1274 1228 1329 1255 τῶν
1353 1218 1504 1263 μελλόντων
1517 1226 1713 1263 ὑπηρετεῖσθαι
1727 1227 1761 1262 τῇ
1782 1233 1864 1260 φανε-

1078 1275 1161 1311 ρώσει
1177 1275 1224 1302 τοῦ
1240 1275 1411 1310 Πνεύματος.

1113 1325 1137 1348 ι’.
1173 1321 1283 1357 Ἀπειλὴ
1299 1321 1368 1348 κατὰ
1383 1320 1507 1347 κλεπτῶν
1523 1319 1569 1347 κού⁵
1581 1320 1727 1355 ἐπιόρκων,
1743 1319 1782 1351 ὡς
1798 1327 1868 1346 παν-

1076 1369 1130 1395 οικὶ¹
1149 1367 1302 1403 μελλόντων
1317 1367 1520 1404 ὁλοθρεύεσθαι.

1112 1414 1157 1442 ια’.
1183 1414 1272 1441 Εἰκὼν
1289 1414 1339 1448 τῆς
1353 1415 1383 1440 ἐν
1403 1413 1558 1449 ἀνθρώποις
1581 1411 1794 1447 πολιτευομένης
1809 1411 1865 1438 ἀδι-

1076 1461 1148 1493 κίας,
1166 1461 1200 1497 ἢν
1219 1461 1342 1496 ἁμαρτία
1362 1460 1410 1495 μὲν
1426 1461 1573 1495 συγκροτεῖ
1589 1459 1636 1485 καὶ
1651 1458 1775 1489 ἀσέϐεια,
1792 1458 1821 1484 ὲν
1836 1455 1866 1483 δὲ

1076 1509 1108 1543 τῇ
1128 1506 1258 1542 συγχύσει
1274 1506 1325 1540 τῆς
1342 1506 1446 1541 πλάνης
1464 1506 1514 1541 τὴν
1530 1505 1671 1531 κατοικίαν
1689 1503 1828 1537 κέκτηται.

1112 1553 1156 1589 ιβ’.
1181 1553 1269 1580 Εὶκὼν
1284 1552 1433 1584 πολιτείας,
1449 1552 1482 1587 ἢν
1497 1551 1526 1578 αί
1545 1550 1638 1584 γενεαὶ
1653 1550 1799 1586 προφητῶν
1819 1548 1867 1575 καὶ

1076 1600 1170 1636 νόμου,
1186 1599 1364 1636 πατριαρχῶν
1382 1599 1430 1626 καὶ
1445 1597 1613 1630 ἀποστόλων,
1630 1597 1757 1632 ἔδραμον.

1113 1692 1157 1722 ιγ’.
1189 1688 1308 1722 Αίνιγμα
1335 1687 1390 1713 τῶν
1420 1687 1556 1723 ἐσομένων
1585 1687 1725 1721 armiva
1749 1687 1808 1718 τοῖς
1836 1685 1868 1718 ἐξ

1075 1735 1213 1770 ἁμαρτίας
1229 1734 1450 1770 ἐπιστρέφουσιν,
1465 1732 1504 1761 ὧν
1517 1733 1563 1760 τὸν
1584 1733 1688 1769 Ἰησοῦν
1701 1733 1761 1759 τότε
1778 1732 1865 1766 ίερέα,

1075 1781 1112 1812 ὡς
1131 1780 1174 1806 διὰ
1188 1780 1331 1815 μετανοίας
1352 1779 1539 1815 καθαρθέντα,
1561 1778 1724 1814 χαρακτῆρα
1744 1777 1865 1813 προϐάλ-

1075 1827 1161 1854 λεται.

1111 1871 1152 1899 ιδ’.
1173 1871 1314 1907 Διήγησις,
1329 1868 1373 1898 οἶα
1388 1871 1514 1907 περὶτῆς
1529 1870 1646 1898 κιϐωτοῦ
1662 1871 1782 1906 βασιλεῖς
1793 1879 1866 1903 τινες

1075 1917 1159 1944 ἐθνῶν
1187 1917 1346 1953 πέμψαντες
1375 1917 1570 1944 ἐπυνθάνοντοθ
1601 1917 1648 1944 καὶ
1674 1917 1785 1952 ἔλεγχος
1817 1917 1865 1943 τοῦ

1081 1963 1201 1998 Ἰσραὴλ,
1216 1964 1257 1990 ὅτι
1278 1964 1315 1999 μὴ
1342 1964 1414 1990 κατά
1438 1963 1540 1990 σκοπὸν
1555 1963 1625 1990 Θεοῦ
1648 1963 1825 1999 νηστεύουσιν
1847 1964 1864 1998 ἦ

1074 2009 1210 2036 ἐσθίουσιν

1111 2055 1151 2082 ιε’.
1171 2056 1316 2087 Νουθεσία,
1330 2057 1384 2083 τίσι
1394 2056 1460 2089 Θεδς
1479 2056 1642 2092 ἀρέσκεταιθ
1653 2056 1700 2082 καὶ
1713 2055 1866 2091 κατηγορία

1074 2101 1124 2135 τῆς
1137 2101 1184 2128 τοῦ
1204 2101 1270 2128 λαοῦ
1293 2101 1435 2137 παρακοῆς
1446 2109 1453 2116 ’
1470 2101 1517 2129 καὶ
1529 2101 1629 2137 ἀπειλὴ
1644 2101 1796 2137 διασπορᾶς
1811 2101 1866 2128 τῶν

1075 2145 1166 2173 αὐτῶν
1181 2146 1229 2174 καὶ
1242 2147 1412 2182 πορθήσεως.

1113 2191 1160 2224 ις’.
1190 2192 1346 2228 Πρόῤῥησις
1374 2192 1428 2219 τῶν
1454 2193 1592 2228 ἐσομένων
1617 2194 1650 2228 τῇ
1687 2192 1865 2229 Ἰερουσαλὴμ

1077 2238 1188 2273 ἀγαθῶν
1201 2238 1245 2265 διά
1259 2239 1309 2274 τῆς
1322 2239 1369 2265 τοῦ
1381 2238 1509 2274 Σωτῆρος
1521 2239 1649 2274 ἀφίξεως.

1113 2284 1156 2317 ιζ’.
1182 2285 1324 2320 Διήγησις,
1340 2282 1385 2312 οἷα
1407 2285 1447 2320 τῷ
1469 2285 1575 2320 ἀρχαίῳ
1590 2285 1658 2320 λαῷ,
1675 2285 1740 2321 πρὶν
1761 2285 1866 2312 οίκοδου

1077 2331 1197 2367 μηθῆναι
1213 2331 1259 2358 τὸν
1274 2331 1320 2358 τοῦ
1335 2331 1403 2358 Θεοῦ
1418 2331 1491 2365 ναὸν,
1504 2329 1548 2358 οἷα
1565 2331 1594 2358 δὲ
1612 2332 1682 2366 μετά
1701 2332 1750 2367 τὴν
1764 2331 1866 2358 οἰκοδο-

1077 2377 1132 2412 μὴν
1147 2377 1197 2412 τὴν
1213 2377 1320 2410 τούτου,
1333 2377 1371 2413 τῷ
1385 2377 1439 2413 νέῳ
1453 2377 1511 2412 λαῷ
1527 2376 1603 2412 παρὰ
1615 2377 1683 2404 Θεοῦ
1701 2377 1846 2412 γεγένηται
1855 2385 1863 2392 ·

1075 2423 1123 2450 καὶ
1138 2423 1298 2450 διδασκαλία
1311 2423 1338 2449 τί
1355 2422 1505 2458 κατορθοῦν
1519 2423 1668 2456 ὀφείλουσι.

1111 2469 1155 2503 ιη’.
1172 2469 1316 2505 Προτροπὴ
1332 2469 1459 2503 νηστείας
1473 2469 1529 2500 τοῖς
1541 2467 1806 2503 ἐξομολογουμένοις,
1826 2467 1865 2500 ὡς

1074 2516 1104 2542 ὲν
1119 2515 1189 2550 αὐτῇ
1204 2515 1253 2550 τὴν
1268 2514 1438 2550 εὐφροσύνην
1450 2514 1541 2550 ἔχουσι
1551 2522 1558 2529 ·
1574 2514 1622 2540 καὶ
1635 2514 1787 2551 πρόρρησις
1803 2514 1864 2540 επι-

1075 2563 1196 2597 στροφῆς
1211 2561 1296 2588 ἐθνῶν
1309 2560 1354 2587 διὰ
1367 2561 1416 2596 τῆς
1430 2561 1478 2587 τοῦ
1496 2560 1622 2595 hic-7190;
1637 2560 1765 2594 ἀφίξεως.

1111 2607 1154 2634 ιϐ’.
1179 2607 1336 2642 Προφητεία
1354 2607 1509 2642 ἀφανισμοῦ
1532 2607 1637 2642 πλάνης
1659 2606 1793 2641 ἐσομένης
1807 2607 1866 2638 τοῖς

1075 2653 1180 2680 ἔθνεσι·
1205 2653 1253 2679 καὶ
1277 2653 1430 2689 πρόρρησις
1445 2654 1493 2688 τῆς
1517 2654 1547 2679 ὲν
1561 2653 1652 2684 αὐτοῖς
1675 2652 1864 2688 φυτευομένης

1075 2699 1204 2732 πίστεως,
1228 2699 1262 2725 δι’
1285 2699 1318 2734 ῆν
1341 2701 1391 2726 οὐκ
1411 2699 1451 2726 ἔτι
1472 2699 1522 2734 τὴν
1541 2698 1696 2734 διαδολικὴν
1712 2697 1864 2725 ἀπελασῐαν

1074 2745 1219 2772 δεδοίκασι.

1112 2791 1146 2819 κ’.
1160 2791 1318 2827 ῐιροφητεία
1337 2791 1402 2826 περὶ
1418 2791 1547 2826 Χριστοῦ,
1558 2791 1631 2822 ὅπως
1650 2790 1698 2825 τὴν
1721 2790 1782 2817 ὄνον
1798 2789 1863 2816 καθ-

1077 2838 1147 2870 ίσας,
1166 2837 1216 2873 τὴν
1248 2837 1394 2873 Ἰουδαῖκὴν
1409 2837 1567 2870 ἀλαζονείαν
1583 2837 1713 2864 ἀπόλλυσι
1725 2845 1731 2851 ·
1750 2837 1864 2872 εἰρήνην

1074 2884 1102 2911 ὁὶ
1126 2884 1289 2920 πρυτανεύει
1302 2884 1357 2915 τοῖς
1375 2883 1474 2916 ἔθνεσι,
1490 2883 1617 2919 ὀργάνοις
1631 2885 1687 2914 τοῖς
1701 2883 1863 2914 ἀποστόλοις

1075 2932 1113 2963 εἰς
1127 2931 1157 2959 τὸ
1171 2931 1348 2966 εὺαγγελικδν
1362 2931 1503 2967 κήρυγμα,
1526 2931 1572 2957 καὶ
1587 2931 1635 2966 τὴν
1656 2930 1794 2957 ἀπώλειαν
1812 2931 1859 2965 τῆς
