2056 3148
201 205 271 238 1365

728 209 767 239 IN
783 209 840 239 XII
860 209 1081 240 PROPHETAS
1100 212 1280 242 MINOIlES.

1759 190 1850 241 1266'

200 262 316 295 πλάνης,
333 261 381 288 καὶ
397 261 451 289 τῶν
469 263 628 299 μυστηρίων
642 264 691 300 τὴν
705 264 869 300 φανέρωσιν,
887 265 934 291 καὶ
944 265 992 299 τήν

1043 267 1234 301 mysteriorum
1263 267 1533 297 manifestalionem.
1569 268 1596 295 in
1622 266 1830 295 conversionem

201 308 371 343 ἐπιστροφὴν
382 308 437 335 τῶν
450 309 667 345 πεπλανημένων
683 312 865 346 χρησάμενος.

236 357 290 380 κα’.
317 354 378 380 Ὀτι
397 355 473 390 παρὰ
495 355 562 382 Θεοῦ
581 357 627 382 καὶ
651 357 701 392 τὴν
725 357 807 392 χάριν
821 359 863 385 δεῖ
879 360 926 386 καὶ
945 360 991 386 τὸν

200 400 283 434 νόμον
302 400 520 435 προσδέχεσθαι·
538 402 585 428 καὶ
611 402 720 438 διαϐολὴ
745 404 799 431 τῶν
826 405 992 440 Ἑλληνικῶν

203 445 340 479 μάντεων,
367 446 414 472 καὶ
443 446 542 481 ἀπειλὴ
569 448 623 474 τῶν
652 449 807 476 Ἰουδαϊκῶν
835 451 988 485 ποιμένων⁴

201 492 247 518 καὶ
263 494 416 528 προψητεία
428 494 478 528 τῆς
493 494 536 521 διὰ
546 494 600 521 τῶν
614 496 772 522 ἀποστόλων
788 497 920 532 ἐσομένης
935 498 992 523 ὲπε-

203 539 323 573 στροφῆς
333 539 377 566 διὰ
392 539 580 575 βαπτίσματος
595 542 640 567 καὶ
661 543 805 576 μετανοίας
817 543 848 569 ἐκ
864 544 913 577 τῆς
927 543 990 570 πλά-

201 593 250 618 νης
265 585 321 616 τοῖς
338 585 437 611 ἔθνεσι.

237 642 287 676 κβ¹.
314 643 469 678 Πρᾶρῤησις
495 644 598 670 εἰσόδου
617 644 686 680 πρὸς
708 645 741 671 τὰ
760 645 824 681 ἔθνη
841 645 887 672 τοῦ
907 645 990 672 mea-

203 693 286 719 ματος
297 694 304 700 ⁸
322 686 368 712 καὶ
385 686 501 714 εἰδώλων
520 687 649 720 πτώσεως
660 697 665 703 ’
678 689 725 715 καὶ
739 689 840 724 θρήνου
855 689 908 716 τῶν
927 690 991 717 Ἰου-

200 730 302 757 δαϊκῶν
317 732 464 766 ποιμένων,
481 733 524 767 ἐφ’
540 731 580 765 οἷς
598 736 775 769 καταργεῖται
799 735 833 761 τὰ
858 737 923 770 παρ’
942 736 991 762 αὑ-

201 777 256 808 τοῖς
273 777 419 812 καθάρσια.

193 836 196 840 ~
237 821 290 854 κγ’.
315 824 472 858 Προφήτεία
489 825 552 860 περὶ
568 825 696 859 Χριστοῦ,
713 827 867 861 ποιμαίνειν
882 827 990 864 εὐδοκία

199 868 247 894 τοῦ
272 869 379 902 Πατρὸς
405 869 439 896 τὰ
462 869 556 905 πρώην
581 871 740 898 ἀπολωλότα
761 872 913 907 μέλλοντος.
943 874 990 900 καὶ

200 914 298 949 ἀπειλὴ
315 915 365 950 τῆς
380 915 433 941 τῶν
452 916 585 943 Ἰουδαίων
597 918 765 953 πορθήσεως,
779 919 889 953 Καῖάφα
898 928 927 946 τε
943 920 990 946 καὶ

201 960 317 988 Πιλάτου
335 962 381 988 καὶ
402 962 522 997 Ἡρώδου
557 963 703 998 ἑξάρσεως,
737 965 820 1000 νόμου
842 974 872 992 τε
887 965 990 1000 ἐγγρά-

200 1015 252 1040 φου
271 1006 316 1032 καὶ
337 1007 451 1041 φυσικοῦ
477 1009 648 1043 μεταθέσεως
673 1011 712 1041 είς
736 1011 835 1037 αὑτόνθ
858 1012 989 1047 ἑκατέρου

200 1049 355 1085 διόρθωσιν.

238 1105 287 1134 κδ’.
315 1107 471 1142 Προφητεία
486 1109 536 1143 τῆς
551 1110 682 1145 ἐσομένης
698 1111 727 1138 ὲν
743 1112 800 1143 τοῖς
815 1112 902 1139 ἔθνεσι
919 1113 990 1147 γνώ-

203 1161 283 1186 σεως,
308 1154 357 1181 καὶ
381 1154 430 1189 τῆς
453 1155 500 1188 τρῦ
524 1155 627 1190 Κυρίου
652 1158 819 1191 φαντασίας
847 1158 894 1186 καὶ
917 1160 991 1192 ὅπως

200 1199 287 1234 αὐτῆς
306 1200 355 1234 μὲν
376 1199 505 1235 ἀδόκιμον
528 1201 636 1236 ἐδείχθη
659 1201 689 1228 τὺ
713 1203 854 1238 ἀργύριον,
880 1205 896 1240 ή
922 1205 991 1240 πρὸς

200 1246 246 1272 τὸν
265 1245 328 1276 λαὸν
341 1246 368 1271 δὲ
386 1247 440 1272 τῶν
464 1247 597 1274 Ἰουδαίων
611 1248 726 1284 διαθήκη
745 1251 907 1286 κατηγορία.

236 1294 286 1317 κε’.
313 1292 480 1327 Προφητεία,
496 1293 523 1319 τί
539 1294 588 1329 μὲν
602 1295 616 1320 ὁ
633 1295 816 1330 ’Δντίχριστος
832 1298 952 1332 ποιήσει,
967 1298 992 1324 τί

201 1335 230 1362 δὲ
249 1337 295 1363 καὶ
312 1337 404 1372 μέλλει
420 1337 574 1366 πείσεσθαι.

237 1397 293 1426 κς’.
318 1395 471 1431 Πρόρρησις
486 1395 540 1423 τῶν
557 1397 707 1432 μελλόντων
717 1399 750 1434 τῇ
769 1398 947 1436 Ἰερουσαλὴμ
964 1402 992 1427 ἐν

201 1441 234 1475 τῇ
261 1440 393 1476 πορθήσει
420 1442 611 1477 συμϐήσεσθαι
637 1444 758 1471 καὶτῶν
784 1445 922 1480 ἐσομένων
949 1447 993 1473 διὰ

203 1486 350 1520 μετανοίας
373 1487 539 1521 σωζομένοις
554 1489 674 1522 ἀγαθῶν,
692 1490 767 1522 ὅπως
790 1491 868 1518 αὐτοὶ
889 1493 938 1527 μὲν
953 1493 992 1524 εἰς

201 1533 252 1568 τὴν
266 1532 344 1565 τάξιν
358 1534 413 1560 τῶν
433 1534 544 1565 δικαίων
561 1535 752 1570 ἀναϐήσονται,
771 1537 811 1568 εἰς
825 1537 854 1563 δὲ
873 1538 923 1572 τὴν
939 1539 994 1565 τῶν

202 1578 324 1612 ἀγγέλων
340 1580 364 1605 οἰ
383 1579 492 1606 δίκαιοι.

237 1625 287 1657 κζ’.
316 1626 471 1660 Προφητείιι
485 1627 622 1660 ἀπωλείας
635 1628 779 1664 δαιμόνων,
795 1630 842 1656 καὶ
852 1631 901 1665 τῆς
914 1631 988 1666 ἰσχύ-

204 1679 270 1702 σεως
285 1671 336 1706 τῆς
352 1672 399 1698 ἐπὶ
413 1673 477 1704 τοὺς
499 1673 612 1705 πιστοὺς
628 1674 774 1709 γινομένης
793 1675 841 1702 τοῦ
865 1677 990 1712 Πνεύμα-

201 1725 264 1748 τος·
279 1718 326 1744 καὶ
348 1718 401 1744 τῶν
422 1718 559 1754 ἐσομένων
573 1720 602 1746 ὲν
614 1720 653 1755 τῷ
674 1721 763 1756 καιρῷ
775 1722 824 1757 τῆς
839 1723 994 1755 συντελείας

202 1764 259 1795 τοῖς
281 1763 419 1795 Ἰουδαίοις
432 1764 544 1791 κακῶν·
559 1765 678 1792 εἰδώλων
689 1775 719 1793 τε
739 1767 787 1793 καὶ
800 1767 848 1794 τοῦ
870 1768 994 1804 πνεύμα-

202 1818 248 1841 τος
264 1809 314 1845 τῆς
330 1810 434 1846 πλάνης
458 1810 657 1847 ὀλοθρεύσεως·
677 1813 724 1839 καὶ
750 1812 795 1840 οἷα
818 1813 857 1849 τῷ
882 1814 995 1850 Χριστῷ

202 1855 331 1891 ἐξαίρετα
346 1857 544 1892 προφητεύοντι
557 1859 633 1894 παρὰ
646 1859 694 1886 τοῦ
707 1859 774 1886 λαοῦ
788 1859 842 1887 τῶν
860 1860 994 1887 Ἰουδαίων

203 1903 358 1938 γενήσεται.

239 1951 293 1984 κη’.
321 1949 478 1985 Προφητεία
492 1950 539 1977 τοῦ
556 1951 724 1978 Δεσποτικοῦ
741 1952 868 1988 σταυροῦ,
885 1952 995 1988 καὶτῆς

203 1993 344 2029 ἀρνήσεως
361 1994 409 2021 τοῦ
425 1995 540 2030 Πέτρου,
563 1997 610 2023 καὶ
629 1996 679 2030 τῆς
692 1996 747 2022 τῶν
764 1997 922 2025 ἀποστόλων
936 1998 995 2024 δια-

204 2039 320 2074 σπορᾶς,
343 2040 391 2066 καὶ
415 2040 464 2074 τῆς
487 2041 542 2068 τῶν
571 2040 706 2068 Ἰουδαίων
727 2041 922 2077 ὀλοθρεύσεωε,
949 2043 996 2070 καὶ

203 2085 385 2121 προσλήψεως
397 2086 451 2113 τῶν
467 2087 496 2113 ὲν
511 2087 602 2119 αὐτοῖς
617 2087 760 2114 σωθέντων
778 2088 812 2115 δι’
828 2088 995 2124 ἐξομολογή-

204 2138 285 2162 σεως,
300 2130 348 2157 καὶ
360 2131 478 2166 Χριστοῦ
493 2133 671 2168 στρατηγίας,
686 2133 720 2168 ἣν
735 2133 803 2169 πρὸς
816 2134 878 2165 τοὺς
899 2134 995 2169 δαίμο-

202 2185 252 2209 νας
269 2177 338 2212 ὑπὲρ
350 2179 400 2213 τῆς
413 2179 551 2214 σωτηρίας
565 2180 619 2206 τῶν
634 2179 719 2206 ἐθνῶν
734 2181 946 2215 παρατάττεται.

238 2222 290 2250 κθ’.
312 2223 470 2260 Πρόρῥησις
490 2225 539 2260 τῆς
560 2225 606 2252 τοῦ
632 2225 751 2261 Χριστοῦ
774 2226 945 2262 ἀναλήψεως,
966 2227 996 2260 ὲξ

1042 320 1135 339 eorum
1213 319 1382 341 erraverunt.

1078 358 1148 385 XXI.
1159 359 1236 391 Quod
1253 368 1266 386 ιι
1282 361 1336 387 Deo
1353 366 1409 388 lum
1421 361 1474 393 lex,
1488 365 1544 387 tum
1560 360 1828 395 gratia,aec1pieiida

1042 404 1086 431 sit.
1097 404 1128 431 Et
1143 405 1273 432 detractio
1291 407 1432 441 gentilium
1444 411 1546 438 vatum.
1564 412 1591 433 et
1605 407 1686 433 mina:
1705 405 1833 433 Iudaico-

1043 456 1102 475 rum
1119 453 1270 483 pastorum.
1285 451 1450 478 \‘aticinium
1471 450 1660 477 conversionis
1679 459 1712 478 ex
1738 458 1831 476 errore

1043 494 1235 527 perapnslulos
1247 494 1373 529 gentibus
1388 494 1485 521 futune
1498 502 1546 529 per
1557 494 1722 530 baptismum
1739 498 1765 521 et
1775 503 1831 528 po:-

1043 538 1196 566 nitentium.

1077 640 1159 667 XXII.
1173 640 1317 669 Praedictio
1327 642 1504 677 ingrcssionis
1518 642 1635 677 Spiritus
1649 643 1676 669 in
1690 646 1794 677 gentes,
1805 645 1832 668 et

1042 687 1127 714 ruiuzc
1145 687 1290 720 idolorum,
1307 694 1334 715 et
1352 688 1557 716 lamentationis
1577 687 1754 715 Judaicorum
1784 695 1831 722 pa-

1041 735 1155 762 storum,
1170 739 1202 758 eo
1212 733 1282 766 quod
1292 738 1380 759 cessat
1394 733 1465 767 apud
1477 732 1550 766 ipsos
1559 731 1648 759 hostia
1658 731 1830 766 expiationis.

1077 822 1173 850 XXIII.
1187 822 1349 850 \‘atieinium
1365 824 1399 851 de
1414 824 1535 856 Christo,
1549 825 1596 859 qui
1607 832 1639 852 ex
1651 825 1722 852 bona
1735 825 1832 852 volun—

1043 873 1097 896 tate
1115 868 1204 895 Patris
1221 877 1332 903 pascere
1347 870 1470 896 debetea
1481 877 1542 904 qua:
1556 874 1620 897 ante
1634 869 1782 904 perierant.
1799 870 1832 896 Et

1042 913 1124 939 mina;
1138 913 1300 947 direptionis
1321 912 1487 945 Judmorum,
1503 919 1530 940 et
1555 913 1700 940 oblationis
1720 913 1832 948 Caiphze

1042 963 1069 985 et
1097 958 1221 990 Ilerodis,
1241 958 1308 993 legis
1340 963 1397 985 tum
1425 958 1534 993 scripta:
1557 964 1614 985 tum
1647 957 1781 985 naturalis
1805 958 1831 985 iu

1042 1004 1179 1031 Christum
1199 1004 1465 1038 trousl‘ormatimiis;
1483 1005 1628 1039 utriusque
1642 1004 1815 1031 instauratio.

1077 1107 1171 1134 XXIV.
1188 1106 1353 1134 Vaticinium
1366 1107 1465 1134 futura:
1475 1107 1501 1133 in
1518 1106 1646 1141 gentibus
1658 1105 1832 1141 cognitionis.

1042 1159 1068 1182 et
1080 1154 1259 1189 apparitionis
1274 1153 1382 1181 Domini
1401 1162 1408 1187 ;
1423 1158 1450 1180 et
1465 1153 1602 1180 accusatio
1615 1153 1752 1187 quomodo
1771 1153 1833 1179 nul-

1043 1200 1095 1228 lius
1120 1201 1197 1235 pretii
1215 1201 1303 1227 visum
1325 1204 1368 1227 est
1388 1204 1531 1234 argentum
1550 1199 1622 1234 ejus,
1639 1199 1745 1226 scilicet
1770 1206 1833 1226 cum

1042 1246 1143 1281 populo
1158 1246 1313 1273 Judaeorum
1331 1246 1429 1273 fmdus.

1078 1291 1160 1318 XXV.
1177 1292 1341 1319 Vaticinium
1355 1293 1420 1327 quid
1440 1292 1624 1330 Antichristus
1638 1291 1761 1319 facturus
1786 1289 1832 1322 sit.

1043 1339 1110 1373 quid
1130 1346 1196 1366 vero
1212 1346 1354 1374 passurus.

1080 1394 1174 1423 XXVI.
1191 1395 1332 1423 Praidietio
1347 1403 1510 1431 eorumquze
1521 1395 1671 1422 Jerusalem
1685 1393 1712 1420 in
1727 1393 1834 1421 destru-

1044 1442 1136 1469 ctione
1156 1445 1359 1476 superrentura
1380 1446 1455 1473 sunt,
1471 1445 1499 1469 et
1518 1442 1653 1468 bonorum
1679 1439 1833 1467 futurorum

1045 1488 1089 1515 liis
1102 1488 1147 1523 qui
1170 1496 1219 1523 per
1237 1487 1427 1522 paenitentiam
1442 1489 1509 1515 salvi
1526 1487 1645 1516 faciendi
1666 1491 1747 1518 sunt;
1763 1493 1833 1521 quo-

1047 1534 1127 1562 modo
1141 1534 1168 1560 hi
1180 1534 1290 1568 quidem
1307 1534 1335 1560 in
1351 1534 1476 1561 ordinem
1491 1534 1639 1568 justorum,
1658 1532 1725 1568 justi
1742 1536 1833 1559 autem

1047 1579 1075 1606 in
1092 1579 1216 1607 ordinem
1229 1581 1387 1615 angelorum
1406 1581 1567 1608 ascendcnt.

1083 1625 1190 1652 XXVII.
1208 1625 1375 1653 Vaticinium
1390 1626 1552 1661 perditionis
1563 1621 1729 1657 diemonum,
1740 1629 1767 1652 et
1778 1625 1835 1652 for-

1048 1672 1172 1699 titudinis
1185 1679 1234 1706 per
1248 1672 1380 1706 Spiritum
1400 1672 1526 1699 fidelibus
1538 1671 1646 1704 lutum,
1663 1671 1834 1698 etmalorum

1044 1718 1145 1746 Judwis
1159 1718 1312 1745 futurorum
1334 1718 1361 1745 in
1374 1722 1496 1753 tempore
1528 1716 1783 1749 consummationis,
1809 1720 1836 1743 et

1045 1765 1133 1793 ruina:
1154 1765 1288 1793 idolorum
1319 1769 1347 1792 et
1368 1764 1487 1799 Spiritus
1510 1763 1620 1796 erroris,
1653 1767 1681 1790 et
1710 1770 1835 1797 quamam

1044 1813 1156 1841 Christo
1182 1812 1282 1840 eximia
1309 1811 1484 1847 proplietanti
1509 1819 1523 1837 ιι
1549 1811 1648 1846 popqu
1678 1810 1835 1837 .Iudzeorum

1045 1859 1121 1887 ﬁenL

1081 1949 1380 1977 XXVIII.Vaticinium
1397 1951 1487 1978 crucis
1503 1950 1661 1982 Dominicm.
1674 1956 1702 1978 et
1712 1952 1822 1987 negatio

1045 1995 1088 2022 nis
1102 1995 1187 2028 Petri,
1206 1999 1234 2022 et
1249 1995 1427 2029 dispersionis
1442 1995 1638 2030 apostolorum,
1662 2000 1689 2023 et
1703 1996 1835 2031 perditio—

1045 2041 1088 2068 nis
1102 2040 1271 2072 Judaeorum,
1295 2045 1322 2067 et
1338 2041 1505 2076 acceptionis
1521 2049 1615 2069 eorum
1642 2042 1689 2077 qui
1716 2050 1748 2069 ex
1769 2042 1835 2077 ipsis

1045 2094 1094 2121 per
1121 2086 1321 2114 confessionem
1341 2085 1436 2113 salvati
1461 2086 1571 2118 fuerint,
1606 2091 1633 2113 ct
1655 2087 1836 2122 expeditionis

1045 2132 1148 2160 Christi
1163 2140 1243 2167 quam
1255 2137 1350 2159 contra
1370 2132 1508 2160 daemones
1525 2137 1637 2167 propter
1654 2133 1775 2168 gentium
1790 2141 1833 2160 sa-

1045 2179 1129 2206 lutem
1147 2178 1277 2212 disponit.

1082 2224 1335 2253 XXIX.Prmdictio
1361 2225 1565 2260 Assumptionis
1590 2225 1702 2258 Christi,
1732 2233 1764 2252 ex
1782 2233 1835 2260 qua

202 2265 237 2303 ἦς
250 2268 281 2295 τὺ
297 2270 446 2305 μυστήριον
461 2271 500 2301 είς
519 2271 568 2297 ὅλα
593 2272 733 2306 μερίζεται
761 2272 811 2307 τῆς
831 2273 992 2308 οἰκουμένης

1045 2271 1204 2307 mysterium
1229 2271 1401 2298 distribuitur
1418 2272 1444 2298 in
1469 2272 1594 2299 universa
1623 2272 1696 2299 orbis
1716 2271 1835 2304 climata,

203 2315 237 2341 τὰ
249 2315 370 2350 κλίματα
381 2324 387 2331 ·
401 2318 448 2343 καὶ
461 2318 615 2352 προφητεία
634 2317 688 2344 τῶν
701 2318 839 2352 ἐσομένων
853 2320 881 2345 ἐν
896 2320 993 2355 ἐκείνῳ

201 2359 242 2395 τῷ
256 2361 345 2396 καιρῷ
361 2362 519 2397 θαυμάτων,
536 2364 583 2390 καὶ
605 2364 654 2401 τῆς
670 2364 725 2390 τῶν
741 2364 826 2391 ἐθνῶν
842 2365 992 2400 ὑποταγῆς,

202 2407 250 2434 καὶ
277 2407 453 2444 Ἰερουσαλήμ
467 2409 516 2445 τῆς
538 2409 601 2441 νέας
619 2411 815 2446 κατοικήσεως.

237 2462 271 2490 λ’.
301 2463 414 2498 Ἀπειλὴ
431 2465 502 2492 κατὰ
517 2465 572 2492 τῶν
596 2465 634 2501 μὴ
648 2466 870 2502 ἐπιστρεψάντων
887 2468 972 2495 ἐθνῶν
985 2476 992 2482 '

202 2508 252 2534 καὶ
275 2509 402 2544 διήγησις
421 2510 469 2536 τοῦ
498 2510 614 2537 πλούτου
639 2512 694 2538 τῶν
718 2513 992 2549 ἐξομολογουμένων·

202 2555 251 2581 καὶ
265 2555 404 2589 ἀπόφασις
419 2556 490 2583 κατά
505 2556 559 2584 τῶν
574 2558 756 2593 ἁμαρτωλῶν,
770 2559 808 2591 ὡς
823 2560 993 2594 πεισομένων

201 2602 259 2633 τοῖς
276 2602 405 2629 ἀσεϐέσιν
421 2603 510 2636 ὃμοια.

237 2647 288 2674 λα’.
318 2648 476 2684 Προφητεία
493 2649 648 2684 ἀφανισμοῦ
666 2649 770 2686 πλάνης
787 2650 921 2686 ἐσομένης
938 2653 993 2684 τοῖς

203 2692 311 2720 ιθνεσι·
330 2695 378 2721 καὶ
401 2694 556 2731 πρόρρησις
573 2696 623 2730 τῆς
647 2697 676 2723 ἐν
691 2697 783 2729 αὐτοῖς
806 2698 993 2733 φυτευομένης

202 2740 333 2770 πίστεως,
353 2740 386 2766 δι’
402 2741 436 2775 ἣν
461 2741 510 2767 οὐκ
534 2741 574 2768 ἔτι
595 2742 645 2777 τὴν
665 2742 820 2778 διαϐολικὴν
843 2743 992 2770 ἀπελασίαν

201 2783 364 2812 δεδοίκασιν.

238 2830 288 2866 λβ’.
323 2831 434 2867 Ἀπειλὴ
450 2832 521 2859 κατὰ
535 2833 588 2859 τῶν
603 2833 640 2868 μὴ
654 2834 883 2869 παραῦαλλὸντων
897 2835 929 2870 τῇ
945 2835 992 2870 νέᾳ

207 2876 398 2913 Ἰερουσαλὴμ,
413 2877 484 2906 ὥστε
500 2879 534 2905 τὰ
549 2879 596 2906 νέα
612 2880 658 2906 τοῦ
672 2880 790 2915 Χριστοῦ
809 2881 992 2916 πανηγυρίσαι

203 2925 359 2959 μυστήρια”
383 2925 430 2952 καὶ
447 2926 608 2962 πρόρρησις,
627 2926 664 2961 τῷ
685 2927 856 2962 εὐαγγελικῷ
875 2927 992 2962 urg-.5:

1046 2322 1074 2345 et
1089 2317 1247 2345 vaticinium
1269 2317 1423 2350 futurorum
1447 2326 1480 2344 eo
1495 2322 1617 2353 tempore
1630 2317 1835 2351 miraculorum,

1045 2369 1073 2392 et
1087 2364 1267 2399 subiectionis
1285 2365 1420 2400 gentium,
1432 2369 1459 2392 et
1473 2364 1651 2391 habitationis
1667 2371 1744 2391 nova:
1757 2362 1835 2390 Jeru-

1046 2410 1145 2438 salem.

1080 2465 1165 2494 XXX.
1181 2466 1260 2495 Minae
1275 2467 1301 2494 in
1325 2474 1372 2494 eos
1389 2469 1436 2502 qui
1452 2475 1484 2494 ex
1500 2466 1625 2502 gentibus
1641 2473 1695 2492 non
1711 2466 1836 2493 conversi

1045 2513 1158 2546 fuerint,
1180 2519 1207 2540 et
1218 2513 1352 2548 expositio
1367 2513 1521 2540 divitiarum
1543 2521 1637 2540 eorum
1656 2513 1701 2547 qui
1717 2511 1834 2539 confessi

1046 2558 1158 2591 fuerint,
1178 2564 1205 2587 et
1219 2559 1354 2586 sententia
1368 2565 1464 2587 contra
1475 2564 1644 2595 peccatores,
1657 2559 1752 2586 eadem
1779 2560 1834 2587 sci‘

1046 2605 1109 2632 licet
1124 2613 1252 2640 passuros
1263 2613 1323 2633 esse
1338 2614 1398 2640 quae
1413 2606 1499 2641 impii.
1540 2600 1549 2609 “

1080 2651 1175 2679 XXXI.
1195 2652 1359 2679 Vaticinium
1375 2652 1409 2679 de
1417 2660 1509 2679 errore.
1518 2652 1657 2687 gentilium
1673 2651 1833 2680 auferendo.

1044 2701 1072 2724 et
1088 2697 1228 2731 praedictio
1242 2697 1276 2724 de
1288 2697 1432 2731 plantanda
1451 2697 1522 2724 inter
1536 2705 1584 2724 eos
1598 2697 1661 2729 Iide,
1682 2705 1763 2732 quam
1779 2705 1834 2724 am-

1044 2744 1114 2779 plexi
1131 2744 1204 2772 haud
1221 2744 1337 2779 amplius
1352 2744 1453 2772 diaboli
1468 2745 1685 2779 persecutionem
1707 2744 1813 2772 timent.

1079 2835 1187 2863 XXXII.
1198 2835 1276 2863 Minze
1285 2841 1378 2864 contra
1388 2844 1435 2864 eos
1447 2837 1492 2872 qui
1501 2845 1555 2864 non
1563 2836 1743 2864 adhmrebtmt
1755 2844 1832 2863 norm

1042 2879 1206 2912 Jerusalem,
1224 2880 1259 2907 ita
1279 2885 1307 2908 ut
1323 2889 1392 2908 nova
1405 2881 1507 2908 Christi
1525 2881 1664 2908 celebrent
1688 2881 1833 2915 mysteria,

1043 2932 1070 2954 et
1081 2926 1222 2962 pratdictio
1235 2931 1330 2962 gentes
1343 2926 1500 2963 evangelise
1512 2927 1597 2955 verbo
1608 2927 1752 2955 frcnaudas
1763 2926 1831 2954 fore.
