2056 3148
172 1589 174 1592 '
222 1584 315 1611 vivant
329 1585 357 1612 in
382 1585 529 1621 hypocrisi,
546 1590 646 1620 sponte
664 1586 750 1622 legero
771 1586 1015 1621 transgredientes,

205 191 269 225 137i

205 247 333 276 ebrietati
347 252 374 276 et
387 254 534 276 munerum
550 247 703 283 acceptioni
715 247 877 284 indulgent;
893 253 921 277 et
931 253 1000 277 vati—
1015 252 1037 280 Α

207 295 308 322 ciuium
317 294 450 322 malorum
462 294 563 330 quibus
575 294 602 321 hi
614 295 745 330 puniendi
755 299 820 322 sunt
830 304 838 328 ;
847 299 873 322 et
884 295 1001 330 promis-

207 340 250 368 sio
261 339 409 368 vocationis
426 341 548 375 gentium
563 343 591 367 et
605 339 770 374 evangelicae
785 340 998 375 pradicationis.

207 391 235 413 et
247 385 461 421 perturbationis
473 393 555 420 quam
569 385 633 412 inde
645 385 771 413 diabolus
783 393 919 420 passurus
932 390 985 412 est.

243 431 288 460 IX.
307 432 442 466 Aspcctus
458 431 550 467 gloria:
573 431 631 464 Dei,
655 436 683 459 et
707 431 831 459 stationis
848 439 956 459 necnon
974 436 1002 458 et

208 478 333 505 melodia:
345 478 501 514 Seraphin].
514 478 618 505 Electio
631 479 772 513 propheta:
780 478 814 505 ad
829 477 1002 512 arguentium

208 523 317 551 Ju-lzeos
334 523 419 557 missi,
435 528 464 551 et
478 524 510 551 ad
528 524 732 558 praedicandum
750 532 781 551 ea
800 532 860 559 qua:
883 533 916 552 ex
936 524 1003 551 obe-

209 570 311 598 dientia
325 570 391 604 ipsis
404 570 618 605 exspectandum
631 574 683 598 est.

245 615 279 642 Χ.
300 613 424 656 Narratio
446 615 630 650 expeditionis
652 615 724 650 regis
747 615 879 642 Samaria:
907 619 1002 642 contra

212 669 302 696 regem
322 660 410 693 ludas,
434 665 463 688 et
479 661 567 696 iussio
589 661 635 688 Dei
651 661 685 688 ad
703 662 876 696 prophetam,
894 661 1004 689 confor-

212 711 314 734 tantem
336 714 428 742 regem
445 706 534 740 Judaa,
556 707 662 735 scilicet
680 708 847 742 insurgentis
867 708 894 735 in
915 709 1003 743 ipsum

211 759 282 779 vana
299 752 438 784 statuisse.
458 760 520 779 cum
538 752 660 780 Samaria
678 753 729 781 sub
744 753 859 789 imperio
884 754 1005 790 Assyrio-

213 804 275 824 rum
290 797 327 824 sit
339 798 498 833 redigenda.

249 888 295 915 XI.
312 887 475 916 Vaticinium
491 889 676 925 generationis
688 888 838 918 Salvatoris
851 898 884 919 ex
895 891 1006 927 Virgine

215 935 262 962 Dei
278 934 427 967 Genitrice,
443 939 470 963 et
483 936 676 964 miraculorum
692 945 752 972 quae
772 936 900 966 Christus
918 938 1010 966 adhuc
1024 933 1046 961 Β

216 981 345 1015 parvulus
372 985 535 1016 operaturus
554 985 628 1014 erat,
649 986 704 1009 tum
733 982 784 1018 ipsi
809 982 909 1011 ludam
929 984 1011 1011 bene-

215 1027 328 1059 I’aciens,
347 1031 403 1054 tum
419 1031 513 1062 gentes
530 1035 642 1059 vocans,
663 1032 721 1055 tum
739 1028 878 1057 diabolum
901 1030 1010 1057 irritum

215 1074 330 1107 faciens,
349 1077 406 1101 tum
425 1075 520 1109 gratiae
536 1075 637 1102 fontem
658 1076 805 1111 aperiens,
828 1082 885 1104 tum
908 1077 1009 1105 sterili-

216 1124 301 1148 tatem
315 1125 394 1148 terra:
405 1120 433 1148 in
454 1121 586 1149 virtutum
600 1121 798 1151 fecunditatem
812 1127 1009 1153 transmutans.

254 1165 312 1194 XII.
332 1167 475 1195 Prmdictio
497 1169 663 1204 evangelicae.
683 1169 836 1205 Scriptura:
864 1178 880 1198 a
901 1171 959 1207 lege
984 1175 1012 1198 et

218 1213 358 1248 prophetis
375 1214 515 1242 allirmatae
531 1219 559 1242 et
574 1216 761 1250 generationis
779 1216 894 1250 Christi,
915 1222 943 1245 et
965 1217 1013 1246 di:-

218 1259 379 1288 structionis
394 1259 506 1287 diaboli.

253 1304 324 1332 XIII.
346 1304 425 1333 Minae
437 1305 463 1332 in
475 1305 595 1340 .Iudrcos,
610 1314 661 1342 pro
672 1315 706 1335 eo
717 1308 790 1343 quod
800 1308 916 1336 verbum
926 1317 1012 1337 evan-

219 1353 312 1388 gelica:
326 1353 422 1388 gratia
439 1358 610 1387 renucrunt;
628 1359 656 1382 et
666 1354 728 1382 ideo
737 1355 789 1382 sub
801 1363 896 1384 errore
912 1355 1013 1384 diaboli

219 1401 413 1427 versabuntur.
441 1399 474 1426 Et
499 1399 703 1428 animadversio
727 1405 824 1428 contra
852 1401 1012 1436 daemones,

220 1443 325 1471 scilicet
339 1444 466 1480 quamvis
484 1445 517 1472 ad
537 1450 645 1481 tempus
659 1451 754 1474 contra
773 1455 824 1475 nos
838 1448 1013 1483 prevaleant.

221 1494 352 1524 attamen,
368 1491 425 1518 Deo
438 1491 647 1526 commilitante,
657 1493 813 1521 vincentur.
830 1494 864 1521 Et
877 1495 1015 1522 accusatio

220 1537 377 1566 Iudaeorum
393 1539 466 1574 quod
488 1539 600 1567 Christo
621 1547 677 1567 non
696 1539 874 1572 crediderint,
895 1544 922 1567 ct
942 1541 1015 1575 quod

222 1635 250 1658 et
267 1631 366 1659 frustra
380 1631 516 1666 jactanles
529 1639 606 1659 suam
623 1632 652 1660 in
673 1632 758 1660 Deum
774 1632 980 1660 conﬁdentiam.

259 1725 330 1753 XIV.
351 1725 499 1762 Prophctia
510 1726 665 1762 adoptionis
675 1726 794 1754 ﬁliorum
807 1735 856 1762 per
867 1727 1017 1760 Christum,

223 1771 299 1807 juxta
316 1773 437 1808 prodigia
458 1773 492 1799 ab
512 1772 572 1808 ipso
592 1773 724 1808 patranda
750 1773 776 1799 in
802 1772 972 1806 Jerusalem;
991 1779 1020 1801 et

225 1819 360 1846 dissuasio
379 1826 413 1846 ne
432 1819 590 1846 intendatur
608 1819 642 1846 ad
667 1819 786 1854 gentiles
815 1820 1018 1854 divinationes;

226 1870 254 1892 et
268 1865 405 1893 accusatio
429 1866 587 1894 Juilaeorum
613 1865 687 1901 quod
707 1870 846 1901 acceptam
875 1867 962 1902 legem
980 1867 1020 1895 eis

226 1918 282 1937 non
296 1911 453 1938 adhxrendi
473 1919 526 1938 non
545 1911 725 1945 servaverint,
743 1916 771 1939 et
790 1912 852 1940 ideo
868 1912 896 1940 in
914 1913 1021 1949 magnis

227 1955 427 1983 calamitatibus
442 1956 575 1983 incidunt.

264 2000 323 2029 XV.
342 2002 454 2029 Vocatio
471 2003 592 2038 gentium
617 2006 645 2030 et
669 2002 830 2030 vaticinium
852 2003 1022 2032 liberationis

227 2057 334 2082 carum,
345 2053 372 2076 et
383 2049 492 2077 malitia:
503 2050 668 2082 daemonum,
678 2055 706 2077 et
717 2050 793 2084 pravi
807 2050 857 2078 zeli
866 2049 1021 2078 Judaaorum

228 2097 263 2123 de
287 2095 462 2131 generatione
483 2095 585 2124 Christi
608 2096 656 2132 qui
685 2103 800 2132 regnum
825 2096 910 2124 David
938 2105 1022 2125 reno-

229 2144 303 2167 varet
309 2159 316 2166 .

262 2185 333 2213 XVI.
353 2185 498 2212 Prmdictio
521 2185 724 2220 corrcptionum
742 2193 758 2212 ιι
788 2185 844 2213 Deo
865 2186 1023 2221 missarum,

230 2237 289 2260 tum
302 2230 414 2262 Judaeis,
433 2235 489 2258 tum
504 2231 546 2258 his
559 2230 605 2265 qui
618 2234 801 2258 contemnunt
820 2238 918 2258 novam
939 2230 1023 2265 Sion;

230 2284 258 2306 et
272 2277 408 2306 detractio
423 2277 581 2305 Iudaeorum
600 2276 767 2311 principum,
791 2284 825 2304 eo
841 2277 915 2312 quod
933 2285 1023 2312 popu-
1040 2281 1061 2308 ο

231 2326 287 2352 lum
309 2325 335 2351 in
353 2331 476 2352 errorem
496 2323 664 2350 induxerint.
678 2322 712 2349 Et
724 2323 848 2351 narratio
868 2324 1021 2359 correptio-

232 2379 297 2398 num
313 2378 373 2406 qua:
387 2370 453 2406 ipsis
470 2369 519 2397 Dei
537 2369 633 2397 dextra
650 2369 733 2397 illata;
754 2373 830 2397 sunt.
851 2369 885 2397 Et
907 2374 1023 2405 questus

233 2422 328 2444 contra
350 2417 443 2452 inique
460 2415 627 2451 iudicantes,
651 2415 724 2451 quod
750 2416 887 2444 excitetur
913 2416 954 2444 ira
975 2415 1022 2444 Dei

234 2463 371 2498 praecipue
385 2470 482 2490 eorum
500 2469 594 2490 causa.

272 2555 353 2584 XVII.
374 2556 453 2583 Minae
477 2564 505 2583 in
530 2555 669 2591 Assyrios,
690 2555 741 2583 sub
765 2563 882 2591 quorum
907 2563 1024 2590 persona

234 2604 374 2631 daemones
394 2602 498 2630 indicat
520 2606 624 2630 etcum
645 2602 686 2630 eis
706 2601 857 2636 diabolum,
881 2602 960 2638 quasi
983 2602 1028 2630 in-

235 2653 392 2685 surgentem
417 2653 514 2675 contra
534 2647 632 2680 Deum,
647 2651 675 2675 et
690 2647 865 2676 aﬂ‘ectantcm
886 2647 1025 2675 universae

237 2701 316 2724 tome
324 2694 547 2726 dominationem.
561 2701 614 2721 nec
627 2694 794 2729 cogitantem
809 2701 839 2722 se
851 2701 900 2729 per
917 2701 1027 2721 conces-

236 2743 342 2770 sionem
358 2740 386 2767 in
400 2738 539 2766 modicum
554 2739 741 2774 pravaluisse.

273 2788 367 2817 XVIII.
385 2788 521 2816 Allocutio
541 2787 614 2815 ﬁdeli
634 2788 735 2823 popqu
756 2796 790 2815 ne
811 2788 906 2815 timeat
922 2787 1028 2815 daemo-

236 2842 297 2867 nes,
324 2839 418 2870 utpote
433 2841 550 2869 quorum
566 2833 687 2870 tyrannis
707 2841 770 2861 mox
787 2834 824 2860 sit
840 2833 1025 2865 conterenda;

238 2886 266 2908 et
282 2881 413 2909 indicium
431 2880 600 2916 operationis
618 2879 760 2908 diabolica:
775 2886 856 2914 quam
877 2879 904 2906 in
927 2877 1029 2906 .Iudzeis

240 2934 289 2962 per
301 2926 402 2955 cecdem
418 2934 567 2964 puerorum
589 2926 623 2953 ab
641 2925 747 2952 Ilcrode
761 2928 942 2951 “iactaturum
961 2932 1028 2959 ope-

794 193 976 224 HESYCHII
997 194 1236 225 PRESBYTERI

1053 249 1125 286 μέθῃ
1139 259 1168 277 τε
1181 250 1231 277 καὶ
1249 247 1400 285 δωροδοκίᾳ
1415 245 1601 283 σχολαζόντων
1610 253 1616 260 ·
1634 243 1681 273 καὶ
1692 245 1846 280 προφητεία

1055 293 1093 322 ὦν
1113 294 1186 323 οὗτοι
1202 295 1384 332 τιμωρεῖσθαι
1397 294 1539 329 μέλλουσιο
1554 291 1603 319 καὶ
1619 290 1765 326 ὑπόσχεσις
1780 290 1846 324 κλή-

1055 351 1126 375 σεως
1141 343 1239 375 ἐθνῶν,
1256 343 1304 370 καὶ
1320 341 1503 370 ἀποστολικοῦ
1525 338 1715 374 κηρύγματος,
1734 337 1782 364 καὶ
1802 336 1847 363 θο-

1055 389 1139 424 ρύϐου
1156 389 1186 416 ὅν
1199 389 1325 416 ἐντεῦθεν
1333 387 1453 424 ,ἔμελλεν
1463 388 1477 414 ὁ
1493 386 1618 416 διάϐολος
1634 384 1787 411 πείσεσθαι.

1093 434 1126 461 θ’.
1146 435 1255 470 Θεωρία
1264 435 1343 470 δόξης
1352 433 1432 466 Θεοῦ,
1447 433 1496 459 καὶ
1511 432 1563 467 τῆς
1576 431 1631 458 τῶν
1641 431 1768 465 Σεραφὶμ
1782 429 1848 456 στά-

1057 479 1125 511 σεώς
1141 489 1170 507 τε
1182 481 1228 507 καὶ
1238 480 1377 515 ὑμνῳδίας
1390 487 1396 494 ³
1406 479 1454 506 καὶ
1464 476 1617 513 χειροτονία
1628 476 1675 503 τοῦ
1695 476 1848 511 προφήτου,

1056 526 1246 562 κατηγορῆσαι
1265 525 1320 553 τῶν
1347 524 1484 552 Ἰουδαίων
1502 522 1685 557 πεμφθέντος,
1702 522 1747 548 καί
1762 522 1849 556 κηρύ-

1056 572 1101 604 ξαι
1112 572 1185 608 ἅπερ
1199 572 1231 599 ὲκ
1246 573 1294 607 τῆς
1314 571 1440 605 ὑπακοῆς
1451 570 1562 606 ἔμελλον
1575 568 1788 604 ὑποστήσεσθαι.

1093 618 1119 645 ι’.
1139 618 1273 654 Διήγησις
1286 617 1332 644 τοῦ
1349 617 1480 653 βασιλέως
1490 616 1647 652 Σαμαρείας
1661 616 1732 643 κατὰ
1742 615 1789 642 τοῦ
1803 615 1851 650 βα-

1057 664 1154 695 σιλέως
1171 664 1221 698 τῆς
1237 663 1366 696 Ἰουδαίας
1386 663 1615 694 ἐπαναστάσεως·
1632 662 1678 689 καὶ
1686 661 1852 697 πρόσταγμα

1056 709 1104 736 τοῦ
1122 709 1191 736 Θεοῦ
1213 709 1280 744 πρὸς
1296 709 1342 736 τδν
1368 707 1523 745 προφήτην,
1540 707 1789 744 παραθαρρύνοντα
1808 707 1853 734 τὸν

1059 756 1170 791 βασιλέα
1191 756 1239 790 τῆς
1257 755 1398 790 Ἰουδαίας,
1423 755 1462 786 ὡς
1489 755 1543 781 τῶν
1567 754 1782 781 ἐπαναστάντων
1791 754 1853 779 κατ’

1058 802 1142 829 αὑτοῦ
1177 802 1280 837 μάταια
1310 801 1549 837 βουλευσαμένων,
1570 800 1720 835 μελλούσης
1750 800 1778 826 δὲ
1803 799 1855 833 τῆς

1059 847 1219 882 Σαμαρείας
1231 848 1284 874 ὑπὸ
1292 848 1343 883 τὴν
1358 847 1499 883 βασιλείαν
1513 847 1665 882 ’Δσσυρὲων
1678 845 1854 881 γενήσεσθαι.

1097 893 1143 922 ια’.
1166 894 1324 929 [Ιροψητεία
1339 895 1387 929 τῆς
1402 894 1452 920 τοῦ
1466 893 1592 928 Σωτῆρος
1605 894 1637 919 ὲκ
1649 891 1700 926 τῆς
1715 891 1856 926 Παρθένου

1060 940 1110 975 τῆς
1123 940 1256 967 Θεοτόκου
1273 940 1444 975 γεννήσεως·
1464 940 1510 965 καὶ
1527 936 1565 965 ὧν
1579 939 1593 964 ὁ
1610 937 1727 973 Χριστὸς
1747 936 1856 971 θαυμα-

1060 985 1187 1020 τουργεῖν
1209 984 1250 1011 ἔτι
1267 984 1367 1020 βρέςρος
1385 983 1423 1011 ὢν
1443 983 1566 1019 ἔμελλεν,
1585 982 1671 1018 αὐτὴν
1682 990 1711 1009 τε
1723 982 1772 1016 τὴν
1789 981 1858 1008 Ἰου-

1059 1030 1139 1057 δαίαν
1152 1031 1318 1066 εὐεργετῶν,
1336 1031 1383 1057 καὶ
1397 1031 1431 1057 τὰ
1444 1029 1508 1066 ἒθνη
1528 1029 1631 1062 καλῶν,
1644 1030 1691 1056 καὶ
1706 1028 1752 1054 τὸν
1767 1027 1860 1054 διαϐο-

1060 1077 1107 1105 λον
1133 1077 1292 1113 καταργῶν,
1319 1077 1368 1104 καὶ
1389 1077 1439 1112 τὴν
1467 1077 1550 1112 χάριν
1570 1075 1716 1111 πηγάζων,
1741 1074 1788 1100 καὶ
1809 1073 1860 1107 τὴν

1061 1125 1202 1159 ἀκαρπίαν
1211 1124 1260 1159 τῆς
1267 1123 1318 1159 γῆς
1329 1124 1368 1155 εἰς
1379 1121 1484 1158 ἀρετῶν
1492 1121 1677 1158 καρπογονίαν
1687 1119 1859 1156 μεταϐαλών.

1097 1170 1141 1206 ιβ’.
1164 1170 1323 1206 Ιίρόρρησις
1343 1168 1528 1204 εὐαγγελιχῆς
1550 1167 1727 1203 συγγραφῆς,
1749 1165 1802 1192 ὑπὸ
1817 1165 1860 1191 νό-

1064 1227 1116 1253 μου
1139 1218 1187 1245 καὶ
1209 1217 1359 1253 προφητῶν
1382 1215 1625 1251 μαρτυρουμένης,
1638 1213 1686 1240 καὶ
1704 1212 1861 1247 γεννήσεως

1063 1263 1194 1300 Χριστοῦ,
1209 1263 1257 1290 καὶ
1275 1263 1401 1290 διαὸόλου
1417 1261 1590 1297 πορθήσεως.

1100 1310 1144 1345 ιγ’,
1171 1310 1284 1344 Ἀπειλὴ
1295 1311 1366 1336 κατὰ
1377 1308 1431 1335 τῶν
1448 1307 1594 1338 Ἰουδαίων,
1606 1306 1663 1333 ἀνθ’
1672 1302 1710 1332 ὧν
1721 1305 1766 1331 τὸν
1779 1303 1862 1338 λόγον

1063 1355 1113 1390 τῆς
1136 1354 1320 1389 εὐαγγελικῆς
1348 1354 1543 1390 παρῃτήσαντο
1574 1352 1698 1388 χάριτος,
1721 1351 1770 1377 καὶ
1806 1349 1862 1376 ὑπ’)

1063 1400 1113 1436 τὴν
1132 1400 1240 1434 πλάνην
1261 1399 1309 1426 τοῦ
1329 1398 1455 1425 διαδόλου
1467 1398 1512 1424 διὰ
1525 1396 1604 1424 τοῦτο
1616 1397 1790 1431 γενήσονται.
1804 1393 1862 1420 Καὶ

1065 1446 1195 1482 ἐπιτιμία
1213 1445 1285 1473 κατὰ
1303 1444 1450 1480 δαιμόνων,
1469 1444 1510 1470 δτι
1532 1442 1584 1470 κᾶν
1599 1442 1668 1477 πρὸς
1687 1441 1783 1477 καιρὸν
1797 1440 1862 1467 καθ’

1066 1493 1145 1528 ἡμῶν
1158 1492 1316 1527 ίσχύσωσιν,
1328 1490 1397 1518 ἀλλὰ
1409 1489 1455 1516 τοῦ
1467 1488 1535 1516 Θεοῦ
1554 1486 1763 1523 συμμαχοῦντος
1775 1487 1861 1521 ἡττη-

1067 1539 1207 1574 θήσονται.
1225 1537 1280 1564 Καὶ
1292 1536 1447 1572 κατηγορία
1469 1534 1616 1567 Ἰουδαίων,
1627 1534 1665 1565 ὠς
1676 1531 1865 1560 ἀπειθούντων

1068 1585 1107 1620 τῷ
1119 1583 1240 1620 Χριστῷ,
1255 1583 1303 1610 καὶ
1316 1582 1464 1616 διαγόντων
1480 1581 1529 1616 μὲν
1554 1582 1583 1608 ὲν
1601 1580 1754 1616 ὑποκρίσει,
1771 1579 1865 1606 ἑκοντὶ

1068 1632 1097 1658 δὲ
1109 1632 1155 1657 τὸν
1172 1631 1255 1666 νόμον
1279 1629 1519 1664 παραϐαινόντων,
1538 1628 1587 1654 καὶ
1602 1627 1691 1662 μάτην
1705 1625 1865 1661 αὐχούντων

1068 1677 1118 1713 τὴν
1132 1677 1172 1708 είς
1185 1675 1252 1702 Θεὸν
1264 1674 1436 1709 πεποίθησιν.

1106 1723 1146 1750 ιδ’.
1169 1722 1329 1757 Προφητεὶα
1349 1720 1489 1752 υἱοθεσίας
1506 1720 1551 1746 διὰ
1566 1718 1688 1755 Χριστοῦ
1712 1718 1784 1745 κατὰ
1810 1717 1867 1744 τῶν

1070 1768 1209 1803 ἐσομένων
1227 1767 1294 1802 παρ’
1310 1765 1394 1794 αὑτοῦ
1411 1765 1534 1801 σημείων
1553 1766 1583 1792 ὲν
1605 1764 1801 1800 Ἰερουσαλήμ·
1819 1762 1868 1789 καὶ

1070 1815 1214 1850 ἀποτροπὴ
1225 1814 1272 1841 τοῦ
1288 1813 1435 1850 προσέχειν
1455 1812 1626 1847 Ἑλληνικαῖς
1644 1811 1802 1846 μαντείαις”
1819 1809 1868 1835 καὶ

1071 1861 1226 1896 κατηγορία
1241 1861 1295 1887 τῶν
1328 1859 1476 1891 Ἰουδαίων,
1492 1859 1534 1885 ὅτι
1556 1859 1640 1893 νόμον
1656 1857 1784 1887 λαῦὁντες
1795 1855 1867 1882 ὥστε

1071 1908 1178 1940 τούτοις
1201 1909 1238 1943 μὴ
1259 1907 1415 1942 προσέχειν,
1440 1906 1490 1932 οὐκ
1516 1904 1672 1939 ἐφύλαξαν·
1700 1903 1748 1930 καὶ
1771 1902 1871 1933 κακοῖς

1072 1954 1116 1981 διὰ
1131 1953 1211 1980 τοῦτο
1230 1953 1361 1987 μεγάλοις
1375 1952 1582 1987 περιπίπτουσι.

1111 2003 1153 2027 ιε’.
1175 2000 1280 2035 Κλῆσις
1299 1998 1396 2030 ἐθνῶν,
1428 1998 1476 2025 καὶ
1507 1996 1662 2032 προφητεία
1689 1995 1740 2030 τῆς
1765 1994 1868 2020 τούτων

1074 2047 1244 2083 ἐλευθερίας,
1269 2046 1376 2081 καὶτῆς
1400 2045 1456 2072 τῶν
1478 2044 1615 2079 δαιμόνων
1648 2041 1793 2077 πονηρίας,
1821 2040 1870 2067 καὶ

1074 2094 1160 2130 ζήλου
1175 2091 1298 2129 πονηροῦ
1314 2092 1368 2119 τῶν
1392 2091 1538 2121 Ἰουδαίων,
1557 2091 1603 2116 ἐπὶ
1627 2091 1661 2124 τῇ
1679 2089 1805 2122 γεννήσει
1821 2085 1869 2113 τοῦ

1073 2140 1204 2177 Χριστοῦ.
1222 2140 1299 2170 ὅστις
1310 2138 1359 2174 τὴν
1373 2137 1513 2173 βασιλείαν
1527 2136 1574 2163 τοῦ
1590 2135 1672 2162 Δαυῖδ
1688 2134 1833 2162 ἁνενέωσε.

1111 2190 1160 2220 ις’.
1182 2187 1341 2222 Πρόῤῥησις
1376 2184 1431 2210 τῶν
1461 2182 1672 2210 ἀποσταλέντων
1702 2180 1777 2216 παρὰ
1800 2178 1870 2205 θεοῦ

1076 2232 1206 2260 παιδειῶν
1229 2232 1287 2262 τοῖς
1312 2239 1342 2257 τε
1366 2229 1506 2260 Ἰουδαίοις
1539 2228 1586 2255 καὶ
1614 2229 1671 2258 τοῖς
1698 2225 1870 2259 ὲξουθενοὶσι

1076 2280 1126 2314 τὴν
1140 2278 1204 2305 νέαν
1231 2277 1317 2304 Σιών·
1334 2276 1382 2303 καὶ
1398 2274 1510 2309 διαϐολὴ
1523 2275 1578 2301 τῶν
1602 2273 1759 2300 Ἰουδαϊκῶν
1770 2272 1870 2307 ἀρχόν-

1073 2334 1138 2358 των,
1157 2324 1201 2360 ἐφ’
1225 2322 1267 2356 οἷς
1282 2323 1328 2351 τδν
1346 2323 1410 2349 λαὸν
1428 2322 1570 2349 ὲπλὰνωνο
1594 2320 1642 2348 καὶ
1666 2320 1793 2355 διήγησις
1815 2318 1872 2344 τῶν

1074 2370 1217 2404 παιδειῶν,
1236 2371 1354 2402 αἵτινες
1379 2369 1472 2400 αὐτοῖς
1495 2369 1529 2395 ὲκ
1556 2368 1605 2403 τῆς
1622 2367 1671 2394 τοῦ
1697 2366 1765 2393 Θεοῦ
1778 2365 1871 2397 δεξιᾶς

1301 2390 1352 2443 καί
1375 2390 1568 2450 σχετλίασμὺς,
1584 2390 1661 2440 ⁸κατὰ
1678 2412 1734 2439 τῶν
1752 2390 1880 2450 παρανάξ

1077 2474 1134 2501 μως
1147 2464 1305 2499 κρινόντων,
1321 2463 1358 2495 ὼς
1374 2460 1553 2498 ἀκμαζούσης
1568 2460 1618 2495 τῆς
1632 2459 1716 2495 ὀργῆς
1733 2458 1780 2485 τοῦ
1790 2456 1872 2488 Θεοῦ,

1075 2510 1165 2537 αὐτῶν
1179 2509 1263 2536 ἕνεκα
1281 2507 1407 2544 μάλιστα.

1112 2556 1155 2588 ιζ’.
1183 2555 1296 2590 Ἀπειλὴ
1313 2554 1384 2581 κατὰ
1406 2553 1571 2590 Ἀσσυρίων,
1588 2554 1616 2579 ὲν
1632 2550 1723 2589 ᾖτοὺς
1741 2550 1873 2586 δαίμονας

1076 2602 1236 2632 αἰνίττεται.
1255 2601 1303 2628 καὶ
1317 2601 1367 2628 σὺν
1384 2601 1478 2632 αὐτοῖς
1489 2599 1535 2626 τὸν
1553 2598 1687 2630 διάδολον,
1701 2598 1739 2629 ὠς
1752 2597 1873 2632 ἀρθέντα

1077 2649 1149 2676 κατὰ
1159 2648 1240 2680 Θεοῦ,
1259 2647 1308 2674 καὶ
1328 2647 1420 2681 πάσης
1433 2645 1484 2680 τῆς
1499 2645 1551 2680 γῆς
1565 2643 1702 2678 κρατῆσαι
1718 2642 1872 2677 προσδοκή-

1078 2705 1174 2729 σαντα,
1186 2695 1232 2722 καλ
1251 2695 1288 2730 μὴ
1305 2692 1498 2727 λογισάμενον,
1513 2691 1609 2725 ὅτιπερ
1622 2690 1654 2716 ὲκ
1671 2689 1873 2724 συγχωρήστως

1077 2741 1146 2768 Θεοῦ
1164 2739 1233 2775 πρὸς
1249 2739 1338 2773 ὀλίγον
1354 2737 1504 2773 ἐκράτησε.

1115 2789 1159 2821 ιη’.
1182 2784 1384 2821 Προσφώνησις
1405 2782 1444 2818 τῷ
1471 2780 1561 2816 πιστῷ
1587 2779 1656 2814 λαῷ,
1686 2779 1723 2813 μὴ
1755 2777 1875 2805 δεδιέναι

1078 2834 1142 2864 τοὺς
1160 2832 1303 2867 δαίμονας,
1321 2831 1358 2862 ὠς
1375 2830 1457 2864 τάχος
1474 2828 1565 2855 αὐτῶν
1588 2826 1741 2862 μελλούσης
1756 2825 1806 2859 τῆς
1827 2833 1877 2850 τυ-

1080 2877 1204 2914 ραννίδος
1224 2875 1436 2911 συντρίῦεσθαι·
1453 2873 1499 2900 καὶ
1516 2872 1633 2907 αἴνιγμα
1653 2871 1702 2906 τῆς
1714 2869 1878 2904 διαῦολικῆς

1081 2924 1231 2959 ἐνεργείας,
1245 2924 1279 2955 ἢν
1289 2924 1318 2949 ὲν
1334 2923 1388 2953 τοῖς
1410 2920 1546 2951 Ἰουδαίοις
1558 2919 1600 2945 διὰ
1612 2918 1661 2953 τῆς
1679 2915 1800 2952 Ἡρώδου
1813 2924 1876 2942 παι-
