2056 3148
191 206 260 239 1373

908 214 948 244 IN
969 213 1110 247 ISAIAM.

1761 222 1829 256 1374

188 265 330 296 δοκτονίας
344 262 483 302 ἐνήργησε
497 275 504 282 ⁵
522 268 569 294 καὶ
586 268 760 305 παράκλησις
774 269 843 305 πρὸς
861 269 911 305 τὴν
926 270 972 296 νέα

1022 276 1119 299 .ratns
1145 277 1206 306 est;
1235 278 1262 301 et
1291 276 1442 304 consolatio
1466 277 1498 304 ad
1522 285 1621 305 novatn
1647 279 1723 313 Sion,
1755 283 1827 315 quod

192 312 273 345 Σιὼν,
285 311 324 345 ὡς
341 312 497 348 ὀλοθρεύειν
512 314 560 340 τοῦ
575 315 694 350 Χριστοῦ
713 316 758 343 τὸν
775 317 982 352 ψευδόχριστον,

189 357 237 384 καὶ
253 358 317 390 τοὺς
329 359 378 385 σὺν
388 358 461 394 αὐτῷ
473 360 628 395 μέλλοντος.

226 403 269 430 ιη’.
290 404 500 440 Εὑαγγελισμὺς
514 408 683 442 σαρκώσεως
698 408 831 444 Χριστοῦ,
842 410 890 436 καὶ
908 410 983 442 ὅπως

187 451 215 476 ἐν
233 449 309 485 αὺτῷ
327 450 359 476 τὸ
375 450 514 487 πλήρωμα
540 454 700 489 κατοικήσει
725 455 773 480 τοῦ
803 455 981 490 Πνεύματος·

187 497 236 522 καὶ
250 497 325 528 ὅπως
345 498 409 529 τοὺς
427 498 477 532 μὲν
494 499 633 531 ἐναντίους
646 500 800 537 διαφθερεῖ,
816 501 931 538 ἀληθείᾳ
952 503 981 530 δὲ

187 542 235 567 καὶ
254 541 413 578 δικαιοσύνῃ
431 543 501 578 πρὸς
519 545 583 576 τοὺς
599 545 763 580 ἀνθρώπους
773 547 916 582 χρήσεται,
934 549 982 575 καὶ

189 587 258 622 μετά
277 587 393 614 δικαίων
413 588 539 624 ἀθροίσει
559 591 624 622 τοὺς
644 591 675 623 ἐξ
695 590 834 628 ἁμαρτίας
851 594 982 630 ἐπιστρὲ-

187 642 288 668 ςοντας
301 642 308 648 ·
328 635 376 661 καὶ
396 635 446 670 τὴν
470 636 502 662 ὲκ
522 637 659 672 δαιμόνων
678 640 849 675 καταργήσει
865 639 979 676 βλάϐην,

187 680 397 716 πληθυνομένης
412 682 462 716 τῆς
476 682 606 715 πίστεως.

223 729 258 752 κ’.
281 727 342 753 Ὀτι
373 727 460 754 ἐθνῶν
484 730 498 755 ὁ
524 730 643 764 Χριστὸς
670 732 838 766 προσδοκία’
855 733 901 760 καὶ
916 735 980 766 τοὺς

186 772 357 807 πανταχόθεν
373 775 413 806 είς
432 776 571 810 σωτηρίαν
586 777 705 811 συνάξει,
724 778 771 805 καὶ
793 781 849 811 τοῖς
863 779 980 813 δικαίοις

185 817 249 849 τοὺς
273 818 539 855 ἐξομολογουμένους
560 822 741 857 ἁμαρτωλοὺς
772 825 904 860 συνάψει·
932 827 979 853 καὶ

184 865 242 894 τοῖς
263 865 311 898 μὲν
327 864 433 892 ἔθνεσιν
451 866 590 902 ἐκπέμψει
608 869 672 901 τοὺς
698 870 867 904 ἀποστόλους
891 873 977 908 κήρυ-

185 918 253 941 κας·
272 912 299 936 ἐν
321 911 451 948 Αἰγύπτῳ
471 913 500 940 δέ
523 914 539 950 ή
556 914 657 949 γνῶσις
675 916 912 954 πληθυνθήσεταιε
929 920 977 946 καὶ

184 957 325 992 προτροπὴ
351 959 496 1001 κοινωνίας
525 950 734 997 βαπτίσματοςῄ·
760 950 815 991 καὶ.
836 965 975 1001 δοξολογία
993 950 1014 978 Β

183 1002 314 1037 Χριστοῦ,
326 1002 368 1037 ἐφ’
383 1000 424 1034 οἷς
438 1004 467 1030 ἐν
475 1005 509 1040 τῇ
523 1005 593 1032 Σιὼν
606 1007 822 1044 ἐμυσταγώγησε
840 1009 974 1046 θαύμασι.

217 1046 271 1074 κα¹.
293 1047 452 1083 Προφήτεια
475 1049 599 1086 κλήσεως
620 1051 705 1079 ἐθνῶν
717 1053 761 1080 διὰ
782 1055 914 1090 Χριστοῦ,
928 1057 975 1083 καὶ

163 1087 170 1091 ’
181 1092 315 1128 ἀερίξεως,
331 1095 379 1121 καὶ
391 1095 446 1121 τῶν
458 1096 597 1131 ἐσομένων
611 1098 640 1124 ἐν
657 1099 696 1134 τῷ
710 1099 800 1136 καιρῷ
808 1087 867 1137 ’τῆς
880 1087 975 1129 συντε-

181 1138 257 1170 λείας
277 1140 307 1166 ὲν
323 1142 357 1176 τῇ
380 1142 415 1177 γῇ
442 1142 560 1175 καὶτοῖς
578 1144 724 1180 στοιχείοις
746 1145 846 1173 ἅπασι·
865 1148 975 1184 καὶτῆς

181 1186 237 1213 τῶν
253 1186 361 1222 ἀνόμων
376 1187 538 1223 διαφθορᾶς,
560 1189 608 1216 καὶ
621 1190 672 1225 τῆς
687 1191 741 1218 τῶν
752 1192 866 1220 δικαίων
882 1193 972 1230 δόξης·

181 1233 228 1258 καὶ
242 1230 287 1259 οἶα
311 1233 450 1260 πείσονται
470 1235 495 1261 οὶ
516 1235 664 1263 ὑπεύθυνοι
676 1237 737 1265 τότε
760 1240 794 1275 τῇ
816 1239 880 1276 δίκῃ
900 1242 974 1277 εὑρι-

181 1278 320 1313 σχόμενοι.

216 1327 271 1360 κβν.
292 1326 461 1362 Προφητεία,
477 1328 518 1354 ὅτι
533 1328 567 1355 τὰ
585 1329 648 1364 Ξθνη
664 1331 735 1358 κατὰ
750 1331 887 1367 δαιμόνων
907 1334 972 1361 ἀνα-

181 1370 323 1406 στήσεται,
338 1372 385 1398 καλ
394 1373 610 1408 ἀφανισθήσεται
621 1375 784 1410 παράὺτῶν
802 1377 818 1412 ὴ
835 1377 890 1403 τῶν
900 1377 973 1404 εἰδώ-

180 1417 233 1444 λων
244 1417 387 1454 σύγχυσις,
395 1418 503 1455 Ἰσραὴλ
512 1419 540 1446 δὲ
550 1420 642 1452 αὐτοῖς
652 1422 666 1448 ὁ
678 1421 813 1448 πιστεύων
819 1423 972 1459 ἀναμιχθή-

179 1472 266 1497 σεται,
284 1466 331 1491 καὶ
348 1465 446 1501 θρῆνος
460 1466 585 1493 ἐντεῦθεν
599 1467 637 1502 τῷ
649 1467 764 1503 διιὸόλῳ
779 1469 935 1504 γενήσεται.

215 1510 269 1544 κγ’.
290 1510 371 1546 Χαρά
389 1510 445 1538 τῶν
458 1511 553 1545 ἐθνῶν,
567 1512 615 1538 καὶ
632 1513 813 1549 σχετλιασμὸς
833 1514 887 1541 τῶν
907 1515 971 1542 ἀσε-

179 1556 234 1582 6ῶν
248 1556 295 1582 ἐπὶ
311 1556 350 1592 τῷ
371 1557 501 1592 πτώματι
518 1558 566 1585 τοῦ
582 1558 706 1586 διαῦόλου
717 1567 725 1574 '
738 1559 784 1586 καὶ
811 1561 969 1596 ἐπιτίμησις

1034 318 1161 347 Christus
1194 321 1431 355 pscudochristum
1456 327 1483 351 et
1510 324 1557 359 qui
1583 333 1644 352 cum
1669 334 1702 354 eo
1723 332 1825 361 erunt,

1033 367 1174 394 occisurus
1185 368 1231 394 sit.

1070 413 1140 440 XIX.
1158 414 1338 442 Annuntialio
1359 416 1558 445 incarnationis
1579 419 1693 452 Christi,
1710 425 1735 447 et
1755 428 1824 456 quo-

1032 460 1115 486 modo
1145 460 1174 486 in
1196 460 1255 495 ipso
1281 461 1445 489 inhabitabit
1471 463 1612 497 plenitudo
1639 465 1774 500 Spiritus;
1797 472 1826 495 et

1031 506 1168 540 quomodo
1184 506 1309 534 inimicos
1323 507 1434 542 quidem
1451 509 1585 542 destruet,
1602 512 1717 539 veritate
1733 517 1824 540 autem

1032 551 1177 585 etjnstitia
1200 551 1226 578 in
1246 552 1371 580 homines
1393 557 1496 586 utetur,
1521 560 1625 583 etcum
1644 556 1726 591 justis
1756 566 1823 586 con-

1031 597 1154 633 gregabit
1170 606 1218 626 eos
1239 598 1285 633 qui
1305 606 1338 626 cx
1361 604 1474 634 peccato
1497 601 1624 628 conversi
1650 601 1775 637 fuerint;
1796 610 1824 632 et

1031 643 1187 670 daemonum
1231 643 1333 671 delebit
1371 645 1600 679 perversitatem,
1643 648 1823 684 multiplicata

1032 688 1097 716 ﬁde.

1065 734 1125 761 XX.
1146 733 1224 767 Quod
1247 734 1374 763 Christus
1385 735 1438 763 erit
1455 737 1624 772 exspectatio
1639 738 1772 773 gentium,
1794 744 1822 767 et

1029 787 1126 808 omnes
1145 780 1266 814 undique
1289 780 1317 807 in
1334 780 1450 808 salutem
1476 783 1665 818 congregabit,
1686 788 1714 811 et
1739 785 1822 820 justis

1029 832 1188 863 peccatores
1203 827 1366 855 conﬁtentes
1382 828 1522 864 adiunget,
1545 834 1573 857 et
1592 831 1718 865 gentibus
1733 832 1822 859 mittet

1028 881 1170 908 praecones
1186 874 1337 908 apostolos,
1355 878 1384 901 et
1397 874 1424 901 in
1446 874 1564 910 Egypto
1581 877 1679 904 notitia
1702 883 1818 906 crescet.

1029 919 1061 947 Et
1086 919 1240 948 exhortatio
1262 920 1296 947 ad
1318 920 1555 955 participationem
1582 922 1771 957 baptismatis;
1792 931 1820 952 et

1028 967 1111 1002 gloria
1126 966 1227 994 Christi
1243 973 1355 1002 propter
1370 968 1501 996 miracula
1517 976 1578 1004 quae
1591 969 1619 996 in
1637 969 1703 997 Sion
1717 978 1818 1005 opera-

1027 1018 1071 1040 tus
1085 1018 1139 1041 est.

1062 1059 1133 1087 XXI.
1157 1059 1322 1088 Vaticinium
1345 1061 1497 1089 vocationis
1521 1061 1645 1097 gentium
1669 1069 1718 1096 per
1737 1062 1819 1090 Chri-

1027 1111 1109 1141 stum,
1126 1111 1153 1134 et
1169 1107 1313 1138 adventus,
1324 1113 1351 1135 et
1374 1107 1528 1136 futurorum
1552 1108 1580 1135 in
1601 1113 1725 1143 tempore
1751 1118 1818 1137 con-

1026 1153 1217 1181 summationis
1236 1153 1264 1181 in
1290 1158 1362 1181 terra
1379 1158 1407 1181 et
1428 1154 1455 1181 in
1470 1155 1598 1182 omnibus
1619 1155 1772 1189 clementis,
1791 1161 1818 1184 et

1026 1199 1180 1233 iniquorum
1197 1199 1371 1234 perditionis,
1391 1200 1565 1234 etjustorum
1578 1201 1688 1236 gloriae;
1705 1206 1733 1229 et
1744 1210 1818 1237 qzne-

1026 1251 1090 1271 nam
1111 1244 1249 1279 patientur
1274 1244 1301 1271 bi
1320 1245 1365 1279 qui
1389 1249 1453 1272 tunc
1472 1245 1577 1280 judicio
1601 1246 1714 1274 obnoxii
1739 1247 1817 1275 inve—

1024 1290 1146 1318 nientur.

1059 1336 1146 1364 XXII.
1168 1336 1333 1364 Vaticinium
1360 1342 1456 1371 gentes
1475 1337 1503 1364 in
1526 1338 1665 1366 dtemones
1692 1339 1813 1366 insurre-

1023 1388 1116 1411 cturas
1132 1390 1203 1415 esse,
1220 1387 1247 1410 et
1261 1383 1295 1411 ab
1314 1384 1355 1411 eis
1370 1383 1513 1411 delendam
1529 1384 1663 1411 idolorum
1679 1385 1816 1412 confusio-

1024 1438 1098 1457 nem.
1126 1429 1209 1457 IsraeI
1234 1433 1326 1457 autem
1349 1429 1437 1456 ﬁdelis
1452 1423 1577 1456 cum'eis
1596 1429 1766 1463 miscebitur,
1787 1434 1816 1458 et

1024 1476 1142 1513 gemitus
1155 1476 1218 1503 inde
1229 1475 1338 1503 diabolo
1350 1475 1406 1502 ﬁet.

1059 1520 1155 1547 XXIII.
1176 1519 1312 1547 Gaudium
1334 1519 1457 1554 gentium
1473 1522 1500 1545 et
1515 1518 1649 1546 desolatio
1667 1518 1814 1554 impiorum

1022 1567 1050 1595 in
1069 1567 1150 1594 ruina
1168 1565 1288 1598 diaboli;
1315 1569 1344 1592 et
1360 1563 1561 1591 animadversio
1577 1563 1605 1590 in
1623 1571 1687 1591 eum
1704 1573 1718 1590 a
1747 1565 1813 1596 Deo,

179 1603 239 1630 κατ’
253 1602 337 1629 αὐτοῦ
350 1603 427 1638 παρά
438 1604 486 1630 τοῦ
496 1604 576 1636 Θεοῦ,
593 1605 712 1641 παντελῆ
729 1606 779 1641 μὲν
796 1606 907 1642 ὄλεθρον
919 1609 968 1634 αὺ-

1022 1612 1184 1648 completam
1206 1611 1280 1639 illius
1297 1610 1480 1646 perditionem
1501 1610 1615 1645 ejusque
1632 1610 1812 1642 asseclarum,

177 1649 224 1675 τοῦ
238 1658 267 1676 τε
280 1650 395 1677 καὶτῶν
414 1650 507 1684 αὑτοῦ,
528 1650 675 1686 βεϐαίωσιν
691 1651 720 1678 δὲ
737 1653 786 1688 τῆς
801 1652 900 1689 βουλῆς
918 1655 968 1690 τῆς

178 1694 253 1726 θίίας
270 1696 506 1730 καταγγέλλουσα.

214 1740 264 1768 κδ’.
287 1742 482 1779 Προσφώνησις
507 1745 563 1777 τοῖς
586 1745 709 1780 δαίμοσι,
729 1747 767 1782 μὴ
792 1746 905 1783 θαρρεῖν
929 1746 968 1782 τῷ

184 1787 325 1823 Ἰουδαῖκῴ
343 1789 483 1825 πτώματι,
500 1791 594 1827 ἐπειδὴ
610 1792 718 1827 χαλεπὰ
742 1793 818 1829 παρὰ
840 1793 896 1820 τῶν
913 1795 969 1826 τοῖς

178 1833 339 1866 ἀποστόλοις
352 1836 576 1871 μαθητευθέντων
591 1838 742 1866 πείσονται.

215 1879 265 1909 κε’.
287 1881 445 1917 Προφητεία
461 1884 530 1909 κατὰ
545 1884 595 1919 τῆς
607 1884 829 1921 εἰδωλολατρείας
841 1887 871 1913 ἐν
884 1887 969 1922 αἰνίγ-

178 1937 245 1964 ματι
261 1928 310 1963 τῆς
325 1928 428 1955 Μωάὸ·
443 1925 477 1963 ἦν
493 1928 548 1965 γὰρ
566 1929 635 1965 αὑτὴ
660 1931 824 1963 κατείδωλος
834 1940 841 1947 ο
855 1932 905 1959 καὶ
918 1933 968 1967 τῆς

176 1975 325 2011 ἐπιδημίας
344 1975 394 2010 τῆς
417 1975 465 2002 τοῦ
485 1976 590 2011 Κυρίου
603 1977 771 2013 πρόρρησις·
790 1978 899 2014 καὶτῆς
913 1979 968 2006 τῶν

176 2023 396 2059 πεπλανημένων
406 2023 492 2050 ἐθνῶν
508 2024 681 2059 διορθώσεως
694 2025 820 2060 μήνυσις.

210 2072 267 2102 κςθ.
289 2069 458 2105 Προφητεία,
482 2069 533 2105 τὴν
554 2070 660 2106 πλάνην
685 2071 733 2096 καὶ
757 2071 790 2098 ὲκ
819 2071 966 2107 Δαμασκοῦ

175 2114 329 2142 παύεσθαι·
348 2115 396 2142 κα)⁸
419 2116 573 2152 πρόρρησις
587 2117 638 2152 τῆς
666 2115 713 2143 τοῦ
741 2116 807 2144 λαοῦ
824 2117 880 2144 τῶν
899 2118 966 2145 Ἰου-

174 2162 256 2189 δαίων
284 2161 468 2196 ἐλαττώσεως,
493 2162 580 2189 ἐθνῶν
600 2171 630 2189 τε
658 2163 842 2200 ἐπιστροφῆς·
858 2164 906 2191 καὶ
922 2162 966 2205 οἶα

173 2206 229 2232 τῶν
252 2206 387 2233 Ἰουδαίων
412 2207 436 2233 οἱ
466 2206 560 2238 παῖδες
575 2206 619 2233 διὰ
632 2206 682 2242 τὴν
695 2207 736 2239 εἰς
756 2207 875 2243 Χριστὸν
901 2208 966 2235 ἀπιο

174 2253 252 2280 στίαν
266 2252 428 2280 πεπόνθασι.

1020 1659 1258 1690 conﬁrmationem
1299 1665 1364 1685 vero
1397 1657 1498 1684 divina:
1524 1657 1670 1684 sententiae
1702 1664 1813 1684 annun-

1020 1708 1102 1735 tians.

1054 1751 1150 1779 XXIV.
1169 1749 1306 1777 Allocutio
1329 1749 1362 1776 ad
1379 1749 1527 1780 daemones,
1542 1749 1648 1776 scilicet
1668 1757 1703 1776 ne
1726 1750 1814 1777 conﬁ-

1019 1797 1085 1825 dant
1105 1796 1262 1824 Judmorum
1284 1794 1381 1826 ruinae,
1397 1793 1526 1828 quoniam
1547 1794 1639 1829 gravia
1654 1794 1689 1822 ab
1707 1794 1750 1822 his
1765 1795 1812 1829 qui

1019 1843 1052 1870 ah
1067 1841 1198 1877 apostolis
1215 1840 1305 1868 edocti
1320 1839 1435 1872 fuerint,
1451 1839 1602 1874 patientur.

1054 1887 1138 1915 XXV.
1156 1886 1323 1914 Vaticinium
1346 1890 1441 1913 contra
1463 1885 1644 1912 idololatrian)
1660 1887 1711 1913 sub
1726 1887 1811 1922 ﬁgura

1018 1933 1114 1966 Moab;
1136 1937 1195 1960 erat
1220 1932 1295 1959 enim
1312 1931 1371 1966 ipsa
1392 1931 1472 1958 idolis
1490 1931 1592 1958 dedita.
1615 1931 1649 1958 Et
1670 1933 1812 1966 przedictio

1017 1980 1153 2007 adventus
1175 1977 1294 2010 Domini,
1315 1983 1343 2004 et
1364 1977 1498 2004 indicium
1518 1978 1723 2005 restaurationis
1743 1986 1812 2014 gen-

1019 2025 1086 2052 tium
1099 2025 1126 2052 in
1143 2024 1284 2052 erroribus
1298 2023 1480 2059 versantiurn.

1052 2070 1148 2098 XXVI.
1166 2069 1342 2102 Vaticinium,
1363 2077 1486 2096 errorem
1507 2069 1589 2097 etiam
1616 2077 1650 2097 ex
1680 2069 1811 2098 Damasco

1016 2116 1168 2144 desituram
1190 2123 1269 2149 esse;
1283 2120 1310 2143 et
1330 2115 1471 2151 praedictio
1497 2115 1697 2144 imminutionis
1716 2117 1823 2152 populi

1015 2162 1174 2191 Iudaeorum
1198 2167 1226 2190 et
1253 2162 1443 2191 conversionis
1464 2163 1605 2197 gentium;
1638 2169 1666 2191 et
1686 2172 1810 2198 quaenam

1015 2205 1172 2234 Iudaeorum
1187 2206 1246 2240 ﬁlii,
1263 2214 1296 2234 eo
1311 2206 1385 2242 quod
1398 2207 1425 2233 in
1441 2206 1581 2235 Christum
1610 2215 1665 2236 non
1684 2209 1810 2237 credide—

1012 2255 1086 2293 rint,
1104 2255 1209 2290 passuri
1222 2259 1295 2282 sunt.

208 2296 261 2329 κζ’.
282 2297 398 2333 Κατάρα
414 2297 486 2324 κατά
502 2297 556 2324 τῶν
576 2297 661 2324 ἐθνῶν
673 2297 741 2332 ὁμοῦ
755 2299 826 2325 κατὰ
838 2299 893 2325 τῶν
907 2298 964 2326 δαι-

1053 2299 1161 2327 XXVII.
1183 2300 1253 2328 Dira:
1272 2300 1299 2328 in
1315 2305 1409 2336 gentes
1422 2301 1503 2328 simul
1522 2306 1551 2329 et
1568 2301 1594 2329 in
1613 2302 1765 2336 daemones;
1783 2308 1811 2331 ct

176 2344 265 2378 μόνων
275 2351 281 2359 ⁸
294 2345 343 2370 καὶ
358 2345 514 2380 πρόρρησις
527 2344 712 2371 ἀποστολικοῦ
730 2345 831 2380 δρόμου
845 2346 914 2382 πρὸς
929 2345 964 2372 τὰ

173 2389 248 2425 ἔθνη,
261 2390 309 2416 καὶ
323 2390 372 2425 τῆς
385 2390 438 2416 τῶν
453 2390 578 2417 ἀπίστων
595 2389 791 2425 ὀλοθρεύσεως,
807 2391 862 2418 τῶν
877 2392 908 2424 ἐξ
921 2391 964 2418 ἐθ-

173 2435 227 2462 νῶν
241 2435 270 2462 δὲ
282 2436 486 2463 πιστευσάντων
500 2436 569 2472 πρὸς
580 2435 615 2463 τὰ
630 2436 769 2473 μυστήρια
780 2436 815 2464 τὰ
827 2437 876 2472 τῆς
894 2436 964 2464 Σιὼν

172 2481 304 2516 ἀφίξεως.

208 2530 262 2562 κη’.
282 2527 449 2564 Πρόρῤησις,
477 2527 521 2556 οἵα
545 2530 609 2561 τοὺς
638 2529 805 2564 Αἰγυπτίους
824 2530 838 2556 ὁ
861 2530 964 2566 Κύριος

173 2573 274 2609 βρέφος
290 2575 359 2610 πρὸς
376 2575 475 2607 αὐτοὺς
490 2576 613 2607 καταὸἀς
629 2575 832 2612 εὐηργέτησεν·
845 2576 920 2608 ὅπως
933 2585 962 2603 τε

171 2621 265 2648 αὐτῶν
284 2622 338 2648 πᾶν
353 2622 432 2654 γένος
445 2621 496 2656 τῆς
513 2622 622 2657 ἀπάτης
644 2621 805 2656 ἐξηφάνισε,
827 2622 874 2648 καὶ
900 2622 964 2653 τοὺς

172 2668 273 2702 σοφοὺς
288 2668 352 2698 τοὺς
376 2668 442 2703 παρ’
457 2668 550 2700 αὐτοῖς
575 2667 772 2703 νομιζομένους
791 2668 900 2704 ᾔσχυνε,
916 2669 964 2695 κει)⁸

172 2713 295 2749 φοϐερὰν
311 2714 402 2745 αὐτοῖς
418 2714 465 2749 τὴν
481 2714 581 2749 βουλὴν
602 2713 652 2749 τὴν
668 2714 773 2741 οἰκείαν
797 2714 960 2749 κατέστησε.

209 2803 261 2831 κθ’.
283 2805 442 2840 Προφητεία
462 2805 511 2839 τῆς
535 2804 694 2839 Αἰγυπτίων
727 2804 795 2840 πρὸς
819 2804 866 2831 τὸν
896 2805 963 2831 Θεὸν

172 2850 361 2885 ἐπιστροφῆς·
380 2851 426 2877 καὶ
443 2851 518 2882 ὅπως
544 2850 613 2886 μετὰ
629 2850 684 2876 τῶν
711 2850 799 2877 ἄλλων
821 2849 908 2876 ἐθνῶν
929 2850 963 2876 τὰ

172 2896 296 2931 πρωτεῖα
308 2896 377 2922 κατὰ
389 2895 435 2922 τοῦ
452 2895 559 2931 Ἰσραὴλ
575 2895 676 2928 ἕξουσι.

206 2941 241 2970 λ’.
263 2941 462 2978 Προσφώνησις
474 2941 512 2976 τῷ
535 2941 645 2977 Ἡσαΐᾳ,
658 2940 775 2976 κηρύξαι
786 2941 833 2978 τὴν
849 2944 960 2978 γενομέ-

1015 2347 1156 2381 praedictio
1175 2347 1361 2382 apostolorum
1383 2355 1481 2376 cursus
1510 2348 1536 2375 itt
1555 2353 1660 2384 gentes,
1677 2354 1704 2376 et
1718 2349 1809 2377 incre-

1015 2391 1141 2419 dulorum
1157 2393 1335 2428 perditionis,
1349 2397 1378 2420 et
1391 2400 1485 2420 eorum
1499 2393 1543 2428 qui
1556 2402 1588 2421 cx
1608 2394 1736 2429 gentibus
1747 2402 1808 2421 ere-

1015 2436 1146 2464 diderunt
1162 2437 1330 2465 accessionis
1349 2438 1383 2465 ad
1401 2438 1530 2474 mysteria
1547 2437 1624 2466 Sion.

1051 2538 1170 2566 XXVIII.
1192 2539 1358 2567 Vaticinium
1383 2539 1581 2567 beneﬁciorum
1600 2547 1661 2575 qua:
1679 2540 1705 2567 in
1725 2540 1808 2577 Egy-

1015 2585 1087 2619 ptios
1108 2584 1241 2612 Dominus
1273 2585 1363 2612 adhuc
1393 2592 1463 2620 puer
1478 2585 1510 2612 ad
1535 2585 1610 2620 ipsos
1636 2586 1807 2614 descendens

1014 2630 1140 2663 contulit,
1170 2636 1198 2658 et
1220 2631 1358 2665 quomodo
1381 2631 1415 2659 ab
1437 2630 1478 2658 eis
1493 2638 1574 2659 omne
1599 2640 1686 2667 genus
1706 2633 1807 2661 erroris

1014 2676 1127 2708 amovit,
1147 2680 1175 2703 ct
1194 2676 1241 2711 qui
1264 2676 1336 2703 inter
1361 2675 1437 2711 ipsos
1462 2677 1601 2712 sapientes
1621 2679 1801 2706 censebantur

1014 2721 1149 2754 confudit,
1173 2726 1200 2749 et
1226 2723 1364 2757 propriam
1384 2722 1452 2758 ipsis
1467 2723 1631 2751 sententiam
1653 2724 1803 2752 terribilem

1014 2767 1116 2795 et‘fccit.
1811 2804 1814 2807 .

1051 2813 1145 2840 XXIX.
1167 2814 1333 2842 Vaticinium
1356 2816 1545 2844 conversionis
1562 2816 1752 2853 Egyptiorum
1769 2817 1804 2845 ad

1015 2858 1111 2892 Deum,
1128 2865 1155 2887 et
1166 2862 1304 2896 quomodo
1320 2869 1382 2889 cutn
1395 2861 1457 2890 aliis
1477 2863 1586 2898 populis
1608 2864 1755 2899 primatum
1775 2864 1803 2894 in

1015 2904 1141 2932 Israelem
1154 2906 1326 2936 obtinebunt.

1050 2949 1133 2978 XXX.
1153 2952 1286 2982 Allocntio
1300 2955 1333 2983 ad
1350 2954 1447 2984 Isaiam
1468 2962 1495 2984 ut
1510 2955 1653 2984 denuntiet
1665 2964 1724 2984 eam
1741 2963 1802 2993 qua:
