2056 3148
167 189 234 222 1377

884 194 923 224 IN
946 195 1088 224 lSAIAM.

1727 199 1796 230 1378

201 244 256 280 μβ’.
277 246 463 280 Σχετλιασμδς
479 247 549 272 κατὰ.
560 246 610 280 τῆς
622 247 739 282 ἀρχαίας
759 247 952 282 Ἰερουσαλήμ·

1042 247 1120 274 XLII.
1141 247 1258 280 Querela
1280 248 1413 276 adversus
1431 254 1553 277 veterem
1579 249 1742 285 Jerusalem,
1769 258 1796 280 et

163 294 211 319 καὶ
224 292 325 327 ἀπειλὴ
344 292 416 318 κατά
434 292 583 327 δαιμόνων,
600 293 654 319 τῶν
668 293 755 327 αὐτὴν
766 294 956 327 τυραννησάνο

163 348 234 366 των·
250 338 297 365 καὶ
312 338 466 373 κατηγορία
483 339 533 373 τῆς
546 338 600 364 τῶν
620 338 758 365 Ἰουδαίων
774 338 933 374 πωρώσεως
946 347 953 354 ·

164 385 212 412 καὶ
226 385 300 416 ὁπως
319 385 350 411 τὸ
375 384 544 418 Εὑαγγέλιον
566 385 623 416 τοῖς
655 384 796 416 Ἰουδαίοις
819 385 955 420 ἐσφράγι-

164 441 237 465 σται,
253 432 393 465 ἀγνοεῖται.
409 431 437 457 δὲ
454 432 519 465 πρὶν
531 431 565 458 τὰ
582 431 641 458 θεῖα
658 431 847 466 παιδευθῆναι.

200 481 257 513 μγ’.
278 478 442 513 Κατηγορία
465 477 519 513 [ἵσ.
542 477 711 513 προφητεία]
735 478 785 512 τῆς
811 478 865 504 τῶν
889 477 954 504 Ἰου-

163 526 246 553 δαίων
261 524 464 559 κατακρίσεως,
481 524 529 550 καὶ
548 524 701 560 πρόρρησις
729 524 779 558 τῆς
797 523 852 551 τῶν
868 523 954 551 ἐθνῶν

164 571 341 606 Θεογνωσίας,
360 572 406 596 καὶ
421 571 471 604 τῆς
490 570 630 600 ἀπωλείας
645 570 700 596 τῶν
721 569 795 605 ἔργῳ
818 571 865 596 καὶ
882 570 953 606 λόγῳ

163 618 209 644 τὸν
225 610 296 643 Ὶλαὺν
322 615 558 648 σκανδαλιζόντων
568 624 574 630 ·
594 617 640 642 καὶ
655 616 730 647 ὅπως
745 617 802 646 τοῖς
817 615 865 642 τοῦ
886 617 953 651 Χρι-

164 663 229 690 στοῦ
246 662 369 697 θαύμασι
387 663 421 688 τὰ
439 662 488 696 μὲν
502 661 566 696 ἔθνη
585 661 807 697 παιδευθήσεται,
829 662 953 689 Ἰουδαῖοι

163 709 192 736 δὲ
210 707 450 743 αἰσχυνθήσονται,
476 707 514 739 ὡς
539 708 709 738 ἀποστάντες
737 707 878 739 Θεοῦ,καὶ
905 707 952 735 τοῦ

163 754 261 790 νοητοῦ
275 754 325 788 τὴν
342 753 504 788 συμμαχίαν
522 752 659 787 ἑλόμενοι.

200 801 252 836 μδ.
272 800 368 830 Ὅπως
392 800 427 825 τὰ
454 799 530 833 παρὰ
554 798 611 825 τῶν
636 798 776 833 δαιμόνων
805 798 951 833 ἀνωφελῆ·

163 847 277 878 τούτους
297 846 352 880 γὰρ
375 847 431 876 τοῖς
453 843 560 880 θηρίοις
589 843 771 879 παρείκασεν,
786 844 856 879 ὅπερ
871 843 900 869 ἐν
913 843 953 869 εί-

163 893 222 921 κόνι
244 892 295 927 τῆς
315 890 499 925 εὐαγγελικῆς
522 890 616 925 βίϐλου
633 889 740 925 γράψαι
768 891 782 916 ὁ
806 889 952 925 προφήτης

1006 293 1087 320 ηιίητο
1104 293 1131 319 in
1144 293 1283 321 daemones
1291 294 1338 328 qui
1352 302 1412 322 eam
1427 296 1608 331 subegerunt;
1621 301 1649 324 et
1659 299 1797 326 accusatio

1006 339 1117 366 duritia:
1127 332 1301 371 Iudaeorum:
1314 346 1342 368 et
1358 341 1495 375 quomodo
1506 342 1681 378 Evangelium
1696 344 1798 372 .Iudzeis

1006 385 1142 413 sancitum
1157 391 1215 418 est;
1230 394 1284 414 non
1305 389 1439 423 accipitur
1460 394 1550 416 autem
1575 391 1732 425 priusquam
1753 391 1797 418 di-

1005 431 1068 459 vina
1084 431 1234 459 edoceantu
1239 441 1261 460 r.

1042 477 1135 504 XLIII.
1154 478 1302 512 Prophetia
1315 479 1589 514 judieiiJudzeorum,
1610 486 1638 508 et
1654 482 1796 516 praedictio

1005 523 1108 550 notititc
1127 523 1174 550 Dei
1193 525 1265 558 apud
1279 530 1385 559 gentes,
1401 529 1429 552 et
1449 527 1610 560 perditionis
1632 536 1727 554 eorum
1750 529 1795 562 qui

1004 568 1089 596 verbo
1104 573 1132 596 et
1144 577 1227 603 opere
1243 570 1375 604 populum
1390 572 1596 604 scandalizent;
1617 577 1644 599 et
1660 573 1797 606 quomodo

1004 619 1099 649 gentes
1114 614 1216 641 Chriin
1235 615 1377 643 miraculis
1398 616 1581 647 docebuntur.
1605 618 1689 645 Judaei
1705 623 1794 646 autem

1004 660 1220 692 confundentur,
1233 660 1335 695 quippe
1351 662 1397 695 qui
1411 669 1425 688 a
1439 662 1494 690 Deo
1509 663 1673 695 defecerint,
1697 664 1797 691 diaboli

1005 709 1096 733 autem
1112 706 1246 733 auxilium
1258 707 1443 744 prmtnlerint.

1041 796 1132 824 XLIV.
1150 797 1293 830 Quomodo
1315 807 1375 833 qua:
1394 807 1409 826 a
1430 800 1611 832 dazmonihus.
1633 807 1698 830 sunt
1716 811 1796 831 vana.

1004 842 1059 869 Hos
1073 842 1146 870 enim
1163 842 1227 869 feris
1240 843 1373 870 assimilat
1386 853 1392 877 ;
1405 845 1475 879 quod
1493 846 1518 872 in
1536 846 1620 881 ﬁgura
1635 847 1695 874 libri
1713 856 1798 875 evan-

1006 888 1082 921 gelici
1111 888 1232 915 scribere
1250 889 1383 923 propheta
1402 891 1524 925 julletur.
1546 891 1579 919 Et
1593 893 1730 926 quomodo
1750 901 1799 920 au-

162 939 320 966 κελεύεται·
340 938 388 964 καὶ
402 938 476 969 ὃπως
491 936 603 963 ἀκούειν
620 937 742 963 Ἰουδαῖοι
755 937 790 963 τὰ
807 935 867 963 θεῖα
882 944 952 971 παρ-

1005 933 1062 960 dire
1073 932 1164 961 divina
1176 931 1262 960 Judaei
1285 942 1347 962 cum
1368 937 1523 969 renucrint,
1550 937 1629 964 ruina
1651 938 1797 966 insanabili

134 1011 142 1017 ,
165 984 335 1020 αιτούμενοι,
356 983 458 1019 πτῶμα
473 983 583 1010 ἀνίατον
597 983 740 1009 πίπτουσι.

199 1035 253 1067 με’.
275 1030 440 1066 Παραίνεσις
459 1029 605 1064 μετανοίας
624 1029 664 1064 τῷ
687 1028 806 1064 Ἰσραὴλ,
827 1028 874 1054 καὶ
888 1027 954 1054 ἀνά-

163 1086 264 1113 μνησις
280 1074 324 1103 οἷα
338 1076 418 1102 αὐτοὶ
432 1075 602 1105 ἀποστάντες
616 1074 671 1101 ἀπὸ
689 1073 757 1100 Θεοῦ
775 1073 954 1100 ἐϐουλεύσαν-

161 1132 203 1154 το,
217 1124 233 1150 ὸ
245 1122 364 1158 Χριστὸς
378 1121 407 1148 δὲ
421 1121 465 1148 διὰ
479 1122 530 1156 τῆς
541 1120 646 1152 οίκείας
667 1119 833 1155 σαρκώσεως
847 1119 952 1145 οίκονο-

163 1171 227 1206 μεῖν
239 1168 430 1204 εὐτρέπισται.

199 1231 260 1263 μς¹.
282 1227 441 1262 Πρόῤῥησις
458 1224 507 1252 τοῦ
534 1223 658 1260 Χριστοῦ
676 1224 726 1259 τῆς
746 1222 879 1258 δευτέρας
901 1223 954 1257 ἁφ-

164 1274 242 1308 ίξεως
251 1281 258 1287 ·
269 1273 316 1299 καὶ
324 1271 424 1307 ἀπειλὴ
439 1271 509 1298 κατὰ
519 1270 574 1297 τῶν
583 1269 818 1305 ἀποκεχρημὲνων
833 1268 872 1303 τῷ
887 1268 954 1304 οῐκῳ

162 1320 209 1347 τοῦ
225 1319 304 1350 Θεοῦ,
323 1318 370 1345 καὶ
384 1317 455 1344 κατὰ
477 1316 524 1343 τοῦ
542 1315 666 1343 διαϐόλου
687 1316 735 1342 καὶ
750 1314 805 1341 τῶν
816 1315 861 1340 ἐπ’
878 1315 953 1350 αὐτῷ

162 1365 350 1393 πεποιθότων·
370 1364 416 1390 καὶ
440 1363 546 1398 ὅπωςή
574 1362 621 1389 τοῦ
651 1361 779 1396 Σωτῆρος
808 1361 951 1396 ἐπιδημία,

162 1413 306 1448 ἀναίρεσις
324 1412 374 1447 τῆς
386 1409 492 1442 πλάνης
505 1409 560 1436 τῶν
575 1408 704 1441 εἰδώλων,
723 1409 771 1435 κα)¹
785 1407 832 1434 τοῦ
848 1406 953 1442 ταύτην

162 1459 365 1494 ἑνεργήσαντος
380 1455 497 1491 γίνεται.

198 1504 254 1541 νίζ’.
275 1502 460 1538 Μακαρισμὸς
473 1502 528 1528 τῶν
543 1500 732 1536 φυλαττόντων
748 1500 797 1535 τὴν
812 1499 880 1535 πρὸς
903 1498 950 1525 ἰε-

163 1550 305 1588 ρουσαλὴμ
324 1551 374 1586 τὴν
389 1549 489 1585 νοητὴν
512 1548 685 1582 συγγένειαν,
702 1544 760 1583 ὲ.νῇ
779 1548 892 1581 φανεροῐ
903 1546 952 1580 τῆς

1005 979 1117 1006 cadent.

1040 1025 1120 1052 XLV.
1142 1025 1304 1054 Exhortatio
1316 1027 1483 1062 pcenitentiaa
1497 1029 1530 1055 ad
1546 1029 1646 1062 Israel;
1664 1034 1691 1057 et
1713 1038 1798 1057 reme-

1005 1071 1121 1099 moratio
1135 1073 1226 1107 qualia
1243 1072 1306 1108 ipsi,
1328 1080 1391 1100 cum
1410 1081 1424 1100 a
1448 1073 1504 1101 Deo
1524 1074 1687 1108 defecerint,
1704 1077 1796 1103 consi-

1005 1117 1060 1144 liati
1075 1117 1144 1151 sint;
1164 1118 1290 1146 Christus
1303 1124 1394 1146 autem
1410 1127 1460 1154 per
1478 1127 1554 1147 suam
1583 1121 1797 1150 incarnationem

1005 1163 1104 1191 honam
1117 1164 1318 1193 institutionem
1337 1169 1425 1200 parat.

1041 1220 1131 1248 XLVI.
1162 1221 1309 1249 Prwdictio
1331 1223 1445 1250 secundi
1471 1224 1604 1252 adventus
1630 1224 1747 1256 Christi;
1771 1230 1799 1252 et

1005 1266 1084 1294 mium
1099 1267 1127 1294 in
1141 1275 1189 1295 eos
1204 1268 1250 1302 qui
1265 1268 1342 1295 aliusi
1361 1269 1520 1302 suntdomo
1541 1270 1598 1302 Dei,
1617 1275 1641 1297 et
1659 1271 1685 1297 in
1703 1271 1799 1298 diabo-

1004 1313 1059 1340 lum
1077 1318 1105 1341 et
1125 1313 1153 1340 in
1174 1322 1221 1340 eos
1245 1314 1290 1349 qui
1317 1315 1459 1342 conﬁdunt
1477 1316 1503 1342 in
1531 1323 1573 1343 eo.
1601 1317 1635 1343 Et
1659 1318 1797 1350 quomodo

1003 1358 1153 1385 Salvatoris
1167 1359 1302 1386 adventus
1316 1359 1361 1387 ﬁat
1376 1360 1529 1388 destructio
1544 1362 1644 1389 erroris
1665 1363 1797 1390 idalorum

1003 1409 1031 1431 et
1042 1404 1104 1439 ejus
1115 1404 1162 1439 qui
1173 1411 1232 1432 eam
1245 1405 1370 1440 inspirat.

1038 1497 1142 1525 XLVII.
1162 1497 1307 1526 Bcatitudo
1330 1506 1425 1526 eorum
1448 1499 1494 1534 qui
1515 1505 1626 1528 servant
1648 1501 1796 1536 spiritalem

1003 1552 1065 1571 cutn
1088 1543 1239 1572 Jerusalem
1274 1546 1484 1581 cognationem,
1512 1547 1539 1573 in
1559 1555 1611 1582 qua
1638 1548 1798 1576 manifestat

161 1596 266 1627 οἰκείας
281 1594 430 1630 ἐπιδημίας
450 1595 464 1620 ὁ
490 1592 608 1628 Χριστὸς
623 1592 659 1618 τὰ
677 1593 826 1627 μυστήρια,
844 1591 890 1617 καὶ
902 1590 952 1626 τὴν

1006 1588 1130 1616 Christus
1150 1589 1192 1616 sui
1211 1589 1346 1617 adventus
1365 1591 1503 1625 mysteria,
1527 1596 1554 1618 et
1575 1591 1730 1619 Iuda-orum
1750 1601 1797 1620 su-

161 1643 217 1671 τῶν
240 1641 376 1670 Ἰουδαίων
403 1639 565 1672 ἀλαζονείαν
591 1638 684 1672 παύει,
710 1638 814 1673 βεΰαιοῖ
844 1637 873 1664 δὲ
897 1637 952 1663 τῶν

163 1689 268 1716 Ιπιστῶν
281 1688 332 1724 τὴν
346 1686 502 1714 εὐσέϐειαν.

200 1749 258 1782 μη¹.
279 1743 488 1779 Εὑαγγελισμδς
510 1743 566 1770 τῶν
586 1742 768 1777 Ἐκκλησιῶν,
785 1742 832 1769 καὶ
852 1741 952 1777 θρῆνος

162 1793 217 1820 τῶν
233 1791 389 1819 Ἰουδαϊκῶν
408 1789 576 1824 συναγωγῶν
588 1797 594 1804 ·
607 1789 654 1815 καὶ
669 1788 769 1823 ἀπειλὴ
781 1789 830 1822 τῆς
851 1788 951 1822 Ἰερου-

163 1837 256 1873 σαλὴμ
271 1836 449 1872 ἐρημώσεως,
468 1835 566 1869 μέχρις
575 1834 609 1861 ἂν
622 1833 732 1868 δέξηται
747 1832 796 1868 τὴν
811 1832 952 1858 κοινωνίαν

162 1883 209 1911 τοῦ
225 1882 394 1918 Πνεύματος,
410 1882 442 1916 ἥν
456 1880 490 1907 τὰ
509 1880 574 1914 ἔθνη
587 1880 732 1914 δεχόμενα,
751 1878 883 1913 ἐλεύθερα
900 1878 952 1904 πά-

163 1939 214 1966 σης
232 1930 334 1965 βλάϐης
349 1928 526 1963 φυλάττεται,
550 1926 673 1952 Ἰουδαῖοι
697 1926 725 1952 δὲ
750 1924 901 1960 διασπορὰς
914 1924 952 1955 ὡς

161 1976 341 2008 ἀπειθοῦντες
354 1975 503 2002 πείσονται.

199 2033 255 2070 μο¹.
276 2032 420 2066 Δοξολογία
436 2030 505 2058 Θεοῦ
521 2029 630 2058 καὶτῶν
643 2028 763 2064 ἀγαθῶν,
783 2028 854 2063 ἅπερ
870 2026 952 2058 αὑτὸς

161 2080 322 2117 χαρίζεται·
344 2079 391 2105 καὶ
419 2078 581 2113 πρόρρησις,
603 2074 796 2111 φθαρήσεσθαι
815 2074 864 2109 τὴν
887 2073 952 2100 ἀσέ-

163 2128 240 2154 ϐειαν
257 2126 290 2152 δι’
304 2125 479 2155 ἀναστάσεως
501 2121 623 2158 Χριστοῦ
643 2121 690 2148 καὶ
710 2120 881 2155 ἀναλήψεως,
905 2118 952 2145 καὶ

164 2175 218 2202 τῶν
233 2174 321 2202 ἄλλων
340 2172 511 2208 μυστηρίων,
532 2170 605 2206 ἅπερ
626 2170 666 2201 εἰς
689 2168 842 2203 ἀφανισμὸν
862 2166 952 2200 πάσης

163 2222 269 2254 πλάνης
293 2219 415 2246 ἐπιτελεί
441 2217 648 2253 σοιρ>ιούι,ι.ε.νος⁵
664 2215 694 2248 ἐξ
709 2212 746 2241 ὧν
774 2214 843 2241 Σιὼν
870 2213 919 2248 μὲν
935 2213 951 2248 ή

1004 1635 1106 1669 perhia:
1129 1634 1211 1662 ﬁnctn
1240 1636 1366 1670 imponit,
1386 1641 1414 1664 et
1435 1637 1581 1664 conﬁrmat
1601 1638 1721 1666 fideliqu
1741 1640 1798 1674 pie-

1005 1684 1029 1707 ta
1033 1685 1096 1707 tem.

1038 1735 1154 1764 XLVIII.
1176 1736 1280 1764 Lmtitia
1293 1736 1474 1765 Ecclesiarum
1487 1743 1513 1766 et
1526 1739 1688 1768 lamentatio
1701 1742 1796 1770 Judai-

1003 1789 1098 1809 carum
1124 1790 1318 1818 synagogarum
1335 1788 1362 1810 et
1384 1783 1464 1810 mina:
1490 1784 1667 1813 d‘esolationis
1684 1786 1796 1815 Jerusa-

1003 1827 1074 1860 lem,
1100 1828 1186 1855 donec
1216 1828 1330 1862 recipiat
1356 1829 1636 1857 communicationem
1659 1831 1794 1866 Spiritus,

1003 1880 1084 1907 quam
1099 1872 1262 1907 recipientes
1274 1877 1380 1907 gentes,
1392 1873 1528 1900 immunes
1543 1880 1688 1902 servantur
1702 1877 1795 1903 omnis

1004 1927 1098 1951 noxae;
1121 1918 1210 1945 Judaei
1233 1923 1325 1945 autent
1350 1926 1398 1953 pro
1414 1927 1463 1947 sua
1480 1918 1670 1948 incredulitate
1691 1921 1795 1957 disper-

1004 1965 1112 1991 sionem
1129 1964 1279 1998 patientur.

1037 2021 1132 2049 XLIX.
1154 2021 1321 2050 Glorificatio
1336 2020 1383 2048 Dei
1397 2026 1421 2049 et
1439 2021 1575 2049 honorum
1590 2031 1650 2058 quae
1667 2023 1725 2058 ipse
1742 2024 1794 2052 lar-

1003 2068 1075 2104 gitur
1087 2076 1093 2101 ;
1107 2072 1134 2095 et
1149 2068 1290 2103 praedictio
1308 2067 1519 2102 disperdcndam
1534 2068 1795 2104 fore_impietatem,
1830 2062 1832 2065 1

1003 2122 1051 2150 per
1063 2114 1163 2141 Christi
1180 2114 1406 2141 resurrectionem
1431 2119 1459 2141 et
1476 2115 1667 2142 ascensionem
1685 2115 1792 2150 aliaque

1004 2160 1131 2196 mysteria
1143 2168 1204 2195 qua;
1221 2160 1248 2187 in
1261 2159 1434 2187 abolitionem
1452 2161 1542 2187 omnis
1555 2161 1656 2189 erroris
1671 2163 1796 2199 perficiet

1003 2206 1172 2238 incarnatus,
1200 2213 1250 2241 per
1270 2213 1331 2240 quae
1356 2213 1427 2233 nava
1449 2206 1515 2233 Sion
1541 2207 1702 2235 inconcussa
1731 2209 1794 2240 erit,

162 2269 210 2295 νέα
225 2267 374 2297 ἀσάλευτος
385 2265 473 2297 ἕσται,
490 2265 517 2291 ad
534 2262 693 2297 συναγωγαὶ
707 2261 735 2288 δὲ
746 2260 800 2286 τῶν
819 2259 952 2286 Ἰουδαίων

1004 2260 1146 2289 synagoga:
1162 2258 1252 2280 autem
1268 2251 1422 2280 Judworum
1439 2252 1607 2287 qualicutur.

163 2314 293 2340 σείονται.

198 2372 230 2397 ν’.
252 2368 410 2403 Πρόρρησις
425 2365 581 2395 συντελείας
595 2363 644 2398 τῆς
662 2362 804 2397 ὁρωμένης
825 2361 953 2393 κτίσεως,

164 2415 225 2442 καθ’
240 2415 273 2450 ἧν
289 2413 470 2448 ἀφανίζονται
494 2411 573 2446 θυμῷ
593 2410 640 2437 τοῦ
656 2409 724 2437 Θεοῦ
743 2409 812 2444 μετὰ
826 2408 878 2442 τῆς
892 2409 956 2434 ἀσε-

163 2462 242 2494 ϐείας
257 2461 283 2487 οι
299 2460 387 2495 ταύτῃ
409 2458 670 2494 προσχωρήσαντες,
697 2456 754 2486 τοῖς
779 2453 902 2480 εὐσεϐέσι
925 2453 954 2479 δὲ

163 2506 333 2543 κληρονομία
348 2505 462 2532 δίδοται.

199 2553 250 2582 ναί.
271 2551 479 2587 Εὐαγγελισμὺς
510 2550 559 2577 τοῦ
581 2549 633 2584 τῆς
656 2546 820 2582 Ἐκκλησίας
844 2545 952 2577 ἄνθους,

164 2602 210 2628 καὶ
224 2601 281 2627 τῶν
297 2599 446 2634 θαυμάτων
462 2597 480 2625 ὃ.
500 2595 654 2632 σαρκωθεὶς
665 2596 680 2622 6
696 2593 813 2630 Χριστὸς
831 2592 952 2625 ἐδέξατο,

164 2648 213 2675 καὶ
227 2647 283 2674 τῶν
299 2644 410 2680 ἀγαθῶν
426 2644 475 2678 τῆς
486 2643 590 2679 δωρεᾶς
603 2641 652 2668 τοῦ
666 2640 864 2676 βαπτίσματος.

199 2703 250 2739 νβ’,
289 2703 434 2738 Διήγησις,
462 2698 677 2734 οἷα,¹Ραψάκης
703 2698 736 2732 τῇ
774 2694 954 2730 Ἰερουσαλὴμ

165 2751 242 2785 παρὰ
269 2748 317 2775 τοῦ
339 2747 523 2782 Σεναχειρεὶμ
546 2743 712 2774 ἀποσταλεὶς
728 2741 879 2777 ἠπείλησε·
906 2740 953 2767 καὶ

164 2796 238 2826 ὃπως
254 2794 303 2830 τὴν
322 2793 437 2828 ἀπειλὴν
458 2791 582 2823 Ἐζεκίας
611 2787 714 2824 μαθὼν,
744 2787 813 2822 πρὸς
842 2785 954 2812 Ἡσαΐαν

163 2842 227 2872 τοὺς
241 2841 312 2876 ὑπὲρ
327 2839 412 2874 αὐτῆς
423 2838 552 2873 δεηθῆναι
568 2833 794 2871 παρακαλοῦντας
811 2832 858 2859 ἕπε
865 2832 935 2866 μψεν
946 2841 953 2847 ·

164 2887 179 2914 ὁ
193 2887 222 2913 δὲ
241 2886 392 2920 ἀσφάλειαν
411 2883 485 2919 παρὰ
497 2881 564 2909 Θεοῦ
577 2883 611 2916 τῇ
627 2879 716 2911 πόλει,
731 2878 909 2912 ἀποστροφὴν
926 2877 954 2902 δὲ

164 2932 212 2960 τοῦ
225 2932 392 2967 Σεναχειρὶμ
405 2932 444 2962 εἰς
460 2930 508 2965 τὴν
524 2928 615 2964 χώραν
636 2926 684 2962 τὴν
701 2925 805 2952 οἰκείαν
821 2924 952 2959 ἐμήνυσε.

1041 2354 1072 2381 L.
1095 2354 1240 2383 Praedictio
1251 2354 1496 2382 consummationis
1508 2355 1653 2382 creationis
1671 2354 1794 2387 visibilis.

1005 2401 1032 2428 in
1050 2409 1103 2436 qua
1115 2400 1160 2427 Dei
1175 2400 1267 2427 furore
1283 2401 1412 2427 delentur
1423 2405 1451 2427 et
1466 2400 1592 2434 impietas
1609 2405 1636 2427 et
1651 2401 1668 2427 ii
1682 2401 1727 2435 qui
1742 2401 1795 2428 im-

1005 2446 1097 2480 pietati
1115 2445 1302 2477 adhaeserunt,
1322 2444 1373 2479 piis
1394 2449 1486 2471 autem
1508 2445 1625 2472 donatur
1640 2445 1794 2474 hereditas.

1042 2547 1085 2574 LI.
1105 2547 1210 2574 Laetum
1226 2546 1351 2573 nuntium
1369 2545 1443 2572 floris
1463 2545 1605 2579 Ecclesiae,
1629 2551 1657 2574 et
1675 2547 1796 2575 miracu-

1005 2593 1091 2620 lorum
1106 2601 1166 2628 quas
1176 2592 1300 2619 Christus
1314 2591 1472 2619 incarnatus
1483 2592 1608 2626 perfecit,
1620 2599 1648 2620 et
1660 2593 1794 2621 honorum

1005 2640 1068 2666 doni
1088 2638 1269 2672 baptismatis.

1041 2695 1096 2722 LII.
1118 2694 1255 2729 Expositio
1273 2695 1404 2722 malorum
1419 2703 1479 2729 qua:
1500 2695 1645 2727 Itahsaces,
1662 2703 1676 2722 a
1691 2695 1794 2722 Senna-

1004 2742 1099 2770 eherib
1117 2742 1228 2772 missus,
1239 2739 1390 2768 Jerusalem
1406 2741 1525 2768 minatus
1536 2746 1587 2772 est.
1606 2746 1634 2768 et
1647 2743 1792 2776 quomodo,

1005 2789 1048 2816 his
1061 2788 1171 2819 auditis,
1190 2786 1321 2814 Ezechias
1336 2787 1368 2814 ad
1388 2787 1485 2814 Isaiam
1512 2788 1586 2815 misit
1601 2788 1646 2822 qui
1662 2796 1724 2815 eum
1745 2789 1795 2814 dc-

1006 2838 1183 2869 preearentnr
1197 2837 1225 2860 ut
1236 2837 1327 2859 oraret
1342 2840 1392 2866 pro
1407 2833 1447 2860 eis
1463 2842 1469 2860 :
1493 2833 1537 2861 ille
1553 2839 1642 2861 autem
1664 2833 1794 2861 securita-

1006 2886 1060 2907 tem
1077 2888 1092 2906 a
1106 2880 1160 2907 Deo
1182 2879 1295 2912 civitati,
1313 2887 1464 2913 regressum
1484 2888 1549 2907 vero
1565 2881 1751 2909 Sennacherih
1767 2881 1794 2907 in

1005 2933 1082 2953 suam
1102 2925 1240 2961 regionem
1252 2924 1436 2952 annuntiavit.
