2056 3148
266 211 335 244 1379

868 207 895 236 Η
899 205 1052 235 ESYCIIII
1070 205 1310 237 PRESBYTERI

1842 206 1910 239 I380

300 268 368 296 LIII.
387 267 513 294 Narratio
525 264 693 293 inﬁrmitatis
718 264 850 296 Ezechiae,
866 264 893 290 in
915 271 970 299 qua
988 272 1062 291 mor-

1150 268 1201 299 νγ’.
1221 267 1356 300 Διήγησις
1377 266 1427 301 τῆς
1451 266 1609 302 ἀρρωστίας
1630 266 1764 300 Ἐζεκίου,
1781 267 1810 293 ἐν
1860 267 1910 294 θά-

266 320 320 342 tem
339 314 389 349 ipsi
411 312 548 349 propheta
573 310 760 343 denuntiavit;
787 310 947 345 deprecanti
970 315 1061 336 autem

266 360 337 387 Deus
355 365 463 394 tempus
477 358 539 386 vitae
555 357 669 390 addidit;
687 360 714 384 et
730 353 866 383 ethtticum
883 355 1020 391 ejusdem,
1037 359 1064 382 et

265 412 380 432 tnunera
395 411 410 431 a
426 403 517 430 Persis
535 406 663 436 accepta;
685 405 796 436 propter
821 408 892 436 quae,
916 408 978 428 cum
1005 400 1064 427 the—

265 457 361 477 sauros
375 449 554 480 Ostendisset,
566 447 700 483 prOpItela
717 447 768 482 ipsi
779 447 899 474 futuram
911 446 1064 474 Jerusalem

265 496 453 531 captivitatem
468 494 642 523 vaticinatur.

302 601 370 629 LIV.
392 601 540 629 Prontissio
553 599 586 627 ad
602 600 686 627 Israel
702 599 873 627 remissionis
888 604 1064 634 peccatorum

266 652 295 675 et
308 648 443 675 adventtts
456 646 575 678 Christi;
592 650 620 672 et
637 646 812 673 annuntiatio
828 653 923 672 eorum
939 653 1001 680 qua:
1017 653 1065 673 ve-

267 696 347 722 niens
363 695 545 726 instaurabit;
562 699 588 721 et
605 693 731 728 ejusdem
747 692 919 728 glorificatio,
931 692 1066 720 detractio

267 745 359 768 autem
378 748 474 768 eorum
491 741 538 775 qui
557 739 663 767 faciunt
680 739 836 766 simulacra.

305 796 359 824 LV.
381 795 516 824 Allocutio
533 796 567 823 ad
585 795 679 828 Israel,
696 802 732 822 ne
746 802 824 822 suam
840 794 1012 830 prtelendaut
1024 795 1068 821 in-

270 843 458 870 credulitatem
472 843 499 869 in
514 842 667 874 Christum,
686 841 779 868 mundi
792 841 902 876 quidem
919 840 1066 873 factorem,

270 889 390 917 ﬁdelium
406 893 497 916 autent
517 888 738 918 benefactorem;
758 891 786 914 et
809 886 951 914 renovatio
972 885 1064 913 Eccle-

1116 319 1196 339 νατον
1212 312 1262 347 μὲν
1276 312 1352 348 αὐτῷ
1365 314 1379 339 ό
1398 313 1544 348 προφήτης
1557 313 1707 348 ἐμήνυσεν,
1727 313 1871 349 εὐξαμένῳ
1882 314 1911 340 δὲ

1115 359 1129 385 ό
1141 359 1209 390 Θεὺς
1224 359 1321 395 χρόνον
1333 359 1406 395 ζωῆς
1423 359 1597 394 προσέθηκε⁸
1613 359 1662 385 καὶ
1680 358 1736 395 ᾠδὴ
1752 359 1799 385 τοῦ
1814 359 1910 386 αὑτοῦ-

1115 405 1163 432 καὶ
1179 405 1254 441 δῶρα
1266 407 1299 432 ὲκ
1317 406 1444 442 Περσῶν,
1461 406 1504 440 ἐφ’
1520 403 1562 437 οἷς
1576 406 1657 437 αὐτὸς
1673 406 1723 441 μὲν
1734 406 1798 438 τοὺς
1811 406 1913 440 θησαυ-

1117 452 1181 487 ροὺς
1207 451 1271 483 τοὺς
1296 452 1417 483 οἰκείους
1441 451 1537 487 ἐπειδὴ
1560 451 1658 483 ἔδειξε,
1678 452 1693 478 ὁ
1712 452 1859 487 προφήτης
1883 452 1914 478 δὲ

1115 498 1192 531 αὺτῷ
1208 499 1259 533 τὴν
1275 498 1411 534 ἐσομένην
1426 499 1476 534 τῆς
1497 498 1682 534 Ἰερουσαλὴμ
1703 498 1915 534 προεφήτευσεν

1117 543 1228 570 ἅλωσιν.

1152 601 1199 628 νδ¹.
1226 600 1392 636 ’Υπόσχεσις
1426 600 1466 636 τῷ
1486 600 1598 636 Ἰσραὴλ
1628 601 1837 636 ἁμαρτημάτων
1862 601 1916 636 ἀφ-

1117 647 1212 679 έσεως,
1233 648 1282 674 καὶ
1303 647 1456 683 παρουσίας
1476 646 1612 682 Χριστοῦ·
1642 648 1690 674 καὶ
1713 647 1916 682 εὐαγγελισμδς

1118 690 1156 721 ὧν
1173 693 1349 729 ἐπιδημήσας
1369 693 1551 728 κατώρθωσε·
1574 693 1621 720 καὶ
1641 693 1724 720 αὑτοῦ
1743 693 1792 729 μὲν
1809 693 1915 726 δοξολοη

1118 740 1175 774 γία,
1192 739 1304 776 διαϐολὴ
1319 739 1347 766 δὲ
1361 740 1416 767 τῶν
1437 740 1588 766 ποιούντων
1604 740 1638 766 τὰ
1653 739 1762 766 είδω).α.

1154 801 1202 824 νε¹.
1225 795 1427 832 Προοφώνησις
1449 795 1488 831 τῷ
1512 794 1633 831 Ἰσραὴλ,
1654 795 1693 831 μὴ
1713 795 1918 830 προϐάλλεσθαι

1118 843 1168 878 τὴν
1186 843 1226 875 εἰς
1243 842 1363 878 Χριστὸν
1386 842 1514 876 ἄγνοιαν,
1527 841 1575 868 τοῦ
1593 840 1698 877 κόσμου
1720 841 1770 876 μὲν
1785 841 1918 876 Ποιητὴν,

1119 890 1175 916 τῶν
1191 888 1296 916 πιστῶν
1321 887 1351 914 δὲ
1372 888 1524 923 εὐεργέτην
1539 887 1720 922 ὑπάρχοντα·
1744 886 1793 913 καὶ
1823 887 1921 920 ἐγκαι-

270 935 372 963 siarum
395 943 444 971 per
460 935 603 963 Christum
622 935 669 970 qui
690 934 860 970 impietatem
878 933 1027 963 destruxit.
1042 937 1070 960 et

1125 934 1220 970 νισμὸς
1234 933 1291 960 τῶν
1313 933 1484 969 Ἑκκλησιῶν
1499 933 1543 960 διὰ
1558 932 1678 969 Χριστοῦ
1690 932 1852 964 καθελόντος
1869 932 1921 968 τὴν

270 986 366 1016 gentes
396 981 554 1016 stupefecit.
583 980 618 1008 Et
642 980 780 1016 expositio
811 979 960 1007 debilitatis
989 979 1072 1007 idolo-

273 1036 346 1055 rum.

307 1082 377 1110 LVI.
397 1082 543 1110 Praedictio
564 1081 708 1110 electionis
720 1081 785 1108 novi
803 1080 897 1113 Israel,
917 1081 963 1117 qui
983 1081 1069 1109 conli-

272 1129 337 1157 dere
358 1128 481 1164 jubetur.
507 1127 588 1155 Minae
611 1126 750 1154 autem-in
775 1134 824 1154 eos
850 1127 896 1161 qui
918 1127 943 1154 ei
969 1127 1069 1156 infensi

272 1180 346 1204 sunt.
373 1175 406 1202 Et
427 1175 558 1202 Ecclesiae
584 1174 708 1210 praedicit
740 1174 885 1210 mysteria;
913 1178 942 1202 et
973 1174 1071 1202 irridet

272 1223 421 1255 diemones,
438 1225 469 1248 ut
492 1221 538 1256 qui
560 1220 628 1248 nihil
654 1220 744 1248 sciant
769 1228 860 1255 neque
876 1220 910 1247 de
926 1221 1072 1256 prtcteritis

273 1276 363 1304 neque
378 1268 412 1296 de
427 1268 536 1301 futuris,
551 1267 688 1302 simulque
715 1274 777 1295 cum
804 1267 844 1294 eis
867 1267 1025 1301 simulacra,
1043 1271 1073 1295 ut

273 1322 356 1343 sensu
373 1314 506 1342 carentia.

311 1371 390 1399 LVII.
409 1371 548 1399 Allocutio
561 1370 650 1399 Patris
665 1371 700 1399 de
716 1370 863 1398 dilectione
878 1369 952 1404 Filii,
967 1375 996 1398 et
1010 1378 1072 1398 cum

274 1423 375 1454 quanta
395 1418 488 1446 veniet
501 1417 587 1446 Filius
605 1418 794 1454 benignitate;
806 1422 834 1445 et
847 1422 947 1452 quanta
959 1437 967 1450 ,
983 1416 1073 1445 Patris

277 1465 346 1492 bona
358 1463 508 1494 voluntate.
522 1461 689 1490 instaurabit
707 1470 713 1488 :
735 1466 763 1488 et
775 1461 808 1489 ad
823 1461 969 1489 Ecclesium
982 1460 1072 1488 Ianum

277 1509 403 1536 nuntium
419 1509 452 1535 de
466 1508 545 1535 bonis
559 1516 620 1543 qua:
640 1507 691 1542 ipsi
711 1506 838 1534 Christus
858 1505 1009 1541 praestabit,
1023 1506 1074 1533 de-

276 1555 398 1589 Iebitque
411 1553 548 1581 idolorum
561 1552 743 1588 impietatem.

315 1645 407 1673 LVIII.
425 1643 583 1680 Obiurgatio
597 1644 632 1671 ad
651 1643 736 1671 Israel
751 1647 863 1678 propter
881 1644 982 1670 mentis
995 1642 1072 1670 duri-

281 1692 360 1722 tiam.
384 1699 417 1718 ex
444 1698 477 1718 eo
494 1690 579 1725 quod,
611 1697 674 1716 cum
700 1689 857 1716 divinorum
881 1687 1074 1724 spoliationem

279 1735 464 1768 sustinuisset,
493 1734 646 1769 permansit
671 1738 765 1760 tamen
792 1740 874 1761 sensu
902 1740 1010 1760 carens.
1044 1732 1075 1759 Et

280 1782 372 1808 ltetum
389 1779 530 1812 nuntium,
548 1779 652 1806 scilicet
673 1786 775 1806 novum
791 1778 873 1806 Israel
890 1786 906 1805 a
923 1778 980 1806 Deo
994 1778 1074 1812 adju-

278 1827 375 1855 variet
387 1827 568 1862 undequaque
582 1825 682 1862 colligi.
699 1825 730 1853 Et
743 1825 900 1853 testiﬁcatio
911 1826 944 1853 de
955 1825 1074 1859 Christo,

279 1873 362 1908 quod,
377 1880 439 1900 cum
449 1877 522 1900 esset
534 1876 597 1899 ante
607 1873 700 1900 omnia
713 1872 815 1900 saecula
833 1871 916 1905 Deus,
932 1872 1075 1900 hominum

279 1919 396 1947 instituit
408 1919 640 1954 redemptionem.

246 2002 249 2005 ι
315 1965 386 1994 LIX.
413 1965 575 1993 Exhortatio
594 1964 628 1992 ad
652 1963 736 1992 Israel
758 1972 794 1992 tte
821 1964 961 1992 adhmreat
986 1966 1073 1994 veteri

280 2011 342 2046 legi,
358 2010 406 2038 sed
422 2010 552 2038 Ecclesia
562 2010 709 2046 mysteriis,
727 2017 791 2037 cum
807 2009 880 2038 Deus
892 2018 948 2038 nou
962 2009 1076 2039 Judaica

280 2057 414 2084 sacriﬁcia
427 2057 555 2092 accipiat,
570 2063 619 2091 per
631 2055 821 2092 pmnitentiam
834 2061 927 2084 autem
942 2057 1077 2085 adeuntes

280 2104 377 2131 salvet.
402 2104 435 2131 Et
465 2105 611 2139 promissio
642 2113 715 2133 novo
737 2105 821 2133 Israel
845 2105 918 2141 quod
939 2105 1077 2134 elllorcbit

280 2149 354 2178 dono
367 2150 550 2184 baptismatis.

316 2239 374 2266 LX.
393 2240 529 2267 Allocutio
544 2242 578 2269 de
596 2241 706 2269 Christo
730 2247 858 2277 tanquam
879 2245 985 2270 aeterno
1009 2242 1074 2270 Deo.

1124 981 1267 1014 ἀσέϐειαν,
1282 981 1330 1007 καὶ
1344 980 1378 1007 τὰ
1395 980 1462 1016 ἔθνη
1479 979 1721 1015 καταπλήξαντος⁴
1739 979 1788 1006 καὶ
1801 979 1852 1014 τῆς
1863 979 1921 1006 τῶν

1124 1026 1243 1054 εἰδώλων
1258 1027 1403 1058 ἀσθενείας
1422 1025 1561 1061 διήγησις.

1161 1087 1215 1116 νς¹.
1236 1082 1435 1119 Προσφώνησις
1454 1082 1505 1117 τῆς
1520 1081 1638 1116 ἐκλογῆς
1652 1081 1700 1108 τοῦ
1714 1081 1774 1108 νέου
1798 1080 1920 1116 Ἰσραὴλ,

1124 1131 1153 1162 ὃς
1174 1131 1288 1166 θαρρεῖν
1305 1128 1500 1164 ἐγκελεύεται·
1515 1127 1615 1163 ἀπειλὴ
1632 1127 1660 1154 δὲ
1675 1129 1733 1159 τοῖς
1754 1127 1824 1163 πρὸς
1838 1127 1922 1153 αὑτὸν

1125 1177 1287 1212 ὲκθρένουσι
1304 1176 1480 1212 [ὲχθρεύουσι
1530 1175 1586 1210 (15)
1601 1175 1650 1202 καὶ
1669 1175 1720 1210 τῆς
1735 1174 1785 1209 μὲν
1803 1174 1922 1209 Ἐκκλη-

1127 1223 1188 1254 σίας
1207 1223 1340 1258 προλέγει
1365 1222 1401 1249 τὰ
1425 1222 1576 1257 μυστήρια,
1594 1221 1693 1247 σκοπεῖ
1713 1220 1742 1246 δὲ
1759 1219 1844 1255 μηδὲν
1861 1220 1924 1245 ὲπι-

1127 1268 1278 1303 σταμένους
1290 1268 1321 1294 οὐ
1338 1267 1393 1294 τῶν
1406 1267 1540 1303 ἀρχαίων,
1557 1266 1588 1294 οὺ
1603 1266 1660 1293 τῶν
1674 1265 1839 1301 μελλόντων,
1858 1265 1924 1297 τοὺς

1125 1315 1269 1351 δαίμονας,
1284 1314 1332 1341 καὶ
1350 1313 1386 1341 τὰ
1399 1314 1498 1340 εἴδωλα
1514 1313 1564 1339 σὺν
1581 1312 1685 1344 αὐτοῖς,
1701 1311 1740 1344 ὡς
1755 1311 1922 1346 ἀναίσθητα.

1162 1371 1212 1405 νζ’.
1233 1370 1435 1407 Προσφώνησις
1460 1370 1508 1397 τοῦ
1529 1369 1638 1405 Πατρδς
1659 1368 1726 1404 περὶ
1747 1368 1797 1404 τῆς
1808 1367 1923 1402 ἀγάπης

1126 1419 1175 1446 τοῦ
1190 1418 1257 1446 Υίοῦ
1268 1427 1274 1434 ·
1291 1418 1339 1445 καὶ
1358 1417 1418 1454 μεθ’
1433 1417 1499 1452 ὅσης
1511 1415 1583 1452 μὲνῦ
1599 1415 1665 1448 Υἱὸς
1687 1414 1819 1450 ἐπιδημεῖ
1833 1414 1924 1449 πραύ-

1125 1475 1220 1502 τητος,
1237 1466 1287 1492 ὅσα
1315 1465 1344 1492 δὲ
1370 1462 1482 1499 εὺδοκίςι
1505 1462 1555 1490 τοῦ
1580 1462 1687 1497 Πατρὸς
1710 1461 1857 1497 κατορθοῖ·
1873 1460 1926 1487 καὶ

1127 1514 1331 1550 εὑαγγελισμδς
1350 1514 1383 1548 τῇ
1407 1512 1570 1547 Ἐκκλησία,
1592 1511 1635 1545 ἐφ’
1650 1507 1690 1542 οἷς
1706 1509 1851 1545 ὸΧριστδς
1871 1509 1924 1535 αὒ-

1126 1563 1176 1599 τὴν
1196 1562 1246 1598 μὲν
1263 1561 1412 1596 εὐεργετεῖ,
1427 1560 1536 1595 ἀναιρεί
1549 1559 1578 1585 δὲ
1593 1558 1643 1594 τὴν
1656 1557 1711 1585 τῶν
1725 1557 1843 1584 εἰδώλων
1857 1556 1925 1584 ἁ.σέ-

1127 1608 1215 1636 ϐειαν.

1161 1653 1212 1689 νη’.
1239 1652 1408 1687 Ὀνειδισμδς
1428 1651 1467 1687 τῷ
1496 1650 1605 1686 Ἰσραὴλ
1630 1650 1680 1686 τῆς
1706 1651 1779 1677 κατὰ
1808 1649 1926 1685 γνώμην

1126 1699 1295 1734 πωρώσεως,
1313 1697 1344 1730 ἐξ
1369 1694 1404 1734 ἧς
1427 1698 1478 1732 τὴν
1494 1696 1548 1723 τῶν
1571 1696 1652 1723 θείων
1673 1695 1832 1732 διαρπαγὴν
1856 1695 1927 1722 ὐπο-

1128 1746 1234 1782 μεινας,
1249 1745 1360 1781 ἔμεινεν
1369 1744 1446 1779 ὅμως
1457 1743 1637 1779 ἀναίσθητος·
1650 1743 1698 1770 καὶ
1710 1742 1923 1778 εὐαγγελισμὺς,

1126 1793 1173 1820 τὸν
1190 1792 1251 1819 νέον
1276 1791 1387 1827 Ἰσραὴλ
1403 1791 1478 1826 παρὰ
1502 1789 1572 1817 Θεοῦ
1598 1788 1768 1825 βοηθεῖσθαι,
1787 1789 1835 1815 καὶ
1851 1797 1924 1816 παν-

1126 1839 1243 1874 ταχόθεν
1257 1837 1448 1874 ἁθροίζεσθαι·
1459 1836 1507 1864 καὶ
1519 1835 1709 1873 διαμαρτυρία
1725 1834 1773 1862 τοῦ
1790 1833 1924 1871 Χριστοῦ,

1126 1886 1164 1918 ὡς
1181 1885 1266 1913 αὑτοῦ
1285 1885 1334 1920 μὲν
1356 1884 1433 1916 ὄντος
1458 1883 1625 1918 προαιωνίου
1635 1882 1715 1914 Θεοῦ,
1728 1881 1813 1909 αὑτοῦ
1829 1881 1857 1908 δὲ
1873 1881 1925 1916 τὴν

1126 1931 1181 1959 τῶν
1199 1930 1355 1966 ἀνθρώπων
1371 1930 1604 1966 οίκονομήσαντος
1621 1929 1770 1964 λύτρωσιν.

1162 1977 1213 2005 νϐ’.
1234 1977 1402 2012 Παραίνεσις
1427 1975 1468 2011 τῷ
1498 1975 1620 2011 Ἰσραὴλ,
1650 1975 1688 2011 μὴ
1712 1975 1861 2010 προσέχειν
1888 1975 1924 2009 τῇ

1128 2023 1231 2060 ἀρχαίᾳ
1252 2022 1390 2058 πολιτείᾳ,
1407 2021 1476 2049 ἀλλὰ
1488 2023 1546 2054 τοῖς
1560 2022 1610 2057 τῆς
1631 2021 1799 2056 Ἐκκλησίας
1816 2028 1926 2055 μυστη-

1130 2069 1200 2106 ρίοις
1213 2079 1220 2085 -
1239 2069 1278 2101 ὡς
1291 2068 1339 2096 τοῦ
1360 2067 1430 2095 Θεοῦ
1453 2067 1503 2099 τὰς
1526 2067 1676 2098 Ἰουδαῖκὰς
1702 2066 1751 2102 μὲν
1775 2065 1872 2097 θυσίας
1892 2065 1924 2092 οὗ

1128 2115 1303 2147 καθελόντος,
1319 2115 1363 2142 διὰ
1380 2113 1529 2150 μετανοίας
1554 2113 1582 2140 δὲ
1599 2113 1664 2144 τοὺς
1687 2111 1852 2147 προσιόντας
1870 2111 1925 2137 σώ-

1129 2161 1222 2194 ζοντος
1232 2171 1239 2177 ·
1256 2161 1304 2188 καὶ
1319 2160 1466 2195 ὑπόσχεσις
1482 2159 1520 2196 τῷ
1535 2159 1588 2194 νέῳ
1609 2158 1727 2195 Ἰσραὴλ,
1742 2157 1788 2185 διὰ
1811 2158 1860 2192 τῆς
1874 2157 1927 2183 δω-

1131 2209 1195 2244 ρεᾶς
1211 2207 1344 2243 ἁνθήσειν
1357 2206 1405 2234 τοῦ
1422 2205 1625 2242 βαπτίσματος.

1166 2254 1198 2287 εἰ
1219 2253 1419 2290 Προσφώνησις
1435 2253 1500 2288 περὶ
1516 2251 1649 2288 Χριστοῦ,
1665 2251 1704 2284 ὡς
1724 2250 1758 2278 ἂν
1782 2250 1830 2277 τοῦ
1855 2250 1926 2277 Θεοῦ

281 2285 316 2312 Ει
329 2285 464 2314 detractio
479 2293 574 2314 eorunt
591 2286 636 2321 qui
668 2287 815 2315 simulacra
838 2287 951 2319 faciunt.
968 2292 996 2315 et
1011 2288 1071 2315 adol

1130 2285 1444 2336 αἰωνίου-τυγχάνοντος
1457 2285 1529 2325 ’.καὶ
1544 2285 1659 2333 διαϐολὴ
1685 2297 1741 2324 τῶν
1762 2297 1797 2324 τὰ
1825 2296 1926 2323 εἴδωλα

282 2336 344 2359 rant
359 2339 391 2360 ea
403 2340 464 2368 qua-
481 2332 515 2360 de
534 2333 647 2360 materia
671 2333 754 2362 debili
774 2333 964 2362 confecerunt.
980 2334 1015 2362 Et
1033 2337 1081 2362 ex-

282 2378 401 2406 hortatio
420 2378 454 2406 ad
475 2378 569 2412 Israel,
586 2386 622 2407 tte
632 2379 680 2408 Dei
696 2379 883 2407 obliviscatur.

317 2480 387 2508 LXI.
419 2481 524 2510 Laetum
560 2483 689 2510 nuutiutu
727 2483 945 2519 redemptionis,
982 2493 1080 2520 quam,

282 2525 379 2552 ablatis
391 2526 545 2555 demonum
566 2528 722 2564 praestigiis,
744 2528 870 2557 Christus
897 2529 1024 2565 perfecit,
1049 2536 1077 2558 et

281 2578 384 2598 novum
399 2573 529 2607 populum
551 2574 693 2606 stabilivit,
709 2582 792 2609 quem
812 2575 864 2602 sub
877 2583 994 2610 persona
1013 2576 1075 2612 Cyri

282 2615 426 2651 prophetia
440 2616 545 2652 ﬁgurat,
559 2623 703 2654 postquam
716 2619 870 2648 Jerusalem
883 2625 1002 2648 veterem
1017 2621 1075 2656 ipse

282 2660 310 2688 in
327 2668 427 2688 novam
443 2664 630 2699 congregavit.

1129 2346 1292 2378 ποιούντων,
1316 2346 1364 2372 καῖ¹
1388 2343 1618 2381 προσκυνούντων
1631 2343 1706 2378 ἂτιερ
1719 2342 1798 2370 αὐτοὶ
1811 2341 1843 2374 ἐξ
1858 2341 1927 2376 ὕλης
1939 2340 1943 2343 ’

1130 2392 1262 2423 ἀσθενοῦς
1277 2391 1486 2419 κατεσκεύασαν
1498 2398 1505 2405 ·
1516 2391 1563 2418 καὶ
1572 2390 1735 2426 παραίνεσις
1750 2389 1789 2425 τῷ
1803 2388 1926 2424 Ἰσραὴλ,

1129 2439 1216 2475 λήθην
1229 2437 1298 2464 Θεοῦ
1315 2437 1353 2472 μὴ
1367 2436 1533 2472 κτήσασθαι.

1168 2484 1217 2516 ξω.
1238 2482 1448 2517 Εὑαγγελισμὺς
1461 2481 1512 2517 τῆς
1534 2480 1707 2516 λυτρώσεως,
1725 2480 1768 2515 ἣν,
1784 2480 1928 2514 καταργήα·

1132 2538 1182 2561 σας
1197 2529 1246 2560 τὰς
1263 2528 1318 2555 τῶν
1331 2528 1468 2563 δαιμόνων
1498 2526 1681 2563 μαγγανείας,
1698 2527 1712 2553 ὁ
1739 2525 1860 2561 Χριστὸς
1878 2526 1928 2551 ἑτι-

1130 2575 1250 2608 ετέλεσε,
1269 2575 1316 2601 καὶ
1341 2574 1388 2601 τὸν
1409 2573 1474 2600 λαδν
1489 2572 1536 2600 τόν
1561 2573 1622 2600 νέον
1640 2572 1825 2599 ὲὸεὸαίωσεν·
1844 2571 1875 2598 ὃν
1889 2571 1929 2602 εἰς

1130 2621 1278 2657 πρόσωπον
1289 2620 1383 2656 Κύρου
1396 2620 1412 2654 ἡ
1424 2617 1579 2654 προφητεία
1593 2619 1752 2651 αἰνίττεται,
1764 2617 1862 2652 ἐπειδὴ
1878 2616 1929 2642 Ἰε-

1131 2666 1328 2702 ρουσαλὴμτὴν
1339 2665 1457 2702 ἀρχαίαν
1470 2665 1586 2697 ἐκεῖνος,
1598 2661 1677 2696 οὗτος
1684 2665 1734 2700 τὴν
1747 2663 1812 2690 νέαν
1820 2663 1929 2698 ἧγειρε.

1046 2754 1161 2783 NOTAE.

321 2825 379 2864 (IS)
399 2825 599 2860 'Endpérovm.
620 2826 777 2863 Legendnm
792 2829 835 2864 vel
851 2828 1023 2864 ὲχθρεὺουσι,
1035 2831 1078 2857 vel

281 2857 482 2895 ιχθραίνουσί·
514 2857 674 2897 utrumque“
685 2864 799 2890 verbum
825 2857 969 2896 Bib'Iiéum,
991 2857 1076 2892 Esod.

284 2897 564 2933 axttt,22,éxepsoaw
575 2900 631 2929 τοίς
644 2898 751 2933 ἐχθροῖς
765 2907 822 2926 σου.
834 2898 913 2926 Num.
925 2908 1022 2932 χχχιιι,
1031 2901 1076 2929 55.

284 2930 481 2968 ὲχθρεύσουσιν
498 2933 571 2968 ὑμῖν.
592 2930 736 2968 Ιὺιᾱ.“ρὲῳ.
750 2933 796 2967 23,
811 2942 836 2962 ν.
858 2934 902 2967 I7,
919 2930 1077 2971 ἐχθραίνετε

1130 2831 1196 2867 τοῖς
1214 2831 1409 2867 Mutat-quium
1434 2830 1562 2866 Ejusdem
1593 2829 1715 2867 notionis
1744 2829 1930 2867 compositur-

1132 2865 1209 2894 illud.
1223 2865 1305 2893 Prov.
1323 2874 1363 2899 Ill,
1379 2866 1428 2894 50..
1443 2867 1488 2901 Μὴ
1514 2866 1701 2901 φιλεχθρὴσῃς
1728 2865 1797 2900 πρὸς
1817 2865 1933 2901 ἂνθρωτ

1133 2909 1184 2926 πον
1209 2901 1318 2936 μάτην,
1342 2902 1416 2937 quod
1446 2899 1557 2930 La‘ertio
1579 2899 1732 2936 ᾡιλέχθρως
1752 2899 1835 2936 ἔχειν
1862 2899 1932 2935 πρός

1132 2945 1201 2963 τινα.
