2056 3148
179 201 248 235 1381

900 202 939 231 IN
963 204 1105 233 ISAIAM.

1747 206 1818 240 13$

217 258 267 292 ξμι,
290 257 487 292 ἰΙροσφών-ησις
521 258 577 287 τοῖς
604 257 759 291 στοιχείοις,
785 257 830 283 διὰ
851 257 901 292 τὴν
925 257 972 284 τοῦ

1061 259 1143 287 LXII.
1164 261 1298 289 Alloentio
1315 262 1350 289 ad
1376 263 1510 290 elementa
1537 268 1566 290 ut
1587 270 1698 299 propter
1717 263 1773 294 Dei'
1790 267 1817 294 in

180 303 250 330 Θεοῦ
278 303 343 337 περί
364 302 418 328 τῶν
439 301 591 337 ἀνθρώπων
605 302 815 337 φιλανθρωπίαν
828 302 972 338 εὐφραίνεο

182 347 260 374 σθαι⁶
277 348 324 374 καὶ
338 347 467 382 ἐπιτιμία
483 348 540 379 τοῖς
556 347 703 381 ἐγκαλοῦσι
721 348 759 383 τῷ
783 348 895 384 Χριστῷ
908 349 973 385 περὶ

181 390 219 420 ὧν
232 395 382 428 οἰκονομεῖ,
402 393 463 419 δέον
481 393 633 428 δοξολογεῖν
649 391 679 421 οὗ
697 395 779 430 μόνου
795 395 972 430 προγνώστου

181 439 230 465 καὶ
244 439 356 474 ποιητοῦ
374 439 554 473 τυγχάνοντος
567 448 573 454 ·
592 440 639 466 καὶ
664 441 708 467 διὰ
726 440 806 467 τοῦτο
821 441 973 477 τρεχόντων

182 485 252 520 πρὸς
265 485 345 511 αὑτὸν
359 485 413 511 τῶν
428 485 514 511 ἐονῶν
530 485 570 517 εἰς
587 487 788 522 προσκύνησιν.

218 542 269 577 ξγ’.
302 543 462 578 Προφητεία
493 543 664 580 Ἑκκλησιῶν
706 545 902 582 ἐγκαινισμοῦ·
927 547 974 573 καὶ

182 589 284 620 ὃπωςὸ
311 589 428 624 Χριστδς
443 588 481 620 ὡς
502 588 568 620 Θεὺς
590 589 638 615 καὶ
662 590 833 626 Δημιουργὺς
858 592 974 626 μάταιον

184 635 235 670 μὲν
252 635 328 661 οὐδὲν
342 635 382 670 τῷ
404 635 513 671 Ἰσραὴλ
530 635 697 669 ἐντέλλεται,
713 637 746 663 τὰ
764 637 828 671 έονη
845 638 874 665 δὲ
891 639 972 665 καλεῖ

183 681 231 707 καί
242 681 335 712 σώζει·
347 681 395 707 καὶ
407 681 481 716 αὑτῷ
498 682 547 716 μὲν
559 683 613 708 πᾶν
625 682 690 716 γόνυ
701 683 819 718 κάμψει·
831 684 865 710 τὰ
874 684 972 712 εῖδωλα

182 726 211 752 δὲ
227 726 294 760 παρ’
311 727 394 753 αὑτοῦ
420 728 632 763 συντριϐήσεται
648 736 654 743 ·
670 729 717 755 καὶ
739 730 896 765 κατηγορία
922 730 971 757 τοῦ

190 771 298 807 Ἰσραὴλ
323 772 371 798 ἐπὶ
393 774 425 808 τῇ
451 773 578 809 εἰδωλικῇ
606 774 716 810 πλάνῃ”
731 774 780 801 καὶ
793 775 971 810 παραίνεσις,

184 817 372 854 προσδραμεῖν
382 819 421 854 τῷ
436 819 547 854 Χριστῷ
557 820 596 852 ὡς
609 821 763 856 οἰκονομεῖν
780 820 813 847 τὰ
834 822 973 858 μυστήρια

185 864 320 899 μέλλοντι,
349 864 423 900 ἅπερ
448 866 488 897 εἰς
521 865 659 901 σωτηρίαν
692 867 732 903 τῷ
767 867 877 903 Ἰσραὴλ
907 878 974 905 προ-

184 908 270 935 έθετο.

221 966 267 999 ξδ’.
282 965 481 1002 Προσφώνησις
497 969 529 1003 τῇ
551 968 657 1003 ἀρχαίᾳ
690 969 869 1006 Ἰερουσαλὴμ
881 991 888 1003 ,
906 980 973 998 πεν-

185 1013 243 1040 Θεῖν
257 1013 301 1040 διὰ
311 1013 361 1048 τὴν
372 1013 510 1046 ἀσέϐειαν,
528 1014 590 1041 ὅθεν
604 1014 673 1050 αὐτῇ
696 1015 726 1042 τὸ
743 1017 794 1051 τῆς
813 1016 974 1049 Βαϐυλῶνος

184 1059 349 1094 περιέθηκεν
374 1059 532 1095 πρόσωπον,
548 1060 586 1093 ὡς
605 1061 640 1087 τὰ
664 1062 773 1097 ἐκείνης
792 1065 974 1101 μιμησαμένη

185 1105 275 1132 κακά·
292 1106 339 1132 καὶ
364 1105 476 1141 ἀπειλὴ,
493 1106 538 1133 τὸν
567 1107 692 1135 διάϐολον
717 1109 758 1141 εἰς
784 1109 815 1136 τὺ
844 1109 899 1146 πῦρ
923 1112 974 1146 τῆς

184 1153 298 1188 γεέννης
316 1152 538 1188 πεμφθήσεσθαι.

221 1209 268 1242 Ea’.
293 1209 455 1245 Κατηγορία
477 1210 526 1244 τῆς
553 1210 600 1236 τοῦ
620 1210 730 1247 Ἰσραὴλ
755 1211 927 1247 ὑποκρίσεώς
944 1220 974 1239 τε

186 1255 236 1282 καὶ
247 1255 465 1291 σκληροκαρδίας
476 1263 482 1270 ·
504 1256 552 1282 καὶ
565 1255 751 1292 διαμαρτυρία
763 1257 817 1284 τῶν
835 1258 975 1293 ἐσομένων

187 1303 220 1336 τῇ
245 1301 396 1336 Ἐκκλησία
422 1301 591 1336 μυστηρίων,
609 1302 657 1328 καὶ
684 1303 733 1337 τῆς
755 1302 802 1329 τοῦ
828 1302 974 1330 Ἰουδαῖκοῦ

187 1346 251 1372 λαοῦ
263 1345 510 1381 ἀπαλλοτριώσεως
521 1353 529 1361 ·

186 1391 293 1420 αἰώνων
319 1391 367 1418 καὶ
390 1392 434 1418 ἐπ’
445 1392 569 1427 ἐσχάτων
592 1392 728 1419 ἐστί-καὶ
753 1393 908 1429 ὀνειδισμὸς
935 1394 975 1430 τῷ

191 1437 310 1474 Ἰσραὴλ,
319 1438 357 1470 ὡς
369 1438 419 1473 οὐχ
429 1438 618 1465 ὑπακούσαντι
629 1446 635 1453 ·
650 1438 746 1474 κλῆσις
757 1439 785 1466 δέ
800 1441 855 1472 τοῖς
874 1440 973 1474 ἔθνεσι,

186 1485 232 1511 καὶ
247 1485 393 1520 ὑπόσχεσις
407 1485 457 1520 τῆς
470 1485 564 1521 πηγῆς
575 1485 622 1512 τοῦ
635 1485 833 1521 βαπτίσματος.

221 1540 274 1573 Eg’.
293 1540 398 1575 Κλῆσις
427 1540 523 1574 ἐθνῶν,
539 1541 587 1567 καὶ
607 1541 760 1577 προφητεία
781 1542 828 1569 τοῦ
843 1542 973 1578 Χριστοῦ,

550 1347 598 1373 καὶ
612 1346 650 1378 ὡς
665 1348 678 1373 ὀ
691 1347 811 1382 Χριστὸς
823 1348 904 1379 αὐτὸς
921 1342 985 1383 πρὸ“

1027 305 1152 333 homines
1163 306 1383 335 benevolentiam
1396 308 1531 337 laetentur.
1544 309 1577 337 Et
1591 312 1770 346 reprehensio
1789 313 1816 340 in

1026 358 1073 378 eos
1087 351 1133 386 qui
1151 352 1298 381 detrahunt
1312 353 1422 382 Christo
1436 355 1469 383 de
1485 356 1528 383 his
1540 365 1601 391 qua:
1621 357 1740 391 ordinat,
1754 366 1816 386 cum

1027 398 1218 433 gloriﬁcandus
1231 400 1267 427 sit
1287 404 1414 436 tanquam
1434 402 1531 430 unicus
1546 402 1630 431 futuri
1648 404 1778 439 przescius
1791 409 1815 431 cl

1027 448 1144 476 creator.
1163 448 1190 472 et
1213 451 1358 481 propterea
1378 448 1412 475 ad
1428 454 1490 474 eum
1508 453 1676 477 concurrant
1686 449 1817 477 nationes

1027 490 1061 517 ad
1079 490 1261 518 adorandum.

1062 545 1154 573 LXIII.
1176 545 1340 575 Vaticinium
1362 548 1546 576 renovationis
1572 548 1768 582 Ecclesiarum,
1790 555 1817 577 et

1027 592 1165 626 quomodo
1180 592 1317 626 Christus,
1330 598 1360 621 ut
1373 594 1444 622 Deus
1458 599 1486 622 et
1496 600 1613 627 creator,
1626 595 1695 622 nihil
1707 596 1817 630 quidem

1027 637 1089 664 vani
1104 638 1137 664 ad
1153 637 1234 665 Israel
1245 639 1333 673 jubet,
1354 644 1449 674 gentes
1468 644 1559 667 autem
1576 646 1655 668 vocat
1673 646 1700 668 et
1712 641 1815 675 salvat;

1028 687 1055 709 et
1074 682 1126 717 ipsi
1149 690 1229 710 omne
1252 691 1323 719 genu
1344 685 1486 718 ﬂectetur;
1514 685 1584 712 idola
1610 694 1675 714 vero
1696 686 1731 713 ab
1756 687 1817 722 ipso

1029 733 1215 756 conterentur.
1236 731 1269 757 Et
1289 730 1428 758 accusatio
1448 730 1529 758 Israel
1549 735 1662 766 propter
1682 731 1816 760 idolorum

1027 782 1147 802 errorem
1159 783 1166 808 ;
1183 780 1210 802 et
1224 776 1377 804 exhortatio
1391 777 1424 804 ad
1439 777 1604 804 currendum
1615 777 1649 805 ad
1665 777 1816 812 Christum,

1027 823 1128 858 quippe
1144 824 1189 858 qui
1207 823 1413 858 dispensaturus
1430 823 1466 851 sit
1484 825 1611 859 mysteria
1631 832 1692 859 qu:e
1719 832 1818 860 propo-

1027 869 1082 896 suit
1094 869 1127 896 ad
1142 868 1258 896 salutem
1272 869 1366 896 Israel.

1060 967 1154 996 LXIV.
1174 969 1312 997 Allocutio
1327 969 1360 996 ad
1373 974 1493 997 veterem
1504 968 1666 1001 Jerusalem,
1683 974 1711 996 ut
1723 969 1817 997 doleat

1025 1023 1103 1043 suam
1121 1016 1300 1051 impietatem,
1318 1016 1388 1043 unde
1403 1016 1453 1051 ipsi
1466 1015 1608 1052 Babylonis
1623 1015 1731 1043 induxit
1748 1016 1816 1051 ligu-

1025 1070 1093 1095 ram,
1124 1066 1252 1097 tanquam
1277 1062 1416 1089 imitatrici
1447 1062 1559 1089 malitiae
1574 1062 1644 1097 ejus.
1674 1062 1706 1089 Et
1734 1062 1816 1089 mina).

1025 1109 1163 1137 diabolum
1176 1110 1342 1138 mittendum
1356 1110 1414 1138 fore
1427 1109 1453 1138 in
1468 1109 1558 1146 ignem
1574 1110 1714 1146 gehennze.

1061 1208 1142 1236 LXV.
1169 1209 1315 1237 Accusatio
1345 1209 1496 1244 hypocrisis
1531 1213 1559 1236 et
1588 1208 1696 1236 duritiae
1723 1209 1816 1237 ecrdis

1026 1254 1117 1287 Israel,
1135 1259 1161 1282 et
1179 1255 1365 1282 testimonium
1386 1255 1543 1282 futurorum
1567 1255 1697 1283 Ecclesia:
1720 1261 1817 1290 my5le-

1026 1302 1127 1328 riorum
1148 1299 1173 1328 e‘l
1195 1300 1302 1328 Iudaici
1330 1301 1422 1336 populi
1445 1301 1670 1335 abalienationis;
1691 1305 1719 1329 et
1742 1302 1816 1336 quod

1025 1346 1151 1374 Christus
1159 1349 1201 1374 est
1211 1351 1276 1373 ante
1289 1347 1388 1374 saecula
1402 1348 1466 1375 etin
1481 1347 1573 1375 ﬁnem.
1590 1346 1622 1375 Et
1635 1348 1812 1382 exprobratio

1025 1392 1059 1419 ad
1081 1392 1176 1424 Israel,
1191 1399 1224 1420 eo
1240 1393 1313 1428 quod
1335 1401 1390 1420 non
1407 1393 1570 1420 obediverit.
1595 1392 1707 1421 Vocatio
1722 1397 1816 1421 autem

1026 1439 1159 1475 gentium,
1170 1443 1198 1466 et
1210 1440 1355 1475 promissio
1367 1439 1451 1467 fontis
1465 1440 1648 1475 baptismatis.

1061 1540 1153 1568 LXVI.
1177 1540 1288 1569 Vocatio
1313 1541 1435 1576 gentium
1459 1544 1487 1567 et
1513 1539 1672 1567 vaticinium
1702 1538 1815 1572 Christi.

185 1587 224 1617 ὡς
239 1587 279 1618 εἰς
300 1587 394 1613 δούλου
411 1587 519 1623 μορφὴν
535 1587 632 1614 ἐαυτὸν
651 1587 698 1613 ἐπὶ
722 1588 846 1623 σωτηρίᾳ
858 1588 913 1615 τῶν
927 1589 974 1615 ἐθ-

1027 1592 1154 1622 tanquam
1174 1587 1201 1614 in
1220 1586 1334 1614 formam
1348 1586 1419 1613 servi
1435 1586 1557 1621 seipsum
1572 1586 1599 1613 in
1617 1586 1731 1613 salutem
1747 1593 1816 1621 gen-

185 1633 240 1660 νῶν
258 1633 438 1669 κηρύξαντος,
455 1633 546 1670 καιρῷ
565 1642 595 1660 τε
612 1633 699 1669 αὐτὴν
715 1634 922 1670 οἰκονομοῦντος
937 1635 975 1671 τῷ

185 1678 284 1706 δέοντι.

222 1725 273 1758 ξςθ.
291 1725 489 1762 Προσφώνησις
513 1727 570 1758 τοῖς
597 1727 750 1762 στοιχείοις,
765 1727 905 1762 ἑορτάζειν
924 1727 975 1763 τῆς

188 1771 326 1807 σωτηρίας
343 1773 396 1799 τῶν
409 1772 562 1808 ἀνθρώπων
577 1773 659 1800 ἕνεκα
673 1781 680 1787 ·
695 1774 743 1800 καὶ
756 1773 904 1809 ὑπόσχεσις
925 1774 975 1809 τῆς

185 1819 320 1855 ἐσομένης
347 1819 540 1851 πολυπαιδίας,
561 1819 646 1847 ἐθνῶν
667 1829 695 1847 τε
726 1821 898 1856 συναγωγῆς,
927 1821 975 1847 καὶ

186 1864 311 1890 διαϐόλου
323 1865 505 1897 σκυλεύσεως,
519 1865 656 1898 ἀπωλείας
665 1875 695 1893 τε
705 1867 851 1902 δαιμόνων,
864 1866 975 1893 καὶτῶν

186 1911 291 1937 πιστῶν
306 1911 478 1947 λυτρώσεως.

223 1965 274 2001 Er".
297 1966 464 2002 Ὀνειδισμὸς
475 1966 513 2002 τῷ
534 1967 655 2002 Ἰσραὴλ,
672 1967 719 1993 καὶ
735 1966 785 2001 τῆς
801 1967 866 2001 παρ’
883 1967 975 1998 αὐτοῖς

187 2013 350 2047 συναγωγῆς
362 2013 483 2047 ἀποϐολή
497 2020 504 2027 '
521 2013 569 2040 καὶ
584 2012 697 2045 ἔνδειξις
715 2012 807 2047 ἰσχύος
824 2011 892 2038 Θεοῦ
905 2021 913 2028 ο
927 2012 976 2039 καὶ

186 2057 341 2093 προφητεία
356 2058 410 2085 τῶν
422 2057 471 2084 τοῦ
485 2057 589 2092 Κυρίου
607 2057 700 2084 παθῶν
711 2064 717 2072 ·
729 2057 777 2083 καὶ
794 2057 893 2092 ἀπειλὴ
904 2057 975 2084 κατὰ

185 2102 240 2129 τῶν
260 2102 408 2134 Ἰουδαίων,
425 2103 463 2135 ὡς
475 2103 566 2129 αὐτῶν
584 2103 776 2130 σκευασάντων
801 2103 850 2138 τὴν
872 2102 975 2133 οἰκείαν

186 2148 336 2175 ἀπώλειαν.

223 2204 272 2237 ξ6’.
290 2204 488 2240 Προσφώνησις
501 2205 539 2240 τῷ
556 2206 676 2241 Ἰσραὴλ,
694 2206 841 2242 προσέχειν
859 2207 916 2237 τοῖς
927 2205 974 2232 τοῦ

186 2251 274 2285 τάφου
299 2251 346 2278 τοῦ
367 2252 534 2279 Δεσποτικοῦ
554 2252 675 2287 Θαύμασι
691 2260 698 2268 °
717 2252 827 2279 καὶτοῦ
848 2252 974 2288 Ἀϐραὰμ

186 2297 236 2331 τὴν
248 2296 374 2331 εὐλογίαν
390 2297 564 2330 λογίζεσθαι·
582 2298 693 2333 καὶτῆς
708 2297 778 2326 Σιὼν
793 2298 974 2334 ἐγκαινισμδν

188 2343 397 2379 προσδέχεσθαι,
418 2344 504 2371 ἐθνῶν
530 2344 721 2379 προσέλευσιν,
750 2344 798 2370 καὶ
821 2344 876 2371 τῶν
902 2353 975 2371 στοι-

186 2389 269 2424 χείων
285 2389 443 2417 συντέλειαν
459 2399 466 2406 ·
484 2391 531 2416 καὶ
543 2390 708 2425 παραίνεσις
722 2391 778 2422 τοῖς
796 2392 919 2423 πιστοῖς,
937 2390 975 2426 μὴ

186 2435 329 2469 φοϐεῖσθαι
343 2435 398 2462 τῶν
410 2435 533 2462 ἀπίστων
548 2437 581 2462 τὰ
597 2434 763 2471 σκώμματα.

221 2489 253 2517 o’.
280 2490 459 2525 Παράκλησις
474 2492 505 2526 τῇ
526 2490 714 2526 Ἰερουσαλὴμ,
731 2491 769 2523 ὡς
790 2490 856 2517 λαοῦ
877 2491 975 2517 πιστοῦ

185 2538 215 2564 ὲν
229 2537 298 2572 αὐτῇ
313 2537 520 2563 συνελεύσεσθαι
538 2537 690 2572 μέλλοντος·
703 2538 749 2564 καὶ
764 2538 915 2574 προτροπὴ.
929 2539 976 2565 ἐπὶ

186 2582 246 2618 6εῷ
265 2583 440 2609 πεποιθέναι·
467 2583 514 2609 καὶ
543 2583 705 2618 ὑπόσχεσις,
731 2583 779 2619 τὴν
802 2584 861 2610 κατ’
890 2584 976 2619 αὐτῆς

187 2629 272 2664 ὀργὴν
285 2628 355 2655 κατὰ
374 2629 509 2663 δαιμόνων
523 2629 722 2664 τραπήσεσθαι.

222 2688 273 2712 oa'.
299 2686 467 2721 Παραίνεσις
494 2687 526 2721 τῇ
555 2685 640 2717 Σιὼν,
659 2686 695 2717 ὼς
711 2687 761 2721 τῆς
787 2686 975 2721 αἰχμαλωσίας

187 2731 324 2766 μελλούσῃ
334 2722 561 2758 ἀπαλλάττεσθαι·
575 2732 621 2758 καὶ
634 2732 798 2767 ἀνάμνησις,
809 2730 852 2759 οἷα
867 2733 976 2767 Ἰσραὴλ

187 2780 200 2803 ὁ
222 2776 337 2809 παλαιὸς
359 2778 490 2813 ἡνόμησε·
511 2778 558 2803 καὶ
573 2777 742 2814 πρόρρησις,
757 2779 794 2810 ὼς
822 2779 945 2814 ἐνδημῶν
962 2780 976 2806 ὀ

186 2823 304 2858 Χριστὸς
319 2823 366 2849 καὶ
380 2823 508 2858 γνωρίζει
520 2824 554 2850 τὰ
570 2824 658 2850 οἰκεῖα
670 2826 818 2860 μυστήρια,
830 2826 877 2852 καὶ
890 2826 977 2852 ἁπαλ-

186 2868 273 2903 λαγὴν
297 2868 388 2900 αὐτοῖς
414 2868 464 2903 τῆς
489 2869 606 2904 ἀρχαίας
630 2870 858 2906 Ἰερουσαλὴμὼς
873 2880 976 2906 τυγχα-

186 2912 286 2948 νούσης
301 2914 456 2950 ἀκαθάρτου
475 2914 627 2949 χαρίζεται.

1026 1634 1094 1660 timn
1118 1633 1317 1665 annuntiantis,
1344 1638 1371 1660 et
1394 1640 1455 1660 eam
1479 1632 1663 1667 dispensantis
1693 1637 1816 1668 tempore

1025 1684 1191 1715 opportuno.

1062 1725 1167 1753 LXVII.
1185 1725 1321 1753 Allocutio
1336 1724 1370 1752 ad
1387 1725 1522 1752 elementa
1535 1729 1565 1752 ut
1576 1723 1695 1760 jubilent
1705 1728 1816 1759 propter
1829 1737 1831 1740 ν

1027 1773 1169 1800 hominum
1190 1772 1315 1805 salutem,
1332 1776 1360 1799 et
1369 1771 1513 1806 promissio
1522 1771 1621 1798 futura:
1641 1770 1817 1798 fecunditatis

1025 1822 1053 1846 et
1071 1818 1190 1854 gentium
1210 1816 1439 1851 congregationis,
1462 1820 1489 1843 et
1515 1815 1614 1843 diaboli
1633 1815 1816 1854 spoliationis.

1026 1865 1180 1891 daemonum
1210 1868 1301 1890 autem
1323 1861 1494 1897 perditionis,
1517 1866 1546 1888 et
1570 1861 1691 1888 ﬁdelium
1710 1860 1815 1887 redem-

1026 1909 1137 1945 ptionis.

1061 1964 1176 1993 LXVIII.
1190 1963 1410 1999 Exprobratioad
1423 1961 1516 1994 Israel,
1528 1967 1554 1989 et
1564 1961 1711 1997 Synagoga:
1720 1969 1815 1988 eorum

1025 2011 1169 2046 abnegatio
1190 2018 1197 2042 ;
1211 2014 1239 2037 et
1251 2009 1451 2036 demonstratio
1469 2007 1599 2043 potentia:
1616 2006 1663 2034 Dei
1675 2027 1682 2038 ,
1701 2011 1729 2034 et
1744 2006 1816 2034 vati-

1025 2057 1128 2085 cinium
1146 2055 1252 2083 Domini
1264 2055 1432 2091 passionum,
1451 2059 1479 2082 et
1495 2054 1575 2081 minae
1593 2054 1620 2081 in
1638 2053 1759 2086 Iudaeos,
1785 2057 1816 2081 ut

1025 2102 1070 2137 qui
1084 2101 1135 2137 ipsi
1156 2101 1207 2129 sibi
1223 2101 1380 2137 paraverint
1394 2108 1471 2128 suam
1487 2099 1682 2135 perditionem.

1062 2205 1156 2233 LXIX.
1174 2205 1309 2233 Allocutio
1322 2205 1355 2232 ad
1368 2203 1461 2236 Israel,
1481 2207 1510 2231 ut
1537 2202 1661 2231 attendat
1675 2201 1814 2230 miraculis

1027 2253 1145 2289 sepulcri
1171 2251 1279 2280 Domini
1292 2256 1321 2279 et
1341 2251 1476 2279 rationem
1491 2250 1591 2278 habeat
1611 2249 1812 2277 benedictionis

1026 2300 1157 2332 Abrahae;
1175 2299 1380 2326 renovationem
1394 2298 1471 2331 Sion,
1484 2297 1605 2333 gentium
1617 2295 1813 2327 accessionem,

1026 2350 1053 2373 et
1072 2346 1269 2372 elementorum
1282 2343 1546 2372 consummationem
1562 2345 1711 2376 exspectat.
1722 2341 1756 2368 Et
1765 2348 1818 2368 e1-

1027 2391 1146 2419 hortatio
1162 2391 1194 2418 ad
1211 2390 1304 2418 ﬁdeles
1320 2394 1350 2417 ut
1362 2389 1565 2417 incredulorum
1581 2387 1697 2414 ludibria
1713 2393 1768 2413 non
1785 2386 1815 2413 ti.

1027 2441 1129 2464 meant.

1061 2493 1142 2520 LXX.
1159 2492 1318 2520 Consolatio
1329 2492 1363 2519 ad
1376 2491 1538 2523 Jerusalem,
1549 2498 1581 2518 ex
1594 2497 1627 2517 eo
1639 2488 1711 2523 quod
1729 2495 1815 2524 popu-

1026 2541 1069 2568 lus
1082 2539 1168 2567 ﬁdelis
1181 2539 1208 2566 in
1224 2547 1284 2566 eam
1301 2542 1431 2566 venturus
1448 2537 1494 2570 sit,
1509 2541 1537 2564 et
1551 2535 1705 2564 exhortatio
1717 2540 1747 2562 ut
1759 2534 1815 2563 Deo

1026 2587 1128 2618 credat,
1141 2589 1168 2612 et
1181 2584 1326 2619 promissio
1337 2583 1409 2618 quod
1427 2583 1466 2610 ira
1481 2590 1541 2617 qua:
1560 2587 1654 2609 contra
1670 2589 1729 2609 eam
1745 2585 1813 2613 erat,

1027 2632 1054 2658 in
1069 2632 1208 2659 daémones
1225 2634 1413 2658 convertetur.

1064 2688 1155 2715 LXXI.
1172 2687 1330 2714 Exhortatio
1348 2687 1381 2714 ad
1397 2686 1463 2713 Sion
1490 2690 1617 2720 tanquam
1631 2693 1645 2711 a
1658 2683 1814 2719 captivitate

1026 2734 1193 2761 liberandam
1207 2738 1251 2766 ;et
1261 2732 1453 2760 rememoratio
1461 2736 1561 2766 quanta
1573 2736 1650 2759 vetus
1659 2730 1738 2758 Israel
1750 2736 1813 2764 pec-

1027 2779 1139 2811 caverit,
1165 2783 1193 2806 et
1220 2779 1361 2814 praedictio
1376 2778 1514 2806 Christum
1535 2778 1562 2804 in
1580 2785 1629 2805 sua
1658 2776 1812 2803 venientem

1027 2825 1226 2861 patefacturum
1241 2833 1289 2853 sua
1307 2825 1445 2861 mysteria,
1462 2828 1489 2852 et
1499 2824 1539 2852 eis
1554 2823 1742 2851 liberationem
1764 2828 1814 2851 ve-

1027 2872 1092 2899 teris
1106 2872 1257 2899 Jerusalem
1276 2878 1404 2909 tanquam
1419 2871 1528 2906 pouutae
1544 2870 1715 2905 largiturum.
