2056 3148
223 195 291 228 1385

773 172 1005 229 “FRAGMENTA
1023 200 1061 229 ΙΝ
1079 200 1330 234 EZECHIELEM.

1779 203 1846 241 L386

223 250 387 283 κατεδέξατο
397 271 405 283 ,
421 251 463 286 ἐφ’
478 249 518 283 οἷς
539 251 619 278 αὐτὸν
633 251 648 277 ό
668 253 812 287 προφήτης
833 253 926 286 ὑμνεῖ·
942 261 1000 279 κατ-

1064 255 1194 288 propheta
1208 256 1341 283 collaudat
1359 264 1365 282 :
1388 255 1494 283 incusat
1507 260 1596 283 autem
1611 255 1728 289 Iudaeos,
1746 261 1773 285 et
1789 258 1845 293 pri-

223 299 319 334 ηγορεῐ
341 298 369 324 δὲ
386 298 440 325 τῶν
461 299 612 332 Ἰουδαίων,
630 299 678 326 καὶ
697 299 751 326 τῶν
770 299 917 334 θαυμάτων
940 299 1006 325 ἀνα-

223 344 374 380 μιμνήσκει
392 344 445 371 τῶν
462 345 627 380 ἔμπροσθεν.
787 354 789 358 ·
931 368 941 375 ν

256 389 309 416 τίδ’.
325 389 465 422 Ἐντευξις
479 391 525 417 τοῦ
544 391 685 426 προφήτου
710 390 776 426 πρὸς
793 391 838 417 τὸν
855 390 920 416 Θεὸν
936 390 1006 424 ὑπὲρ

221 435 268 461 τοῦ
289 436 406 471 Ἰσραὴλ,
420 437 457 468 ὡς
476 437 662 472 παροφθέντος
683 437 726 464 διὰ
742 438 792 472 τὴν
809 437 1005 472 πρόσκρουσιν,

220 481 267 506 καὶ
291 482 340 513 τὰς
368 483 504 517 ἁμαρτίας
529 483 570 509 ἔτι
595 483 696 518 μᾶλλον
722 482 934 513 πλεονάσαντος*
959 483 1005 509 καὶ

221 526 355 561 ἱκετηρία,
373 528 410 563 μὴ
428 528 510 564 μέχρι
524 529 619 560 τέλους
636 529 852 564 παρασιωπῆσαι
869 527 914 554 τὸν
928 528 1004 560 Θεὸν,

219 572 288 600 ἀλλὰ
310 574 355 599 τὸν
378 574 476 601 ἑαυτοῦ
494 575 558 602 λαὸν
575 575 623 601 καὶ
637 575 685 610 τὴν
702 575 879 610 Ἰερουσαλὴμ
895 574 1006 600 emax!-

217 619 331 653 ψασθαι.

253 665 306 692 ne’.
334 666 498 702 ’Υπόσχεσις
519 668 649 702 Χριστοῦ,
666 669 721 700 τοῖς
736 668 840 695 ἔθνεσιν
855 669 935 695 αὑτὸν
953 670 1004 704 ἐμ-

218 711 435 746 φανισθήσεσθαι
448 721 455 727 ⁸
474 714 520 740 καὶ
533 714 631 748 ἀπειλὴ
647 714 716 740 κατά
731 713 785 740 τῶν
807 714 950 746 Ἰουδαίων,
967 715 1004 745 ὡς

216 756 423 792 ἀπειθησᾰντων
432 759 460 784 ἐν
471 758 510 794 τῷ
523 759 642 794 σταυρῷ,
649 759 696 785 καὶ
707 759 825 792 εἰδώλοις
837 760 886 795 μὲν
894 760 1003 786 δουλευ-

216 801 330 833 σάντων,
356 803 470 835 ἑαυτοὺς
491 804 520 830 δὲ
550 804 745 838 δικαιούντων,
762 805 832 841 ὑπὲρ
855 803 893 832 ὦν
912 806 1003 837 αὐτοῖς

215 846 365 873 ἀποδώσειν
379 849 428 878 τὰς
445 849 585 884 ἁμαρτίας
596 850 760 885 ἠπείλησεν.

201 902 204 928 ί
252 895 313 924 frg’.
335 892 486 927 ’Λπόφασις
513 895 593 926 Θεοῦ,
613 896 659 921 τὸν
677 896 785 931 Ἰσραὴλ
810 896 847 931 μὴ
865 898 904 928 εἰς
926 896 1002 928 τέλος

214 937 415 972 φθαρήσεσθαι,
446 939 515 966 ἀλλὰ
540 941 604 971 τοὺς
630 941 809 973 ἀπειθοῦντας
832 942 1001 974 ἀπολεῖσθαι,

213 983 275 1013 τοὺς
289 983 462 1016 δουλεύοντας
477 985 504 1011 δὲ
529 985 587 1020 Θεῷ
605 986 652 1012 καὶ
675 988 832 1021 μυστηρίων
851 988 1000 1014 ἀπόλαυσιν

214 1029 260 1054 καὶ
282 1029 414 1064 ὀνόματος
438 1031 533 1058 καινοῦ
561 1031 714 1065 τεύξεσθαι,
739 1033 788 1059 καὶ
813 1032 851 1067 τῷ
878 1033 935 1067 ναῷ
951 1034 1000 1068 τῆς

212 1075 274 1105 νέας
300 1074 476 1111 Ἰερουσαλὴμ
497 1078 603 1112 ἀρετῶν
622 1077 733 1104 ἔσεσθαι
757 1078 915 1112 τελειότητα
929 1099 936 1108 ,
953 1079 999 1105 καὶ

211 1120 265 1146 τῶν
281 1121 369 1147 πόνων
383 1121 438 1148 τῶν
456 1123 565 1149 οἰκείων
580 1124 741 1150 ἀπόλαυσιν.

244 1166 298 1198 πζ’.
320 1167 472 1201 ’Δπόφασις
490 1169 567 1201 Θεοῦ,
594 1169 685 1202 οἴκους
702 1170 848 1206 αἰσθητοὺς
869 1171 907 1206 μὴ
924 1171 999 1197 ἐκλέ-

211 1212 317 1245 γεσθαι,
336 1213 404 1248 μηδὲ
416 1215 476 1246 ταῖς
489 1214 519 1246 ἐξ
530 1215 636 1247 ἀδικίας
649 1215 755 1247 θυσίαις
767 1216 939 1252 ἀρέσκεσθαι·
953 1217 1000 1243 καὶ

212 1257 371 1290 παραίνεσις
395 1260 452 1291 τοῖς
483 1262 589 1292 πιστοῖς
605 1280 612 1293 ,
637 1261 812 1294 ἀνεξικακίαν
840 1263 908 1297 πρὸς
935 1263 997 1294 τοῦς

211 1301 325 1338 ἐχθροὺς
343 1304 529 1332 ἐνδείκνυσθαι
542 1314 548 1320 “
563 1307 610 1332 καὶ
628 1307 780 1343 πρόρρησις
806 1307 853 1334 τοῦ
872 1309 999 1344 τεχθησο-

212 1347 293 1382 μένου
311 1347 376 1374 λαοῦ
401 1350 434 1384 τῇ
458 1350 506 1385 νέᾳ
527 1350 610 1377 Σιών·
633 1353 678 1378 καὶ
696 1352 887 1388 προσφώνησις
899 1354 998 1389 εὐφρο-

211 1392 295 1428 σύνης
319 1395 366 1420 ἐπὶ
385 1397 440 1426 τοῖς
456 1395 584 1429 ἀγαθοῖς,
604 1396 622 1423 ἃ
638 1399 670 1433 τῇ
691 1398 739 1433 νέᾳ
765 1398 940 1434 Ἰερουσαλὴμ
952 1400 998 1425 εὖ,

209 1439 377 1472 τρεπίζεται.
849 1480 853 1484 ,

241 1487 297 1516 πη¹.
320 1484 477 1520 Προφητεία
492 1486 621 1522 δευτέρας
636 1489 754 1524 Χριστοῦ
773 1491 935 1526 παρουσίας,
952 1492 998 1518 καὶ

209 1529 347 1561 ἀπωλείας
360 1532 414 1556 τῶν
427 1532 545 1558 ἀσεϐῶ-ν
561 1535 606 1560 καὶ
620 1535 773 1569 πρόρρησις
783 1536 832 1571 τῆς
841 1537 896 1563 τῶν
912 1537 998 1564 ἐθνῶν

211 1574 282 1608 μετὰ
298 1575 376 1610 δόξης
398 1577 437 1608 εἰς
462 1578 512 1613 τὴν
529 1579 592 1605 νέαν
614 1580 793 1616 Ἰερουσαλὴμ
810 1583 931 1616 συνόδου,
949 1584 997 1609 καὶ

209 1619 259 1654 τῆς
276 1620 320 1647 διὰ
337 1622 455 1656 Χριστοῦ
471 1624 569 1659 καινῆς
589 1626 713 1658 κτίσεως·
732 1628 779 1654 καὶ
793 1628 866 1659 ὅπως
876 1629 910 1654 τὰ
927 1630 998 1656 κατὰ
1013 1617 1033 1644 C

208 1666 256 1692 τοῦ
283 1666 347 1693 λαοῦ
368 1668 421 1695 τῶν
446 1669 580 1697 Ἰουδαίων
602 1673 659 1703 τοῖς
688 1673 793 1700 ἔθνεσιν
819 1675 859 1706 εις
885 1675 1000 1710 θεωρίαν

209 1712 398 1746 προκείσεται.

251 1756 366 1790 Ἡσαΐας
385 1759 399 1785 ὁ
415 1761 560 1797 προφήτης
577 1763 687 1797 ἐγένετο
704 1765 754 1800 μὲν
770 1766 800 1792 ἐν
823 1767 1001 1804 Ἰερουσαλὴμ

209 1802 242 1827 ἐκ
256 1802 342 1836 φυλῆς
366 1804 461 1838 Ἰούδα,
478 1806 590 1842 θνήσκει
611 1809 640 1835 δὲ
661 1810 713 1836 ὑπὸ
728 1811 861 1848 Μανασσῆ
883 1813 930 1840 τοῦ
952 1814 1000 1848 βα-

210 1846 305 1880 σιλέως
313 1848 399 1876 Ἰούδα
407 1849 512 1886 [πρίονι
525 1853 829 1890 ξυλίνῳ](1ϐ)πρισθεὶς
839 1846 878 1889 είς
887 1858 942 1891 δύο,
952 1846 999 1885 καὶ

209 1890 288 1926 ἐτέθη
313 1893 441 1921 ὑποκάτω
465 1895 545 1931 δρυὸς
563 1897 679 1934 Ῥωγὴλ,
702 1901 820 1935 ἐχόμενα
837 1903 887 1937 τῆς
901 1890 997 1930 διαδά-

209 1943 278 1968 σεως
290 1937 344 1964 τῶν
359 1940 474 1974 ὑδάτων,
493 1939 530 1968 ὧν
545 1943 687 1970 ἀπώλεσεν
699 1944 827 1979 Ἐζεκίας
841 1949 855 1974 ὁ
869 1949 996 1983 βασιλεὺς

208 1981 299 2017 χώσας
314 1986 392 2013 αὐτά.

1062 297 1131 324 stina
1148 299 1271 334 prodigia
1288 300 1314 326 in
1334 301 1492 327 memoriam
1514 305 1632 329 revocat.

1096 389 1236 416 LXXXIV.
1255 389 1415 426 Dcpretatio
1427 393 1566 426 propheta:
1585 393 1618 420 ad
1633 393 1717 421 Deum
1739 402 1788 430 pro
1807 395 1845 423 ls-

1061 435 1126 467 raeI,
1144 440 1173 462 ut
1186 440 1251 470 pote
1261 436 1304 470 qui
1317 442 1430 472 propter
1449 438 1614 466 otI‘ensiones
1627 439 1801 475 despiciatur,
1817 447 1845 469 et

1060 480 1107 514 qui
1122 485 1234 515 peccata
1252 489 1300 509 sua
1316 482 1431 517 amplius
1443 484 1524 510 etiam
1541 485 1702 520 multiplicet
1718 495 1725 520 ;
1741 491 1768 514 et
1780 494 1845 522 sup-

1060 526 1170 560 plicatio
1190 534 1225 554 ne
1243 527 1314 554 Deus
1331 528 1408 555 sileat
1423 529 1448 555 in
1466 528 1545 556 finem
1559 531 1604 557 sed
1619 538 1695 557 suum
1715 532 1843 566 populum

1060 576 1086 598 et
1099 570 1250 600 Jerusalem
1267 573 1368 600 visitet.
1388 573 1392 576 ”

1093 663 1222 691 LXXXV.
1240 664 1388 692 Promissio
1401 666 1514 699 Christi,
1533 667 1656 695 videlicet
1669 676 1698 695 se
1718 670 1843 704 gentibus

1058 708 1297 737 manifestaturum
1319 719 1326 743 ;
1348 716 1375 738 et
1396 712 1478 739 mina:
1500 713 1526 739 in
1541 713 1659 747 Judmos,
1680 721 1712 742 eo
1726 717 1796 749 quod
1815 718 1843 743 in

1057 752 1144 780 Cruce
1159 762 1214 781 non
1230 756 1406 789 crediderint,
1420 762 1447 784 et
1469 758 1546 786 idolis
1564 760 1672 794 quidem
1688 762 1841 793 servierint.

1057 798 1160 833 scipsos
1180 806 1271 828 autem
1288 803 1470 831 condemnem
1484 804 1517 832 iis
1529 813 1578 840 pro
1588 806 1687 841 quibus
1701 807 1767 841 ipsis
1778 815 1842 843 pec-

1056 849 1179 873 catorum
1198 848 1330 875 ultionem
1347 849 1465 877 minatus
1478 856 1530 882 est,

1094 891 1235 920 LXXXVI.
1252 893 1404 922 Declaratio
1420 895 1465 922 Dei
1485 904 1540 922 non
1554 896 1582 924 in
1597 897 1676 925 tinem
1691 899 1772 926 Israel
1794 908 1842 934 pe-

1020 941 1040 967 n
1056 937 1182 968 riturum.
1194 939 1242 966 sed
1254 939 1410 968 incredulos
1423 941 1532 975 quidem
1547 943 1701 978 perdendos
1714 944 1841 978 fore,Dco

1055 987 1146 1009 autem
1162 985 1322 1018 servientes,
1349 990 1404 1013 tum
1421 989 1611 1023 mysteriorum
1628 991 1839 1024 possessionem,

1054 1033 1110 1055 tum
1121 1037 1219 1056 nomen
1230 1038 1331 1058 novum
1340 1033 1486 1060 sortituros
1500 1041 1570 1067 esse,
1578 1039 1606 1062 et
1614 1035 1641 1061 in
1652 1036 1752 1071 templo
1763 1044 1840 1064 none

1053 1073 1203 1102 Jerusalem
1221 1076 1360 1108 virtutum.
1376 1079 1571 1113 perfectionem
1591 1082 1710 1109 futuram
1732 1090 1792 1109 esse
1814 1087 1841 1111 ct

1054 1120 1175 1148 laborum
1192 1130 1304 1150 suorum
1321 1124 1518 1153 liberationem.

1086 1166 1238 1201 LXXXVII,
1251 1169 1400 1198 Declaratio
1412 1171 1458 1198 Dei
1471 1173 1566 1200 domos
1573 1175 1714 1202 sensualcs
1725 1184 1779 1203 non
1791 1177 1839 1204 eli-

1052 1212 1088 1248 gi,
1099 1221 1149 1240 nec
1162 1221 1191 1241 se
1203 1215 1323 1243 victimis
1337 1225 1369 1244 ex
1388 1218 1529 1253 iniquitate
1549 1225 1706 1248 contentum
1720 1230 1789 1250 esse.
1807 1224 1839 1251 Iit

1052 1257 1205 1287 exhortatio
1215 1261 1248 1287 ad
1261 1261 1367 1295 'ﬁdeles,
1389 1267 1417 1290 ut
1435 1265 1592 1298 patientiam
1609 1266 1640 1293 ad
1657 1267 1780 1296 inimicos
1796 1276 1840 1296 os-

1053 1305 1177 1338 tendant_
1191 1306 1227 1333 Et
1246 1308 1387 1341 praedictio
1406 1310 1498 1345 populi
1523 1311 1548 1338 in
1568 1312 1633 1339 Sion
1656 1315 1796 1347 nascituri,
1811 1320 1838 1342 et

1053 1351 1193 1385 praedictio
1210 1353 1391 1387 iucunditatis
1405 1357 1437 1384 de
1460 1357 1540 1384 bonis
1556 1366 1616 1392 quae
1632 1367 1709 1387 [ιονιξ
1731 1360 1838 1388 Jerusa-

1053 1396 1104 1423 lem
1121 1404 1320 1432 praeparantur.

1085 1491 1252 1525 LXXXVIII,
1269 1493 1432 1522 Vaticinium
1450 1497 1562 1524 secundi
1580 1498 1679 1526 Christi
1693 1500 1836 1533 adventus,

1052 1541 1079 1564 et
1091 1537 1235 1572 impiorum
1253 1540 1436 1574 perditionis;
1462 1544 1639 1577 etpraedictio
1662 1545 1838 1580 ingressionis

1052 1585 1173 1619 gentium
1188 1594 1249 1613 cum
1267 1588 1350 1622 gloria
1371 1589 1398 1615 in
1412 1597 1510 1616 novatn
1530 1590 1691 1625 Jerusalem,
1714 1598 1742 1620 et
1761 1601 1839 1621 nova:

1051 1638 1099 1665 per
1125 1632 1266 1660 Christum
1286 1635 1432 1662 creationis
1449 1644 1456 1668 ;
1473 1641 1501 1663 et
1523 1639 1660 1671 quomodo
1690 1647 1750 1674 quae
1775 1645 1839 1667 sunt

1051 1681 1145 1703 contra
1161 1677 1280 1710 Judazos,
1297 1680 1424 1714 gentibus
1438 1681 1465 1707 in
1477 1683 1722 1711 considerationem
1737 1692 1838 1720 propo-

1051 1728 1163 1755 nentur,

1085 1769 1168 1797 Isaias
1188 1772 1320 1806 propheta
1342 1777 1422 1801 natus
1436 1778 1478 1801 est
1493 1774 1520 1801 in
1537 1774 1686 1803 JeruSaIem
1710 1776 1744 1804 de
1767 1778 1838 1805 tribu

1052 1815 1119 1842 Juda
1131 1822 1271 1848 ;mortuus
1283 1823 1427 1846 estautem
1440 1825 1572 1855 regnante
1586 1821 1689 1849 inJuda
1703 1823 1836 1853 Manasse.

1053 1862 1139 1896 (serra
1165 1862 1267 1898 lignea)
1282 1869 1374 1891 sectus
1391 1864 1418 1891 in
1433 1865 1499 1898 duo,
1512 1871 1540 1892 et
1569 1867 1692 1902 sepultus
1722 1873 1764 1896 est
1787 1870 1838 1897 sub

1043 1915 1152 1941 quercu
1170 1907 1291 1944 Bhogel,
1313 1911 1389 1944 juxta
1421 1912 1636 1945 prmterﬂuentes
1657 1922 1751 1949 aquas,
1769 1918 1837 1950 quas

1050 1953 1169 1986 perdidit
1180 1954 1312 1982 Ezechias
1327 1964 1373 1982 rex
1386 1961 1456 1984 terra
1469 1957 1601 1990 defossas,

217 2067 1829 2097 ________________________________._______

531 2162 910 2222 ‘FRAGMENTA
965 2170 1028 2212 IN
1088 2170 1490 2218 EZECHIELEM.

803 2261 1024 2298 (VILLALMMJUS,
1047 2271 1066 2294 t.
1085 2267 1106 2300 Ι,
1119 2276 1147 2302 p.
1166 2269 1240 2305 I50.)

243 2415 310 2450 Cap.
326 2416 372 2448 IX,
389 2426 415 2444 v.
432 2418 458 2444 6.
483 2428 491 2444 ι
509 2419 542 2446 Et
564 2427 579 2446 a
593 2423 750 2450 sanctuario
767 2431 828 2452 meo
841 2425 962 2461 incipite.
981 2436 990 2453 ι
1010 2432 1031 2458 D
1045 2429 1276 2458 Murmurantibns
1300 2433 1388 2459 Aaron
1411 2439 1437 2460 et
1463 2433 1545 2462 Maria
1565 2435 1697 2464 adversus
1720 2437 1831 2471 Mosen,

207 2459 342 2492 Quoniam
361 2462 457 2490 habitu
472 2464 560 2491 solum
580 2467 678 2499 sancti,
694 2475 749 2495 non
763 2477 856 2498 revera
873 2480 880 2499 :
894 2479 956 2499 nam
973 2474 994 2500 si

207 2507 367 2536 habuissent
383 2509 508 2544 signum,
527 2519 582 2538 non
599 2521 693 2540 revera
707 2535 713 2545 ,
730 2519 812 2550 atque
827 2517 871 2544 alii
887 2519 994 2546 delendi

206 2552 341 2586 fuissent,
370 2559 424 2583 etc.
446 2556 552 2584 Novum
580 2566 668 2594 genus
693 2561 774 2588 audio
804 2564 994 2598 providentiae,

205 2597 322 2627 Domine
347 2600 439 2634 Deus,
465 2603 596 2632 adversus
618 2606 758 2635 ministros
779 2611 927 2638 sanctuarii
945 2613 992 2638 tui.

205 2643 275 2672 Olim
303 2647 375 2674 enim
399 2649 554 2677 errantibus
582 2653 765 2687 connivebas,
787 2657 919 2689 parcebas
945 2659 991 2686 de-

205 2689 411 2726 linquentibus;
428 2701 482 2728 quo
503 2699 549 2722 tuo
565 2698 667 2724 nomini
682 2704 709 2726 et
731 2700 826 2728 honori
852 2710 987 2737 parceres.

246 2781 254 2796 ¹
271 2780 322 2810 Isa.
340 2791 412 2816 μιν,
428 2783 456 2812 2.

1045 2475 1089 2502 illa
1106 2477 1218 2510 punitur
1233 2477 1319 2512 lepra,
1342 2479 1386 2505 ille
1414 2480 1548 2508 innocuus
1576 2481 1676 2508 evadit.
1699 2482 1787 2510 Aaron
1805 2490 1834 2512 et

1046 2520 1151 2556 Moyses
1163 2523 1325 2558 delinquunt
1341 2525 1373 2552 ad
1387 2532 1472 2560 aquas
1485 2527 1719 2561 contradictionis,
1736 2530 1832 2556 conni-

1044 2573 1089 2595 vct
1106 2568 1177 2596 Deus
1193 2570 1300 2605 utrique
1316 2571 1401 2599 multo
1416 2576 1551 2608 temporc,
1568 2576 1743 2608 quantumvis
1759 2582 1833 2604 esset

1044 2613 1210 2650 indignatus.
1225 2616 1375 2644 Abialharo
1388 2617 1470 2653 digno
1486 2624 1573 2646 morte
1591 2621 1678 2655 parcit
1692 2621 1832 2653 Salomon,
1847 2617 1850 2620 ’

1045 2660 1109 2694 quia
1126 2661 1225 2688 tulerat
1236 2669 1325 2689 arcam
1340 2663 1458 2690 Domini.
1471 2665 1506 2690 At
1520 2673 1593 2693 nunc
1604 2667 1655 2693 erit
1667 2668 1734 2695 sicut
1747 2676 1831 2702 popu-

1044 2705 1094 2737 lus,
1111 2707 1148 2732 sit
1162 2707 1302 2734 sarrrdos'
1317 2708 1328 2733 ‘?
1342 2708 1395 2735 imo
1409 2717 1473 2736 vero
1488 2710 1557 2738 sicut
1574 2711 1711 2745 sacerdos,
1724 2712 1764 2740 sic
1770 2720 1829 2761 po-

958 2849 1071 2877 NOTAE.

241 2899 298 2935 (ιο)
312 2902 413 2935 ΙΙρίονι
426 2902 550 2936 ξυλίνῳ.
569 2904 596 2932 Id
611 2913 643 2931 ex
659 2905 767 2933 Justino
782 2906 908 2943 Martyrc.

329 2949 468 2981 PATROL.
492 2952 550 2984 Gn.
575 2953 681 2985 XCIII.
