2069 3147
226 207 292 240 1387

803 207 986 238 HESYCHII
1007 207 1241 238 PRESBYTERI

1789 206 1859 239 1388

225 263 315 298 putus,
334 262 489 290 interfectis
512 263 616 290 sanctis
640 266 704 289 ante
730 263 899 298 populares?
916 263 1017 290 Verum
1032 270 1055 298 Α
1071 263 1208 298 supplicio
1224 269 1333 298 quoque
1349 267 1458 291 anteeat
1478 266 1634 300 populares,
1652 269 1683 292 ut
1698 263 1798 299 quibus
1812 271 1857 292 oc-

224 310 265 337 i'as
277 314 330 343 est,
347 317 362 336 ο
380 309 453 344 justo
468 309 552 344 judex
566 329 574 343 ,
598 316 662 336 eum
683 309 730 344 qui
751 310 876 344 exemplo
903 315 1016 336 caateros
1071 310 1145 336 casio
1159 308 1212 337 fuit
1225 310 1324 342 ruinze,
1339 309 1492 345 exemplum
1508 310 1544 337 sit
1564 310 1652 338 necis.
1674 308 1787 345 Tempus
1809 315 1857 343 est,

224 356 380 391 pra-cedere
399 356 560 388 debuisset.
586 356 609 384 si
632 356 737 384 scelere
752 355 872 391 reliquos
891 355 1016 389 excellat,

260 425 271 441 ⁸
284 425 294 452 Ι
305 424 379 453 Petr.
392 434 428 459 tv,
446 425 490 453 i7.

479 548 490 568 \

584 599 995 644 FBAGMENTUM

1069 357 1108 385 ait
1122 357 1230 391 Petrus,
1244 363 1272 384 ut
1289 358 1398 392 incipiat
1411 357 1541 392 judicium
1554 365 1570 384 α
1584 357 1660 384 doma
1672 356 1722 384 Dei
1733 357 1756 384 ‘.

1051 599 1114 644 IN
1168 598 1498 644 DANIELEM.

613 694 690 728 (Asc.
711 694 775 727 MAI,
789 693 918 728 Scriptor.
938 693 992 721 Vel.
1004 693 1126 727 Collecl.,
1141 700 1159 722 t.
1179 695 1199 728 1,
1218 700 1287 731 part.
1302 704 1342 728 Ill,
1356 704 1384 731 p.
1396 695 1454 730 3L)

1016 785 1051 792 ...

259 858 324 894 Cap.
337 858 369 890 Il,
380 867 405 886 ν.
421 858 465 885 35.
482 868 490 884 ι
500 857 603 885 Pedum
614 858 736 893 quamam
749 866 812 893 pars
823 864 880 886 erat
890 858 988 886 ferrea.
1003 866 1014 883 ι

223 902 276 931 Per
282 905 358 939 pedes
367 904 511 940 imperitnn
522 904 674 931 Romanum
683 904 819 940 designat,
831 905 932 940 quippe
942 905 1015 940 quod

223 949 367 983 ultimum;
386 951 482 986 ferreos
498 958 564 978 vero
583 955 676 986 utpote
696 950 815 978 validum
838 955 866 979 et
892 951 1014 978 omnium

221 994 379 1023 dominator
392 996 538 1024 exsistens.

1107 867 1116 884 ι
1137 859 1168 885 01
1188 859 1268 891 πόδες
1290 859 1373 894 μῐρος
1390 859 1440 894 μέν
1457 868 1483 886 τι
1502 859 1641 895 σιδηροῦν.
1657 869 1666 887 ι
1685 859 1784 893 Πόὸας
1809 859 1859 896 τὴν

1068 904 1123 930 τῶν
1145 903 1291 938 Ῥωμαίων
1306 903 1446 939 βασιλείαν
1465 904 1503 936 ὡς
1525 905 1655 940 ἐσχάτην·
1671 904 1817 939 σιδηροῦς
1830 905 1859 931 δὲ

1068 949 1106 981 ὡς
1131 950 1246 986 ἰσχυρὰν
1264 950 1310 976 καὶ
1338 950 1527 984 ὺποτακτικὴν
1554 950 1684 977 ἁπάντων
1703 950 1858 985 τυγχάνου-

1070 1003 1131 1022 σαν.

437 1164 800 1209 FRAGMENTA
852 1163 916 1207 IN
971 1162 1113 1207 ACTA
1167 1163 1635 1209 APOSTOLOBUM.

256 1351 327 1386 Cap.
345 1349 375 1382 ll,
392 1357 418 1376 ν.
434 1349 480 1375 27.
509 1357 518 1374 ι
536 1347 670 1381 Quoniam
693 1355 750 1375 non
764 1348 938 1383 derelinques
954 1349 1014 1376 ani-
1030 1353 1036 1383 ι

1103 1361 1113 1377 ι
1133 1351 1195 1378 Ὅτι
1222 1351 1272 1378 οὐκ
1300 1351 1513 1386 ἐγκαταλείψεις
1545 1353 1595 1389 τὴν
1623 1355 1714 1392 ψυχήν
1739 1365 1789 1392 μου
1819 1359 1859 1390 είς

225 1404 297 1424 mam
315 1403 403 1423 meam
429 1395 456 1421 in
485 1394 603 1422 inferno.
624 1394 858 1427 Quemadmodum
878 1395 1014 1429 iustorum

225 1443 325 1470 anima:
344 1450 379 1469 ex
402 1441 579 1468 inferioribus
594 1441 662 1468 locis
677 1448 739 1468 cum
755 1440 895 1468 Salvatore
919 1449 1016 1468 ascen-

225 1489 336 1515 derunt.

263 1534 329 1569 Cap.
348 1533 393 1563 IV,
410 1541 435 1560 ν.
450 1532 496 1559 27.
518 1541 527 1557 ι
541 1532 737 1559 Convenerunt
756 1532 829 1559 enim
842 1538 906 1559 vere
923 1531 1018 1559 adver-

227 1588 275 1607 sus
288 1585 412 1607 sanctum
425 1586 540 1613 puerum
555 1583 630 1605 tuum
645 1577 749 1605 Jesum.
758 1587 767 1602 ι
784 1577 928 1604 Dominum
939 1582 1018 1604 vocat

229 1626 350 1658 Patrem,
362 1625 503 1652 Christum
513 1625 575 1658 jure
584 1623 694 1651 Filium.
709 1624 816 1651 Insidiae
828 1624 902 1650 enim
913 1624 940 1650 in
949 1623 1016 1650 Uni-

229 1671 352 1706 gcnitum
368 1669 529 1697 ceciderunt
543 1669 570 1696 in
588 1668 696 1695 Patrem
721 1668 767 1702 qui
785 1669 812 1694 in
831 1668 899 1694 Filio
918 1667 1017 1701 injuria

229 1715 345 1743 alIicitur
360 1735 368 1746 ,
393 1714 456 1749 quia
471 1713 642 1748 heneplacito
656 1713 744 1740 Patris
768 1713 833 1740 fecit
853 1711 1017 1747 Unigenitus

229 1761 360 1797 quidquid
375 1761 409 1788 de
427 1759 626 1794 redemptionis
640 1763 741 1786 nostra:
756 1758 886 1794 mysterio
899 1758 963 1794 egit.

263 1849 332 1884 Cap.
345 1847 402 1880 th,
420 1856 446 1875 ν.
464 1847 509 1874 57.
533 1858 542 1873 ι
557 1847 710 1875 Clamantes
729 1855 804 1875 vero.
823 1857 833 1874 ι
858 1847 927 1875 Cum
943 1847 1017 1874 enim

228 1895 331 1923 Iudaeis
353 1894 389 1922 ob
413 1901 508 1920 eorum
533 1893 752 1920 incredulitatem
777 1893 929 1928 indigeret,
955 1900 1017 1921 eum

230 1941 357 1977 gentibus
375 1939 516 1966 abundare
535 1939 620 1972 fecit,
639 1944 782 1974 postquam
801 1947 817 1966 a
843 1939 945 1967 dextris
960 1939 1018 1967 suis

231 1987 373 2016 collocavit
388 1995 394 2013 :
409 1985 481 2020 quod
494 1989 522 2012 tu
537 1985 647 2020 quidem
665 1985 792 2019 exiguum
807 1988 834 2012 et
852 1985 911 2012 leve
925 1990 1016 2020 putas,

1066 1397 1143 1432 ᾅδην.
1160 1407 1169 1423 υ
1188 1397 1295 1432 Ὥσπερ
1309 1398 1336 1424 αι
1351 1397 1436 1432 ψυχαὶ
1458 1399 1514 1425 τῶν
1525 1399 1640 1427 δικαίων
1654 1402 1725 1436 μετὰ
1738 1402 1786 1428 τοῦ
1803 1404 1859 1432 Σω-

1065 1443 1151 1478 τῆρος
1169 1444 1201 1469 ὲκ
1226 1443 1280 1470 τῶν
1296 1444 1373 1470 κάτω
1388 1445 1497 1480 χωρίων
1518 1445 1633 1482 ἕτριψαν
1646 1448 1856 1477 ἀναϐαίνουσαι.

1068 1488 1196 1524 [Canem
1208 1489 1255 1522 ill,
1273 1489 1332 1525 #1.]

1105 1544 1113 1560 ι
1131 1535 1309 1570 Συνήχθησαν
1334 1535 1389 1571 γὰρ
1418 1536 1462 1563 ἐπ’
1485 1537 1615 1572 ἀληθείας
1641 1540 1688 1566 ἐπὶ
1712 1540 1758 1567 τὸν
1778 1541 1858 1574 ἆγιον

1067 1582 1150 1608 παῖδά
1167 1590 1213 1608 σου
1237 1581 1351 1616 Ἰησοῦν.
1380 1591 1389 1608 ›
1417 1583 1521 1618 Κύριον
1552 1585 1631 1622 καλεῖ
1658 1587 1705 1613 τὸν
1734 1588 1857 1622 Πατέρα.

1067 1627 1183 1660 Χριστὸν
1199 1627 1314 1658 εἰκότως
1329 1627 1376 1654 τὸν
1392 1627 1467 1654 Υἱόν·
1479 1631 1512 1664 τῇ
1528 1629 1583 1664 γὰρ
1599 1630 1668 1657 κατὰ
1681 1631 1727 1657 τοῦ
1741 1632 1861 1666 Mavors-

1067 1671 1130 1703 νοῦς
1144 1672 1288 1707 ἐπιϐουλῇ,
1303 1673 1340 1702 ὡς
1354 1673 1533 1709 ὑϐριζόμενον
1552 1676 1580 1701 ὲν
1592 1676 1676 1711 αὐτῷ,
1690 1677 1734 1703 τὸν
1748 1677 1858 1714 Πατέρα

1068 1717 1240 1750 συνέπλεξεψ
1257 1719 1405 1754 ἐπειδήπερ
1417 1719 1529 1756 ,εὐδοκίᾳ
1552 1721 1599 1747 τοῦ
1617 1722 1733 1758 [ἰατρὸς.
1756 1723 1816 1749 ὅλον
1829 1724 1859 1750 τ’)

1067 1763 1138 1803 ὑπξρ
1155 1764 1234 1799 ἡμῶν
1251 1765 1399 1800 μυστήριον
1422 1765 1436 1791 ὁ
1453 1765 1613 1802 Μονογενὴς
1635 1767 1763 1803 ἔπραξεν.
1779 1767 1859 1804 [Clu—

1067 1817 1128 1836 IER.
1144 1809 1189 1842 Ill,
1204 1809 1247 1836 81.
1259 1813 1270 1849 ]

1106 1863 1115 1880 ι
1134 1854 1289 1888 Κράζοντες
1309 1854 1336 1880 δὲ
1357 1855 1447 1889 φωνῇ.
1473 1864 1483 1880 ι
1505 1855 1550 1881 Ἐν
1562 1855 1616 1892 γὰρ
1645 1857 1701 1888 τοῖς
1721 1857 1859 1889 Ἰουδαίοις

1068 1899 1151 1926 αὑτλν
1164 1899 1209 1926 διὰ
1224 1899 1273 1934 τὴν
1286 1900 1399 1926 ἐκείνων
1417 1901 1549 1928 ἀπιστίαν
1560 1902 1710 1936 πενόμενον
1731 1903 1859 1930 πλουτεῖν

1069 1945 1221 1980 πεποίηκεν
1236 1946 1264 1971 ὲν
1280 1946 1336 1977 τοῖς
1363 1945 1478 1978 ἔθνεσιν,
1503 1947 1535 1973 ὲκ
1562 1947 1659 1979 δεξιῶν
1682 1948 1762 1974 αὐτοῦ
1786 1957 1859 1983 παρ-

1071 1991 1157 2022 ιστὰς,
1180 1991 1248 2024 ὅπερ
1271 1991 1302 2017 σὺ
1325 1991 1374 2026 μὲν
1386 1991 1472 2022 δοκεῖς
1489 1989 1559 2018 εἶναι
1580 1993 1717 2024 ταπεινὸν,
1743 1993 1800 2019 ἐστι
1815 1993 1860 2021 δὲ

229 2032 436 2062 ουιιιθῑίιιιὶυιη
456 2031 535 2058 valde
556 2030 609 2064 sit,
622 2034 650 2058 et
670 2031 703 2058 de
725 2031 783 2058 solo
797 2030 866 2058 Filio
887 2034 1036 2065 tanquamt

1069 2035 1170 2070 σφόδρα
1189 2035 1301 2069 ὑψηλὸν,
1320 2036 1370 2061 καὶ
1396 2036 1460 2070 περὶ
1482 2037 1564 2071 μόνου
1581 2037 1645 2064 Υἱοῦ
1668 2038 1706 2069 ὡς
1725 2038 1793 2064 Θεοῦ
1811 2040 1860 2065 καὶ

232 2079 301 2111 Deo,
317 2077 405 2104 Patris
426 2076 534 2111 atqnali,
553 2076 605 2103 dici
622 2076 718 2111 possit.
740 2076 816 2103 Sicut
836 2076 910 2103 enim
933 2076 1016 2103 Filius

231 2132 285 2152 non
303 2123 391 2150 solum
409 2130 423 2149 a
439 2122 543 2149 dextris
557 2121 646 2148 Patris
665 2122 752 2154 sedet,
772 2121 819 2149 sed
841 2125 869 2148 et
885 2129 900 2149 a
915 2121 1017 2149 dextris

230 2174 303 2201 stat,
319 2168 475 2203 Stephanus
491 2168 564 2195 enim
577 2168 615 2195 ait
630 2177 637 2195 :
659 2167 719 2194 Vidi
729 2168 804 2194 caelos
817 2172 932 2202 apertos,
946 2173 1016 2200 etc.;

231 2217 266 2243 ita
284 2219 312 2242 et
328 2215 410 2241 Pater
432 2217 504 2240 stare
520 2213 620 2240 dicitur
646 2221 661 2240 a
687 2213 790 2240 dextris
811 2213 886 2246 Filii,
910 2218 940 2240 ut
956 2213 1018 2240 inde

226 2264 368 2291 .disramus
396 2260 519 2288 eamdem
545 2266 606 2287 esse
620 2258 681 2286 Filii
697 2264 724 2286 et
741 2259 832 2286 Patris
846 2259 1016 2294 dignitatem.

265 2404 331 2440 Cap.
344 2404 416 2436 XIII,
431 2412 456 2431 ν.
472 2405 517 2431 53.
542 2413 551 2430 ‹
566 2404 643 2432 Sicut
657 2409 685 2431 et
707 2404 735 2432 in
761 2405 866 2440 psalmo
886 2405 1018 2440 scriptum

230 2454 270 2476 est
285 2458 291 2476 :
310 2450 394 2477 Filius
409 2458 487 2478 meus
500 2458 530 2478 es
557 2454 597 2483 tu,
622 2458 672 2485 ego
683 2450 765 2477 hodie
779 2450 861 2486 genui
874 2455 909 2477 te.
926 2460 934 2476 ι
959 2450 1020 2478 llaec

231 2495 312 2521 verba
328 2496 355 2522 in
371 2495 586 2524 incarnationem
611 2496 715 2524 Christi
740 2497 854 2524 omnino
873 2497 1018 2531 quadram,

230 2548 291 2576 qme
312 2541 338 2567 in
356 2545 477 2576 tempore
490 2550 519 2570 se
536 2543 667 2570 exseruit.
685 2543 772 2571 Voces
797 2543 869 2570 enim
897 2543 972 2570 hodie
994 2549 1021 2571 et

230 2595 289 2614 cras
305 2586 364 2614 dies
380 2587 510 2615 inferunt.
529 2588 551 2614 Α
562 2588 641 2615 Patre
654 2588 726 2615 enim
740 2592 804 2616 ante
819 2593 938 2623 tempus,
948 2589 1021 2624 quod

230 2637 258 2660 ct
273 2632 465 2674 limreticorum
482 2632 531 2660 lilii
546 2633 720 2668 proﬁtentur,
734 2635 860 2671 gignitur.

266 2721 300 2750 δ’.
318 2722 364 2749 55.
387 2732 396 2748 ι
412 2721 472 2750 Non
501 2723 643 2758 permittes
671 2730 796 2752 sanctum
822 2729 897 2751 tuum
925 2725 1018 2752 videro

230 2768 446 2803 corruptionem.
463 2779 472 2796 ι
494 2768 620 2797 Christus
642 2770 716 2798 enim
739 2775 862 2805 tempore
883 2769 1018 2805 passionis

1068 2081 1211 2115 ὸμοουσίου
1227 2081 1378 2115 δυνάμενον
1395 2081 1534 2115 λέγεσθαι.
1551 2083 1658 2118 ’Ὥσπερ
1681 2084 1736 2118 γὰρ
1763 2085 1777 2111 ό
1795 2085 1859 2116 Υἱὸς

1067 2126 1098 2152 οὐ
1120 2120 1199 2160 μόνον
1215 2126 1331 2162 κάθηται
1351 2128 1383 2153 ὲκ
1405 2127 1500 2160 δεξιῶν
1516 2128 1563 2154 τοῦ
1581 2129 1698 2164 Πατρδς,
1713 2130 1782 2156 ἀλλὰ
1810 2131 1859 2157 καὶ

1069 2174 1100 2199 ὲκ
1124 2172 1219 2206 δεξιῶν
1237 2173 1354 2200 ἵσταται.
1382 2175 1453 2208 Φησὶ
1481 2174 1536 2209 γὰρ
1562 2175 1576 2200 ὸ
1603 2175 1750 2209 Στέφανος·
1768 2175 1859 2203 Εἶδον

1068 2218 1138 2251 τοὺς
1161 2219 1310 2252 οὐρανοὺς
1329 2219 1558 2254 ἀνεῳγμένουςτ
1576 2220 1648 2247 οὕτω
1664 2222 1710 2246 καὶ
1730 2221 1745 2246 ὁ
1763 2222 1858 2256 Πατὴρ

1069 2263 1196 2290 ἵστασθαι
1211 2265 1249 2299 (l)
1278 2265 1310 2291 ὲκ
1324 2264 1421 2298 δεξιῶν
1446 2265 1558 2299 λέγεται
1577 2265 1624 2291 τοῦ
1643 2266 1717 2298 Υίοῦ,
1734 2266 1778 2292 ἴνα
1795 2267 1860 2300 μίαν

1069 2310 1150 2344 ἡμεῖς
1173 2309 1252 2343 ἀξίαν
1279 2311 1344 2337 Υἱοῦ
1373 2311 1421 2338 καὶ
1449 2311 1557 2347 [ἰατρὸς
1587 2311 1730 2347 μάθωμεν.
1751 2311 1858 2348 [\Vou.

1069 2356 1166 2383 Anecd.
1183 2357 1266 2384 (ἔνατα.
1279 2361 1298 2384 t.
1319 2356 1361 2389 Ill,
1374 2365 1400 2392 p.
1414 2357 1487 2392 l53.)

1108 2412 1117 2428 l
1131 2402 1172 2434 Ὠς
1188 2403 1237 2430 καὶ
1259 2404 1288 2429 ἐν
1303 2402 1404 2438 ψαλμῷ
1427 2403 1603 2438 γέγραπται·
1620 2403 1686 2434 Υἱός
1701 2412 1752 2438 μου
1763 2401 1789 2430 εῐ
1814 2404 1860 2435 ab,

1070 2448 1126 2482 ἐγὼ
1150 2449 1269 2484 σήμερον
1299 2448 1455 2483 γεγέννηκά
1483 2457 1524 2475 σε.
1544 2457 1553 2474 ι
1572 2447 1666 2475 Ταῦτα
1676 2450 1708 2484 τῇ
1723 2449 1862 2484 ὲνανθρω-

1071 2495 1153 2528 πήσει
1170 2494 1216 2520 τοῦ
1239 2494 1360 2530 Χριστοῦ
1382 2494 1483 2529 πρέπει
1501 2494 1587 2529 δήπου
1614 2494 1649 2520 τὰ
1665 2495 1788 2529 ῥήματα,
1799 2495 1862 2530 ητις

1071 2539 1199 2575 χρονικὴν
1227 2538 1285 2575 εἶχε
1308 2540 1358 2575 τὴν
1383 2539 1573 2575 ὲπιφοίτησιν.
1589 2540 1631 2567 Τὰ
1651 2541 1708 2575 γὰρ
1728 2540 1863 2574 σήμερον

1071 2586 1118 2612 καὶ
1134 2586 1239 2620 αὔριον
1262 2585 1376 2621 ἡμερῶν
1403 2586 1462 2612 ἐστι
1487 2586 1705 2621 παραστατικόν.
1726 2586 1863 2620 ’Δχρόνως

1071 2632 1125 2667 γὰρ
1149 2632 1223 2668 παρὰ
1250 2632 1296 2658 τοῦ
1325 2631 1431 2668 Πατρδς
1454 2631 1492 2663 ὡς
1517 2631 1566 2658 καὶ
1597 2632 1692 2663 παῖδες
1716 2631 1862 2665 αἱρετικῶν

1072 2677 1245 2713 ὁμολογοῦσι,
1262 2672 1398 2705 τίκτεται.
1414 2677 1520 2713 [\Votr.
1536 2677 1586 2704 loc.
1602 2677 1647 2704 cit.
1666 2675 1741 2711 175.]

1111 2733 1121 2750 ι
1137 2725 1174 2750 Οὺ
1188 2723 1286 2755 δώσεις
1301 2723 1348 2750 τὸν
1370 2723 1443 2750 ὅσιόν
1461 2731 1509 2749 σου
1536 2723 1601 2749 ἰδεῖν
1617 2721 1776 2756 διαφθοράν.
1797 2731 1806 2747 ι
1833 2721 1863 2748 '0

1072 2770 1126 2805 γὰρ
1142 2770 1260 2805 Χριστὸς
1284 2769 1354 2796 κατὰ
1371 2769 1417 2796 τὸν
1439 2768 1535 2803 καιρὸν
1553 2768 1600 2795 τοῦ
1616 2767 1719 2799 πάθους
1741 2768 1788 2794 καὶ
1813 2767 1864 2803 τὴν

266 2873 305 2906 (l)
323 2873 492 2902 'Io'taaoat.
508 2873 636 2902 Fortasse
654 2873 765 2909 respicit
779 2872 878 2901 Noster
888 2873 957 2909 psal.
977 2880 1031 2906 cut,
1044 2874 1089 2908 3i,
1108 2874 1155 2909 qui
1171 2877 1213 2901 est
1224 2872 1412 2909 propheticus,
1425 2871 1458 2899 ad
1479 2870 1603 2898 ltlessiam
1619 2870 1646 2897 in
1663 2869 1758 2905 primis
1777 2869 1863 2906 perti—

231 2910 312 2937 nens.
