2069 3147
138 219 209 252 1413

480 280 588 313 Λύσις.

174 323 461 360 Καταστοχασάμενος
477 324 600 357 autem;
616 325 666 361 τῆς
685 325 806 360 Χριστοῦ
825 335 930 362 παρου-

138 373 212 405 σίας,
221 372 317 406 ἧγειρε
329 371 383 406 πρὸ
391 370 482 405 ὀλίγου
496 372 545 406 τῆς
556 371 638 398 αὑτοῦ
649 371 807 407 ἐπιδημίας,
818 380 931 398 στασια-

139 418 205 449 nd;
221 426 310 449 τινας,
326 417 390 448 τοὺς
415 417 482 452 περὶ
496 417 600 444 Θευδᾶν
618 419 665 444 καὶ
689 417 802 450 Ἰούδαν,
823 419 931 450 ἑαυτοῖς

137 464 218 496 δόξαν
229 464 423 498 ἁρπάσαντας,
436 463 484 489 καὶ
497 464 560 495 τοὺς
578 463 741 495 πεισθέντας
757 463 849 496 αὐτοῖς
866 465 931 491 ἁνα-

138 509 308 540 στώσαντας·
326 509 410 535 οἱκαὶ
427 508 626 542 διελύθησαν,
645 509 718 536 καθὰ
735 509 774 544 τῷ
788 509 931 545 Γαμαλιὴλ

137 555 258 590 εἴρηται.
278 554 392 586 Τούτοις
412 554 504 580 τοίνυν
521 554 565 581 διὰ
581 554 685 581 τούτων
708 555 869 587 αἰνίττεται,
883 555 931 581 καὶ

138 601 196 627 ὅσοι
214 600 319 627 τούτων
344 600 466 634 ζηλωταὶ
481 600 637 635 γεγόνασιν.
656 600 797 632 Μωυσέως
820 601 871 636 μέν
889 609 930 627 τοι

139 646 185 672 καὶ
200 645 254 671 τῶν
270 645 429 680 προφητῶν,
444 644 584 679 ἤκουσαν
598 645 633 673 τὰ
647 646 788 680 πρόϐατα.
886 667 900 677 .

474 693 602 727 Ἀπορία.

174 739 255 770 Τίνος
271 739 353 774 χάριν
371 737 511 770 Ματοαῖος
529 738 578 773 τὴν
603 738 711 774 μητέρα
726 739 782 766 τῶν
798 738 865 766 υἱῶν
881 740 931 765 Ζε-

139 785 248 812 εεδαίου
267 785 380 819 αἰτῆσαι
407 784 456 820 τὴν
474 785 506 811 ἐκ
528 784 624 816 δεξιῶν
641 784 778 821 καθέδραν
790 786 847 817 τοῖς
865 785 930 817 υἱοῖς

139 831 185 857 τὸν
203 830 306 865 Κύριον
322 830 450 865 ἱστόρησε
464 838 471 845 ·
497 830 611 864 Μάρκος
635 830 663 856 δὲ
682 831 732 857 οὐκ
749 831 846 865 αὐτὴν,
863 830 931 859 ἀλλὰ

139 876 204 908 τοὺς
219 877 294 907 υἱοὺς
311 875 391 902 τοῦτο
406 876 520 911 αἰτῆσαι
538 875 663 909 ὲξέοετο;

481 921 588 954 Λύσις.

828 225 1088 260 QU/ESTIONES.

1708 228 1777 260 illi

1324 283 1437 312 Salutio.

1018 327 1181 362 Conjectans
1205 329 1329 357 diabolus
1348 330 1495 358 adventum
1522 330 1632 365 Christi,
1649 334 1777 364 excitavit

983 373 1063 406 paulo
1075 379 1138 400 ante
1154 381 1234 407 quam
1245 375 1361 407 veniret,
1371 376 1516 404 seditiosos
1529 378 1672 412 quosdam,
1683 379 1775 406 Theu-

982 418 1043 444 dam
1069 423 1096 445 et
1122 418 1219 446 Judam
1242 427 1304 447 cum
1322 422 1495 456 sequacibus,
1523 424 1568 458 qui
1586 425 1698 460 gloriam
1724 425 1776 453 sibi

982 461 1166 495 arripuerunt,
1181 463 1299 498 ipsisque
1323 465 1493 495 adhaerentes
1516 468 1548 495 ad
1566 469 1711 497 tumultum
1724 470 1776 497 im-

982 506 1111 541 pulerunt
1124 515 1131 540 ;
1146 508 1193 542 qui
1210 513 1237 536 et
1249 509 1369 545 dissipati
1379 518 1438 539 sunt
1449 513 1481 546 "',
1497 519 1553 541 uta
1571 513 1720 543 Gamaliele
1733 517 1775 543 di-

982 556 1055 578 ctum
1071 557 1121 580 est.
1136 552 1191 581 Hos
1210 554 1301 589 itaque
1316 563 1365 590 per
1379 557 1437 585 haec
1461 559 1543 586 verba
1557 560 1694 596 designat,
1709 562 1774 589 reli-

981 605 1103 632 quosque
1114 599 1159 634 qui
1174 607 1221 628 eos
1232 602 1350 630 aemulati
1363 608 1436 631 sunt.
1451 604 1486 631 At
1497 604 1590 633 Mosen
1613 611 1640 634 et
1653 607 1773 642 prophe-

982 647 1022 671 tas
1034 652 1092 671 oves
1108 646 1259 674 audierunt.

1258 692 1403 727 Dimcultas
1421 702 1496 722 xxiv.

1017 733 1197 767 Quamobrem
1213 735 1357 766 Matthaeus
1367 740 1459 767 retulit
1471 745 1584 767 matrem
1594 740 1709 768 ﬁliorum
1724 741 1775 768 Ze-

981 779 1067 807 bedzei
1091 781 1201 814 petiisse
1225 790 1240 808 ιι
1253 782 1368 812 Domino
1383 785 1446 812 ﬁliis
1468 787 1560 813 sedem
1575 794 1589 813 a
1611 787 1714 814 dextris
1728 787 1773 819 ";

981 823 1086 852 Marcus
1099 833 1163 853 vero
1177 833 1231 852 non
1247 826 1343 861 ipsam,
1354 829 1402 856 sed
1424 830 1494 857 ﬁlios
1509 830 1535 857 id
1544 831 1697 865 postulasse
1711 839 1774 859 nar-

982 870 1052 897 ravit
1063 871 1085 886 ³¹
1099 871 1111 898 ?

1319 920 1432 948 Salutio.

175 967 315 998 Ματθαῖος
327 966 590 1002 λεπτομερεστέρως
603 966 654 1002 τὴν
663 966 721 1002 ἅμα
735 968 790 998 τοῖς
803 967 871 998 υἱοῖς
881 967 929 1001 τῆς

1018 961 1159 992 Mattheus
1173 965 1259 994 fusius
1273 972 1300 995 et
1316 968 1439 994 exactius
1454 967 1548 995 matris
1562 975 1616 994 una
1636 975 1696 995 cum
1713 967 1774 996 ﬂliis

143 1013 248 1048 μητρὸς
262 1012 414 1047 πρεσϐείαν
427 1011 544 1044 ὲξέθετο’
559 1013 673 1047 Μάρκος
697 1012 726 1039 δὲ
746 1012 928 1048 βραχυλογίας

141 1060 214 1086 πάνυ
239 1058 440 1094 πεφροντικὼς,
459 1058 541 1093 μόνον
557 1058 611 1085 τῶν
627 1058 693 1086 υἱῶν
713 1059 927 1094 ἐμνημόνευσεν·

140 1105 209 1140 ὅπερ
225 1105 413 1138 ὲναντιολογία
428 1105 478 1131 οὐκ
493 1105 575 1131 ἔστιν,

473 1149 605 1183 Ἀπορία.

177 1193 238 1225 Πῶς
257 1195 272 1220 ὁ
289 1195 399 1225 Λουκᾶς
418 1194 465 1221 τὸν
482 1193 586 1229 Κύριον
599 1193 688 1220 εἰπεῖν
713 1194 770 1225 τοῖς
791 1193 930 1225 Ἰουδαίοις

141 1239 302 1274 ἐκθέμενος⁵
314 1241 356 1266 οὐ
370 1239 414 1274 μή
428 1248 466 1274 με
489 1239 571 1274 ἴδητε
583 1239 692 1274 ἀπάρτι
706 1239 761 1272 ἕως
771 1239 809 1266 ἂν
817 1239 929 1273 εἴπητε·

144 1285 385 1320 Εὐλογημένοςὸ
404 1285 567 1319 ἐρχόμενος
592 1285 626 1312 ἐν
651 1285 774 1319 ὀνόματι
802 1285 929 1318 Κυρίου·

143 1332 326 1365 συγγενέσθαι
341 1333 398 1364 τοῖς
415 1332 565 1364 Ἰουδαίοις,
582 1333 739 1366 συμφαγεῖν
749 1340 779 1357 τε
792 1331 872 1358 αὑτὸν
885 1331 931 1358 καὶ

142 1378 318 1413 διαλεχθῆναι
343 1378 391 1404 καὶ
419 1378 665 1413 θαυματουργῆσαι
687 1377 734 1404 ἐπὶ
749 1377 873 1404 πλεῖστον
887 1377 932 1410 ἐξ·

144 1421 236 1455 έθετο;
260 1422 322 1454 Πῶς
343 1422 371 1448 δὲ
389 1423 555 1456 ἀπαγγεῖλαι
580 1422 619 1458 τῷ
643 1422 750 1458 Ἡρώδῃ
773 1423 836 1453 τοὺς
849 1423 933 1457 Φαρι-

145 1468 239 1499 σαίους
254 1468 415 1498 ἐκέλευσεν,
438 1468 516 1495 Ἰδοὺ
540 1468 596 1503 ἐγὼ
624 1469 760 1495 ἐκϐάλλω
782 1469 930 1503 δαιμόνια,

144 1513 193 1539 καί
216 1512 312 1544 Ιάσεις
327 1512 454 1540 ἐπιτελῶ
469 1512 604 1548 mutabor
624 1513 673 1540 καὶ
696 1514 811 1548 αὔριον,
827 1514 877 1540 καί
894 1513 932 1547 τῇ

143 1559 227 1592 τρίτῃ
244 1559 424 1593 τελειοῦμαι.
440 1559 508 1586 Μεθ’
528 1559 635 1595 ἡμέρας
651 1560 706 1595 γὰρ
724 1559 861 1591 πλείονας,
887 1559 932 1586 τὸν

145 1605 263 1640 σταυρὸν
279 1605 423 1640 ὑπέμεινε.

486 1651 590 1684 Λύσις.
880 1681 882 1683 ,

180 1697 217 1722 Τὸ
234 1697 343 1732 πρῶτον
369 1698 483 1731 ἄπορον,
510 1698 615 1732 ταύτην
642 1697 698 1731 ἔχει
725 1696 776 1732 τὴν
803 1696 889 1723 λύσιν·
905 1697 934 1722 ἐν

145 1742 276 1777 Γαλιλαίᾳ
293 1744 326 1777 τῇ
341 1742 394 1768 ὑπὸ
414 1743 538 1777 Ἡρώδην
554 1742 680 1778 τελούσῃ,
695 1742 741 1769 τοῦ
768 1742 870 1777 Κυρίου
894 1742 934 1768 δι-

147 1789 260 1822 άγοντος
273 1789 322 1816 καὶ
338 1788 621 1824 θαυματουργοῢντος,
637 1789 660 1814 οἱ
675 1787 730 1814 τῶν
746 1788 836 1815 ἐκεῖσε
851 1788 935 1824 Φαρι-

147 1835 243 1866 σαίων,
260 1835 285 1860 ot
299 1834 428 1869 φορτικὸν
446 1834 528 1860 αὑτὸν
547 1833 591 1860 διὰ
605 1834 640 1859 τὰ
656 1834 757 1868 σημεῖα
772 1833 819 1860 καὶ
834 1833 883 1868 τὴν
895 1833 933 1858 δι-

145 1880 296 1907 δασκαλίαν
323 1880 376 1906 ὑπὸ
402 1879 502 1913 φθόνου
517 1880 647 1914 ὁρῶντες,
671 1879 718 1905 καὶ
744 1879 783 1910 είς
795 1879 847 1914 τὴν
871 1879 935 1905 Ἴου·

145 1927 224 1953 eam
241 1926 335 1953 ἐλάσαι
350 1925 522 1957 σπεύδοντες,
540 1925 632 1957 ἔλεγον
643 1923 728 1959 αὐτῷ,
744 1924 795 1956 ὄντι,
808 1923 935 1956 Ἔξελθε

145 1973 296 2003 ἐντεῦθεν,
313 1972 351 1999 δι’
365 1971 409 1998 ὅτι
427 1970 558 2005 Ἡρώδης
570 1971 648 1997 θέλει
663 1977 700 1996 σε
718 1969 849 1996 ἀνελεῖν.
864 1969 934 2004 Πρὸς

145 2017 192 2049 οὓς
202 2018 216 2044 ὁ
233 2017 346 2052 Κύριος,
362 2017 453 2047 συνεὶς
470 2016 529 2051 μεθ’
540 2016 600 2047 οἵας
615 2015 736 2046 διανοίας
748 2014 827 2042 τοῦτο
841 2015 933 2046 ἔλεγον

145 2063 231 2098 αὐτῷ,
257 2063 434 2098 ἁπεκρίνατο·
451 2061 663 2096 Πορευθέντες,
683 2061 786 2087 εἴπατε
801 2060 838 2094 τῇ
858 2059 934 2087 ἁλώ-

145 2116 214 2135 πεκι
229 2108 335 2142 ταύτῃ.
355 2107 456 2143 δηλαδὴ
470 2108 507 2143 τῷ
522 2107 645 2143 “Ἧρώδῃ,
661 2107 697 2138 ὡς
714 2106 825 2141 δολερῷ,
841 2106 887 2133 καὶ
899 2107 933 2132 τὰ

146 2154 221 2189 ἑξῆς.
236 2154 272 2179 Τὸ
286 2152 333 2180 οὖν
355 2153 507 2180 Ἐκϐάλλω
523 2152 672 2187 δαιμόνια,
689 2152 739 2178 καί
758 2151 854 2184 ἰάσεις
870 2152 933 2178 ἐπι-

146 2199 223 2226 τελῶ
237 2199 372 2233 σήμερον
394 2199 443 2225 καὶ
459 2199 572 2232 αὔριον,
588 2198 638 2229 τὰς
662 2198 769 2233 ἡμέρας
787 2197 862 2233 δηλοῖ
883 2198 932 2229 τὰς

145 2245 203 2277 δύο,
229 2245 257 2271 ὲν
275 2243 318 2275 αῖς
336 2246 395 2271 ἐκεῖ
409 2245 557 2279 διατρίσων
577 2243 805 2279 ὲθαυματούργει·
827 2243 885 2278 μεθ’
900 2243 933 2275 ἃς

144 2291 196 2325 τῆς
212 2291 258 2317 ἐπὶ
275 2291 310 2317 τὰ
332 2290 507 2326 Ἰεροσόλυμα.
523 2289 624 2325 ἤρξατο
645 2289 773 2324 πορείας,
791 2289 824 2324 τῇ
842 2289 933 2324 ἡμέρᾳ
950 2303 972 2332 D

144 2336 270 2373 δηλονότι
284 2338 316 2370 τῇ
335 2337 414 2372 τρίτῃ
428 2357 435 2368 ,
456 2338 484 2362 ὲν
532 2337 580 2362 καὶ
598 2335 768 2362 τελειοῦσθαι
785 2343 878 2370 φησιν,
897 2335 935 2366 ὡς

144 2382 175 2407 ὲν
192 2382 263 2417 αὐτῇ
276 2382 470 2417 ἀπαρχόμενος
486 2383 535 2417 τῆς
547 2381 607 2407 ὁδοῦ
620 2381 670 2416 τῆς
683 2381 715 2407 τὸ
730 2381 784 2407 πᾶν
795 2380 838 2407 διὰ
853 2389 935 2407 σταυ-

145 2425 195 2460 ροῦ
214 2427 244 2452 ἐν
265 2426 462 2462 Ὶὲροσολύμοις
477 2425 635 2461 τελειούσης
651 2426 812 2462 μυστήριον.
837 2425 874 2452 Τὸ
895 2425 933 2458 δὲ,

146 2473 189 2499 οὺ
206 2472 250 2507 μή
266 2481 304 2507 με
320 2473 402 2505 ἴδητε
417 2472 534 2506 ἀπάρτι,
554 2473 623 2508 πρὸς
640 2473 703 2504 τοὺς
725 2473 870 2508 οἰκήτορας
888 2472 935 2498 ἰε-

144 2518 290 2553 ρουσαλὴμ
304 2516 338 2553 ἦν
358 2519 514 2554 εἰρημένον,
531 2519 564 2554 ἢν
582 2519 611 2544 ἐν
627 2519 683 2550 τοῖς
699 2518 819 2553 πρώτοις
835 2518 932 2544 ὲταλά-

142 2572 219 2591 νισεν
230 2564 360 2599 είρηκώς²
379 2563 582 2598 Ἰερουσαλὴμ,
604 2564 813 2598 Ἰερουσαλὴμ,
826 2565 844 2598 ἡ
859 2564 933 2591 ἀπο-

143 2611 308 2638 κτείνουσα
322 2611 394 2644 τοὺς
410 2611 575 2645 προφήτας,
588 2611 636 2636 καὶ
649 2610 849 2637 λιθοϐολοῦσα
863 2610 933 2643 τοὺς

141 2656 397 2692 ἀπεσταλμένους
423 2656 497 2691 πρὸς
523 2656 673 2691 αὐτήν-ἥ
698 2665 740 2687 τις
765 2656 858 2683 ἔκτοτε
884 2656 933 2691 οὺχ

142 2703 252 2738 ἑώρακε
267 2703 313 2729 τὸν
327 2702 439 2738 Κύριον,
454 2702 534 2737 ἄχρις
548 2702 595 2728 ἐπὶ
610 2702 699 2728 πώλου
713 2702 869 2737 καθήμενον
887 2703 934 2728 καὶ

143 2749 316 2784 ὑμνούμενον
333 2749 415 2775 αὑτὸν
440 2749 492 2775 ὑπὸ
515 2748 563 2775 τοῦ
588 2748 667 2783 ὄχλου
691 2748 811 2775 καὶτῶν
827 2748 931 2774 παίδων

142 2795 302 2822 ἐθεάσαντο.
322 2795 441 2822 Δυνατδν
455 2795 484 2822 δὲ
504 2796 534 2822 τὸ
549 2795 657 2829 ἀπάρτι
675 2794 806 2830 νοηθῆναι
826 2794 872 2820 καὶ
886 2795 931 2820 ἐπὶ

983 1014 1078 1042 preces
1090 1013 1232 1046 exposuit;
1245 1013 1350 1041 Marcus
1372 1018 1473 1046 autent,
1488 1014 1710 1049 breviloquentiae
1731 1015 1776 1042 ad-

983 1054 1093 1082 modum
1122 1058 1270 1092 studiosus,
1301 1059 1448 1087 liberorum
1477 1059 1609 1088 duntaxat
1631 1061 1772 1093 meminit;

983 1098 1056 1130 quod
1066 1107 1121 1126 non
1137 1106 1176 1128 est
1188 1103 1341 1131 contrarius
1354 1111 1455 1132 sermo.

1267 1148 1414 1182 Difﬁcultas
1427 1157 1489 1177 xxv.

1018 1188 1141 1220 Quonam
1160 1199 1239 1225 pacto
1250 1201 1312 1220 cum
1329 1193 1415 1221 Lucas
1431 1195 1591 1229 prodiderit,
1608 1195 1708 1223 dixisse
1721 1195 1773 1222 Do-

984 1233 1086 1261 minum
1100 1235 1199 1264 ludatis
1212 1246 1218 1263 :
1237 1239 1296 1265 Non
1318 1247 1359 1266 me
1369 1241 1487 1267 videbitis
1502 1242 1598 1268 amodo
1608 1242 1689 1268 donec
1700 1242 1774 1268 dica-

985 1279 1017 1305 tis
1030 1279 1052 1295 ⁸¹
1071 1288 1077 1306 :
1100 1280 1255 1310 Benedictus
1282 1285 1327 1318 qui
1350 1286 1417 1311 venit
1433 1286 1459 1312 in
1487 1287 1590 1313 nomine
1613 1286 1717 1313 Domini
1738 1287 1773 1321 ",

984 1325 1108 1353 eumdem
1122 1334 1185 1354 cum
1200 1327 1300 1356 Judzcis
1315 1335 1536 1363 conversantem,
1554 1337 1771 1365 convescentem,

985 1370 1176 1405 disserentem,
1189 1378 1216 1400 et
1232 1375 1304 1408 apud
1321 1383 1368 1402 eos
1388 1376 1516 1404 miracula
1528 1377 1671 1404 facientem
1687 1378 1773 1412 pluri-

984 1415 1036 1443 bus
1049 1416 1203 1445 deSrribat?
1221 1419 1361 1452 Quomodo
1375 1421 1468 1453 etiam,
1485 1422 1583 1449 Herodi
1600 1423 1680 1457 jussit
1697 1424 1773 1450 Pha-

985 1462 1079 1489 risteos
1092 1465 1247 1493 renuntiare
1259 1474 1264 1492 :
1284 1467 1350 1493 Ecce
1363 1475 1411 1502 ego
1421 1467 1496 1502 ejicio
1514 1469 1655 1502 daemonia,
1669 1475 1693 1497 et
1702 1473 1775 1498 sani-

986 1512 1052 1534 tates
1066 1510 1171 1543 perﬁcio
1183 1511 1258 1538 hodie
1266 1517 1289 1539 et
1301 1521 1370 1544 ενοι,
1383 1518 1406 1539 et
1422 1515 1498 1540 tertia
1510 1515 1550 1541 die
1564 1523 1728 1543 consummor
1739 1518 1772 1545 ⁸⁵.

987 1553 1050 1581 Post
1074 1556 1173 1584 multos
1196 1557 1269 1585 enim
1292 1559 1360 1591 dies,
1376 1559 1465 1587 crucis
1496 1560 1656 1595 supplicium
1679 1571 1775 1598 passus

986 1605 1036 1629 est.

1317 1651 1434 1680 Salutio.

1021 1694 1082 1722 Haec
1093 1695 1321 1724 diﬂicultasistam
1342 1698 1422 1726 habet
1439 1699 1620 1732 solutionem;
1641 1708 1702 1728 cum
1721 1701 1774 1728 Do-

985 1739 1075 1766 minus
1088 1740 1197 1774 degeret
1210 1741 1238 1768 in
1251 1741 1368 1774 Galilzca,
1386 1751 1445 1778 qua:
1460 1743 1696 1779 Hcrodisimperio
1711 1746 1775 1773 sub-

982 1785 1054 1821 jecta
1071 1791 1137 1820 erat,
1156 1787 1247 1822 ibique
1270 1789 1399 1816 miracula
1426 1790 1528 1821 ederet.
1547 1790 1673 1818 [ηιπίδωί
1702 1792 1774 1819 illius

985 1831 1111 1866 regionis.
1126 1833 1171 1866 qui
1187 1841 1248 1860 eum
1275 1841 1329 1868 ιιι-ιε
1348 1835 1448 1861 invidia
1474 1835 1524 1862 sibi
1546 1837 1694 1863 cernebant
1713 1845 1774 1865 esse

985 1879 1126 1906 molestum
1145 1879 1179 1906 ob
1194 1880 1314 1914 prodigia
1331 1886 1358 1907 et
1372 1880 1532 1912 doctrinam,
1554 1882 1774 1917 festinabantque

985 1923 1059 1950 illum
1082 1925 1107 1951 in
1126 1924 1246 1952 Judzcam
1265 1926 1397 1960 ablegare.
1416 1926 1542 1953 dixerunt
1555 1927 1599 1953 ei:
1625 1927 1676 1954 Eri
1702 1928 1770 1961 hinc,

984 1969 1109 2002 quoniam
1124 1969 1237 1996 Herodes
1248 1970 1302 1996 uult
1319 1976 1342 1996 te
1357 1971 1502 2004 inter/icere
1515 1972 1547 1999 ".
1560 1972 1665 2005 Quibus
1682 1972 1773 2001 Domi-

984 2021 1046 2047 nus,
1060 2014 1105 2048 qui
1128 2015 1289 2049 intelligerct
1302 2024 1355 2049 quo
1384 2017 1474 2043 animo
1493 2017 1518 2043 id
1536 2017 1560 2044 ei
1585 2017 1717 2051 dicerent,
1729 2026 1773 2046 re-

984 2059 1111 2094 spondit;
1127 2059 1176 2092 lte,
1194 2065 1218 2086 et
1230 2061 1307 2088 dicite
1318 2061 1390 2096 vulpi
1404 2062 1454 2094 illi,
1470 2062 1568 2090 Herodi
1583 2064 1695 2095 scilicet,
1713 2067 1773 2092 tan-

984 2112 1065 2139 quam
1081 2105 1252 2133 t'raudulento
1265 2115 1272 2140 ;
1285 2111 1312 2133 et
1335 2115 1393 2141 qua:
1407 2112 1566 2142 sequuntur.
1596 2107 1665 2136 Illud
1681 2109 1770 2144 igitur,

985 2149 1072 2184 Ejicio
1100 2151 1240 2185 dwmonia,
1256 2156 1281 2190 et
1297 2153 1423 2179 sanitates
1439 2154 1550 2188 perﬁcio,
1558 2154 1633 2181 hodie
1648 2159 1671 2181 et
1701 2163 1770 2186 cras.

984 2196 1052 2223 duos
1065 2196 1125 2224 illos
1138 2197 1195 2224 dies
1209 2197 1320 2230 indicat,
1337 2198 1436 2232 quibus
1451 2199 1504 2226 illic
1521 2207 1701 2232 commorans,
1719 2201 1770 2228 mi-

984 2242 1075 2269 racula
1090 2243 1190 2276 edidit;
1204 2247 1265 2278 post
1281 2251 1348 2278 quos
1364 2244 1446 2278 coepit
1460 2244 1511 2271 iter
1531 2253 1626 2272 versus
1645 2245 1772 2273 Hieroso-

986 2288 1066 2323 lyma,
1081 2289 1124 2316 die
1137 2288 1264 2315 nimzrum
1281 2289 1372 2321 tertio,
1387 2289 1414 2316 iu
1429 2297 1484 2324 quo
1496 2294 1525 2317 et
1541 2298 1570 2317 se
1587 2291 1771 2319 consummari

984 2333 1099 2361 aﬂirmat
1109 2334 1182 2369 quod
1195 2343 1228 2362 eo
1241 2335 1286 2362 die
1297 2335 1348 2362 iter
1359 2335 1499 2362 inchoaret
1518 2337 1589 2370 quod
1605 2344 1685 2363 omne
1714 2345 1771 2372 ιιι)-⁴

984 2380 1096 2407 sterium
1116 2381 1306 2416 Hierosolymis
1319 2389 1368 2416 per
1384 2389 1492 2409 crucem
1519 2387 1771 2409 consurnmaturum

983 2430 1053 2454 erat.
1070 2426 1138 2453 Illud
1154 2434 1229 2459 vero,
1250 2427 1310 2454 Non
1326 2436 1366 2454 me
1381 2428 1499 2455 videbitis
1514 2429 1618 2460 amodo,
1634 2428 1668 2455 ad
1678 2427 1772 2455 Hiero-

983 2472 1092 2507 solymaa
1106 2472 1208 2499 incolas
1229 2472 1331 2499 dictum
1360 2473 1421 2505 fuit,
1434 2481 1514 2508 quam
1539 2478 1618 2500 antea
1645 2473 1772 2501 miseram

983 2518 1149 2553 praedicavit,
1164 2519 1207 2546 bis
1233 2519 1340 2546 verbis:
1353 2518 1510 2551 Jerusalem,
1538 2518 1701 2552 Jerusalem,
1716 2528 1774 2555 qua:

984 2563 1079 2590 occidis
1091 2563 1230 2598 prop/tetas
1239 2568 1263 2589 et
1279 2563 1382 2597 lapidas
1393 2572 1435 2591 eos
1448 2565 1492 2599 qui
1508 2565 1646 2590 mittuntur
1658 2565 1693 2591 ad
1703 2570 1728 2592 te
1739 2565 1772 2591 ³⁸.

984 2609 1050 2642 Quin
1081 2610 1115 2637 ab
1131 2610 1175 2637 illo
1194 2614 1315 2644 tempore
1335 2618 1390 2637 non
1412 2610 1480 2637 vidit
1503 2608 1658 2643 Dominum,
1687 2610 1774 2638 donec

984 2663 1046 2683 eum
1065 2657 1138 2691 pullo
1156 2657 1318 2684 insidentem
1335 2661 1362 2683 et
1377 2664 1390 2683 a
1406 2657 1482 2690 plebe
1499 2655 1644 2691 puerisque
1665 2656 1774 2691 hymnis

985 2702 1152 2730 celebratum
1166 2707 1320 2737 spectarunt
1336 2703 1369 2728 ⁸⁷.
1384 2701 1477 2729 Potest
1500 2710 1608 2737 quoque
1623 2703 1717 2728 amotio
1729 2701 1773 2727 in-

986 2749 1067 2784 telligi
1084 2749 1116 2777 de
1133 2750 1206 2776 omni
1224 2754 1354 2784 tempere,
1377 2756 1462 2783 usque
1474 2749 1507 2776 ad
1519 2749 1591 2784 quod
1605 2748 1772 2776 Dominicam

985 2794 1157 2828 passionem;
1173 2802 1259 2829 usque
1275 2795 1307 2821 ad
1327 2794 1398 2838 quod
1414 2794 1558 2821 Dominum
1572 2793 1660 2820 intuiti
1675 2792 1770 2824 Judaei,

176 2885 199 2900 "
210 2885 270 2912 Aet.
281 2893 306 2915 ν.
321 2885 365 2912 57.
403 2885 427 2901 ⁸ο
439 2884 532 2912 Matth.
544 2893 589 2916 xx,
604 2879 648 2912 2|.
689 2885 710 2901 ⁵¹
729 2885 811 2912 Marc.
822 2895 848 2916 x.
860 2886 904 2913 '57.

983 2885 1041 2913 Luc.
1055 2893 1112 2917 xm,
1128 2884 1173 2912 '55.
1212 2886 1235 2901 "
1250 2885 1344 2913 Matth.
1360 2893 1436 2919 χχιιι,
1451 2885 1493 2912 59.
1532 2885 1554 2902 ⁸⁸
1571 2884 1637 2913 Luc.
1652 2893 1710 2916 xm,
1727 2885 1771 2912 32.

138 2919 163 2937 ⁸⁸
179 2919 245 2947 ibid.
262 2921 306 2947 5t.
345 2921 367 2936 “
387 2919 452 2948 ibid.
475 2920 520 2947 Si.
559 2921 579 2936 '7
599 2919 665 2947 Luc.
682 2929 737 2953 χιχ,
755 2921 850 2947 Matth.
867 2929 922 2948 χχι.
