2069 3147
183 202 249 234 ΗΠ

181 307 227 332 ἐπὶ
244 305 303 332 ὂνον
318 305 365 331 καὶ
380 304 469 330 πῶλον
481 302 558 330 εἶπεν
569 312 576 319 ·
591 304 631 329 ὅτι
646 303 689 329 διὰ
705 302 753 329 τοῦ
767 301 858 328 πώλου
872 302 919 327 καὶ
934 303 965 336 τῇ

180 352 233 385 ὄνῳ
247 350 375 384 ἐκάθητο,
391 350 513 384 ἑπομένῃ
536 350 582 375 καὶ
603 348 774 384 συνεργούσῃ
791 347 831 382 τῷ
842 347 891 374 τοῦ
912 348 968 374 Κυ-

182 397 239 432 ρίου
254 397 384 432 ὀχήματι.
404 396 434 421 Εἰ
459 395 487 421 δέ
502 404 543 426 τις
556 395 681 430 ἀποροίη,
709 395 780 425 τινος
797 393 878 428 χάριν
892 392 968 419 Ματ-

181 442 257 471 οαίος
269 443 318 476 μὲν
328 442 374 466 τὸν
392 441 534 475 προφήτην
545 439 675 466 ἐκθέσθαι
690 439 772 473 φησὶν
788 438 833 464 ἐπὶ
849 437 908 463 ὖνον
922 438 968 464 καὶ

181 487 271 513 πῶλον
289 486 399 514 καθίσαι
414 488 458 514 τὸν
474 487 586 522 Κύριον·
602 488 619 521 ἡ
630 487 658 513 δὲ
668 486 722 512 τῶν
736 487 764 513 0'
781 487 908 517 Ἔκδοσις
923 484 969 510 ἐπὶ

181 533 271 559 πῶλον
281 533 342 560 ὄνου
359 532 470 559 καθίσαι
495 532 618 567 περιέχει
631 539 638 546 ”
652 531 730 558 τοῦτο
745 531 915 566 μανθανέτω,
932 530 970 561 ὡς

181 579 214 613 τῇ
236 577 367 613 Ἐϐραῖκῇ
397 577 504 613 γλώττῃ
520 577 685 612 κεχρημένοι
710 577 734 602 οἱ
750 575 905 607 ἀπόστολοι,
920 575 969 602 ἁτε

183 624 232 659 τῆς
250 623 412 658 Ἑλληνικῆς
427 623 593 657 εὐγλωττίας
607 623 726 657 ἄπειροι,
741 622 788 648 καὶ
804 623 854 656 τῆς
867 621 922 648 τῶν
940 623 967 647 0'

181 669 325 700 ἐκδόσεως,
353 669 450 704 ὥσπερ
473 671 533 700 ταῖς
547 668 636 695 αὐτῶν
665 668 767 702 βίϐλοις
783 667 970 702 ἀρχαιοτέροις

182 713 347 745 ἐκτεθείσαις
363 714 515 748 ὲνεφὲρετο,
534 713 605 740 οὕτω
617 714 665 745 τὰς
680 713 852 749 προφητικὰς
865 721 969 748 μαρτυ-

183 759 244 794 ρίας
258 758 394 791 ἐξέθεντο·
408 759 454 784 τοῦ
464 759 624 793 ΙΙνεύματος
636 759 715 784 τοῦτο
730 759 968 793 οίκονομήσαντος,

183 806 226 831 ἴνα
243 805 280 840 μὴ
293 804 331 835 ὡς
346 805 379 830 ἐκ
396 804 566 839 συνθήματος
593 804 700 838 φανῶσι
725 803 916 837 συντάξαντες.
941 804 970 829 Ὀ

185 853 276 885 μέντοι
293 850 381 881 πῶλος
398 851 431 877 τὰ
460 851 533 884 ἔθνη,
560 852 577 886 ὴ
609 851 637 877 δὲ
654 851 750 877 τούτου
778 851 887 886 μήτηρ,
907 851 970 882 τοὺς

192 895 335 928 Ἰουδαίους
349 896 507 923 αἰνίττεται.

509 943 628 977 Ἀπορία
633 963 639 970 .

226 991 348 1019 ’Δνθότου
363 991 503 1022 Ματθαῖος
521 991 570 1025 μὲν
585 990 742 1026 αὐθημερὸν
755 991 803 1026 τὴν
821 992 906 1026 συκῆν
923 991 969 1026 ξη-

184 1035 316 1071 ρανθῆναι
331 1035 483 1070 ἱστόρησεν,
509 1035 622 1069 Μάρκος
639 1035 668 1061 δὲ
690 1036 724 1070 τῇ
741 1034 855 1070 αὕριον;
876 1034 971 1060 Ὡσαύ-

182 1090 237 1112 τως
253 1081 281 1107 δὲ
299 1081 346 1107 καὶ
369 1081 433 1111 τοὺς
459 1080 615 1112 πωλοῦντας
633 1081 678 1106 καὶ
693 1080 879 1115 ἀγοράζοντας
892 1081 921 1106 ὲν
931 1079 971 1115 τῷ

184 1125 259 1162 ἱερῷ,
274 1127 289 1152 ὁ
305 1126 354 1160 μὲν
368 1123 423 1162 ὲνῇ
436 1127 526 1161 ἡμέρᾳ.
542 1126 579 1161 τῷ
595 1126 676 1161 πώλῳ
692 1125 827 1161 ὲκαθέσθη
840 1126 854 1152 ὁ
868 1125 971 1160 Κύριος

183 1172 312 1200 εἰσελθὼν
336 1173 376 1204 εἰς
391 1173 441 1207 τὴν
457 1173 543 1205 πόλιν,
560 1173 725 1207 ὲκὸληθῆναι
743 1173 788 1198 ὑπ’
803 1173 885 1199 αὑτοῦ
898 1173 970 1198 ἱστο-

184 1218 245 1252 ρεῖ·
263 1218 277 1243 ὁ
290 1216 318 1243 δὲ
331 1217 360 1243 ἐν
380 1218 413 1252 τῇ
429 1217 572 1252 ὑστεραίᾳ.
592 1217 648 1243 Καὶ
671 1217 743 1248 τινος
756 1217 838 1251 χάριν
865 1217 970 1252 καρπὸν

181 1262 217 1288 ἑκ
231 1261 280 1296 τῆς
293 1261 375 1295 συκῆς
385 1262 415 1287 ἐν
426 1262 456 1287 οὺ
470 1261 560 1297 καιρῷ
577 1262 668 1296 ἐζήτει
681 1271 687 1278 ·
704 1262 721 1297 ἢ
737 1261 796 1294 πῶς
810 1262 970 1296 ἀγανακτή-

183 1313 243 1337 σας,
256 1306 297 1331 ὅτι
313 1305 351 1340 μὴ
362 1303 436 1340 εὗρε,
449 1305 552 1340 ταύτην
568 1305 721 1341 ἐξήρανεν;

514 1352 619 1384 Λύσις.

224 1395 370 1432 Ἐκάτερος
395 1397 432 1427 ὡς
460 1397 487 1422 ἐν
504 1397 589 1423 ἅπασι
604 1397 651 1422 καὶ
674 1397 702 1423 ἐν
718 1397 805 1432 τούτῳ
824 1398 969 1432 ἠλήθευσε.

184 1444 299 1478 Πρωίας
313 1445 377 1479 γὰρ,
394 1443 484 1474 καθώς
500 1452 581 1478 φησιν
596 1445 609 1470 ὁ
631 1444 839 1480 εὐαγγελιστὴς,
859 1445 971 1473 ἐπανά-

182 1496 244 1522 ιξγυον·
255 1488 304 1514 ἐπὶ
319 1488 375 1522 τὴν
385 1490 476 1515 πόλιν
490 1488 503 1513 ὁ
512 1489 624 1523 Κύριος,
638 1489 780 1516 ὲπείνασε
790 1497 796 1504 ·
815 1490 865 1516 καὶ
876 1489 973 1517 ἐλθὼν

182 1534 300 1569 ἑπὶτὴν
314 1534 427 1568 συκῆν,
457 1536 513 1569 οὺχ
527 1532 616 1568 εὗρεν
632 1535 709 1569 εἰμὴ
734 1536 836 1569 φύλλα
865 1536 971 1570 μόνον.

863 198 1118 234 ΟΠίΕΞΤΙΟΝΕΞ.

181 259 252 287 κατά
278 259 307 286 τὸ
327 259 379 285 ὑπὸ
404 257 451 285 τοῦ
467 258 607 293 προφήτου
639 257 742 291 λεχθὲν,
770 256 964 291 ὲπιῦεῦηκέναι

1020 257 1172 286 ascendisse
1185 266 1267 294 super
1286 259 1390 286 asinam
1412 264 1440 287 et
1462 260 1566 294 pullum
1588 259 1712 291 dixit";

1735 202 1801 234 141a

1741 261 1803 294 quia

1019 311 1068 337 per
1086 304 1188 338 pullum
1209 305 1291 331 etiam
1307 305 1391 332 asinae
1405 305 1550 338 insidebat,
1569 305 1696 340 sequenti
1712 311 1739 332 et
1754 305 1804 332 ad-

1017 348 1122 382 juvanti
1138 348 1243 375 Domini
1258 354 1408 377 vecturam.
1424 349 1502 382 Quod
1513 350 1610 385 siquis
1626 351 1804 380 dubitaverit.

1019 401 1103 428 quare
1118 393 1261 422 lllatthaeus
1275 395 1346 422 dicat
1366 396 1526 430 prophetam
1545 396 1696 423 declarasse
1713 396 1806 424 Domi-

1020 447 1086 467 num
1103 441 1206 467 sedisse
1225 448 1308 476 super
1327 441 1430 468 asinam
1446 447 1473 469 et
1488 442 1590 476 pullum
1602 442 1645 474 ”;
1663 442 1747 470 editio
1762 450 1808 469 au-

1020 489 1075 514 tem
1083 485 1154 512 LXX
1165 494 1246 520 super
1257 487 1360 520 pullum
1367 487 1450 514 asinae
1464 487 1568 514 sedisse
1583 487 1722 515 contineat
1735 496 1741 520 ;
1756 488 1807 515 hoc

1021 531 1115 563 discat,
1128 532 1266 566 apostolos
1278 531 1409 559 llebraica
1419 532 1509 567 lingua
1519 540 1595 563 usos,
1605 538 1697 567 utpote
1706 532 1806 560 Grteca:

1021 577 1184 610 eloquentia:
1199 577 1318 612 ignaros,
1335 582 1416 611 atque
1434 584 1467 603 ex
1482 576 1553 603 LXX
1569 576 1699 610 editione,
1709 584 1806 612 quem-

1021 623 1168 657 admodum
1188 623 1214 649 in
1232 630 1327 649 eorum
1345 622 1420 649 libris
1440 622 1578 656 antiquius
1600 622 1717 649 exaratis
1734 622 1807 649 fere-

1022 668 1120 701 batur,
1149 668 1187 695 sic
1203 668 1362 702 prophetica
1379 667 1533 695 testimonia
1562 667 1678 699 citasse;
1701 667 1807 702 Spiritu

1021 714 1059 741 ita
1078 715 1263 749 dispensante,
1276 722 1310 741 ne
1323 718 1452 749 tanquam
1464 722 1496 741 ex
1510 713 1635 741 condicto
1649 714 1808 741 viderentur

1021 761 1205 788 conscribere.
1224 760 1360 788 Caeterum
1377 761 1468 795 pullus
1480 781 1488 794 ,
1505 764 1615 796 gentes;
1643 764 1731 787 mater
1742 768 1807 787 vero

1022 807 1104 841 illius,
1116 807 1222 835 Judazos
1238 807 1368 843 designat.

1307 941 1452 976 Difﬁcultas
1466 949 1538 967 xxix.

1057 988 1108 1014 Pro
1128 995 1181 1021 qua
1201 995 1230 1014 re
1249 986 1392 1014 Matthzeus
1405 986 1516 1020 quidem
1536 985 1579 1012 lici
1599 984 1725 1012 arborem
1750 989 1807 1013 sta-

1023 1033 1070 1060 tim
1086 1033 1182 1060 codem
1197 1031 1240 1058 die
1253 1032 1401 1058 arefactam
1413 1031 1436 1047 ”
1452 1031 1545 1063 refert,
1569 1030 1676 1057 Marcus
1687 1038 1753 1057 vero
1765 1029 1808 1056 die

1022 1078 1169 1113 sequenti?
1183 1077 1369 1105 Consimiliter
1383 1081 1411 1104 et
1427 1076 1575 1103 rendentes
1586 1080 1762 1110 ementesque
1781 1076 1808 1102 in

1023 1125 1124 1159 templo
1139 1125 1173 1157 ",
1190 1123 1233 1151 ille
1255 1124 1365 1159 quidem
1382 1123 1426 1150 die
1442 1131 1494 1157 qua
1510 1123 1583 1157 pullo
1597 1122 1696 1150 insedit
1716 1122 1809 1149 Domi-

1021 1178 1073 1198 nus
1103 1170 1131 1197 in
1156 1171 1249 1197 urbem
1271 1169 1427 1205 ingrediens
1439 1170 1472 1202 '°,
1489 1173 1583 1196 narrat
1605 1168 1638 1195 ab
1665 1176 1697 1195 eo
1725 1168 1809 1195 fuisse

1021 1218 1140 1252 ejectos;
1155 1216 1263 1244 Marcus
1287 1224 1352 1243 vero
1369 1216 1497 1250 postridie
1513 1215 1545 1242 ³⁷.
1566 1214 1600 1241 Et
1620 1223 1668 1242 cur
1691 1214 1809 1241 fructum

1022 1266 1097 1289 extra
1116 1266 1224 1296 tempus
1237 1269 1252 1287 a
1268 1261 1384 1288 ﬁculnea
1398 1261 1574 1295 requirebat;
1594 1264 1641 1286 aut
1661 1267 1715 1294 quo
1729 1263 1809 1294 pacto

1021 1307 1094 1342 quod
1109 1315 1164 1334 non
1178 1307 1325 1335 invenisset
1341 1306 1506 1341 indignatus,
1521 1305 1633 1333 arefccit
1644 1307 1726 1334 eam?

1358 1351 1469 1379 Salutio.

1052 1399 1184 1434 Uterque,
1201 1397 1271 1425 sicut
1286 1398 1314 1425 in
1331 1398 1469 1430 omnibus,
1490 1398 1526 1424 ita
1542 1398 1607 1425 etin
1622 1399 1674 1425 hoc
1691 1406 1753 1426 rere
1768 1399 1808 1426 lo-

1023 1449 1102 1472 cutus
1114 1449 1164 1472 est.
1180 1443 1262 1471 Mane
1277 1444 1367 1475 enim,
1399 1448 1429 1470 ut
1458 1443 1495 1470 ait
1512 1444 1682 1479 Evangelisla
1693 1466 1700 1477 ,
1722 1453 1810 1472 rever—

1023 1495 1078 1517 tens
1094 1491 1122 1517 in
1137 1491 1269 1517 civitatem
1293 1489 1442 1521 Domitius,
1466 1490 1574 1521 esuriil,
1597 1494 1622 1516 et
1650 1491 1752 1517 veniens
1774 1493 1809 1517 ad

1023 1536 1118 1570 ﬁcum,
1147 1544 1198 1562 mm
1221 1535 1319 1562 invertit
1343 1535 1393 1561 nisi
1408 1535 1472 1570 folia
1495 1540 1598 1561 tantum
1609 1535 1642 1561 ”.
1660 1535 1728 1562 Cum
1746 1544 1809 1571 ergo

183 1579 308 1616 Εἰρηκὼς
320 1578 365 1606 οὖν
376 1588 383 1595 ·
398 1579 509 1613 Μηκέτι
523 1580 557 1606 ἐκ
575 1578 631 1606 σοῦ
644 1580 758 1613 καρπὸς
772 1580 902 1615 γένηται,
921 1589 968 1608 πα-

1023 1582 1145 1614 dixisset,
1161 1581 1305 1616 Nunquam
1319 1589 1350 1608 ea;
1364 1586 1388 1607 te
1404 1582 1505 1615 [ructus
1522 1586 1666 1612 nascatur,-
1677 1583 1810 1609 continuo

185 1627 316 1662 ραχρῆμα
326 1626 429 1660 ταύτην
455 1625 581 1661 ἐξήρανε.
598 1626 647 1653 Διὰ
662 1626 691 1652 δὲ
708 1626 738 1652 τὸ
754 1626 870 1661 μέγεθος
881 1627 928 1654 καὶ
941 1627 971 1654 τὸ

184 1672 257 1705 ξένον
274 1672 321 1698 τοῦ
336 1671 484 1706 Θαύματος,
507 1673 540 1706 τῇ
563 1672 696 1703 ἐπαύριον
711 1672 736 1697 οἱ
766 1671 887 1707 μαθηταὶ
904 1673 971 1699 ταύ-

184 1726 233 1752 την
245 1717 489 1748 κατοπτεύσαντες,
507 1717 549 1750 ἐφ’
604 1717 868 1751 πολυπραγμονῆσαι
883 1718 907 1743 ει
923 1718 972 1744 καὶ

185 1763 213 1789 αι
226 1762 297 1797 ῥίζαι
307 1761 437 1794 ὡσαύτως
448 1762 485 1796 τῷ
499 1761 619 1796 στελέχει
644 1762 692 1788 καὶ
709 1764 765 1793 τοῖς
777 1761 884 1794 κλάδοις
908 1763 971 1798 ἐξη-

186 1808 334 1844 ράνθησαν,
350 1807 538 1842 ἐξεπλάγησαν
551 1808 582 1842 τῇ
598 1807 744 1841 βεϐαιώσει
755 1807 800 1833 τοῦ
821 1808 970 1843 θαύματος.

190 1854 320 1889 Ἐξήρανε
334 1853 387 1888 γὰρ
402 1853 504 1887 ταύτην
517 1854 531 1879 ὸ
545 1853 658 1887 Κύριος,
671 1853 720 1888 τῆς
746 1853 812 1884 ἰδίας
830 1853 971 1888 δυνάμεως

183 1901 282 1934 πεῖραν
296 1900 351 1930 τοῖς
366 1898 500 1933 μαθηταῖς
513 1900 732 1933 παρασχόμενος,
750 1899 795 1925 διὰ
810 1899 840 1925 τὸ
853 1900 970 1934 προσδο-

184 1945 308 1979 κώμενον
331 1944 425 1975 πάθος.
459 1944 620 1979 Ἐπειδήπερ
645 1944 674 1969 ὲν
702 1945 761 1975 ταῖς
787 1945 958 1979 εὐεργεσίαις

184 1990 359 2025 πολυτρόπως
374 1990 423 2025 τὴν
431 1989 544 2024 δύναμιν
557 1989 728 2021 ἐπεδείξατο·
742 1991 791 2024 τῆς
802 1989 830 2015 δὲ
845 1999 969 2025 τιμωρη-

183 2036 261 2070 τικῆς
269 2035 410 2070 δυνάμεως
424 2035 454 2060 οὺ
470 2034 621 2069 παρέσχετο
637 2035 749 2069 πεῖραν·
767 2036 799 2070 ἦν
811 2036 970 2070 ἀναγκαίως

185 2084 213 2108 ἐν
225 2081 264 2116 τῷ
276 2082 372 2115 ἀψύχῳ
387 2081 434 2106 νῦν
463 2080 629 2112 ἐπεδείξατο.
647 2080 716 2111 Τοὺς
737 2080 829 2115 μέντοι
847 2081 968 2108 πωλοῦν-

184 2136 232 2158 τας
247 2127 295 2153 καὶ
312 2126 505 2161 ἀγοράζοντας,
523 2127 551 2151 ὲν
565 2127 625 2157 ταῖς
639 2125 686 2152 δύο
700 2125 824 2157 ἐξέϐαλεν
839 2126 967 2161 ἡμέραις,

182 2175 217 2209 τῇ
229 2181 258 2199 τε
271 2173 365 2208 πρώτῃ
381 2174 427 2199 καὶ
438 2173 470 2207 τῇ
489 2171 558 2206 μετὰ
574 2171 634 2206 τὴν,
651 2171 698 2197 ἆτε
719 2171 758 2205 τῷ
779 2173 828 2207 τῆς
843 2173 968 2208 φιλοκερ-

182 2218 242 2250 δίας
254 2219 302 2244 καὶ
315 2218 468 2253 καπηλείας
482 2217 598 2248 ἀναιδῶς
614 2217 790 2252 ἐγκειμένους
808 2218 950 2253 νοσήματι.

525 2263 657 2296 ἈπορΙα.

217 2313 280 2343 Πῶς
293 2310 432 2341 Maxentio:
446 2309 492 2335 καὶ
505 2309 616 2342 Μάρκος
633 2309 676 2335 τὸν
699 2309 892 2345 οἰκοδεσπότην
917 2319 969 2346 φη-

183 2358 227 2386 σὶν
243 2357 310 2393 (21),
321 2357 351 2388 ὃς
364 2357 410 2383 τὸν
423 2355 571 2391 ἀμπελῶνα
585 2354 716 2388 ἐφύτευσε
728 2375 735 2387 ,
761 2355 874 2387 πολλοὺς
899 2357 968 2382 ἁπο-

217 2437 240 2453 ”
254 2436 337 2463 Zach.
355 2443 392 2466 ix,
406 2435 432 2462 9.
470 2433 492 2450 ’³
504 2433 597 2460 Matth.
615 2440 670 2464 κει,
687 2432 729 2459 19.
768 2432 790 2448 9‘
802 2432 867 2460 ibid.
880 2433 907 2460 5.
944 2435 965 2451 "
980 2433 1061 2461 Marc.
1088 2442 1124 2466 xt,
1142 2434 1188 2461 20.
1227 2434 1250 2449 ⁵⁵
1268 2433 1362 2460 Matth.
1386 2441 1431 2459 XXI
1445 2451 1452 2462 ,
1470 2432 1511 2460 l2.

181 2472 204 2488 9³
221 2472 314 2499 Matth.
338 2479 392 2502 xxr,
413 2469 455 2496 18.

1023 1627 1096 1653 illam
1108 1626 1231 1653 arefecit.
1243 1626 1357 1660 Propter
1374 1626 1588 1660 magnitudinem
1605 1631 1695 1653 autem
1710 1631 1738 1653 et
1759 1635 1809 1654 no-

1023 1673 1134 1700 vitatem
1146 1672 1281 1703 miraculi,
1298 1672 1417 1699 crastino
1431 1672 1474 1699 die
1491 1672 1616 1707 discipuli
1640 1681 1700 1700 eam
1722 1674 1810 1701 oculis

1022 1719 1179 1751 lustrantes,
1197 1721 1227 1745 ut
1242 1718 1386 1753 diligenter
1399 1718 1591 1753 explorarent,
1617 1727 1682 1746 num
1706 1720 1810 1747 radices

1023 1764 1124 1799 pariter
1140 1772 1201 1792 cum
1214 1769 1311 1791 trunco
1325 1768 1352 1791 et
1365 1765 1448 1792 ramis
1458 1763 1541 1792 arida:
1553 1769 1656 1798 essent,
1676 1766 1808 1801 obstupe-

1021 1810 1084 1837 facti
1112 1815 1177 1837 sunt
1203 1810 1243 1837 rei
1269 1810 1345 1837 mine
1369 1809 1585 1837 conﬁrmatione.
1606 1811 1693 1844 Ipsam
1708 1811 1808 1845 quippe

1021 1857 1134 1884 arefecit
1147 1857 1288 1888 Dominus,
1304 1860 1334 1883 ut
1353 1864 1407 1883 sum
1425 1856 1554 1890 potentia:
1569 1856 1706 1890 specimen
1723 1857 1807 1884 disci-

1023 1903 1094 1937 pulis
1108 1903 1270 1935 exhiberet,
1292 1907 1403 1936 propter
1431 1902 1618 1929 imminentem
1639 1903 1807 1937 passionem.

1020 1948 1244 1982 Quandoquidem
1261 1948 1288 1974 in
1304 1948 1444 1975 beneﬁciis
1466 1948 1553 1975 modis
1568 1947 1649 1974 variis
1663 1948 1716 1975 vim
1731 1956 1806 1975 suam

1021 1998 1194 2026 exseruerat;
1209 1998 1237 2020 at
1250 1993 1354 2020 ultricis
1370 1993 1478 2020 virtutis
1491 1993 1644 2027 exemplum
1657 2001 1710 2020 non
1724 1994 1807 2021 dede-

1020 2045 1061 2066 rat
1074 2048 1081 2072 ;
1106 2047 1187 2074 quam
1201 2038 1358 2065 necessario
1376 2038 1402 2064 in
1419 2045 1447 2064 re
1462 2037 1580 2064 inanima
1593 2046 1665 2065 nunc
1676 2039 1806 2064 ostendit.

1020 2085 1174 2113 Vcndentes
1186 2092 1267 2119 porro
1281 2088 1309 2111 et
1321 2088 1453 2116 ementes,
1466 2084 1571 2111 duobus
1583 2083 1680 2111 diebus
1694 2083 1806 2118 expulit,

1020 2133 1108 2167 primo
1121 2136 1148 2158 et
1160 2131 1290 2163 secundo,
1303 2135 1331 2158 ut
1345 2131 1465 2158 avaritia:
1480 2134 1507 2157 et
1517 2130 1730 2165 ‘cauponationis
1744 2131 1806 2158 abs~

1019 2185 1072 2212 que
1088 2177 1192 2212 pudore
1205 2176 1300 2204 morbo
1314 2175 1437 2203 aﬂ‘ectos.

1307 2265 1452 2300 Difﬁcultas
1465 2273 1526 2292 xxx.

1057 2311 1181 2344 Quidita,
1197 2310 1269 2346 quod
1282 2310 1424 2337 Matthreus
1438 2314 1465 2337 et
1481 2310 1587 2337 Marcus
1598 2309 1675 2337 aiunt
1689 2314 1807 2345 patrem-

1023 2356 1156 2389 familias,
1185 2357 1230 2391 qui
1258 2355 1364 2383 vincam
1394 2355 1547 2390 plantavit,
1576 2355 1675 2382 multos
1698 2355 1806 2382 misisse

1562 2432 1584 2448 ³⁷
1599 2431 1680 2459 Marc.
1697 2440 1742 2464 ιι,
1762 2432 1805 2459 15.

936 2515 1051 2542 NOTAE.

180 2573 228 2599 pro
246 2572 285 2596 eo,
316 2569 343 2590 et
372 2562 522 2599 ascendens
548 2568 629 2594 super
653 2561 830 2599 subjugalem.
862 2566 890 2588 et
906 2561 967 2599 pul-

182 2596 236 2626 lum
259 2600 405 2632 juvenem,
435 2596 585 2632 Matt/imus,
612 2596 830 2632 superrasinam,
854 2601 881 2623 et
906 2596 968 2632 pul—

180 2634 235 2660 Inm
253 2630 337 2660 lilium
350 2631 508 2667 subjugalis,
527 2634 612 2667 autut
623 2631 821 2667 inquibysdam
833 2630 966 2663 exempla-

179 2669 252 2695 ribus
265 2668 374 2694 habetur
385 2664 513 2701 [pullum
528 2664 674 2701 subjugalis
686 2673 693 2698 ;
717 2664 834 2692 Joannes
848 2673 907 2701 uero
918 2673 965 2701 ροτ

182 2703 244 2734 suit,
264 2703 369 2730 Sedens
381 2700 457 2729 venit
473 2707 555 2734 super
573 2700 676 2734 pullum
695 2700 790 2727 asinae.
804 2715 838 2719 —
853 2700 930 2732 Quod
943 2700 965 2726 si

179 2733 292 2772 insuper
303 2735 472 2764 consulueris
484 2734 574 2769 Cyrilli
584 2733 815 2772 Commentarium
824 2735 854 2772 _in
864 2735 966 2772 Zacha-

179 2770 261 2805 riani,
277 2779 366 2798 mutes
377 2772 458 2799 velim
470 2777 503 2796 ex
517 2776 597 2796 sensu
611 2771 752 2805 εὐτεχνίαν
766 2770 794 2796 in
806 2770 962 2805 εὐτεκνίανε

179 2814 241 2834 cum
271 2811 365 2834 contra
397 2805 549 2841 φι).ο·ιεκνεῖ
577 2812 626 2838 pro
654 2806 806 2841 φιλοτεχνεῖ
826 2804 965 2841 habeatur

179 2841 257 2868 initio
273 2839 444 2870 Catcnaa’ad
462 2840 591 2870 Marcum,
613 2841 640 2867 in
669 2839 799 2868 Encomio
826 2839 961 2874 Procopii,

179 2882 243 2904 ante
268 2877 358 2903 linem.
381 2877 451 2904 Loca
469 2881 523 2901 non
536 2874 642 2908 profero
657 2895 665 2908 ,
683 2876 747 2910 quia
773 2875 851 2910 plura
872 2874 962 2902 dicere

179 2917 225 2938 aut
242 2912 396 2939 describere
409 2912 491 2946 piget.

322 2959 324 2961 ’
356 2958 493 2988 I’nnoL.
516 2959 573 2988 Gn.
597 2957 710 2988 XCIII.

1051 2561 1106 2596 (2|)
1123 2560 1220 2594 Φησὶν
1232 2569 1281 2595 pro
1294 2562 1386 2596 φασίν.
1400 2561 1477 2596 Saepe
1490 2561 1517 2588 in
1531 2561 1583 2588 hoc
1597 2566 1680 2594 tomo,
1698 2566 1726 2589 et
1742 2570 1806 2596 pas-

1015 2597 1066 2623 sim
1083 2597 1155 2631 apud
1174 2601 1299 2623 auctores
1311 2596 1448 2623 interdum
1463 2604 1496 2623 ex
1516 2596 1663 2629 idiotismo,
1682 2601 1712 2624 ut
1728 2597 1807 2624 vide—

1016 2637 1070 2664 tur,
1080 2631 1214 2658 interdum
1230 2636 1323 2667 errato
1334 2631 1517 2664 librariorum,
1528 2632 1644 2667 maxime
1657 2632 1692 2659 ob
1702 2633 1808 2659 brevia-

1016 2671 1071 2693 tam
1095 2666 1283 2702 scriptionem.
1313 2666 1358 2693 Sic
1373 2668 1443 2701 apud
1469 2667 1629 2701 Gregorium
1649 2667 1803 2702 Nyssenum

1015 2702 1138 2729 oratione
1153 2702 1170 2729 8
1184 2702 1211 2728 in
1227 2701 1304 2728 Cant.
1321 2706 1392 2728 cant.
1409 2706 1428 2729 t.
1445 2702 1466 2732 I.
1479 2710 1506 2736 p.
1519 2702 1572 2729 594
1588 2703 1618 2728 (1.
1641 2701 1707 2736 φησι
1723 2702 1805 2729 habet

1015 2736 1100 2763 editio
1117 2757 1123 2768 ,
1140 2737 1207 2770 φασὶ
1222 2737 1307 2763 codex
1323 2736 1422 2772 Regius
1439 2736 1517 2764 I797.
1535 2737 1595 2772 Non
1620 2743 1684 2772 ergo
1702 2741 1805 2772 temere

1015 2772 1173 2798 mutandum
1191 2780 1198 2805 ;
1217 2777 1246 2798 ut
1266 2772 1330 2799 fecit
1359 2770 1473 2799 Allatius
1506 2771 1534 2799 in
1565 2770 1804 2798 NotisVEustathii

1014 2805 1199 2842 Hexaenterqn
1209 2807 1305 2840 p.153,
1316 2807 1349 2833 de
1366 2807 1425 2834 loco
1448 2806 1633 2842 Chrysostomi
1654 2805 1802 2842 adflet-em.

1015 2849 1080 2873 xvn,
1106 2841 1148 2868 ll.
1171 2839 1281 2868 Catena:
1308 2839 1537 2873 Ghislerianaaft.
1555 2841 1587 2874 ll,
1611 2848 1639 2875 p.
1654 2840 1715 2868 955.
1733 2839 1801 2866 Vide

1012 2875 1140 2904 Calenam
1155 2876 1182 2902 in
1200 2876 1261 2909 .lob,
1274 2885 1300 2911 p.
1317 2877 1378 2909 519,
1391 2877 1454 2910 480,
1473 2878 1535 2904 ill.

1561 2953 1598 2981 hii
