2069 3147
296 223 364 255 1423

292 279 365 307 circa
385 275 517 311 suspicati
537 278 602 302 sunt
616 273 756 310 discipuli.
773 275 806 302 ad
823 275 876 302 tale
898 276 1085 303 ministerium
1102 280 1121 308 Α

296 325 389 352 ludam
418 323 537 356 legatum
566 321 652 349 fuisse
684 329 746 357 post
781 322 911 350 buccellae
934 323 1085 358 susceptio-

293 378 366 398 nem.

575 413 723 448 Difﬁcultas
741 421 821 440 xxxv.

325 459 386 492 Quo
404 458 487 486 modo
511 458 599 486 Lucas
625 466 687 493 qua
713 459 799 485 multo
826 464 951 493 tempore
975 466 1083 486 caenam

290 508 499 540 praecesserant,
510 504 643 531 nonnulla
661 505 742 532 etiam
763 512 823 539 qua:
842 505 988 532 subsecuta
1008 510 1082 537 sunt,

296 556 427 584 tanquam
443 549 517 576 inter
539 556 648 576 coenam
678 548 750 576 facta
776 553 904 581 enarrat;
935 557 995 583 qum
1017 556 1084 584 apo-

290 595 368 623 stolis
385 594 535 622 edisseruit
551 594 678 622 Christus
691 614 698 627 ,
720 595 754 622 de
769 595 880 622 vitanda
905 594 1083 621 contentione

290 641 364 668 circa
379 640 526 675 primatum
543 640 586 672 ";
603 647 718 674 quaeque
739 639 820 666 Petro
832 660 839 671 .
867 638 1019 674 praedicens
1034 645 1084 665 ue-

290 688 429 722 gationcm
448 695 454 712 ε
471 693 590 719 quorum
606 685 693 720 prius,
711 685 798 712 multo
813 689 877 712 ante
891 691 998 711 coenam
1013 683 1082 710 Mat-

291 733 380 760 thaeus
403 735 431 758 et
456 731 561 758 Marcus
577 731 731 765 docuerunt
750 739 818 764 nos;
844 731 980 765 posterius
1005 737 1080 761 vero,

290 781 355 812 post
367 784 484 808 cumam,
499 776 554 811 jam
570 775 637 803 Jesu
655 776 689 803 ad
703 780 824 803 montem
838 775 1030 811 proticiscente
1042 774 1082 800 “"3

296 824 301 826 “
647 821 760 848 Salutio.

325 870 395 903 Quia
410 876 494 904 super
507 868 599 895 omnia
612 867 741 894 mandata
751 889 758 901 ,
781 868 892 895 Christo
909 872 983 903 grata
1000 875 1081 895 acce-

290 920 391 951 ptaque
408 919 467 942 erat
487 914 638 946 humilitas,
657 919 687 940 ut
700 914 747 948 qui
762 921 822 940 eam
838 918 865 940 et
881 914 1011 948 operibus
1033 914 1082 941 de-

289 964 467 993 monstraret,
480 968 552 995 saape
575 960 609 986 de
633 959 677 986 illa
700 960 735 986 ad
757 959 906 994 discipulos
926 955 1118 986 sermonean

291 1007 397 1035 habuit.
416 1006 509 1033 Primo
525 1007 552 1032 in
573 1005 792 1032 beatitudinibus
806 1025 814 1037 ,
833 1011 889 1032 tum
906 1006 1008 1038 semel,
1026 1009 1082 1032 tum

289 1052 333 1079 bis
344 1053 364 1067 ”
380 1060 388 1085 ;
410 1051 511 1079 deinde
532 1051 643 1085 quando
658 1051 797 1085 petierunt
812 1050 861 1077 ﬁlii
877 1050 1001 1078 Zebedrei
1016 1071 1024 1084 ,
1053 1054 1084 1077 ut

289 1098 322 1125 ad
340 1098 482 1125 dexteram
496 1102 524 1124 et
539 1097 572 1123 ad
593 1096 732 1123 sinistram
749 1096 820 1124 illius
833 1096 960 1123 sederent
974 1096 996 1111 ¹⁸
1012 1104 1019 1128 ;
1036 1096 1084 1123 ad-

290 1145 348 1171 hmc
363 1144 390 1170 in
407 1150 496 1173 coma.
511 1150 587 1175 cum,
608 1142 647 1169 uti
664 1150 712 1176 par
725 1147 778 1174 est,
797 1142 946 1177 discipulos
960 1142 993 1169 ad
1005 1150 1082 1169 amo-

289 1197 347 1217 rem
362 1189 535 1224 principatus
551 1188 718 1216 concitasset
740 1187 817 1215 Judae
838 1189 980 1215 temeritas
994 1208 1001 1219 .
1034 1187 1081 1222 qui

289 1245 402 1264 manum
416 1244 493 1265 suam
514 1243 577 1262 cum
594 1236 708 1263 Domino
723 1236 858 1271 inungere
878 1236 904 1262 in
923 1236 1013 1262 catino
1031 1243 1082 1262 au-

289 1290 336 1310 sus
352 1282 453 1309 fuerat.
473 1280 592 1308 Proinde
608 1281 765 1308 necessario
780 1281 924 1308 Ill-attinens
937 1285 963 1307 et
974 1279 1082 1308 Marcus

290 1329 393 1364 prima;
408 1336 469 1363 qua:
484 1335 549 1355 vero
566 1327 593 1354 in
608 1335 687 1355 ccena
700 1347 707 1359 ,
734 1328 841 1359 Lucas;
866 1327 996 1358 Joannes,
1014 1326 1082 1353 acti-

288 1381 350 1400 vam
366 1381 415 1408 per
438 1373 606 1408 lavipedium
619 1372 639 1388 "
654 1392 662 1405 ,
679 1372 787 1399 Domini
802 1372 1008 1399 de'humilitate
1032 1371 1081 1398 do-

290 1421 416 1452 ctrinam,
433 1423 631 1454 exposuerunt,
651 1418 792 1446 derelictis
807 1418 840 1445 iis
855 1417 955 1453 singuli
972 1425 1033 1452 quae
1048 1417 1082 1444 ab

289 1467 350 1494 aliis
370 1467 443 1494 dicta
467 1465 587 1493 fuerant.
617 1465 719 1492 Eodem
746 1465 826 1491 modo
856 1464 980 1491 ardorem
1008 1463 1082 1490 Petri

289 1519 470 1547 cognoscens,
486 1511 645 1546 frequenter
662 1511 688 1537 ei
705 1518 762 1537 rem
778 1509 915 1541 declarat;
930 1510 994 1536 etin
1004 1516 1081 1538 cmna

290 1557 442 1592 praedicens
457 1556 642 1591 negationem,
662 1560 688 1583 et
709 1556 737 1582 in
755 1560 877 1582 montem
895 1562 1010 1590 pergens
1029 1554 1082 1582 oli—

290 1610 386 1630 varum
403 1610 518 1629 :verum
535 1609 596 1636 quae
620 1601 647 1628 in
663 1609 740 1629 coena
759 1602 829 1628 dicta
849 1606 912 1628 sunt
933 1601 966 1628 de
983 1601 1082 1636 praedi-
1096 1622 1117 1652 ο

290 1651 383 1679 ctione
397 1651 551 1686 negationis
565 1650 638 1677 Petri
653 1671 660 1681 ,
676 1651 763 1677 Lucas
785 1654 812 1677 ct
825 1650 945 1677 Joannes
961 1651 1082 1685 scripse-

292 1703 357 1726 runt
367 1698 390 1714 ²⁰
404 1706 411 1731 ;
425 1705 486 1732 quae
500 1705 565 1725 vero
579 1702 640 1732 post
649 1705 765 1726 caenam.
785 1697 928 1725 Matthzcus
940 1701 966 1724 et
975 1697 1083 1724 Marcus

291 1747 449 1771 narrarunt.

567 1832 710 1868 Difﬁcultas
727 1840 821 1859 xxxw.

327 1879 396 1912 Quid
410 1878 449 1906 rei
465 1883 518 1911 est,
536 1879 610 1913 quod
621 1878 714 1906 Jesum
730 1879 768 1905 illi
779 1878 889 1913 quidem
912 1883 1024 1905 narrant
1040 1885 1083 1905 as-

291 1924 440 1958 sumpsissa
468 1923 496 1950 in
523 1922 701 1951 Gethsemani
729 1923 895 1957 discipulos.
924 1926 952 1949 et
978 1929 1078 1954 orasse,

290 1971 400 2006 illicque
414 1971 543 1998 traditum
560 1970 664 2004 fuisse;
678 1969 768 1998 Lucas
784 1978 849 1998 vero
872 1971 900 1997 in
918 1974 1012 1998 monte
1028 1970 1080 1996 oli-

289 2024 404 2048 varum;
421 2016 542 2044 Joannes
568 2016 596 2043 in
610 2015 692 2044 horto
705 2017 823 2051 quodam
840 2021 914 2043 trans
933 2020 1080 2042 torrentem

289 2061 398 2090 Cedron
410 2064 430 2079 “
444 2063 455 2090 ?

644 2107 757 2135 Salutio.

324 2152 446 2180 Diversis
461 2153 572 2187 quidem
589 2154 712 2187 vocibus,
728 2158 756 2181 at
773 2153 955 2180 concordibus
967 2157 1079 2180 sentem

289 2197 335 2224 tiis
351 2198 461 2233 utrique
480 2199 642 2227 retulerunt.
665 2199 729 2227 Post
749 2207 857 2227 ccenam
883 2199 976 2230 enim,
1002 2199 1079 2234 juxta

287 2243 446 2271 Matlhaaum
462 2249 489 2272 et
502 2245 623 2273 Marcum
635 2267 642 2279 ,
674 2245 769 2281 hymno
793 2245 863 2272 dicto
875 2266 882 2278 ,
916 2245 1035 2272 exierunt
1050 2245 1079 2272 ἰιι

892 221 1074 252 HESYCHII
1096 221 1264 251 PRESBYT
1271 221 1333 250 ERI

1137 275 1233 310 ψυχῇ,
1243 275 1337 302 ταῦτα
1351 276 1545 310 ποιηθήσεται
1562 276 1640 310 ὑμῖν.
1655 275 1738 303 Ὅθεν
1763 277 1894 304 ὑπενόουν
1906 280 1932 305 οἱ

1137 319 1256 355 μαθηταὶ
1267 321 1307 351 είς
1319 320 1450 356 τοιαύτην
1465 321 1605 348 διακονίαν
1622 322 1756 358 σταλῆναι
1771 323 1818 349 τὸν
1830 324 1934 351 Ἰούδαν

1137 365 1206 400 μετὰ
1216 366 1265 402 τὴν
1280 366 1326 392 τοῦ
1342 366 1450 402 ψωμίου
1470 366 1617 402 ὑποδοχήν.

1230 404 1234 407 ’
1462 413 1595 447 Ἀπορία.

1168 458 1228 489 Πῶς
1244 460 1257 485 ὁ
1274 459 1383 490 Λουκᾶς
1399 459 1434 486 τὰ
1449 460 1502 495 πρδ
1516 460 1583 486 πολὺ
1601 460 1647 486 τοῦ
1676 460 1785 488 δείπνου
1799 463 1934 498 γινόμενα

1135 504 1279 538 πρότερον,
1294 504 1353 531 ἔνια
1375 504 1404 531 δὲ
1417 506 1464 531 καὶ
1478 505 1592 541 ὕστερον
1616 506 1654 538 ὡς
1668 507 1698 532 ἓν
1711 507 1750 541 τῷ
1764 507 1867 543 δείπνῳ
1886 519 1931 543 γε-

1134 549 1233 583 γονότα
1246 550 1382 576 ἐκτίθεται
1395 559 1402 565 ⁸
1419 552 1467 577 ὅσα
1478 553 1533 583 τοῖς
1545 552 1705 584 ἀποστόλοις
1716 552 1853 589 διελέχθη,
1868 556 1934 590 περὶ

1134 595 1181 621 τοῦ
1199 595 1236 630 μὴ
1253 595 1307 622 δεῖν
1324 596 1389 631 περὶ
1401 597 1545 632 πρωτείων
1560 598 1738 632 φιλονεικεῖν·
1763 600 1809 625 καὶ
1824 600 1874 626 ὅσα
1891 601 1930 635 τῷ

1134 642 1231 677 Πέτρῳ
1261 643 1458 677 προαγορεύων
1475 643 1525 678 τὴν
1540 643 1655 678 ἄρνησιν
1677 642 1714 670 ὧν
1724 644 1755 670 τδ
1771 645 1821 680 μὲν
1833 647 1933 680 πρότε-

1135 696 1182 723 ρον
1194 688 1247 723 πρὺ
1260 688 1358 715 πολλοῦ
1382 689 1427 715 τοῦ
1445 689 1554 716 δείπνου
1576 690 1716 720 Maeonio:
1742 693 1789 718 καὶ
1816 693 1932 728 Μάρκος

1132 735 1208 769 ἡμᾶς
1223 734 1363 766 ἐδίδαξαν·
1384 735 1413 761 es
1426 735 1551 771 δεύτερον
1565 736 1592 762 δὲ
1609 737 1679 771 μετὰ
1698 737 1728 763 τὸ
1743 737 1862 770 δεῖπνον,
1880 738 1931 774 ἠδη

1132 780 1180 806 τοῦ
1193 780 1281 815 Ἰησοῦ
1294 780 1362 816 πρὸς
1377 782 1407 807 τὺ
1419 782 1482 817 ὅρος
1495 782 1653 816 ὁδεύοντος;

1469 829 1575 862 Λύσις.

1168 872 1277 908 Ἐπειδὴ
1293 872 1368 907 παρὰ
1379 872 1471 903 πάσας
1486 872 1535 904 τὰς
1552 873 1673 906 ἐντολὰς,
1693 876 1932 909 περισπούδαστος

1132 917 1171 952 τῷ
1187 918 1297 952 Χριστῷ
1311 918 1586 954 ήταπεινοφροσὺνη,
1600 919 1638 951 ὡς
1655 920 1702 946 καὶ
1716 920 1759 946 διὰ
1772 921 1826 947 τῶν
1841 922 1932 956 ἔργων

1133 965 1219 999 αὐτὴν
1236 964 1428 999 ἐνδειξαμένῳ,
1442 965 1575 997 πολλάκις
1591 966 1655 1000 περὶ
1671 966 1758 1000 αὐτῆς
1772 968 1829 998 τοῖς
1846 967 1933 1001 μαθη-

1133 1011 1195 1041 ταῖς
1207 1010 1343 1045 διηλὲχθη.
1365 1011 1475 1045 [Ιρῶτον
1493 1011 1542 1046 μὲν
1557 1013 1586 1038 ὲν
1599 1013 1657 1043 τοῖς
1673 1014 1871 1048 μακαρισμοῖς,
1884 1015 1933 1040 καὶ

1134 1055 1208 1089 ἅπαξ
1224 1056 1272 1083 καὶ
1292 1056 1350 1087 δίς·
1377 1056 1471 1082 ἔπειτα
1488 1057 1516 1082 δὲ
1529 1058 1575 1083 καὶ
1590 1058 1618 1083 ἐν
1641 1059 1674 1092 τῇ
1693 1058 1801 1092 αἰτήσει
1827 1058 1877 1093 τῆς
1898 1060 1931 1085 ἐκ

1133 1100 1229 1133 δεξιῶν
1244 1102 1291 1128 καὶ
1318 1100 1348 1133 ἐξ
1363 1101 1512 1136 εὐωνύμων
1527 1102 1609 1128 αὑτοῦ
1637 1102 1773 1137 καθέδρας
1787 1103 1842 1129 τῶν
1863 1104 1931 1130 υἱῶν

1133 1147 1288 1174 Ζεσεδαίου.
1303 1147 1357 1174 Καὶ
1372 1148 1401 1173 ὲν
1416 1147 1454 1182 τῷ
1468 1147 1569 1182 δείπνῳ
1583 1147 1621 1180 δὲ,
1640 1149 1691 1182 τῆς
1707 1148 1753 1174 τοῦ
1763 1148 1852 1175 Ἰούδα
1865 1158 1932 1184 προ-

1133 1192 1244 1223 πετείας
1259 1193 1297 1224 ὡς
1324 1193 1397 1224 εἰκὸς
1423 1193 1486 1225 τοὺς
1506 1193 1632 1228 μαθητὰς
1659 1194 1700 1225 εἰς
1728 1195 1931 1230 φιλοπρωτείαν

1133 1239 1309 1274 ὲρεθισάσης,
1332 1238 1445 1274 βάπτειν
1460 1239 1509 1274 τὴν
1524 1241 1604 1274 χεῖρα
1619 1240 1648 1265 ἐν
1664 1240 1703 1275 τῷ
1721 1241 1841 1276 τρυϐλίῳ
1862 1242 1932 1275 μετὰ

1131 1283 1179 1309 τοῦ
1195 1284 1332 1310 Δεσπότου
1342 1284 1539 1318 τολμήσαντος.
1549 1284 1629 1311 Ὅθεν
1646 1286 1817 1319 ἀναγκαίως,
1829 1284 1864 1312 τὰ
1881 1286 1931 1320 μὲν

1132 1327 1229 1364 πρῶτα
1245 1328 1385 1360 Ματθαῖος
1409 1330 1457 1355 καὶ
1482 1329 1613 1364 Μάρκος,
1632 1330 1665 1356 τὰ
1680 1331 1708 1356 δὲ
1723 1331 1752 1356 ἐν
1776 1330 1815 1365 τῷ
1830 1331 1931 1365 δείπνῳ

1132 1374 1249 1406 Λουκᾶς,
1259 1374 1387 1409 Ἰωάννης
1402 1374 1430 1401 δὲ
1446 1374 1494 1409 τὴν
1509 1376 1666 1410 πρακτικὴν
1678 1375 1723 1401 διὰ
1734 1376 1780 1402 τοῦ
1798 1377 1932 1412 νιπτῆρος

1131 1418 1179 1445 τοῦ
1195 1420 1296 1455 Κυρίου
1323 1420 1501 1446 διδασκαλίαν
1522 1421 1587 1456 περὶ
1613 1422 1871 1456 ταπεινοφροσύνης
1889 1422 1930 1454 ἐξ·

1132 1464 1242 1496 έοεντο,
1272 1465 1474 1498 παραλιπόντες
1501 1467 1535 1493 τὰ
1561 1467 1607 1493 ὑπ’
1630 1467 1753 1502 ἀλλήλων
1782 1468 1930 1502 εἰρημένα.

1138 1509 1275 1542 Ὡσαύτως
1301 1511 1332 1537 τὸ
1352 1511 1455 1546 θερμὸν
1485 1512 1532 1538 τοῦ
1554 1512 1659 1549 Πέτρου
1686 1513 1776 1545 εἰδὼς,
1811 1514 1932 1548 συνεχῶς

1132 1555 1205 1590 αὐτῷ
1224 1556 1403 1591 ἐμφανίζεται
1414 1565 1420 1571 '
1435 1557 1482 1584 καὶ
1507 1558 1535 1584 ὲν
1549 1557 1589 1592 τῷ
1604 1559 1706 1593 δείπνῳ
1731 1559 1932 1595 προαγορεύων

1133 1601 1182 1635 τὴν
1196 1602 1322 1637 ἄρνησιν,
1339 1603 1386 1629 καὶ
1399 1603 1469 1638 πρὸς
1480 1604 1511 1629 τὸ
1525 1603 1590 1639 ὅρος
1605 1604 1660 1630 τῶν
1671 1605 1768 1631 ἐλαιῶν
1781 1606 1933 1640 πορευόμε-

1134 1655 1178 1678 νος
1188 1655 1194 1661 “
1213 1647 1279 1674 ἀλλὰ
1296 1649 1329 1674 τὰ
1347 1649 1395 1683 μὲν
1411 1649 1439 1675 ὲν
1453 1649 1491 1684 τῷ
1504 1650 1604 1686 δείπνῳ
1615 1652 1724 1682 Λουκᾶς
1746 1651 1932 1685 χαὶΊωὰννῃς

1134 1694 1200 1728 περὶ
1210 1693 1258 1728 τῆς
1273 1694 1454 1729 προρρήσεως
1469 1695 1518 1730 τῆς
1530 1696 1633 1731 Πέτρου
1648 1697 1791 1732 ἀρνήσεως
1803 1696 1928 1728 ἐξέθετο·

1133 1739 1167 1765 τὰ
1183 1738 1210 1765 δὲ
1226 1739 1296 1774 μετὰ
1318 1739 1348 1766 τὸ
1363 1740 1471 1767 δεῖπνον
1497 1741 1636 1773 Matinio;
1653 1742 1701 1768 καὶ
1725 1742 1841 1777 Μάρκος
1859 1742 1929 1768 ἱστό-

1134 1792 1230 1819 ρησαν.
1415 1820 1417 1822 η

1460 1832 1588 1866 Ἀπορία.

1165 1877 1244 1908 Τίνος
1261 1877 1341 1912 χάριν
1356 1877 1401 1903 τὸν
1418 1877 1534 1912 Ἰησοῦν,
1547 1878 1571 1904 οἱ
1589 1877 1637 1911 μὲν
1654 1877 1807 1912 ἱστοροῦσιν
1821 1878 1849 1903 ὲν
1866 1877 1931 1904 Γεθ-

1136 1923 1248 1958 σημανῆ
1269 1923 1438 1958 παραλαϐεῖν
1463 1924 1526 1954 τοὺς
1551 1923 1689 1959 μαθητὰς,
1715 1925 1762 1950 καὶ
1780 1924 1931 1958 προσεύξα-

1133 1969 1196 1996 σθαι
1207 1990 1214 2003 ,
1233 1970 1292 1996 ἐκεῖ
1309 1978 1339 1996 τε
1356 1969 1545 2005 παραδοθῆναι
1557 1978 1564 1984 ·
1581 1970 1687 2001 Λουκᾶς
1703 1969 1731 1996 δὲ
1755 1970 1795 2000 εἰς
1811 1969 1841 1995 τὸ
1868 1969 1931 2004 ὅρος

1131 2015 1186 2041 τῶν
1197 2014 1322 2042 Ἐλαιῶν·
1335 2015 1463 2049 Ἰωάννης
1479 2015 1520 2046 εἰς
1536 2014 1625 2049 κῆπόν
1640 2023 1699 2041 τινα
1714 2014 1800 2049 πέραν
1813 2013 1860 2040 τοῦ
1873 2022 1930 2048 χιι-

1133 2061 1241 2096 μάρρου
1256 2060 1310 2086 τῶν
1325 2061 1435 2095 Κέδρων
1444 2069 1450 2094 ;

1476 2107 1584 2140 Λύσις.

1165 2153 1306 2188 Διαφόρως
1333 2153 1381 2188 μὲν
1401 2154 1462 2184 ταῖς
1484 2153 1583 2185 λέξεσι,
1601 2152 1756 2188 συμφώνως
1769 2152 1797 2178 δὲ
1813 2153 1873 2183 ταῖς
1886 2153 1926 2178 ὲν-

1131 2199 1216 2230 νοίαις
1232 2198 1362 2234 ἑκάτερος
1375 2198 1493 2230 ἐξέθετο,
1504 2199 1581 2224 Μετὰ
1594 2199 1648 2233 γὰρ
1658 2199 1688 2224 τὸ
1705 2198 1823 2229 δεῖπνον,
1837 2197 1930 2227 καθὼ;

1130 2243 1263 2280 Ματοαίῳ
1281 2244 1328 2270 καὶ
1355 2243 1462 2278 Μάρκῳ
1483 2243 1567 2275 δοκεῖ,
1583 2243 1776 2278 ὑμνήσαντες
1796 2243 1930 2276 ἐξῆλθον

289 2295 401 2318 montem
415 2290 509 2318 Oliveti
523 2292 556 2323 ι’,
575 2292 607 2319 ad
627 2292 705 2327 cujus
719 2291 825 2318 radices
843 2291 894 2318 sita
911 2295 953 2317 est
966 2291 1083 2318 Gethse-

1133 2290 1176 2322 εις
1191 2289 1222 2316 τὸ
1235 2289 1303 2324 ὅρος
1329 2289 1387 2316 τῶν
1405 2289 1554 2317 Ἐλαιῶν·
1579 2286 1609 2316 οὗ
1631 2290 1701 2325 πρὸς
1727 2290 1758 2316 τὸ
1781 2289 1930 2325 προπόδων

287 2338 361 2364 mani
391 2342 465 2365 trans
492 2342 642 2365 torrentem
667 2337 793 2370 Cedrou,
823 2337 869 2364 ubi
891 2342 952 2364 erat
970 2337 1078 2370 hortus,

287 2383 517 2417 quemadmodum
528 2392 542 2411 ιι
554 2383 662 2411 Joanne
674 2383 776 2410 dictum
790 2387 843 2410 est.
856 2383 934 2411 Unde
947 2383 1078 2411 recedens

287 2429 365 2462 quasi
380 2430 413 2456 ad
427 2430 530 2464 iactum
547 2429 654 2464 lapidis.
679 2434 706 2457 et
726 2429 753 2456 in
774 2429 834 2463 ipso
852 2429 954 2457 montis
974 2430 1079 2457 vertice

287 2475 461 2506 constitutus,
478 2475 632 2509 iterumque
645 2482 736 2506 orans,
749 2474 783 2501 ad
799 2474 948 2509 discipulos
957 2474 1033 2501 venit
1050 2474 1078 2501 in

286 2518 462 2547 Gethsemani
480 2529 578 2548 somno
596 2525 738 2555 gravatos;
771 2521 818 2548 ubi
837 2525 866 2548 et
892 2520 1075 2556 comprehen-

286 2572 335 2592 sus
349 2570 399 2592 est.

551 2612 697 2648 Diﬁicultaa
711 2620 816 2640 xxxv".

322 2657 353 2683 In
367 2664 447 2691 quem
462 2658 574 2685 modum
589 2659 733 2687 Matthaeus
744 2664 772 2687 et
789 2659 896 2687 Marcus
923 2664 963 2687 ter
986 2660 1075 2694 ipsum

286 2707 399 2730 narrant
425 2703 459 2730 de
486 2704 612 2737 passione
644 2713 738 2733 orasse
763 2714 769 2738 ;
793 2705 881 2733 Lucas
899 2726 906 2739 ,
923 2706 1027 2739 semel;
1052 2710 1080 2733 at

284 2747 405 2774 Joannes
417 2755 507 2782 neque
528 2747 581 2776 hoc
592 2748 692 2776 litteris
715 2749 826 2777 tradidit
837 2750 883 2776 "?

320 2818 343 2834 "
362 2817 428 2844 Luc.
446 2824 513 2848 xm,
528 2816 575 2844 25.
614 2817 635 2832 ’⁸
645 2817 739 2845 Matth.
756 2827 800 2849 xx.
814 2819 866 2853 25;
883 2820 965 2847 Marc.
983 2829 1010 2852 ι,
1025 2820 1076 2853 42;
1100 2820 1197 2848 Matth.
1224 2828 1299 2852 xxvr,
1320 2821 1355 2847 50
1370 2829 1378 2852 ;
1406 2820 1489 2848 Marc.
1515 2829 1560 2847 xiv
1573 2841 1580 2852 ,
1605 2820 1649 2848 26.

320 2852 371 2872 Lm-
393 2861 418 2872 νι
444 2852 494 2872 ωσι·
512 2851 595 2872 Matth
621 2860 655 2872 n-
680 2853 716 2872 εὶς
784 2855 803 2871 ιι
828 2854 892 2872 Im...
917 2863 965 2872 ν...
994 2857 1004 2872 ι
1075 2856 1097 2872 ιιι
1121 2856 1174 2872 ιηη
1213 2863 1268 2872 ννη
1311 2855 1361 2872 αι.
1380 2855 1443 2872 ιηηη
1467 2864 1514 2872 υ...
1544 2856 1576 2872 :9
1639 2856 1649 2870 ι

1075 2856 1097 2872 ’³
1120 2856 1185 2882 Luc.
1213 2863 1280 2887 xxu,
1310 2855 1587 2887 54;Joan.xut,58.

1039 2891 1061 2906 ¹²
1072 2890 1166 2918 Matth.
1180 2898 1252 2923 xxvi,
1265 2891 1313 2924 50;
1332 2890 1415 2919 Marc.
1435 2899 1496 2924 xtv,
1517 2891 1562 2918 26.

284 2854 306 2871 "
315 2852 380 2880 Luc.
393 2861 430 2885 vt,
444 2852 495 2884 θὶος
512 2851 607 2879 Matth.
621 2860 666 2886 xx,
680 2853 725 2879 ‘25.

283 2889 366 2915 Marc.
383 2896 438 2921 χιιι,
451 2887 504 2920 52;
519 2887 584 2915 Luc.
599 2896 664 2919 xm,
680 2888 731 2921 59;

282 2924 365 2952 Marc.
378 2932 432 2955 xtv,
450 2923 497 2957 4|;
519 2923 583 2950 Luc.
600 2931 666 2957 xxu,
679 2923 722 2950 41.

784 2855 803 2871 ¹’
823 2854 902 2883 Joan.
917 2863 977 2887 xm,
991 2857 1018 2888 4,

768 2888 847 2917 Joan.
861 2899 937 2924 xvut,
957 2891 981 2918 ί.

1132 2334 1487 2371 Γεθσημανῆκείταιπέραν
1502 2335 1550 2362 τοῦ
1566 2336 1720 2371 χειμάρρου
1733 2335 1786 2361 τῶν
1801 2335 1927 2369 Κέδρων,

1131 2380 1197 2408 ἔνθα
1216 2380 1250 2417 ἦν
1265 2383 1363 2416 κῆπος,
1379 2382 1448 2408 κατά
1470 2382 1501 2408 τὸ
1524 2382 1577 2408 ὑπὸ
1591 2382 1717 2408 Ἰωάννου
1740 2381 1846 2416 λεχθέν·
1866 2380 1927 2406 ὅθεν

1130 2427 1242 2459 διαστὰς
1255 2428 1321 2454 ὡσεὶ
1344 2427 1419 2455 λίθου
1435 2428 1526 2463 βολήν,
1545 2429 1592 2455 καὶ
1606 2428 1675 2463 πρὸς
1689 2428 1758 2462 αὐτῇ
1773 2429 1804 2462 τῇ
1819 2427 1927 2462 κορυφῇ

1131 2474 1179 2501 τοῦ
1189 2474 1270 2510 ὅρους
1285 2474 1441 2509 γενόμενος,
1453 2474 1499 2501 καὶ
1515 2475 1735 2509 προσευξάμενος
1753 2473 1846 2503 πάλιν,
1860 2473 1928 2508 πρὸς

1129 2523 1192 2553 τοὺς
1208 2522 1333 2557 μαθητὰς
1346 2520 1427 2557 ἦλθεν
1451 2523 1479 2548 ὲν
1495 2521 1659 2556 Γεθσημανῆ
1677 2520 1753 2556 ὕπνῳ
1768 2519 1926 2555 βεϐαρημέ-

1130 2577 1203 2600 νους,
1222 2567 1285 2594 ἔνθα
1299 2569 1347 2594 καὶ
1365 2568 1530 2603 συνελήφθη.

1472 2613 1601 2647 Ἆπορία.

1166 2659 1228 2691 Πῶς
1244 2659 1386 2691 Ματθαῖος
1401 2660 1448 2686 καὶ
1462 2660 1578 2694 Μάρκος
1594 2659 1654 2694 τρὶς
1665 2658 1749 2685 αὐτὸν
1764 2657 1925 2691 ἐξηγοῦνται

1129 2705 1194 2740 περὶ
1224 2704 1271 2730 τοῦ
1292 2705 1396 2736 πάθους
1420 2704 1642 2740 προσεύξασθαισ
1656 2704 1765 2735 Λουκᾶς
1787 2703 1815 2730 δὲ
1830 2703 1924 2734 ἅπαξ·

1127 2751 1255 2786 Ἰωάννης
1270 2750 1298 2776 δὲ
1311 2751 1371 2777 οὐδὲ
1384 2750 1463 2777 τοῦτο
1478 2749 1621 2782 συνέταξεν
1633 2759 1640 2783 ;

1708 2820 1728 2835 "
1748 2818 1844 2846 Matth.
1856 2827 1881 2850 ι’,
1897 2819 1924 2846 5.

1639 2856 1659 2870 "
1675 2854 1770 2882 Matth.
1783 2862 1857 2886 un,
1872 2854 1925 2886 56;

1613 2892 1635 2907 ”
1653 2890 1748 2917 Matth.
1766 2897 1847 2922 uri,
1874 2890 1924 2920 ιι,
