2069 3147
263 178 327 210 1431

853 185 1034 215 HESYGHII
1049 184 1283 214 PRESBYTERI

1806 179 1874 210 H32

255 236 340 271 judex
351 235 428 264 illum
441 237 578 265 hominem
604 238 714 270 occidit,
727 243 891 267 cumtamen
906 241 959 279 ipsi
979 249 1043 274 sup-

1102 239 1129 265 Ὀ
1138 240 1211 265 δεῖνα
1223 240 1237 265 ὁ
1248 239 1340 274 ἄρχων
1355 238 1430 264 τόνδε
1449 238 1561 269 ἀνεῖλεν,
1579 236 1702 269 καέτοιγε
1715 234 1752 270 μὴ
1765 235 1874 269 αὐτουρ-

260 282 342 317 plicia
355 290 409 310 non
425 282 556 317 inferant,
574 283 621 310 sed
642 284 776 312 ministris
798 289 911 313 utantur
935 286 1045 326 carnifi-

260 327 345 354 cibus.
361 326 389 354 Id
403 327 475 362 quod
488 331 552 354 tunc
567 335 674 362 quoque
687 334 776 357 aetum
792 330 852 357 fuit.
872 331 979 358 Etenim
990 337 1045 359 ter-

259 373 295 399 tia
323 373 389 400 hora
403 373 505 400 Pilatus
522 373 667 401 Dominum
682 376 900 412 condemnationi
915 378 1021 404 addixit
1036 387 1043 410 ;

260 419 347 446 tribus
360 423 450 446 autem
474 420 549 447 horis
569 422 749 455 consumptis,
766 430 852 456 usque
869 423 901 450 ad
928 427 1044 457 sextam,

259 465 324 491 dum
341 464 501 499 ﬂagellatur,
530 466 652 493 induitur
680 467 848 502 chlamydem
876 470 1043 503 coccineam,

260 510 347 545 spinis
358 516 514 544 coronatur,
530 516 611 547 atque
626 513 758 546 illuditur,
782 514 848 541 hora
867 519 942 542 sexta
966 517 1044 543 cruci

261 555 356 583 allixus
372 560 422 584 est.

520 603 664 638 Difficultas
677 612 759 631 ιιινιι.

297 647 447 678 Quamnam
457 648 490 675 ob
504 649 637 675 rationem
657 649 692 675 ait
722 648 874 682 Matthazus,
898 650 992 677 vinum
1020 651 1045 678 ei

262 692 354 718 datum
385 692 468 720 fuisse
490 701 551 720 eum
578 694 657 726 felle;
682 693 797 726 Marcus,
823 702 883 721 cum
916 696 1044 730 myrrha;

263 738 392 771 Joannes,
408 746 469 765 cum
486 739 620 774 hyssopo;
635 745 661 766 at
677 739 775 772 Lucas,
801 741 902 768 nullius
930 742 1044 768 commi-

264 784 359 811 stionis
379 785 503 812 meminit
515 785 557 811 "‘3

603 831 714 859 Salutio.

302 873 360 901 Non
376 875 459 901 semel
474 879 588 907 tantum,
606 876 654 903 sed
671 885 752 911 saepe,
772 885 827 905 non
849 878 929 906 modo
940 879 1044 914 petenti

265 919 382 953 Christo,
399 928 492 947 verum
508 929 559 949 nec
571 923 672 956 petenti
684 923 842 952 obtulerunt
858 925 986 960 praedicta
1012 925 1046 952 ad

266 964 426 992 bibendum.
438 965 496 992 Non
509 974 574 1000 ergo
588 967 678 994 omnia
701 976 807 1000 omnes,
827 969 874 996 sed
892 969 988 1004 singuli
1013 977 1046 997 ex

267 1015 343 1044 parte
370 1011 531 1038 retulerunt.
553 1012 637 1047 Igitur
671 1013 811 1042 Matthazus
829 1019 857 1041 et
867 1015 983 1048 Marcus,
1014 1016 1047 1044 de

266 1056 331 1082 vino
346 1061 410 1083 ante
424 1064 532 1084 crucem
545 1058 635 1085 oblato
649 1060 833 1087 narrationem
852 1060 1047 1093 instituerunt;

268 1100 312 1127 ille
322 1101 431 1135 quidem
451 1110 511 1129 cum
528 1103 601 1136 felle,
617 1104 662 1131 hic
686 1112 751 1131 vero
777 1113 838 1132 cum
872 1106 990 1140 myrrha,
1009 1106 1049 1133 di-

268 1153 343 1178 cens,
372 1147 443 1181 quod
471 1155 547 1182 atque
564 1149 644 1176 ambo
659 1150 715 1176 sint
729 1158 829 1177 amara.
851 1150 937 1177 Lucas
959 1155 1049 1178 autem

268 1191 302 1218 de
331 1197 408 1219 aceto
427 1193 453 1219 in
481 1200 562 1220 cruce
586 1194 610 1221 ei
626 1195 717 1222 oblato
742 1195 860 1222 disserit.
883 1197 916 1223 Et
933 1197 1051 1224 Joannes

269 1236 379 1271 scripsit
393 1238 476 1271 quod,
490 1246 551 1265 cum
564 1239 679 1266 dixisset
694 1241 834 1274 Dominus,
851 1241 926 1274 Sitio,
938 1249 1052 1276 accepe-

270 1286 334 1308 runt
354 1283 478 1310 nonnulli
492 1285 644 1319 spongiam,
658 1285 774 1320 hyssopo
786 1291 814 1313 et
827 1290 905 1314 aceto
926 1288 1052 1322 repleve-

270 1331 342 1358 ruut,
363 1333 511 1364 potumque
523 1330 622 1356 dedere
642 1331 766 1358 Domino.
794 1333 832 1358 Ex
848 1332 946 1367 quibus
963 1334 1053 1361 omni-

271 1373 321 1400 bus
330 1378 445 1406 constat,
460 1375 566 1404 diverse
580 1377 604 1404 ci
628 1378 799 1411 supradictas
822 1378 928 1413 species
949 1379 1053 1407 oblatas

272 1418 356 1446 fuisse
371 1427 420 1455 per
433 1420 585 1449 Iudaeorum
599 1422 808 1451 immanitatem.

536 1511 681 1547 Difﬁcultas
697 1521 791 1540 xum.

1096 284 1217 318 γούντων
1229 285 1279 315 τὰς
1299 283 1444 319 τιμωρίας,
1459 283 1516 309 ἀλλ’
1534 281 1682 316 ὑπουργοῖς
1695 281 1752 311 τοῖς
1771 279 1878 314 δημίοις

1096 331 1257 365 χρωμένων.
1274 331 1364 364 Ὅπερ
1379 330 1426 356 καὶ
1445 329 1506 355 τότε
1525 328 1678 362 πέπρακτο.
1699 326 1801 361 Τρίτην
1829 325 1879 359 μὲν

1095 376 1151 410 γὰρ
1166 375 1241 410 ὥραν
1263 376 1295 410 τῇ
1318 374 1453 408 ἀποφάσει
1473 375 1487 399 ὁ
1502 373 1617 402 Πιλᾶτος
1636 372 1682 398 τὸν
1697 371 1800 406 Κύριον
1834 371 1879 403 ἐξ·

1097 419 1220 454 ήνεγκενο
1235 419 1320 445 ἄλλων
1332 419 1360 444 δὲ
1374 417 1456 451 τριῶν
1472 416 1550 451 ὡρῶν
1569 414 1776 449 διαγενομένων,
1798 413 1880 448 μέχρι

1096 464 1146 498 τῆς
1164 465 1257 498 ἕκτης,
1278 464 1307 490 ὲν
1320 463 1358 498 τῷ
1372 461 1601 498 φραγελλοῦσῢαι.
1619 460 1666 486 καὶ
1683 461 1733 493 τὴν
1750 459 1880 493 κοκκίνην

1097 510 1221 546 χλαμύδα
1232 509 1383 540 ἐνδύεσθαι,
1395 509 1443 535 καὶ
1453 508 1512 538 ταῖς
1526 506 1658 537 ἀκάνθαις
1669 504 1879 538 στεφανοῦσθαι,

1097 556 1145 582 καὶ
1161 555 1355 590 ὲμπαίζεσθαι,
1368 555 1401 589 τῇ
1415 557 1440 586 ς’
1455 553 1514 587 ὥρᾳ
1529 551 1690 587 προσηλώθη
1703 549 1741 585 τῷ
1760 549 1879 584 σταυρῷ.

1428 599 1559 632 Ἀπορία.

1133 647 1213 679 Τίνος
1226 647 1307 682 χάριν
1322 648 1335 673 ὁ
1355 645 1494 676 Ματθαῖος
1518 642 1588 670 οἶνον
1608 642 1681 677 αὐτῷ
1709 641 1777 676 μετὰ
1800 640 1882 676 χολῆς

1096 692 1215 727 δοθῆναι,
1240 693 1353 727 Μάρκος
1377 691 1406 717 δὲ
1439 689 1507 725 μετὰ
1534 688 1668 723 σμύρνης,
1701 687 1829 721 Ἰωάννης
1853 685 1882 711 δὲ

1099 739 1167 774 μετὰ
1179 737 1431 767 ὑσσώποΨΛοοκᾶς
1451 736 1477 762 δὲ
1504 734 1610 765 οὐδενὸς
1628 732 1702 767 αὐτῷ
1728 731 1882 766 συμπεπλε-

1097 793 1114 819 γ
1119 785 1196 819 μένου
1207 784 1343 819 μέμνηται
1353 791 1360 816 ;

1436 827 1540 859 Λύσις.

1139 874 1194 908 Οὐχ
1218 873 1301 905 ἅπαξ,
1333 872 1402 899 ἀλλὰ
1422 872 1470 898 καὶ
1493 870 1635 902 πολλάκις,
1649 869 1679 896 οὗ
1703 871 1782 905 μόνον
1803 867 1883 902 αετή,

1101 928 1179 948 σαντι
1203 919 1241 955 τῷ
1253 918 1380 955 Χριστῷ,
1405 918 1472 944 ἀλλὰ
1499 917 1545 943 καὶ
1568 916 1605 952 μὴ
1635 916 1777 950 αἰτήσαντι
1797 923 1884 949 προσ-

1098 967 1217 1002 ήνεγκαν
1241 966 1312 991 πιεῖν
1340 964 1375 990 τὰ
1389 963 1585 999 προειρημένα.
1615 962 1652 988 Οὐ
1679 961 1768 988 πάντα
1795 960 1884 986 τοίνυν

1098 1013 1212 1043 πάντες,
1225 1011 1282 1038 ἀλλ’
1295 1010 1410 1041 ἕκαστος
1430 1008 1482 1034 ἀνὰ
1495 1008 1577 1044 μέρος
1597 1007 1730 1040 ἐξέθεντο.
1743 1006 1884 1037 Ματθαῖος

1101 1057 1151 1093 μὲν
1163 1056 1209 1083 οὖν
1227 1055 1274 1082 καὶ
1287 1055 1411 1090 Μάρκος,
1428 1054 1473 1079 τὴν
1491 1053 1543 1088 πρὸ
1558 1052 1604 1079 τοῦ
1617 1052 1734 1087 σταυροῦ
1752 1059 1885 1086 προσενε-

1100 1103 1200 1138 χθέντα
1229 1100 1299 1128 οἶνον
1330 1101 1484 1137 ἱστόρησαν·
1501 1101 1515 1126 ὁ
1541 1099 1590 1134 μὲν
1614 1099 1685 1133 μετὰ
1708 1098 1800 1134 χολῆς,
1816 1099 1830 1123 ὀ
1856 1096 1885 1122 δὲ

1102 1148 1171 1183 μετὰ
1189 1147 1312 1182 σμύρνης
1326 1145 1401 1172 εἰπὸν
1418 1145 1443 1175 ι.
1457 1145 1502 1171 διὰ
1516 1143 1546 1170 τδ
1562 1144 1661 1178 ἐπίσης
1678 1143 1797 1176 ἑκάτερα
1815 1139 1885 1167 εἶναι

1101 1193 1198 1228 πικρά.
1218 1192 1324 1222 Λουκᾶς
1337 1190 1365 1216 δὲ
1377 1189 1406 1216 τὸ
1425 1189 1453 1215 ὲν
1467 1188 1504 1224 τῷ
1519 1187 1628 1223 σταυρῷ
1643 1186 1824 1222 προσενεχθὲν
1834 1186 1885 1212 αὺ-

1102 1237 1140 1272 τῷ
1161 1237 1222 1270 ὅξος
1237 1237 1383 1263 ἐκτίθεται·
1408 1235 1535 1269 Ἰωάννης
1551 1235 1579 1261 δὲ
1601 1235 1705 1260 εἰπόντι
1721 1233 1760 1268 τῷ
1779 1232 1885 1266 Κυρίῳ,

1103 1282 1191 1317 Διψῶ,
1208 1282 1325 1310 λαϐόντα
1345 1281 1405 1308 τινὰ
1423 1282 1431 1299 ι
1456 1279 1710 1314 σπόγγον,ὗσσώπου
1737 1277 1784 1304 καὶ
1807 1277 1887 1308 ἥξους

1103 1329 1256 1364 πλήσαντα,
1278 1328 1388 1354 ποτίσαι
1414 1327 1460 1353 τὸν
1485 1326 1587 1362 Κύριον
1603 1324 1766 1360 ἀνέγραψεν.
1788 1322 1833 1354 Ἐξ
1848 1318 1887 1348 ὧν

1106 1374 1217 1401 πάντων
1232 1373 1384 1404 δείκνυται,
1400 1372 1536 1407 διαφόρως
1554 1370 1629 1404 αὐτῷ
1647 1370 1681 1396 τὰ
1699 1367 1887 1404 προειρημένα

1105 1418 1164 1453 εἴδη
1186 1417 1401 1453 προσενεχθῆναι
1420 1416 1473 1443 ὑπὸ
1488 1417 1536 1450 τῆς
1548 1415 1602 1441 τῶν
1621 1413 1754 1440 Ἰουδαίων
1781 1413 1886 1447 θηριωα

1106 1464 1174 1495 δίας.

1427 1517 1556 1550 'Azopt'a.

309 1556 338 1582 In
348 1564 428 1591 quem
445 1558 555 1585 modum
571 1559 733 1593 conscripsit
764 1558 851 1587 Lucas
881 1559 915 1586 de
937 1560 1049 1587 latrone.

1143 1565 1204 1597 Πῶς
1230 1565 1337 1594 Λουκᾶς
1365 1562 1414 1598 μὲν
1442 1562 1607 1597 ὁμολογῆσαι
1639 1560 1686 1587 τὸν
1714 1560 1816 1595 λῃστὴν
1841 1559 1889 1585 ἒπὶ

271 1601 343 1635 quod
361 1602 504 1629 Dominum
524 1603 551 1630 in
568 1611 649 1631 cruce
664 1604 807 1632 confessus
836 1604 938 1637 fuerit;
955 1610 980 1632 at
997 1606 1053 1638 alii,

272 1646 343 1680 quod
355 1654 408 1673 una
425 1655 486 1674 cum
504 1648 577 1675 socio
592 1649 759 1677 conviciatus
769 1649 850 1677 fuerit
865 1649 906 1677 ιιι

601 1694 714 1721 Salutio.

309 1736 388 1764 Initio
416 1737 524 1773 quidem
558 1742 673 1774 uterque
701 1738 818 1768 Domino
843 1740 1054 1777 improperabat,

274 1782 403 1810 conviciis
423 1783 450 1810 in
465 1791 528 1811 eum
553 1785 643 1820 jactis,
670 1785 788 1819 Iudaeos,
816 1791 845 1814 ut
863 1788 982 1820 videtur,
999 1789 1055 1823 pla-

274 1833 366 1856 catum
381 1830 413 1857 iri
430 1835 568 1866 putantes,
596 1840 679 1867 seque
696 1841 711 1859 e
725 1841 806 1860 cruce
830 1833 980 1861 detractum
1010 1835 1053 1861 iri.

274 1874 327 1902 Ubi
342 1883 407 1903 vero
422 1876 448 1903 id
467 1885 522 1904 non
535 1878 635 1911 evenit,
661 1878 762 1906 Christi
795 1879 827 1906 ad
856 1879 964 1906 Patrem
996 1885 1056 1907 tan-

273 1929 353 1955 quam
362 1921 397 1948 ad
411 1923 542 1956 aqualem
560 1923 714 1958 intelligens
735 1923 886 1951 orationem
903 1925 991 1951 bonus
1016 1925 1055 1951 la-

274 1970 327 1998 tro,
344 1967 452 2001 quando
468 1967 553 1994 dixit:
569 1968 659 2000 Pater,
679 1969 782 1995 dimitte
797 1969 851 1996 illis
864 1969 886 1985 "
900 1974 1053 2004 peccatum,

273 2013 383 2047 agnovit
397 2013 550 2045 veritatem,
563 2020 679 2048 eumque
690 2013 829 2041 dominum
847 2019 874 2042 et
888 2023 979 2051 regem
989 2023 1055 2043 con-

273 2057 363 2085 fessus
378 2062 430 2085 est.
452 2058 529 2091 Quod
544 2067 558 2086 a
576 2059 680 2087 caeteris
696 2060 867 2094 evangelislis
884 2061 917 2088 ad
930 2061 996 2088 alias
1011 2062 1053 2088 hi-

274 2104 365 2131 storia:
382 2108 474 2140 partes
485 2105 676 2134 festinantibus
689 2105 901 2140 praatermissum
915 2111 967 2134 est.

550 2192 694 2228 Diﬁicultas
711 2201 784 2221 xm.

1108 1610 1225 1646 σταυροῦ
1236 1610 1281 1636 τὸν
1296 1609 1398 1644 Κύριον
1414 1607 1618 1643 συνεγράψατο·
1633 1606 1658 1634 οἱ
1677 1606 1704 1634 δὲ
1718 1606 1816 1639 λοιποὶ,
1829 1605 1889 1641 ἅμα

1106 1657 1145 1692 τῷ
1161 1657 1245 1693 ἑτέρῳ
1261 1654 1389 1682 ὀνειδίσαι
1408 1653 1453 1681 τὸν
1468 1654 1589 1689 Κύριον;

1449 1700 1552 1732 Λύσις.

1147 1751 1194 1777 Ἐκ
1209 1749 1358 1786 προοιμίων
1376 1747 1424 1783 μὲν
1442 1746 1567 1780 ἑκάτεροι
1581 1745 1620 1780 τῷ
1635 1745 1728 1780 Κυρίῳ
1740 1743 1890 1776 ὠνείδιζον,

1105 1797 1161 1827 τοῖς
1180 1797 1219 1827 είς
1249 1794 1331 1822 αὑτὸν
1353 1792 1482 1819 ὀνείδεσιν
1505 1790 1686 1823 ὲξιλεοῦσθαι,
1716 1789 1800 1820 εἰκὸς,
1827 1790 1892 1820 τοὺς

1112 1840 1256 1871 Ἰουδαίους
1269 1839 1435 1874 νομίζοντες,
1443 1837 1490 1863 καὶ
1499 1836 1546 1863 τοῦ
1560 1835 1676 1870 σταυροῦ
1688 1834 1888 1869 καθαιρεῖσθαι.

1112 1884 1220 1919 Ἐπειδὴ
1235 1884 1265 1909 δὲ
1276 1882 1355 1909 τοῦτο
1369 1882 1399 1909 οὐ
1416 1881 1536 1916 γέγονεν,
1557 1880 1606 1915 τὴν
1619 1879 1666 1905 τοῦ
1689 1878 1809 1913 Χριστοῦ
1823 1879 1892 1914 πρὶς

1106 1929 1151 1956 τὸν
1169 1928 1277 1963 Πατέρα
1293 1927 1330 1959 ὡς
1346 1926 1414 1962 πρὸς
1439 1925 1571 1961 ὁμότιμον
1593 1923 1687 1958 εὐχὴν,
1711 1923 1725 1948 ὁ
1741 1922 1891 1956 εὐγνώμων

1105 1974 1206 2010 λῃστὴς
1222 1974 1322 2005 συνεὶς,
1335 1974 1380 2000 ὅτε
1395 1973 1500 2007 είρηκε·
1518 1970 1627 2004 Πάτερ,
1637 1969 1711 2004 ἄφες
1726 1968 1827 2001 αὐτοῖς
1841 1969 1892 2002 τὴν

1107 2020 1254 2055 ἁμαρτίαν·
1273 2019 1382 2053 ἐπέγνω
1396 2018 1446 2053 τῆς
1465 2016 1605 2052 ἀληθείας1
1624 2015 1672 2042 καὶ
1688 2015 1790 2050 Κύριον
1809 2014 1893 2040 αὑτξν

1106 2067 1153 2092 καὶ
1178 2065 1290 2100 βασιλέα
1316 2064 1503 2100 ὡμολόγησεν
1523 2063 1591 2097 ὅπερ
1609 2063 1665 2093 τοῖς
1681 2061 1785 2096 ἑτέροις
1808 2060 1893 2091 εὐαγ-

1106 2111 1242 2145 γελισταῖς
1266 2111 1333 2146 πρὸς
1346 2110 1429 2144 ἕτερα
1445 2109 1517 2145 μέρη
1532 2109 1580 2144 τῆς
1603 2107 1724 2143 ἱστορίας
1740 2105 1889 2140 ἐπειγομέ-

1106 2164 1161 2186 νοις
1173 2154 1398 2190 παραλέλειπται.

1437 2197 1565 2232 Ἀπορία.

306 2237 366 2270 Quo
381 2238 488 2265 tandem
507 2239 587 2266 modo
606 2239 766 2274 pollicitatio
792 2240 900 2268 Domini
920 2242 953 2269 ad
971 2242 1049 2269 latro-

1142 2245 1204 2278 Πῶς
1228 2246 1244 2280 ἡ
1270 2244 1416 2279 ὑπόσχεσις
1432 2243 1479 2270 τοῦ
1505 2242 1608 2278 Κυρίου
1636 2240 1704 2276 πρδς
1729 2241 1774 2266 τὸν
1789 2240 1891 2275 λῃστὴν

273 2290 337 2310 ncm
364 2282 510 2317 adimpleta
530 2287 583 2315 cst,
611 2283 695 2311 Hodie
721 2293 822 2311 mecum
849 2286 900 2312 eris
920 2287 947 2313 in
971 2295 1054 2320 para-

272 2330 330 2356 diso
342 2329 387 2355 ‘9?
405 2328 545 2363 Siquidem
571 2332 631 2364 post
656 2328 860 2357 cruciﬁxionem
875 2330 1000 2358 Christus
1028 2331 1054 2358 in

273 2375 409 2402 infernum
440 2374 474 2401 ad
496 2374 650 2401 liberandos
679 2379 801 2402 mortuos
833 2376 971 2410 profectus
996 2382 1053 2409 est;

273 2420 392 2455 oportuit
407 2424 498 2447 autem
516 2424 544 2446 et
561 2419 705 2451 latronem,
721 2425 751 2446 ιιι
770 2420 814 2455 qui
834 2420 886 2456 legi
900 2426 1003 2450 natura:
1012 2430 1054 2449 es-

275 2470 316 2493 set
325 2466 468 2493 obnoxius.

608 2509 719 2536 Salutio.

311 2555 438 2583 Nonnulli
455 2557 565 2591 quidem
579 2557 616 2584 ita
631 2558 733 2593 legunt.
746 2557 827 2584 Amen
843 2558 901 2585 dico
913 2559 959 2586 tibi
969 2560 1056 2593 hodie,

312 2611 335 2628 ‘”
352 2611 449 2650 Matth:
457 2614 613 2650 invitia“;
630 2614 712 2642 Marc.
729 2622 772 2650 xiv,
789 2614 928 2650 25;7Joan.
952 2624 1008 2648 xtx,
1024 2617 1069 2650 29;
1084 2617 1151 2646 Luc.
1165 2627 1242 2650 unt.
1258 2618 1302 2646 56.

278 2646 358 2674 Marc.
376 2655 420 2680 xv,
436 2648 480 2674 32.
517 2648 539 2664 ⁸⁵
554 2648 619 2675 Luc.
631 2657 706 2682 χχιιι,
718 2649 762 2676 54.
800 2649 823 2664 ⁸⁸
837 2649 903 2676 Luc.
920 2646 1051 2684 uulpes.

1110 2292 1296 2326 πεπλήρωται,
1315 2290 1355 2316 ὅτι
1380 2289 1515 2323 Σήμερον
1536 2288 1598 2322 μετ’
1623 2286 1695 2320 ἐμοῦ
1715 2286 1772 2319 ἔσῃ
1792 2285 1827 2312 ἐν
1854 2285 1893 2317 τῷ

1110 2336 1297 2370 παραδείσῳ;
1320 2333 1397 2360 Μετὰ
1413 2330 1467 2367 γὰρ
1483 2332 1528 2358 τὸν
1547 2332 1663 2366 σταυρὸν
1680 2331 1694 2357 ὁ
1711 2330 1828 2366 Χριστὸς
1853 2331 1893 2359 εἰς

1109 2381 1172 2416 ᾅδου
1185 2380 1230 2407 ἐπὶ
1245 2379 1386 2414 ἐλευθερίᾳ
1399 2378 1453 2404 τῶν
1461 2378 1566 2412 νεκρῶν
1576 2376 1767 2412 παραγίνεται·
1776 2375 1826 2401 ἔδει
1837 2374 1892 2410 (26)

1109 2428 1136 2455 δὲ
1153 2429 1200 2455 καὶ
1226 2427 1271 2454 τὸν
1291 2426 1402 2462 λῃστὴν,
1429 2423 1581 2451 ὑπεύθυνον
1597 2422 1663 2449 ὄντα
1683 2422 1721 2456 τῷ
1745 2422 1820 2456 νόμῳ
1845 2420 1894 2454 τῆς

1109 2474 1145 2508 φῦ
1151 2481 1226 2504 σεως.

1449 2516 1552 2547 Λύσις.

1147 2563 1226 2594 Τινὲς
1252 2562 1302 2596 μὲν
1327 2562 1414 2593 οὕτως
1439 2560 1680 2594 ἀναγινώσκουσιν
1702 2557 1794 2592 Ἀμὴν
1818 2557 1896 2590 λέγω

1355 2618 1377 2634 ⁸⁵
1388 2617 1455 2645 Luc.
1467 2625 1544 2650 mu,
1555 2617 1601 2650 4ος
1611 2616 1706 2644 Matth.
1723 2621 1816 2647 ιιι-ιιι,
1834 2613 1868 2640 44
1885 2621 1894 2646 ς

911 2695 1026 2723 νΑῐῖΙΑΞ
1046 2696 1248 2727 LECTIONES.

314 2739 328 2759 ι
344 2740 384 2766 Au
400 2739 506 2765 εἰπώνῖ
550 2738 558 2757 ι
574 2737 604 2765 F.
620 2739 750 2771 λαὸόντας
760 2740 837 2772 τινὰς
851 2745 879 2768 et
889 2741 1055 2776 πλήσαντας.

1022 2787 1135 2816 ΝΟΤιΕ.

316 2835 370 2868 (‘26)
387 2833 477 2872 _'E6u
503 2831 546 2865 δέ,
562 2832 807 2872 etc._Subintelligc
822 2833 997 2868 repetendum
1024 2841 1056 2861 ex
1075 2835 1302 2869 praecedentibus,
1317 2835 1355 2866 εἰς
1368 2835 1431 2871 ᾅδου
1443 2834 1650 2870 παραγίνεσθαι.
1692 2833 1820 2869 Oportuit
1850 2841 1899 2860 au-

281 2875 335 2899 tem
348 2874 376 2897 et
387 2869 518 2897 latronem
536 2868 569 2895 ad
583 2867 720 2895 inferrum
740 2867 843 2894 venire.
