2069 3147
250 183 320 218 11.39

851 183 1034 213 IIESYCHH
1051 182 1287 216 PHESBYTERI

1816 177 1884 210 1440

249 239 381 268 minicum
399 239 516 274 positum
530 238 629 265 fuerat.
647 237 738 273 Itaque
752 238 824 272 quod
845 238 880 265 ab
899 238 951 265 illis
971 246 1041 273 prae-

1098 237 1161 263 ίδεῖν
1180 237 1226 263 τὸν
1234 236 1328 269 τόπον,
1345 235 1409 261 ἔνθα
1423 235 1452 261 τὸ
1467 233 1548 269 σῶμα
1561 232 1591 260 τὸ
1603 231 1770 258 Δεσποτικδν
1784 232 1880 259 ἔκειτο-

251 287 406 314 termissum
423 289 474 315 est.
499 284 586 311 Lucas
611 283 764 311 accuratius
791 283 909 318 scripsit,
927 284 1038 311 dicens:

251 332 381 366 lngresstn
405 338 454 357 non
475 331 629 356 inuenerunt
644 338 737 364 corpus
748 330 852 357 Domini
863 330 935 357 Jesu.
963 330 1041 357 Unde

251 378 320 405 nihil
333 377 392 404 aliis
406 377 571 404 contrarium
583 377 681 411 singuli
699 377 879 412 protulerunt.

541 464 689 499 Difficultas
704 472 752 491 LII.

288 511 347 544 Qua
363 511 468 538 ratione
485 511 684 546 apparitionom
708 510 876 544 angulorum,
901 510 1042 545 ipsamque

253 556 360 584 Domini
374 557 408 584 ad
423 557 562 589 mulieres,
577 557 650 584 varie
667 557 871 591 descripserunt
886 555 898 582 ?

595 643 706 671 Salutio.

290 689 427 716 Contrarii
445 690 511 716 nihil
529 690 609 717 habet
623 690 756 724 apparitio
771 691 940 726 angelorum.
954 691 1044 727 Siqui-

253 735 316 761 dem
333 735 475 762 Matthazus
491 740 518 761 et
534 735 638 762 Marcus
666 743 760 766 unum.
776 740 805 762 ut
820 741 898 764 antea
913 738 1042 771 diximus,

255 781 380 815 angelum
395 781 548 808 retulerunt
560 782 718 816 apparuisse
731 783 891 810 mulieribus
906 784 940 816 ‘7;
957 784 1044 812 Lucas

254 835 320 854 vero
339 831 366 854 et
384 827 513 859 Joannes,
532 829 646 862 primam
663 828 862 863 apparitionem
879 831 1043 864 praetermit-

256 877 344 900 Ientes
361 873 394 905 ",
405 873 516 908 angelos
531 874 610 905 duos,
627 874 671 908 qui
693 874 768 901 intus
784 875 834 901 visi
850 880 924 907 sunt,
939 876 1043 903 descri-

1099 283 1142 314 Ὠς
1169 281 1357 317 παραλειφθὲν
1383 280 1458 316 παρὰ
1481 279 1596 310 τούτων,
1611 280 1625 305 ὁ
1648 279 1755 310 Λουκᾶς
1773 278 1884 313 ἀκριϐέ-

1093 337 1189 364 στερον
1209 327 1329 363 ἔγραψεν
1347 326 1443 353 εἰπών·
1461 325 1665 354 Είσελθοῦσαι
1680 325 1736 359 οὐχ
1747 322 1838 357 εὗρον
1852 325 1886 352 τὸ

1093 374 1179 408 σῶμα
1194 373 1248 400 τοῦ
1262 373 1373 407 Κυρίου
1383 372 1496 406 Ἰησοῦ.
1514 371 1598 398 Ὅθεν
1608 371 1659 398 οὐκ
1670 371 1791 397 ἐναντίον
1802 370 1886 405 ἀλλή-

1093 420 1149 451 λοις
1161 420 1297 455 εἰρήκασι.

1428 464 1556 498 Ἀπορία.

1131 511 1190 538 Τίνι
1208 511 1280 546 λόγῳ
1293 509 1430 544 διαφόρως
1457 509 1506 544 τὴν
1522 509 1577 535 τῶν
1591 507 1719 542 ἀγγέλων
1737 507 1884 539 ὀπτασίαν,

1094 558 1180 592 αὐτὴν
1206 566 1235 584 τε
1256 557 1306 592 τὴν
1321 556 1368 583 τοῦ
1395 556 1500 591 Κυρίου
1518 555 1567 590 τὴν
1582 553 1652 590 πρὸς
1671 554 1720 586 τὰς
1751 555 1885 588 γυναῖκας

1093 603 1244 638 γενομένην
1258 602 1419 638 ἱστόρησαν;

1434 647 1540 679 Λύσις.

1129 695 1186 721 Οὐκ
1212 693 1322 721 ἐναντία
1347 694 1363 728 ἠ
1381 693 1436 720 τῶν
1461 693 1587 727 ἀγγέλων
1601 691 1728 718 onusta.
1747 690 1886 721 Ματθαὼς

1096 740 1145 774 μὲν
1164 740 1219 774 γὰρ
1247 740 1294 765 καὶ
1320 738 1445 773 Μάρκος,
1473 737 1523 764 ἕνα
1547 735 1639 768 καθὼς
1665 736 1885 771 προειρήκαμεν,

1096 785 1241 821 ἱστόρησαν
1253 785 1311 816 ταῖς
1324 784 1448 817 γυναιξὶν
1461 784 1628 818 ἐπιφανῆναι
1641 782 1764 816 ἄγγελον·
1780 782 1888 812 Λουκᾶς

1094 830 1123 856 δὲ
1140 831 1187 857 καὶ
1208 830 1347 865 Ἰωάννης,
1376 829 1426 864 τὴν
1454 828 1568 864 πρώτην
1585 827 1719 854 ὀπτασίαν
1742 827 1887 862 παραδρα-

1098 875 1204 908 μόντες,
1220 874 1284 906 τοὺς
1304 874 1378 900 ἔνδον
1394 873 1530 908 φανέντας
1545 873 1679 906 ἀγγέλους
1700 872 1746 898 δύο
1767 873 1888 907 γράφου-

254 919 344 945 bunt:
370 919 489 946 Joannes
513 923 617 950 autem.
645 920 672 947 in
699 920 828 947 exteriori
855 921 985 956 spelunca
1007 922 1041 949 ad

1098 929 1144 946 σιν·
1168 921 1296 954 Ἰωάννης
1312 920 1340 946 δὲ
1355 920 1383 945 ἐν
1397 919 1436 954 τῷ
1456 919 1509 950 ἔξω
1530 919 1656 953 σπηλαίῳ
1680 918 1756 952 παρὰ
1773 918 1822 953 τὴν
1840 918 1888 944 ού-

255 963 353 991 ostium
369 964 482 990 Mariam
505 964 629 999 designat
644 968 772 998 stantem,
791 969 818 992 et
844 966 916 992 intro
937 967 1045 1002 prospi-

255 1010 385 1042 cientem,
402 1010 501 1038 vidisse
518 1011 586 1038 duos
608 1011 720 1046 angelos
748 1011 774 1038 in
801 1012 889 1044 albis;
904 1016 932 1039 at
948 1013 1045 1046 Lucas,

254 1063 316 1082 cum
335 1056 465 1091 ingressae
480 1060 571 1083 essent
595 1057 622 1083 in
639 1057 794 1091 sepulcrum
811 1058 843 1090 ⁵³,
861 1065 913 1085 nec
925 1058 1046 1085 invenis-

255 1105 317 1128 sent
341 1109 452 1136 corpus,
478 1101 594 1136 ideoque
617 1106 709 1129 mente
734 1107 917 1130 consternata:
941 1109 1046 1136 essent,

254 1147 432 1182 conspexisse
449 1148 518 1175 duos
535 1148 618 1179 viros,
634 1148 660 1175 in
681 1153 754 1176 veste
779 1148 910 1184 fulgenti;
927 1150 953 1177 id
974 1151 1047 1185 quod

255 1201 303 1220 eos
320 1194 430 1226 angelos
445 1202 507 1221 esse
520 1195 676 1221 denotabat.
694 1195 770 1227 Quod
786 1200 877 1222 autem
896 1196 945 1228 ait,
960 1195 1046 1224 Stete-

257 1242 318 1266 nmt
334 1249 416 1272 suus,
431 1248 486 1267 non
500 1240 633 1275 signiﬁcat
654 1241 812 1275 apparuisse
825 1249 882 1274 eos,
899 1242 947 1269 sed
962 1243 1045 1277 quod,

256 1291 285 1313 ut
298 1286 396 1321 angeli,
414 1286 495 1312 etiam
513 1291 673 1320 priesentes,
683 1295 736 1313 non
749 1295 868 1322 semper,
880 1288 927 1315 sed
937 1290 1047 1324 quando

255 1332 394 1364 volebant,
410 1331 660 1366 conspiciebantur.
678 1331 759 1359 Unde
775 1340 826 1359 nec
846 1333 926 1361 Petro
942 1334 969 1361 in
989 1343 1047 1362 mo-

256 1381 418 1404 numentum
433 1377 555 1412 ingresso
565 1382 760 1412 apparuerunt,
772 1379 897 1413 quamvis
907 1379 1046 1414 adessent;

256 1422 418 1449 mulieribus
434 1430 498 1450 vero
513 1423 621 1450 divisim
635 1423 762 1459 ingressis
775 1429 836 1459 post
849 1427 1048 1454 consternatio-

256 1475 331 1499 nem,
348 1472 477 1503 tanquam
491 1469 688 1496 infirmioribus
700 1469 773 1504 ipsos
784 1478 815 1497 se
829 1471 960 1499 videndos
974 1480 1045 1507 prte-

256 1512 386 1540 buerunt.
399 1513 477 1545 Quod
487 1513 634 1542 sidixeris:
650 1513 710 1546 Quo
733 1515 815 1542 modo
827 1515 897 1550 apud
913 1515 1047 1544 Joannem

257 1558 370 1590 angelus
388 1566 470 1594 super
478 1559 595 1594 lapidem
612 1560 712 1587 sedens
726 1568 781 1587 non
793 1561 1048 1595 apparueritMariae

258 1605 359 1632 iterum
386 1606 564 1640 ingressae"?
585 1613 667 1633 causa
693 1607 836 1634 manifesta
861 1612 913 1634 est.
938 1607 1046 1635 Etenim

257 1651 349 1686 primo
371 1651 480 1685 quidem
498 1658 615 1678 cernens
632 1651 714 1678 Maria
741 1651 858 1686 lapidem
881 1653 1046 1686 revolutum,

258 1696 327 1723 nihil
341 1696 457 1730 amplius
475 1696 582 1728 rimata,
597 1696 630 1723 ad
655 1695 766 1723 Petrum
789 1701 817 1723 et
840 1697 973 1724 Joannem
998 1698 1048 1725 ob-

258 1749 336 1768 versa
350 1745 400 1768 est.
416 1741 543 1769 Secundo
558 1746 659 1773 autem,
676 1742 765 1769 eidem
791 1743 895 1778 angelis
913 1743 988 1770 intus
1005 1751 1049 1771 se-

259 1788 389 1815 dentibus
406 1795 572 1820 occursurae,
603 1795 672 1822 opus
697 1796 752 1815 non
778 1787 830 1815 fuit
847 1793 878 1816 ut
904 1794 1050 1824 appareret

258 1834 372 1869 angelus
385 1833 432 1868 qui
447 1841 529 1868 supra
540 1834 656 1868 lapidem
673 1834 795 1861 sedebat.
812 1834 879 1862 Nam
895 1835 928 1862 de
941 1834 1049 1863 Domini

259 1880 430 1915 apparitione
444 1888 505 1915 quae
519 1880 682 1907 mulieribus
708 1880 777 1907 facta
795 1885 847 1913 est,
864 1888 919 1908 non
940 1886 1050 1916 oportet

259 1934 392 1962 quaerere.
406 1926 453 1953 sed
466 1925 633 1953 credendum
646 1930 688 1953 est
701 1925 818 1953 veritati.
834 1925 954 1954 Diversis
974 1927 1049 1954 enim

260 1974 367 2000 vicibus
380 1981 442 2000 cum
458 1972 490 1999 ad
507 1976 716 2002 monumentum
732 1972 915 2004 cucurrerint,
929 1980 986 2000 non
1001 1981 1051 2001 eae—

259 2020 321 2047 dem
336 2020 476 2051 mulieres,
486 2027 580 2047 verum
594 2019 676 2046 modo
688 2019 748 2046 duze
762 2026 795 2046 ex
811 2019 885 2054 ipsis,
902 2020 984 2048 modo
995 2028 1050 2047 una

260 2070 288 2093 et
299 2066 416 2098 diversa,
430 2065 511 2092 modo
525 2065 601 2098 aliae;
617 2065 724 2093 diverso
735 2072 843 2100 quoque
860 2065 942 2092 modo
957 2065 1050 2093 Domi-

259 2119 312 2139 nus
336 2111 388 2138 illis
404 2111 546 2146 apparuit;
565 2119 681 2146 quarum
692 2111 769 2138 alteri
785 2115 914 2145 tanquam
930 2111 1051 2139 imbecil-

259 2156 331 2188 liori,
348 2156 426 2183 alteri
447 2160 477 2183 ut
496 2156 663 2191 perfectiori,
687 2163 719 2183 ex
740 2156 918 2191 proportione
937 2165 1050 2185 mensus

260 2206 303 2229 est
324 2201 456 2229 Dominus
470 2201 668 2236 apparitionem
685 2209 771 2228 suam.
788 2201 922 2234 Quocirca
944 2202 1050 2230 Marcus

260 2248 456 2284 compendiose
471 2248 608 2283 percursis
622 2248 655 2275 iis
671 2256 731 2283 qum
754 2248 788 2275 ad
816 2256 901 2276 unum
920 2248 1051 2276 duntaxat

260 2295 386 2330 angelum
415 2294 607 2329 pertinebant.
632 2294 753 2320 sermoni
785 2293 867 2321 linem
899 2294 1049 2329 imposuit:

261 2341 348 2369 Lucas
366 2341 473 2368 Domini
497 2340 529 2367 ad
548 2339 676 2367 mulieres
691 2340 891 2374 apparitionem
920 2340 1050 2374 reticens,

261 2392 288 2414 [ιι
300 2388 418 2415 innuens
434 2391 551 2418 tantum,
563 2387 590 2413 in
604 2385 717 2413 historia
729 2386 763 2413 de
774 2385 892 2422 Cleopha
911 2387 1051 2422 evangeli-

261 2441 323 2459 cum
338 2441 407 2468 opus
430 2433 581 2463 conclusit.
598 2431 716 2460 dicendo
731 2440 738 2459 :
757 2432 883 2459 Abierant
899 2433 1007 2468 quidam
1020 2441 1052 2459 ea:

298 2521 431 2558 “illlatth.
451 2531 548 2557 xx-rnt,
561 2524 589 2558 '2;
607 2524 689 2552 Marc.
707 2532 764 2556 va.
784 2524 810 2553 5.

262 2565 307 2589 xx,
323 2557 347 2589 1,
362 2556 406 2582 1‘2.

294 2653 307 2673 ει
325 2648 353 2676 F.
370 2649 517 2687 μελλούσῃ.

866 2525 889 2541 ⁸³
904 2525 970 2553 Luc.
984 2534 1066 2559 xxiv,
1080 2525 1204 2559 J;Joan.
1217 2533 1249 2552 xx
1260 2545 1267 2557 ,
1285 2524 1328 2556 ll,
1343 2523 1386 2550 η.

1098 973 1149 1001 ραν
1163 964 1212 1000 τὴν
1234 965 1344 1000 Μαρίαν
1359 964 1515 1000 ὃιαγράψας
1531 963 1654 990 ἑστῶσαν
1670 964 1718 990 καὶ
1733 962 1807 989 ἔνδον
1834 972 1890 990 πα-

1099 1011 1271 1045 ρακύψασαν,
1286 1010 1424 1045 θεωρῆσαι
1445 1011 1509 1041 τοὺς
1520 1011 1567 1037 δύο
1582 1010 1715 1044 ἀγγέλους
1731 1011 1760 1036 ἐν
1769 1009 1888 1040 λευκοῖς·

1098 1058 1204 1088 Λουκᾶς
1217 1057 1246 1083 δὲ
1263 1058 1292 1083 ἐν
1308 1057 1347 1092 τῷ
1365 1056 1540 1087 εἰσελθούσας
1556 1057 1641 1088 αὑτᾶς
1664 1056 1749 1087 ἔνδον,
1773 1057 1820 1082 καὶ
1853 1056 1891 1091 μὴ

1098 1101 1241 1137 εὑρούσας,
1251 1100 1398 1128 τεθεᾶσθαι
1409 1101 1456 1132 δύο
1472 1101 1571 1137 ἄνδρας
1587 1103 1617 1128 ὲν
1628 1101 1772 1136 ἐσθήσεσιν
1785 1101 1890 1136 ἀστρα-

1098 1149 1242 1180 πτούσαις,
1275 1149 1344 1184 ὅπερ
1370 1149 1506 1183 ἀγγέλους
1531 1149 1632 1180 αὐτοὺς
1659 1149 1890 1184 ἑχαρακτήριζεν.

1098 1193 1134 1220 Τὸ
1158 1193 1186 1220 δὲ
1213 1193 1303 1227 λέγειν
1317 1201 1324 1209 ⁸
1348 1193 1554 1227 Ἑπέστησαν,
1568 1194 1618 1228 οὐχ
1640 1194 1710 1220 ὥστε
1740 1194 1890 1228 φανέντων.

1098 1239 1155 1265 ἀλλ’
1171 1240 1211 1266 ὅτι
1225 1239 1262 1271 ὡς
1273 1239 1395 1274 ἄγγελοι,
1407 1240 1457 1267 καὶ
1472 1241 1619 1274 παρόντες,
1643 1241 1674 1266 οὺ
1689 1240 1818 1272 πάντοτε,
1832 1239 1891 1266 ἀλλ’

1097 1285 1143 1311 ὅτε
1165 1285 1260 1319 ἦθελον
1272 1285 1425 1319 ἐφαίνοντο.
1449 1285 1531 1311 ’Ὁθεν
1558 1285 1620 1311 οὐδὲ
1634 1285 1729 1319 Πέτρῳ
1744 1284 1889 1311 εἰσελθόντι

1098 1331 1138 1362 εἷς
1154 1331 1184 1357 τὸ
1206 1324 1339 1366 μνημεῖον
1363 1331 1516 1366 ἐφάνησαν,
1532 1330 1621 1357 καίτοι
1636 1331 1772 1365 παρόντες
1790 1338 1798 1345 ·
1831 1332 1892 1361 ταῖς

1098 1377 1126 1403 ὂὲ
1150 1377 1258 1411 γυναιξὶ
1282 1377 1457 1413 διῃρημένω;
1484 1376 1672 1407 είσελθούσαις
1687 1375 1758 1412 μετὰ
1774 1376 1804 1402 τὸ
1824 1377 1893 1403 ἁπο-

1099 1424 1191 1460 ρῆσαι,
1211 1424 1249 1454 ὡς
1263 1423 1473 1459 ἀσθενεστέραις
1487 1423 1601 1454 ἑαυτοὺς
1617 1423 1801 1458 ἑνεφάνησιν.
1819 1422 1851 1448 Εἰ
1864 1422 1892 1448 δὲ

1098 1468 1198 1502 λέγοις·
1215 1467 1277 1499 Πῶς
1294 1468 1370 1503 παρὰ
1381 1468 1421 1503 τῷ
1442 1468 1553 1502 Ἰωάννῃ
1569 1467 1666 1503 Μαρίᾳ
1682 1468 1732 1501 μὲν
1743 1467 1793 1494 οὐκ
1805 1467 1894 1502 ἐφάνη

1098 1515 1113 1541 ὁ
1126 1515 1174 1541 ὲπὶ
1192 1514 1231 1550 τῷ
1246 1514 1312 1550 λίθῳ
1336 1514 1492 1550 καθήμενος
1512 1514 1637 1548 ἄγγελος,
1657 1514 1818 1549 εἰσελθούσῃ
1837 1513 1896 1540 δεύ-

1099 1570 1196 1596 τερον;
1213 1562 1229 1596 ἡ
1245 1561 1319 1588 αἰτία
1339 1560 1417 1596 δήλη.
1444 1560 1481 1586 Τὸ
1496 1560 1545 1595 μὲν
1561 1561 1615 1594 γὰρ
1635 1560 1743 1594 πρῶτον
1762 1559 1854 1586 ἰδοῦσα
1877 1560 1895 1594 ἡ

1100 1607 1194 1641 Μαρία
1213 1606 1259 1633 τὸν
1277 1606 1351 1632 λίθον
1370 1605 1614 1641 ὲκκεκυλισμένον,
1632 1605 1710 1631 οὐδὲν
1722 1605 1802 1630 πλέον
1817 1613 1897 1640 περι-

1099 1653 1289 1688 εργασαμένη,
1315 1653 1384 1688 πρὸς
1404 1653 1449 1680 τὸν
1476 1652 1581 1687 Πέτρον
1604 1652 1652 1678 καὶ
1676 1651 1806 1685 Ἰωάννην
1835 1651 1898 1677 ἀντ-

1099 1698 1242 1733 έστρεψεν.
1264 1698 1301 1724 Τὸ
1314 1698 1441 1732 δεύτερον
1458 1697 1487 1724 δὲ
1506 1697 1564 1728 τοῖς
1581 1695 1654 1722 ἔνδον
1675 1694 1804 1729 ἀγγέλοις
1823 1703 1898 1729 περι-

1099 1745 1245 1779 τυγχάνειν
1272 1744 1330 1779 (29)
1362 1744 1513 1779 μέλλουσαν
1524 1748 1537 1768 tl
1549 1763 1556 1776 ,
1571 1742 1601 1769 οὗ
1624 1742 1704 1777 χρεία
1723 1741 1768 1767 τὸν
1785 1741 1833 1766 ἐπὶ
1849 1740 1897 1766 τοῦ

1099 1790 1174 1817 λίθου
1190 1792 1308 1826 φανῆναι
1324 1791 1477 1826 καθήμενον
1496 1788 1701 1823 ἄ.γγιελον.Περὶ⁵
1718 1787 1773 1822 γὰρ
1785 1787 1835 1821 τῆς
1847 1786 1897 1812 τοῦ

1100 1836 1205 1872 Κυρίου
1222 1836 1398 1870 ἐπιφανείας,
1416 1836 1466 1870 τῆς
1483 1835 1545 1865 ταῖς
1562 1833 1671 1868 γυναιξὶ
1688 1833 1852 1867 γενομένης,
1866 1832 1896 1858 οὐ

1100 1882 1179 1917 χρεία
1196 1881 1299 1916 ζητεῖν,
1316 1881 1385 1908 ἀλλὰ
1403 1882 1437 1916 τῇ
1460 1879 1577 1916 ἀληθείᾳ
1589 1877 1738 1905 πιστεύειν.
1754 1877 1898 1911 Διαφόρως

1101 1929 1155 1964 γὰρ
1167 1929 1234 1964 πρὸς
1247 1928 1277 1955 τὸ
1294 1929 1389 1964 μνῆμα
1410 1926 1581 1962 δραμούσαις
1592 1946 1599 1957 ,
1610 1925 1642 1951 οὐ
1658 1924 1719 1955 ταῖς
1734 1923 1831 1954 αὑταῖς
1847 1930 1897 1955 γυ-

1101 1975 1199 2008 ναιξὶν,
1217 1974 1286 2002 ἀλλὰ
1301 1974 1366 2000 ποτὲ
1383 1973 1433 2008 μὲν
1449 1972 1527 1998 δυσὶν
1541 1971 1571 2003 ἐξ
1585 1969 1686 2000 αὐτῶν,
1701 1969 1768 1995 ποτε
1792 1968 1820 1994 δὲ
1847 1967 1896 2001 μιᾷ

1102 2021 1184 2056 ἑτέρᾳ
1198 2020 1264 2054 παρ’
1278 2019 1364 2050 αὑτὰς
1382 2017 1568 2053 τυγχανούςῃ.
1585 2015 1651 2042 ποτὲ
1666 2015 1694 2041 δὲ
1713 2014 1820 2045 ἄλλαις,
1837 2013 1898 2039 δια-

1101 2067 1193 2102 φόρως
1209 2066 1256 2093 καὶ
1279 2067 1293 2092 ό
1317 2065 1419 2100 Κύριος
1439 2064 1545 2099 ὲφάνη’
1569 2059 1606 2089 ὧν
1629 2063 1663 2097 τῇ
1683 2061 1733 2096 μὲν
1748 2060 1786 2092 ὡς
1800 2059 1897 2086 ἀσθεν-

1101 2111 1212 2147 εστέρα.
1231 2112 1264 2146 τῇ
1286 2110 1315 2137 δὲ
1335 2110 1373 2141 ὡς
1388 2109 1544 2144 τελειοτέρᾳ
1559 2106 1744 2143 τυγχανοὺσῃ,
1759 2104 1899 2138 καταλλή-

1101 2159 1156 2191 λως
1171 2157 1283 2193 ἐμέτρει
1302 2156 1350 2183 πτὸν
1369 2155 1468 2182 ἑαυτοῦ
1481 2153 1656 2190 ὲμφανισμὺν
1670 2153 1684 2179 ὸ
1699 2150 1898 2186 Κύριος.”Οθεν

1101 2205 1214 2240 Μάρκος
1231 2205 1281 2240 μὲν
1302 2204 1332 2229 ὲν
1351 2203 1474 2238 επιτόμῳ
1494 2201 1529 2227 τὰ.
1551 2200 1633 2236 μέχρι
1646 2198 1693 2225 τοῦ
1708 2197 1767 2228 ἐνὸς
1780 2195 1898 2230 ἀγγέλου

1069 2262 1091 2291 D
1104 2250 1225 2283 διελθὼν,
1240 2249 1286 2276 τὸν
1310 2248 1391 2283 λόγον
1413 2247 1588 2274 κατέπαυσεν
1599 2254 1606 2260 ·
1624 2244 1732 2275 Λουκᾶς
1786 2242 1835 2278 τὴν
1850 2240 1898 2291 τοῦ

1105 2297 1210 2332 Κυρίου
1225 2295 1294 2331 πρὸς
1311 2295 1361 2326 τὰς
1374 2295 1507 2329 γυναῖκας
1526 2292 1662 2319 ὀπτασίαν
1685 2289 1839 2325 σιωπήσας,
1857 2287 1899 2314 αἱ·

1102 2343 1247 2377 νιξάμενος
1261 2341 1289 2368 δὲ
1305 2341 1394 2377 μόνον,
1407 2341 1437 2366 ὲν
1451 2340 1484 2375 τῇ
1497 2338 1568 2366 κατὰ
1582 2336 1718 2364 Κλεῶπαν
1731 2334 1838 2370 ἱστορίᾳ
1848 2333 1898 2366 τὴν

1102 2387 1285 2423 εὐαγγελικὴν
1307 2384 1503 2422 πραγματείαν
1526 2383 1727 2418 συνεπέρανεν”
1748 2381 1778 2406 ὲν
1799 2378 1839 2413 τῷ
1856 2378 1899 2404 λέ-

1103 2441 1178 2467 γειν·
1201 2432 1349 2467 Ἀπῆλθόν
1368 2440 1449 2464 τινες
1465 2430 1526 2458 τῶν
1539 2430 1601 2457 σὺν
1624 2427 1698 2463 ἡμῖν
1710 2426 1760 2453 ἐπὶ
1776 2424 1809 2451 τὸ
1823 2433 1899 2458 μνη-

1439 2522 1461 2537 ⁵⁹
1478 2521 1544 2548 Luc.
1559 2528 1624 2548 xxrv
1637 2539 1644 2553 ι
1659 2519 1685 2551 '5,
1702 2519 1730 2546 4.
1780 2515 1805 2532 *θ’
1817 2515 1899 2543 Joan-

914 2605 1034 2632 VARHE
1054 2602 1258 2631 LECTIONES.

1024 2707 1142 2736 NOTAE.

299 2754 355 2785 ('29)
371 2754 554 2791 Illé._1.lovq'uf.
574 2754 719 2791 Prmstaret
738 2755 884 2791 μελλοΰσῃ.
915 2755 964 2782 Est
987 2762 1053 2782 sane

263 2784 341 2816 error
357 2789 458 2821 passim
482 2788 589 2821 obvius,
608 2791 642 2816 ad
659 2784 961 2822 tinem-vocabui'orum,
977 2794 1054 2818 ortus

263 2831 296 2849 ex
314 2824 529 2858 antiquariorum
561 2825 725 2859 negligentia
739 2846 746 2856 ν
772 2831 798 2852 et
812 2825 976 2860 compendio
987 2825 1055 2852 scri-

264 2864 360 2896 ptune.
376 2860 553 2894 eorrigendus
565 2866 655 2888 autem
677 2868 725 2895 per
740 2869 851 2888 sensum
866 2865 893 2888 et
916 2868 1053 2896 gramma—

263 2894 344 2922 ticam
359 2896 600 2924 constructionem.
617 2895 739 2928 Quatuor
754 2896 876 2931 exempla
897 2894 1055 2931 suppedita—

1107 2754 1148 2781 bit
1171 2761 1256 2780 unum
1284 2759 1353 2787 opus
1377 2751 1493 2779 Joannis
1515 2749 1660 2787 Philoponi
1692 2749 1729 2787 1ηΔ
1751 2748 1902 2787 Mauricum

1108 2783 1331 2824 cosmogoniami;
1345 2787 1394 2818 lib,
1408 2795 1426 2819 ι,
1447 2794 1518 2824 (ιιιρζ
1528 2786 1569 2818 10,
1589 2783 1782 2824 αξνιττομὲνην
1796 2791 1848 2819 pro
1857 2784 1901 2810 αι-

1108 2819 1265 2857 νιττόμῖενος
1281 2831 1289 2856 ;
1306 2823 1353 2850 Ιίὶ).
1367 2830 1409 2854 ιιι,
1427 2819 1488 2856 cap:
1504 2821 1530 2857 ᾗ,
1548 2819 1710 2854 κινούμενον
1731 2827 1781 2857 pro
1804 2828 1901 2845 κινου-

1111 2854 1214 2894 μένηνς
1231 2854 1320 2889 Ιίι).’ν,
1338 2865 1400 2894 (τιρέ
1416 2857 1440 2894 l,
1459 2854 1485 2891 p.
1499 2856 1568 2894 {87;
1581 2859 1714 2894 extrema,
1728 2854 1832 2894 ταύτης
1848 2862 1900 2890 pro

1109 2889 1227 2927 ταύταέ,
1244 2898 1270 2922 ct
1290 2901 1349 2929 cap.
1371 2889 1402 2920 i3
1417 2889 1579 2927 δυναμένην,
1595 2898 1644 2926 pro
1659 2889 1808 2925 δυναμένη,
