2069 3147
224 2333 240 2364 κ

264 202 328 233 1447

855 200 1039 232 IIESYCHII
1059 198 1295 229 PRESBYTERI

1820 198 1889 232 l-MS

259 264 306 286 tur
319 257 417 287 Oliveti
437 263 563 286 reversos
570 264 631 286 esse
645 257 794 293 discipulos
807 258 841 292 ⁸³,
855 259 934 294 quasi
949 259 1049 286 istbinc

1100 255 1156 282 ἀπὺ
1183 255 1230 282 τοῦ
1256 255 1338 291 ὃρους
1351 255 1399 282 τοῦ
1416 256 1584 291 καλουμένου
1597 254 1708 283 Ἐλαιῶν
1719 256 1889 291 ιἰποστρέψαι

259 303 369 337 Christo
384 304 543 338 assumpto?
557 304 592 331 Et
612 304 749 338 quomodo
775 305 803 331 in
822 305 969 339 Evangelio
983 312 1047 330 nar-

260 357 338 380 rans,
356 354 415 383 post
427 350 615 377 ascensionem
629 349 778 384 discipulos
791 350 819 376 in
833 351 933 385 templo
948 350 1047 376 immo-

260 399 334 421 ratos
348 394 443 427 fuisse,
461 395 603 422 laudantes
622 399 649 422 et
665 395 859 423 benedicentes
873 395 956 422 Deum
966 393 1001 426 θ’,
1019 394 1048 421 in

260 440 419 475 apostolicis
445 440 570 472 Actibus,
593 448 640 467 eos
656 441 685 467 in
704 441 875 468 coanaculum
891 440 1048 468 ascendisse

261 490 290 513 et
303 485 358 514 illic
369 485 504 513 mansisse
515 485 629 520 exponit
640 486 663 501 ὀ
674 486 686 512 ?

367 597 370 602 _
598 573 711 602 Salutio.

296 618 378 646 Aliud
397 624 439 646 est
456 619 489 646 In
507 619 674 652 Bethaniam,
692 625 720 648 ct
733 620 805 648 aliud
822 620 862 648 Ad
879 621 1047 647 Bethaniam.

262 664 370 699 Etenim
388 665 423 692 ad
445 665 612 699 Bethaniam,
637 666 683 693 dat
703 667 782 694 nobis
799 667 953 702 intelligere
978 667 1049 694 viam

263 718 325 745 quae
352 711 416 738 illuc
440 711 525 743 ducit,
553 713 596 738 cui
623 720 701 739 mons
717 713 855 740 Olivarum
878 713 1003 747 adjacet:
1023 712 1049 739 id

262 756 335 791 quod
350 755 436 783 Lucas
451 757 587 791 exposuit,
597 757 700 789 dicens,
710 757 745 783 ad
758 757 927 787 Bel/mnium,
942 763 970 785 et
988 758 1050 785 lini-

266 801 358 829 timam
377 801 426 836 ipsi
442 802 542 829 montis
565 809 669 837 partem
685 802 728 829 bis
746 803 857 829 vocibus
881 802 1048 837 signiﬁcans,

265 847 311 875 ubi
332 848 473 874 Dominum
494 852 664 882 assumptum
687 848 772 876 fuisse
795 848 940 876 narravit?
961 849 1050 876 locum

1097 301 1162 331 τοὺς
1178 301 1314 335 μαθητὰς,
1336 301 1374 333 ὼς
1396 301 1501 328 ὲκείοεν
1518 301 1566 327 τοῦ
1589 301 1694 336 Κυρίου
1718 301 1890 336 ἀναληφθέν-

1097 354 1160 378 τος;
1175 346 1237 377 Πῶς
1253 347 1281 373 δὲ
1295 347 1323 372 ὲν
1343 346 1382 381 τῷ
1401 347 1560 382 Εὑαγγελῖῳ
1577 347 1737 382 ιστορήσας,
1758 348 1827 382 μετὰ
1839 347 1890 383 τὴν

1097 391 1232 425 ἀνάληψιν
1245 392 1274 418 ὲν
1288 391 1327 426 τῷ
1345 391 1411 427 ἱερῷ
1428 392 1580 427 διατρίϐειν
1601 393 1665 423 τοὺς
1682 392 1820 428 μαθητὰς,
1835 393 1890 428 ύμ-

1098 436 1209 468 νοῦντας
1226 438 1273 464 καὶ
1287 437 1466 471 εὐλογοῦντας
1481 437 1526 463 τὸν
1550 437 1632 463 Θεόν·
1650 439 1679 464 ἐν
1693 439 1753 470 ταῖς
1773 439 1892 465 ἀποστο-

1098 481 1187 513 λικαῑς
1207 482 1342 517 Πράξεσιν
1367 484 1407 514 εἰς
1429 482 1553 517 ὑπερῷον
1570 484 1668 515 αὐτοὺς
1688 484 1890 520 ἁναϐεόηκὲναι

1099 529 1146 555 καὶ
1160 529 1327 564 καταμένειν
1342 529 1448 561 ἐξέθετο
1459 539 1466 563 ;

1441 577 1547 610 Λύσις.

1136 617 1250 653 Ἔτερόν
1275 619 1351 646 ἐστιν
1364 620 1415 652 Εἰς
1439 621 1603 654 Βηθανίαν,
1620 621 1666 648 καὶ
1696 622 1790 657 ἕτερον
1811 623 1890 657 Πρὸς

1098 664 1261 696 Βηθανίαν.
1279 665 1316 690 Τὸ
1334 665 1390 701 γὰρ
1405 666 1483 698 Πρὸς
1506 668 1671 700 Βηθανίαν,
1695 668 1804 694 δίδωσιν
1824 670 1890 703 ἡμῖν

1100 709 1170 734 νοεῖν
1184 708 1233 744 τὴν
1243 709 1301 735 ὁδὸν
1313 711 1363 745 τὴν
1379 711 1541 745 ἀπάγουσιν
1559 713 1617 739 ἐκεῖ
1630 714 1671 744 εἰς
1686 718 1698 731 ι
1713 713 1742 740 τὸ
1759 713 1822 748 δρος
1836 715 1890 740 τῶν

1100 751 1212 779 Ἐλαιῶν
1222 753 1386 788 παράκειται
1400 755 1481 790 ’ὅπερ
1498 751 1608 788 Λουκᾶς
1622 757 1824 791 ἑξέθετο,πρὸς
1833 760 1891 791 Βη-

1101 797 1208 824 θανίαν
1219 797 1315 830 εἰπὼν,
1327 799 1374 825 καὶ
1387 800 1417 825 τὸ
1427 800 1544 835 ὁμοροῦν
1560 802 1629 837 αὐτῇ
1640 801 1724 837 μέρος
1735 802 1782 828 τοῦ
1799 803 1890 837 ὅρους,

1100 841 1207 873 τούτοις
1224 843 1397 878 αἰνιξάμενος
1408 865 1415 877 ,
1435 845 1499 871 ἔνθα
1514 846 1560 872 τὸν
1583 846 1684 882 Κύριον
1702 848 1891 883 ἀναληφθῆναι
1932 859 1935 861 λ

265 893 468 928 quodammodo
483 894 569 920 instar
585 894 767 929 chorographi
786 894 953 922 describens.
966 894 1049 922 Porro

1104 885 1264 929 ἱστόρησεν·
1287 889 1508 924 χωρογραφήσας
1529 891 1630 925 τρόπον
1654 891 1715 917 τινὰ
1735 893 1780 917 τὴν
1795 892 1890 919 τόπον.

265 920 385 966 s-ecunda
400 938 514 973 quaestio
542 939 614 966 hanc
631 920 913 967 habet-solutionem.
929 939 996 967 Post
1007 947 1049 967 as-

1105 928 1141 956 Τὸ
1157 930 1249 965 μέντοι
1407 920 1529 969 ζήτημα,
1547 920 1649 971 ταύτην
1667 936 1723 971 ἔχει
1738 937 1787 972 τὴν
1801 938 1889 964 λύσιν.

265 985 448 1019 ειιηψιίοηθω
470 984 575 1011 Domini
591 986 700 1020 regressi
713 990 774 1012 sunt
783 986 897 1020 apostoli
906 987 934 1012 in
943 985 1052 1012 Jerusa-

265 1030 326 1062 lem,
336 1034 366 1057 ut
378 1030 406 1056 in
421 1029 568 1064 Evangelio
586 1031 760 1063 continetur;
775 1035 800 1057 et
816 1037 890 1057 erant
908 1039 1010 1065 semper
1024 1031 1052 1057 in

266 1076 361 1109 templo
374 1083 382 1107 ,'
396 1083 445 1110 per
464 1076 647 1109 praastitutum
664 1083 763 1110 nempe
780 1080 888 1111 tempus
908 1077 1050 1108 orationis,

265 1127 319 1154 quo
340 1120 440 1147 licebat
455 1120 483 1146 in
499 1119 600 1154 templo
618 1120 783 1148 commorari
798 1142 805 1154 ,
822 1121 940 1156 reliquas
960 1125 1050 1148 autem

266 1165 349 1191 horas
372 1164 444 1191 domi
462 1165 675 1197 consumebant,
689 1165 740 1192 hoc
754 1170 805 1198 est,
817 1166 845 1192 in
861 1167 1003 1194 caenaculo
1024 1168 1051 1194 in

264 1209 338 1236 Actis
358 1210 542 1244 apostolorum
558 1210 696 1238 declarato
708 1219 716 1244 ;
728 1211 823 1246 utique
836 1211 863 1237 in
877 1211 935 1246 ipso
951 1212 1052 1239 indesi-

265 1258 363 1282 nenter
378 1255 549 1283 celebrantes
562 1259 590 1283 et
603 1255 796 1284 benedicentes
813 1257 970 1284 Dominum.
982 1257 1051 1290 Quia

264 1300 354 1334 ipsum
365 1299 443 1326 decet
454 1300 549 1334 gloria,
563 1308 618 1328 una
625 1308 688 1328 cum
702 1301 782 1329 Patre
791 1307 921 1330 etsancto
935 1302 1050 1337 Spiritu,

265 1344 293 1371 in
308 1344 418 1373 szecula.
436 1345 535 1372 Amen.

351 1431 381 1459 S.
396 1432 526 1467 Hesychii,
539 1433 681 1468 presbyteri
706 1433 956 1468 Hierosolymorum.

299 1477 390 1510 Quare
409 1478 529 1505 Joannes
550 1479 659 1513 quidem
681 1479 827 1506 Dominum
847 1479 936 1514 ipsum
959 1483 1052 1506 narrat

263 1528 388 1561 portasse
409 1531 519 1551 crucem
534 1533 541 1557 ;
556 1525 647 1552 caeteri
668 1532 734 1552 vero
761 1526 944 1560 evangelista,
960 1524 1050 1552 Simo-

264 1577 328 1597 nem
345 1569 503 1603 Cyrenaeum
518 1569 543 1596 id
557 1570 644 1604 egisse
657 1570 932 1605 conscripserunt“?

297 1654 366 1686 Quia
381 1658 528 1688 utrumque
541 1654 643 1682 factum
659 1660 712 1682 est.
725 1655 812 1682 Simul
827 1657 900 1683 enim
915 1665 947 1684 ac
962 1658 1050 1686 abdu-

265 1703 326 1726 ctus
341 1699 392 1725 fuit
403 1699 533 1726 Dominus
549 1704 578 1726 ut
594 1701 811 1735 cruciﬁgeretur,
827 1709 910 1736 super
920 1704 1051 1732 humeros

264 1743 389 1777 bajulans
399 1743 456 1777 ipse
467 1750 575 1770 crucem
585 1744 659 1777 exiit,
672 1745 803 1773 militibus
810 1754 866 1773 non
876 1747 1050 1782 dignantibus

265 1788 337 1814 illam
352 1792 467 1822 gestare,
479 1795 530 1815 nec
538 1793 643 1816 astante
658 1790 743 1818 altero
751 1792 797 1826 qui
809 1797 917 1827 portare
926 1794 1047 1822 deberet.

264 1831 317 1858 Ubi
333 1836 424 1858 autem
441 1832 493 1859 iter
514 1834 735 1867 capessivissent,
758 1840 824 1863 tunc
839 1838 992 1873 angariatus
1008 1839 1051 1867 Si-

263 1884 328 1903 mon
339 1883 355 1903 a
370 1876 511 1910 militibus,
525 1882 662 1912 sumptam
676 1887 736 1906 eam
744 1885 778 1906 ex
788 1880 898 1909 Christo
909 1883 1048 1918 bajulavit.

263 1921 342 1954 Quod
361 1926 452 1949 autem
467 1922 504 1949 ita
521 1931 564 1950 res
579 1923 687 1956 habeat,
704 1925 818 1959 ipsamet
833 1935 884 1955 nos
907 1928 1050 1964 Evangeli-

263 1970 366 1993 starum
400 1966 539 1994 docebunt
565 1969 647 1996 verba
667 1979 674 1996 :
692 1978 790 2006 nempe
809 1980 816 2005 ;
843 1974 1050 2008 angui-iuverunt

261 2017 461 2045 prwtereuntem
471 2012 604 2042 Simonem
615 2015 767 2050 Cyl-emtum
779 2019 923 2046 uenientem
932 2021 964 2048 de
973 2022 1048 2050 uilla.

262 2057 342 2090 Quod
365 2057 478 2090 indicat,
500 2059 532 2086 iis
555 2060 626 2087 viam
643 2061 832 2090 insistentibus
847 2065 882 2091 ad
904 2065 1048 2101 Golgotha,

262 2104 415 2131 occurrisse
431 2104 570 2132 Simonem
581 2107 736 2134 venientem
746 2108 781 2135 de
791 2109 863 2136 villa.
874 2110 942 2138 Nam
951 2120 1050 2140 occur-

262 2156 332 2180 rere,
352 2149 403 2176 iter
420 2151 562 2184 agentibus
579 2152 689 2180 accidit.
708 2153 840 2186 Quocirca
862 2164 972 2185 crucem
991 2167 1048 2187 non

261 2194 295 2221 ab
308 2194 395 2227 initio,
411 2196 458 2222 sed
473 2200 538 2224 tunc
547 2199 701 2233 angariatus
717 2207 766 2228 seu
779 2202 891 2230 adactus
905 2204 1046 2239 bajulavit.

261 2357 389 2419 “:LAgto:
403 2366 423 2391 ι,
441 2358 485 2385 12.
523 2359 545 2376 ⁸⁹
559 2360 626 2388 Luc.
642 2370 714 2396 xnv,
732 2363 776 2392 55.
822 2366 844 2381 ⁹⁰
860 2367 920 2394 Act.
936 2375 956 2401 1,
975 2368 1017 2396 l3.

331 2412 337 2424 ,
355 2412 398 2419 -νι

1108 976 1319 1011 Ὑπέστρεψαν
1335 978 1394 1014 μὲν,
1405 980 1608 1015 ἀναληφθέντος
1619 982 1665 1008 τοῦ
1676 983 1814 1018 Κυρίουφὶ
1822 985 1892 1012 ἀπό.

1103 1022 1191 1049 στολοι
1206 1024 1250 1056 εις
1271 1023 1481 1059 Ἰερουσαλὴμ,
1500 1026 1592 1059 καθὼς
1609 1028 1649 1063 τῷ
1666 1029 1827 1065 Εὑαγγελὶῳ
1841 1040 1892 1057 πε-

1103 1067 1234 1103 ριέχεται,
1247 1068 1296 1095 καὶ
1313 1067 1395 1104 ἦσαν
1408 1070 1572 1105 διαπαντὸς
1587 1073 1623 1100 ἐν
1637 1073 1677 1107 τῷ
1690 1074 1758 1108 ιερῷ
1769 1072 1814 1102 τεν
1824 1076 1893 1112 ὡρι-

1103 1113 1204 1147 σμένον
1224 1113 1326 1149 δηλαδὴ
1347 1115 1444 1150 χρόνον
1470 1117 1520 1152 τῆς
1543 1119 1716 1154 προσευχῆς,
1735 1119 1764 1145 ὃν
1786 1120 1851 1155 ἐξῆν
1864 1122 1893 1147 ἐν

1101 1157 1140 1193 τῷ
1159 1157 1225 1193 ἱερῷ
1239 1159 1389 1194 διατρίϐειν
1402 1169 1409 1175 ·
1426 1161 1474 1193 τὰς
1490 1162 1519 1188 δὲ
1540 1163 1638 1195 λοιπὰς
1658 1164 1733 1200 ὥρας
1752 1166 1823 1192 οἴκοι
1850 1167 1894 1192 δι-

1103 1204 1221 1238 έτριϐον,
1236 1205 1376 1232 τουτέστιν
1398 1207 1427 1233 ὲν
1441 1208 1480 1242 τῷ
1495 1208 1613 1244 ὑπερῴῳ
1629 1210 1668 1244 τῷ
1695 1211 1724 1238 ἐν
1742 1213 1802 1243 ταῖς
1816 1212 1882 1248 Πρα-

1104 1250 1161 1281 ξεσι
1180 1250 1234 1277 τῶν
1259 1251 1417 1279 ἀποστόλων
1434 1253 1626 1290 δεδηλωμένῳ·
1643 1256 1691 1282 καὶ
1707 1255 1760 1291 μὴν
1777 1258 1806 1282 ἐν
1818 1257 1893 1292 αὑτῷ

1102 1295 1252 1328 ἀπαύστως
1276 1297 1425 1332 ὑμνοῦντες
1446 1299 1493 1325 καὶ
1521 1300 1696 1334 εὐλογοῦντες
1714 1301 1760 1327 τὸν
1777 1302 1892 1338 Κύριον.

1103 1340 1169 1366 Ὀτι
1185 1341 1259 1376 αὐτῷ
1284 1342 1386 1378 πρέπει
1408 1344 1424 1378 ἡ
1447 1344 1522 1378 δόξα,
1543 1345 1600 1380 ἅμα
1617 1346 1656 1380 τῷ
1676 1347 1764 1382 Πατρὶ
1789 1348 1837 1374 καὶ
1853 1348 1894 1384 τῷ

1103 1386 1173 1422 ἁγίῳ
1189 1388 1340 1423 Πνεύματι,
1355 1390 1396 1421 εἰς
1407 1391 1472 1422 τοὺς
1488 1391 1599 1424 αἰῶνας.
1616 1393 1714 1428 Ἀμήν.

1225 1433 1279 1460 Τοῦ
1294 1433 1341 1468 ἀγ.
1366 1434 1512 1469 ἹῙσυχΙου
1527 1439 1633 1470 πρεσσ.
1665 1438 1770 1473 Ἱεροσ.

1139 1477 1217 1509 Τίνος
1227 1478 1308 1514 χάριν
1322 1480 1335 1505 ὁ
1349 1480 1398 1514 μὲν
1419 1480 1545 1516 Ἰωάννης
1559 1482 1694 1517 βαστάσαι
1704 1486 1749 1511 τὸν
1764 1486 1880 1520 σταυρὸν

1103 1523 1184 1549 αὑτὸν
1205 1524 1308 1559 ἱστορεῖ
1332 1525 1378 1551 τὸν
1397 1526 1500 1561 Κύριον
1513 1534 1519 1541 ·
1541 1528 1566 1554 οἱ
1590 1529 1618 1554 δὲ
1637 1530 1725 1556 λοιποὶ
1746 1532 1892 1566 εὐαγγελι-

1104 1568 1174 1600 σταὶ,
1184 1569 1294 1604 Σίμωνα
1309 1570 1355 1596 τὸν
1367 1571 1522 1606 Κυρηναῖον
1543 1575 1724 1610 πεποιηκέναι
1733 1576 1812 1603 τοῦτο
1829 1586 1892 1605 σαν-

1103 1614 1224 1649 έγραψαν
1235 1624 1242 1647 ;

1144 1658 1253 1693 Ἐπειδὴ
1276 1658 1408 1694 ἑκάτερον
1435 1661 1607 1696 πέπρακται.
1637 1665 1713 1700 Ἅμα
1739 1667 1795 1702 γὰρ
1822 1668 1892 1703 τῷι

1102 1703 1259 1738 ἀπαχθῆναι
1272 1704 1319 1730 τὸν
1330 1705 1433 1741 Κύριον
1449 1707 1496 1733 ἐπὶ
1513 1709 1543 1734 τὸ
1558 1711 1761 1746 σταυρωθῆναι.
1776 1714 1823 1739 ἐπὶ
1837 1714 1892 1740 τῶν

1102 1748 1185 1783 ῶμων
1210 1749 1354 1784 βαστάζων
1375 1751 1429 1792 τὺνῑ
1444 1754 1562 1788 σταυρὸν
1586 1755 1669 1787 αὐτὸς
1694 1757 1818 1791 ἐξῆλθεν,
1837 1759 1893 1786 τῶν

1104 1795 1280 1830 στρατιωτῶν
1294 1796 1345 1822 οὐκ
1358 1797 1505 1828 ἀξιούντων
1517 1799 1652 1834 βαστάσαι
1667 1802 1758 1834 αὑτὸν,
1777 1804 1815 1839 μὴ
1837 1813 1892 1830 7:1-

1105 1841 1198 1876 ρόντος
1227 1842 1321 1876 ἐτέρου
1345 1842 1393 1869 τοῦ
1420 1844 1566 1878 βαστάζειν
1591 1847 1756 1881 ὀφείλοντος.
1790 1849 1835 1881 Ὡς
1862 1850 1892 1877 δὲ

1100 1887 1204 1922 ἥψαντο
1218 1888 1267 1922 τῆς
1277 1888 1349 1920 ὁδοῦ,
1365 1889 1425 1915 τότε
1442 1891 1625 1926 ἁγγαρευθεὶς
1638 1895 1651 1920 ό
1664 1894 1755 1928 Σίμων
1774 1896 1826 1922 ὑπὸ
1837 1897 1892 1922 τῶν

1102 1933 1288 1968 στρατιωτῶν,
1300 1934 1389 1961 λαϐὼν
1398 1935 1479 1962 αὑτὸν
1488 1937 1542 1963 ἀπὸ
1555 1937 1602 1964 τοῦ
1616 1938 1716 1974 Κυρίου
1729 1940 1890 1968 ἐϐάστασεν.

1102 1978 1163 2004 Ὅτι
1176 1979 1204 2005 δὲ
1223 1978 1312 2011 οὕτως
1332 1980 1400 2015 ἔχει,
1424 1982 1495 2008 αὐτὰ
1519 1983 1594 2018 ἡμᾶς
1612 1983 1666 2011 τῶν
1686 1986 1892 2020 εὐαγγελιστῶν

1100 2024 1200 2056 διδάξει
1231 2025 1264 2052 τὰ
1293 2027 1419 2061 ῥήματα·
1441 2028 1537 2064 ὅτιπερ
1550 2049 1558 2062 ,
1582 2030 1795 2066 Ἀγγαρεύουσι
1817 2041 1892 2067 παρ-

1100 2070 1212 2104 άγοντα
1225 2071 1343 2105 Σίμωνα
1351 2074 1704 2112 Κυρηναῖον,ἐρχόμενον
1717 2078 1774 2104 ἀπὸ
1784 2079 1889 2113 ἁῃοοῦ·

1100 2116 1168 2150 ὅπερ
1187 2116 1278 2150 δηλοῖ,
1308 2117 1348 2143 ὅτι
1370 2119 1420 2154 τῆς
1445 2120 1506 2146 όδοῦ
1534 2122 1675 2157 ἐχομένοις
1693 2123 1744 2157 τῆς
1773 2124 1822 2150 ἐπὶ
1844 2124 1890 2150 τὶν

1100 2160 1245 2194 Γολγοθὰν,
1257 2162 1406 2197 ἐρχόμενος
1417 2164 1472 2191 ἀπὸ
1482 2167 1568 2200 ἀγροῦ
1579 2168 1593 2193 ὁ
1604 2167 1694 2201 Σίμων
1710 2169 1890 2204 συνήντησεν.

1100 2207 1137 2233 Τὸ
1160 2207 1214 2243 γὰρ
1237 2210 1415 2243 συναντῆσαι,
1442 2213 1500 2243 τοῖς
1519 2213 1641 2240 ὁδεύουσι
1665 2214 1781 2247 γίνεται.
1806 2215 1889 2240 Ὅθεν

1102 2250 1148 2277 τὸν
1163 2251 1277 2286 σταυρὸν
1292 2252 1342 2278 οὐκ
1354 2253 1382 2286 ἐξ
1403 2254 1503 2290 ἀρχῆς,
1525 2256 1593 2283 ἀλλὰ
1611 2258 1673 2283 τότε
1695 2258 1888 2293 ἁγγαρευθεὶς,

1102 2294 1263 2321 ἐϐάστασεν.
1402 2319 1406 2322 .

1068 2371 1090 2387 ’ί
1104 2370 1184 2400 Joan.
1198 2383 1254 2408 xu,
1274 2377 1316 2409 l7;
1331 2377 1424 2405 Matth.
1440 2386 1522 2413 xrvu,
1535 2378 1580 2412 52;
1594 2378 1676 2406 Marc.
1691 2387 1725 2405 xv
1737 2400 1744 2412 ,
1760 2380 1805 2413 είς
1819 2380 1885 2408 Ltlc.

889 2446 1007 2476 VARle
1020 2449 1222 2481 LECTlONES.

297 2487 311 2500 ι
329 2483 361 2510 F.
440 2488 506 2514 hit.
527 2487 566 2515 τό.
