2069 3147
202 211 268 245 1481

567 211 617 242 DE
631 211 902 242 TEMPERANTIA
920 210 968 241 ET
988 209 1167 240 VIRTUTE.
1183 221 1216 226 --
1235 208 1430 239 CENTURIA
1444 207 1469 236 Ῑ.

1755 203 1823 236 1482

197 269 246 296 καὶ
263 267 412 303 προθύμως
429 267 576 302 ὀδευομένη
587 275 595 283 ·
618 267 719 302 γνῶσίν
739 276 769 294 τε
785 266 894 301 ἀσφαλῆ
914 265 984 292 Θεοῦ

1038 265 1128 298 pravis
1141 263 1281 299 operibus,
1304 262 1455 298 opitulante
1478 261 1546 294 Deo,
1565 267 1679 295 prorsus
1710 260 1822 287 liberal.

197 312 245 340 τοῦ
270 312 464 346 ἀκαταλήπτου
489 311 636 346 ὸδευομένη
659 310 814 346 χαρίζεται,
840 310 901 337 καθ’
925 310 986 336 ὅσον

198 360 320 394 ἐφικτὸν,
337 359 385 385 καὶ
402 359 562 394 μυστηρίων
585 359 665 386 θείων
679 359 726 385 καὶ
737 357 907 393 ἀποκρύφων
921 358 987 384 ἀπο-

199 404 311 440 κρύφως
337 402 432 429 λύσιν·
461 402 578 438 ὑπάρχει
603 411 634 429 τε
660 402 752 437 πάσης
779 401 889 436 ἐντολῆς
918 400 986 428 Θεοῦ

199 451 321 481 Παλαιᾶς
341 449 389 476 καὶ
412 449 484 481 Νέας
509 449 647 484 Διαθήκης
664 448 804 484 ποιητικὴ,
823 448 870 474 καὶ
888 448 987 479 παντὸς

198 495 303 530 ἀγαθοῦ
325 495 373 522 τοῦ
401 495 545 530 μέλλοντος
564 495 663 527 αἰῶνος
680 495 845 530 παρεκτική.
868 493 944 529 Αὕτη
958 494 986 520 δὲ

197 542 302 577 κυρίως
316 541 401 574 ἐστὶν,
421 542 437 577 ἡ
461 541 510 576 τῆς
535 541 648 577 καρδίας
666 542 822 577 καθαρότης
834 549 840 556 ⁵
857 542 919 577 ἥτις
942 541 988 567 διὰ

197 589 228 615 τὸ
245 588 361 623 μέγεθος
376 588 423 614 καὶ
440 587 490 622 τὴν
505 587 637 623 καλλονὴν
659 588 755 623 αὐτῆς,
779 588 796 622 ἢ
813 588 987 623 κυριωτέρως

198 635 300 666 εἰπεῖν,
338 633 383 660 διὰ
409 633 458 669 τὴν
484 634 651 670 ἀπροσεξίαν
675 635 721 661 καὶ
745 634 876 669 ἀμέλειαν
898 633 986 669 ἡμῶν,

199 678 325 711 σπανίζει
341 679 461 715 σήμερον
486 679 559 706 πάνυ
580 680 610 706 ἐν
634 681 777 715 μοναχοῖς·
795 680 828 715 ἣν
842 681 856 706 ὀ
871 680 988 714 Χριστὸς

198 724 347 760 μακαρίζει
370 725 457 758 λέγων
473 732 480 739 '
503 725 647 759 Μακάριοι
672 727 699 752 οὶ
718 725 840 760 καθαροὶ
864 725 900 759 τῇ
919 733 988 759 καρ-

196 770 259 804 δίᾳ,
284 769 330 797 ὅτι
352 770 438 797 αὐτοὶ
458 771 512 798 τὸν
530 771 604 798 Θεὸν
630 771 770 805 ὄψονται.
798 771 916 807 Τοιαύτη
941 771 988 798 οὖν

198 814 276 848 οὖσα,
293 815 393 843 πολλοῦ
410 816 588 852 ἀγοράζεται.
612 817 703 852 Nati;
718 818 747 843 ὲν
770 817 906 853 ἀνθρώπῳ
922 826 987 853 χρο-

199 863 321 895 νιζουσα..
339 863 421 899 ὀρθοῦ
441 863 489 890 καὶ
512 864 658 899 οεαρέστου
678 864 736 898 βίου
758 864 854 899 ὁδηγὸς
870 865 986 898 γίνεται.

199 908 302 935 Τούτου
327 908 375 935 καὶ
399 909 536 940 ὲπίῦασις,
554 909 671 944 θεωρίαν
685 910 732 937 καὶ
745 910 776 936 τὸ
791 911 920 945 τριμερὲς
938 910 987 944 τῆς

1037 317 1140 339 certam
1156 311 1238 339 etiam
1262 311 1298 338 de
1323 311 1378 337 Deo
1407 307 1675 343 ineomprchensibili
1699 307 1823 335 notitiam

1037 357 1161 392 largitur,
1177 361 1308 391 quantum
1324 355 1431 390 assequi
1444 355 1523 381 licet:
1543 361 1649 381 necnon
1669 354 1823 380 divinorum

1038 406 1066 428 ct
1083 402 1252 429 occultorum
1269 401 1460 436 mysteriorum
1476 405 1608 428 secretam
1630 400 1732 434 praebet
1752 399 1825 426 solu-

1039 446 1140 473 tionem
1153 455 1159 472 :
1174 446 1331 481 suppeditat
1344 446 1416 472 vires
1436 445 1566 480 implendi
1578 449 1675 472 cuncta
1691 444 1736 471 Dei
1747 452 1820 471 man-

1039 493 1177 523 data.tam
1196 492 1287 520 Veteri
1300 500 1382 526 quam
1401 492 1477 518 Novo
1503 491 1678 518 Testamento
1698 498 1825 525 compre--

1038 539 1140 565 hensa:
1165 542 1192 565 et
1213 537 1322 564 tandem
1353 537 1480 563 universa
1511 537 1580 563 bona
1605 540 1717 571 przestat
1740 535 1823 563 futuri

1039 583 1140 611 smculi.
1154 583 1216 611 Haec
1231 587 1321 610 autem
1337 583 1447 617 proprie
1463 587 1505 609 est
1523 581 1627 616 peritas
1651 582 1742 609 cordis
1764 589 1825 616 qum

1038 629 1146 664 quidem
1168 633 1279 664 propter
1293 629 1484 656 excellentiam
1509 632 1537 655 et
1565 628 1712 655 bonitatem
1735 635 1826 658 suam,

1039 675 1081 702 vel
1098 678 1140 709 (ιιι
1150 675 1236 710 magis
1251 674 1362 709 proprie
1375 673 1481 708 loquar)
1498 674 1533 701 ob
1546 673 1680 709 ignaviam
1702 673 1826 708 ctnegli-

1038 721 1158 755 gentiam
1173 726 1307 754 nostram,
1321 720 1401 747 hodie
1416 720 1538 755 profecto
1552 727 1611 746 rara
1627 724 1668 746 est
1682 719 1707 745 in
1730 726 1826 745 mona-

1037 766 1112 794 chis:
1127 774 1208 801 quam
1222 766 1348 793 Christus
1366 766 1472 793 beatam
1500 765 1638 799 pnedicat,
1660 764 1703 792 his
1725 764 1824 795 verbis,

1039 812 1115 838 Beati
1132 811 1229 838 mundo
1242 811 1330 842 corde,
1347 812 1473 845 quoniam
1489 811 1539 844 ipsi
1557 811 1640 837 Deum
1657 810 1780 837 videbunt
1791 811 1824 836 ⁵⁸.

1038 857 1106 884 Cum
1114 864 1179 892 ergo
1194 857 1229 884 sit
1243 856 1389 890 ejusmodi,
1412 864 1510 891 magno
1537 856 1690 883 redimitur.
1708 856 1826 891 Tempe.

1039 902 1126 930 rantia
1142 910 1202 936 quae
1221 902 1353 937 perdurat
1367 901 1394 928 in
1407 901 1529 933 homine,
1543 905 1624 928 recta:
1642 901 1751 936 Dcoque
1767 902 1826 936 pla-

199 954 290 989 ψυχῆς
311 953 424 985 δικαίως
448 956 532 981 κινεῖν
550 955 625 991 ἡμᾶς
646 955 811 987 ἐκδιδάσκει,
827 955 877 987 τὰς
893 955 988 990 αἰσθή-

1038 947 1126 974 contis
1152 947 1215 974 vitae
1239 947 1293 974 dux
1315 947 1449 974 efﬁcitur:
1480 946 1560 980 cujus
1589 954 1752 982 progressus
1775 955 1826 974 nos

201 1009 258 1031 σεις
279 1008 308 1026 τε
328 1000 456 1035 ἀσφαλῶς
475 1002 564 1036 τηρεῖ,
582 1002 629 1028 καὶ
646 1002 695 1033 τὰς
717 1002 829 1036 γενικὰς
852 997 987 1037 τέσσαρας

198 1047 300 1082 ἀρετὰς
317 1049 346 1074 ὲν
362 1047 402 1083 τῷ
416 1048 523 1083 μετόχῳ
539 1048 623 1083 αὐτῆς
638 1047 699 1074 καθ’
717 1047 822 1083 ἡμέραν
835 1047 923 1080 αὗξει.

238 1177 271 1212 β’.
287 1178 326 1205 ι¹0
355 1178 440 1213 μέγας
466 1178 614 1214 νομοθέτης
639 1179 752 1214 Μωσῆς,
779 1179 879 1214 μᾶλλον
905 1179 933 1206 δὲ
957 1179 989 1206 τὸ

201 1223 349 1258 Πνεῠματὸ
365 1225 652 1258 ἅγιονίύποδεικνύων
666 1225 694 1252 τὺ
707 1225 852 1261 ἄμεμπτον
867 1226 913 1252 καὶ
935 1233 987 1252 κα-

201 1268 293 1304 θαρὸν,
314 1269 361 1295 καὶ
378 1270 563 1304 περιεκτικὸν,
582 1271 629 1296 καὶ
646 1270 775 1301 ὑψοποιὸν
790 1269 840 1305 τῆς
860 1271 987 1306 τοιαύτης

199 1314 316 1349 ἀρετῆς,
333 1315 382 1341 καὶ
399 1314 532 1341 διδάσκων
550 1316 633 1350 ἡμᾶς,
649 1317 724 1347 ὅπως
738 1316 840 1352 ταύτης
855 1315 987 1351 ἄρχεσθαι

201 1359 248 1385 καὶ
260 1358 379 1385 ἐκτελεῖν
393 1359 442 1391 δεῖ,
455 1360 575 1394 Πρόσεχε
593 1360 709 1395 σεαυτῷ,
729 1361 804 1395 φησὶ,
823 1361 860 1395 μὴ
876 1360 988 1395 γένηται

200 1404 279 1438 ῥῆμα
295 1405 426 1440 κρυπτὸν,
440 1405 490 1441 τὴν
516 1406 705 1440 μονολόγιστον
721 1406 870 1441 ἐμφάνειαν
886 1407 987 1442 ὀνομά-

201 1448 256 1480 ζων
286 1450 451 1485 πράγματός
481 1459 555 1482 τινος
588 1451 754 1486 μισουμένου
788 1452 908 1488 πονηροῦ
936 1452 988 1479 ὑπὸ

198 1494 268 1521 Θεοῦ
281 1503 287 1510 ·
310 1495 343 1531 ἢν
364 1496 396 1530 δὴ
422 1498 469 1523 καὶ
494 1497 647 1532 προσϐολὴν
671 1498 796 1531 λέγουσιν
812 1499 837 1525 οἱ
853 1498 989 1534 Πατέρεςζ

201 1543 410 1577 προσαγομένην
426 1544 459 1578 τῇ
475 1543 574 1578 καρδίᾳ
599 1552 645 1570 σου
668 1544 742 1580 παρὰ
752 1544 799 1570 ’τθῦ
817 1544 952 1577 διαϐόλου,

201 1588 429 1616 ἐπακολουθοῦσιν
454 1591 478 1617 οί
493 1591 571 1625 ἡμῶν
595 1591 732 1626 λογισμοὶ,
755 1592 836 1624 εὐθὺς
858 1602 987 1629 παραφα-

201 1635 277 1670 νιίσῃ
297 1635 336 1670 τῷ
351 1634 398 1670 νῷ,
417 1636 549 1671 ἐμπαθῶς
565 1646 593 1664 τε
609 1638 676 1674 αὐτῇ
694 1639 944 1674 προσδιαλέγονται.

237 1722 271 1754 γ’-
291 1720 380 1756 Νῆψίς
407 1723 481 1749 ἐστιν
501 1724 560 1756 ὁδὸς
585 1724 675 1760 πάσης
692 1726 792 1761 ἀρετῆς
815 1727 862 1753 καὶ
878 1727 989 1761 ἐντολῆς

202 1765 281 1797 Θεοῦ,
296 1766 357 1802 ἥτις
373 1768 420 1794 καὶ
435 1769 533 1804 καρδία
549 1769 596 1796 καὶ
617 1771 727 1806 ἡσυχία,
751 1773 798 1798 καὶ
817 1773 989 1807 ἁφάνταστος

201 1808 376 1838 τελειωθεῖσα
392 1814 502 1850 φυλακὴ
516 1816 575 1847 νοδς
593 1817 609 1852 ἡ
624 1817 705 1851 αὑτή-

237 1902 268 1931 δ’.
290 1905 346 1940 Οὐχ
361 1907 411 1941 ὁρᾷ
426 1907 484 1940 φῶς
498 1907 574 1942 ἡλίου
588 1910 601 1935 ὸ
615 1910 754 1944 γεννηθεὶς
766 1911 867 1944 τυφλός
879 1919 886 1925 ·
902 1910 989 1942 οὕτως

202 1947 263 1974 οὐδὲ
277 1949 291 1975 ὁ
310 1949 348 1985 μὴ
370 1949 447 1985 νήφει
463 1951 563 1978 έδεύων
578 1953 628 1988 ὁρᾷ
651 1953 788 1985 πλουσίως
804 1955 854 1985 τὰς
877 1964 989 1990 μαρμα-

203 1997 289 2031 ρυγὰς
308 1997 358 2031 τῆς
378 1997 481 2024 ἄνωθεν
506 1999 632 2033 χάριτος·
648 1999 710 2025 οὗτε
728 2000 756 2026 δὲ
772 2000 989 2037 ἐλευθερωθήσε-

200 2049 248 2068 ται
272 2044 305 2069 ὲκ
332 2043 459 2078 πονηρῶν
484 2045 531 2071 καὶ
557 2046 680 2080 μισητῶν
704 2046 763 2081 Θεῷ
781 2047 869 2082 ἔργων
887 2055 917 2074 τε
941 2049 990 2076 καὶ

201 2086 289 2121 λόγων
311 2089 358 2115 καὶ
373 2090 493 2123 ἐννοιῶν,
512 2091 542 2122 ὃς
564 2091 612 2117 οὐκ
635 2091 781 2128 ἐλευθερίῳ
797 2094 891 2129 τρόπῳ
905 2095 935 2121 ἐν
954 2096 987 2130 τῇ

202 2133 285 2170 ἐξόδῳ
300 2136 364 2167 τοὺς
379 2137 542 2173 ταρταρίους
557 2139 756 2174 παρελεύσεται
773 2141 916 2176 ἄρχοντας.

237 2227 268 2251 ι’.
289 2225 412 2262 Προσοχὴ
439 2227 508 2259 ἐστι,
534 2229 668 2264 καρδιακὴ
693 2226 865 2263 ἀδιάλειπτος
889 2233 989 2269 ἡσυχία

1039 991 1145 1024 edocet,
1164 996 1194 1018 ut
1204 992 1277 1026 juste
1287 999 1444 1019 moveamus
1455 992 1681 1027 speculationem,
1695 996 1722 1019 et
1739 992 1826 1028 tripli-

1038 1044 1098 1064 cem
1114 1036 1212 1064 animae
1231 1037 1389 1064 facultatem
1403 1046 1410 1064 :
1427 1045 1525 1064 sensus
1538 1038 1566 1065 in
1590 1041 1649 1065 tuto
1664 1043 1825 1066 conservat;

1038 1086 1154 1116 quatuor
1181 1083 1264 1110 etiam
1298 1083 1440 1118 generales
1469 1083 1583 1110 virtutes
1618 1084 1761 1119 participio
1784 1085 1825 1111 sui

1039 1133 1119 1163 auget
1133 1128 1266 1163 quotidie.

1073 1176 1100 1202 2.
1115 1175 1228 1211 Magnus
1240 1176 1285 1203 ille
1296 1176 1435 1212 legislator
1447 1176 1544 1208 Moses,
1563 1175 1617 1203 imo
1631 1184 1695 1203 vero
1708 1176 1826 1211 Spiritus

1038 1226 1161 1255 sanctus,
1175 1223 1238 1250 dum
1261 1222 1376 1257 hujusce
1394 1222 1502 1250 virtutis
1527 1222 1683 1250 facultatem
1711 1223 1826 1257 irreprc-

1039 1267 1213 1300 hensibilem,
1232 1276 1338 1303 puram,
1355 1275 1496 1303 capacem,
1513 1272 1540 1295 et
1550 1268 1721 1303 magnificam
1735 1269 1827 1296 subin-

1038 1313 1120 1345 dicat,
1136 1313 1254 1341 instrues
1268 1321 1319 1341 nos
1332 1322 1383 1349 qua
1396 1313 1502 1341 ratione
1519 1313 1673 1341 ducendum
1701 1314 1738 1341 sit
1751 1315 1785 1341 ab
1796 1323 1826 1341 ea

1039 1358 1162 1392 initium,
1174 1363 1254 1394 atque
1278 1360 1516 1395 conplementum:
1545 1360 1663 1387 Attende
1691 1360 1740 1387 tibi
1764 1361 1826 1395 ipsi,

1038 1407 1087 1439 ait,
1101 1414 1136 1433 ne
1150 1406 1261 1433 verbum
1277 1406 1324 1432 liat
1336 1406 1489 1433 occultum:
1505 1405 1669 1440 singularem
1686 1407 1826 1441 appellans

1039 1453 1248 1481 ostentationem
1273 1452 1414 1487 cujusdam
1443 1452 1481 1479 rei
1510 1460 1600 1487 pravae
1629 1452 1685 1480 Deo
1713 1453 1825 1484 odiosas.

1039 1506 1120 1533 quam
1139 1506 1204 1526 sane
1231 1498 1325 1525 Patres
1343 1497 1425 1525 etiam
1449 1498 1592 1525 nominant
1614 1499 1825 1533 suggestionem,

1038 1551 1098 1578 quae
1111 1543 1248 1572 cordi-tuo
1265 1543 1421 1570 obtruditur
1434 1551 1449 1570 a
1475 1543 1592 1570 diabolo.
1618 1543 1715 1575 Quam,
1734 1543 1825 1570 statim

1041 1593 1071 1616 ut
1098 1596 1158 1616 sese
1171 1589 1326 1616 exhibuerit
1348 1588 1442 1621 menti,
1467 1592 1620 1622 sequuntur
1647 1589 1827 1623 cogitationes

1002 1624 1023 1654 (ἶ
1041 1639 1154 1668 nostrae,
1185 1639 1214 1662 ct
1240 1643 1301 1662 cum
1328 1642 1359 1661 ea
1386 1634 1519 1669 colloquia
1541 1635 1657 1663 miscent
1682 1635 1827 1664 affectibus

1041 1681 1131 1715 plena.

1077 1728 1104 1754 5.
1125 1727 1315 1762 Temperantia
1339 1731 1382 1755 est
1408 1727 1450 1754 via
1479 1727 1610 1755 virtutum
1634 1729 1775 1762 omnium,
1801 1734 1829 1758 et.

1041 1773 1233 1801 mandatorum
1264 1773 1322 1806 Dei,
1337 1781 1398 1808 qua:
1414 1773 1523 1808 quidem
1550 1774 1630 1802 etiam
1648 1779 1690 1802 est
1712 1783 1769 1808 cor,
1800 1781 1828 1803 ct

1040 1818 1134 1853 quies:
1163 1818 1312 1853 eademque
1338 1818 1371 1845 ad
1406 1818 1567 1846 vacuitatem
1603 1819 1827 1854 imaginationum

1041 1866 1162 1899 perfecte
1173 1866 1294 1897 redacta,
1311 1866 1411 1893 mentis
1421 1871 1462 1892 cst
1476 1866 1610 1893 custodia.

1075 1910 1103 1937 4.
1118 1909 1170 1942 Qui
1185 1915 1338 1937 excaecatus
1353 1914 1405 1942 est,
1420 1917 1474 1936 non
1489 1910 1563 1937 videt
1577 1911 1642 1938 solis
1665 1906 1776 1938 lumen:
1790 1911 1827 1938 ita

1040 1955 1086 1990 qui
1114 1963 1170 1982 non
1197 1956 1317 1982 ambulat
1345 1960 1539 1990 temperanter,
1571 1954 1706 1990 pretiosos
1733 1957 1826 1992 gratiae

1040 2009 1166 2036 supernae
1184 2001 1346 2036 splendores
1376 2002 1472 2036 nequit
1494 2003 1667 2037 perspicere:
1697 2012 1786 2040 neque
1812 2013 1827 2032 a

1041 2047 1118 2074 malis
1130 2051 1157 2075 et
1172 2046 1227 2074 Deo
1244 2047 1346 2075 odiosis
1361 2048 1500 2082 operibus,
1515 2049 1699 2079 sermonibus.
1711 2055 1738 2077 et
1755 2052 1828 2086 cogi-

1041 2094 1189 2121 tationibus
1212 2094 1384 2121 liberabitur.
1407 2095 1441 2122 Et
1458 2094 1480 2122 is
1494 2099 1614 2129 tempore
1635 2096 1734 2128 exitus,
1753 2097 1826 2124 nulla

1039 2140 1125 2167 libere
1135 2140 1267 2168 evadendi
1277 2140 1383 2168 ratione
1397 2148 1542 2176 perpensa,
1556 2145 1735 2169 tartareorum
1749 2142 1828 2178 prin-

1041 2186 1132 2220 cipum
1142 2194 1240 2213 manus
1252 2194 1307 2213 non
1323 2186 1444 2221 effugiet.

1077 2233 1110 2259 5..
1121 2232 1244 2259 Attentio
1256 2237 1299 2260 est
1313 2233 1442 2259 continua
1457 2233 1548 2260 cordis
1567 2233 1687 2268 requies.
1710 2235 1744 2262 ab
1768 2242 1829 2261 om-

201 2269 373 2315 unumne;
386 2271 527 2306 λογισμοῦ,
541 2274 658 2308 Χριστὸν
679 2275 783 2309 Ἰησοῦν
794 2277 839 2304 τὸν
856 2277 919 2304 Υίὸν
941 2278 988 2305 τοῦ

1043 2278 1123 2305 nibus
1154 2278 1365 2313 cogitationibus
1386 2277 1494 2305 libera:
1526 2286 1587 2313 quae
1615 2279 1702 2306 solum
1734 2279 1827 2307 Jesum

201 2313 270 2340 Θεοῦ
287 2316 334 2340 καὶ
354 2315 420 2342 Θεὸν
442 2317 485 2343 ἀεὶ
515 2318 563 2344 καὶ
592 2320 714 2352 ἀεννάως
733 2322 782 2348 καὶ
810 2322 992 2357 ἀδιαλείπτως

203 2359 285 2394 μόνον
309 2360 391 2387 αὐτὸν
413 2362 597 2396 ἀναπνέουσα,
625 2366 673 2392 καὶ
699 2367 920 2404 ἐπικαλουμένη,
946 2371 993 2397 καὶ

148 2436 153 2439 ν
202 2405 334 2440 ἀνδρείως
358 2407 426 2442 πρὸς
449 2409 513 2441 τοὺς
538 2410 654 2445 ἐχθροὺς
678 2414 884 2450 συντασσομένη
905 2415 990 2450 αὐτῷ,

202 2451 277 2486 αὐτῷ
292 2460 321 2478 τε
338 2452 572 2491 ἐξομολογουμένη
586 2456 625 2491 τῷ
639 2457 766 2490 ἐξουσίαν
781 2458 869 2494 ἔχοντι
885 2469 992 2496 συγχω-

204 2498 260 2542 ρεῖν
277 2497 475 2532 ἁμαρτήματα.
502 2501 764 2539 Περιπτυσσομένης
790 2505 844 2541 γὰρ
872 2507 991 2542 συνεχῶς

202 2541 312 2587 ξίῗριστῷ
332 2543 366 2568 δι’
380 2545 550 2580 ἐπικλήσεως
564 2548 695 2582 κρυπτῶς
709 2550 787 2587 μόνῳ
802 2551 841 2585 τῷ
853 2551 902 2583 τὰς
924 2541 992 2587 καρ-

202 2585 260 2617 δίας
275 2587 474 2625 ἐξεταζομένῳ,
497 2592 560 2623 τοὺς
583 2593 743 2629 ἀνθρώπους
759 2585 788 2623 τε
803 2597 909 2629 πάντας
924 2585 991 2626 παν-

202 2631 279 2678 τοίως
296 2632 389 2660 λαθεῖν
405 2637 579 2673 πειρωμένης
595 2640 645 2674 τῆς
661 2640 752 2677 ψυχῆς
767 2643 816 2678 τὴν
832 2643 990 2678 γλυκύτητα

201 2677 295 2724 αίδτγῆς.
309 2679 356 2705 καὶ
371 2679 417 2706 τὸν
433 2681 507 2708 ἔνδον
520 2683 624 2717 ἀγῶνα,
642 2687 712 2721 μήτε
733 2689 747 2714 ὁ
762 2677 881 2724 πονηρὸς
902 2677 990 2717 λαθὼν

201 2723 327 2751 εὐοδώσει.
344 2726 455 2760 κακίαν,
472 2729 520 2756 καὶ
535 2731 662 2764 ἀφανίσει
678 2723 829 2770 καλλίστην
848 2736 988 2769 ἐργασίαν.

236 2771 275 2815 ς’.
301 2770 390 2805 Νῆψίς
412 2773 496 2806 ἐστιν,
525 2774 643 2810 ἕμμονος
664 2778 795 2814 λογισμοῦ
821 2780 916 2815 πῆξις,
943 2783 990 2809 καὶ

201 2813 297 2846 στάσις
317 2816 398 2843 αὐτοῦ
419 2819 448 2844 ὲν
471 2819 543 2856 πύλῃ
567 2823 693 2857 καρδίας,
708 2826 725 2860 ἦ
741 2813 803 2857 τοὺς
825 2813 989 2863 ἐρχομένους

219 2901 242 2918 ⁸⁸
260 2902 352 2930 Matth.
365 2911 393 2931 ν.

363 2950 497 2983 ΡΑτιιοι..
518 2952 575 2982 Gn.
599 2954 702 2986 XCIII.

1041 2324 1182 2352 Christum
1199 2323 1245 2351 Dei
1271 2324 1368 2351 Filium
1395 2329 1424 2351 et
1452 2323 1538 2351 Deum
1561 2329 1693 2359 perpetuo
1718 2332 1750 2352 ac
1769 2325 1828 2351 sine

1042 2369 1247 2397 intermissione
1261 2371 1348 2404 spirat
1359 2373 1387 2396 et
1399 2369 1536 2404 implorat,
1552 2374 1606 2397 stat
1622 2377 1683 2397 cum
1700 2378 1732 2398 eo
1741 2370 1828 2398 virili-

1042 2420 1083 2443 ter
1094 2416 1120 2442 in
1137 2415 1197 2443 acie
1212 2416 1344 2443 adversus
1354 2415 1458 2448 hostes,
1472 2415 1552 2450 eique
1563 2417 1718 2448 confitetur,
1730 2419 1829 2451 nempe

1041 2462 1086 2496 qui
1099 2462 1182 2496 possit
1194 2462 1334 2489 remittere
1348 2466 1469 2496 peccata.
1481 2461 1549 2488 Cum
1562 2461 1635 2488 enim
1646 2462 1736 2489 anima
1752 2462 1830 2490 invo-

1041 2507 1195 2535 cationibus
1210 2507 1327 2534 assiduis
1341 2507 1577 2542 circumplectitur
1602 2507 1754 2540 Christum,
1782 2508 1830 2543 qui

1040 2554 1115 2581 solus
1150 2557 1257 2581 secreto
1286 2557 1425 2580 scrutatur
1457 2553 1560 2584 corda,
1589 2560 1754 2588 omnemque
1784 2554 1830 2581 dat.

1040 2607 1164 2634 operam,
1180 2607 1215 2626 ne
1232 2599 1279 2626 ulli
1292 2599 1434 2626 hominum
1448 2603 1520 2626 notae
1534 2599 1589 2626 sint
1604 2599 1764 2627 dulcedines
1773 2607 1830 2627 suae

1041 2644 1199 2679 intentique
1225 2644 1378 2675 conﬂictus,
1402 2644 1479 2671 nullo
1506 2648 1587 2678 pacto
1613 2644 1754 2679 improbus
1784 2645 1830 2672 ille

1044 2690 1113 2716 ciam
1125 2690 1276 2723 nequitiam
1298 2697 1459 2725 promovere
1480 2689 1590 2724 poterit,
1606 2693 1634 2716 et
1658 2690 1830 2724 operatione;

1044 2735 1161 2770 optimas
1171 2735 1273 2763 delere.

1079 2781 1105 2808 6.
1137 2781 1329 2816 Temperantia
1361 2786 1403 2809 est
1427 2789 1606 2817 perseverans
1635 2781 1829 2817 cogitationum

1043 2829 1195 2855 constantia
1219 2837 1224 2855 :
1254 2829 1366 2863 quando
1400 2829 1502 2856 scilicet
1533 2830 1668 2857 sistuutur
1692 2829 1757 2863 ipsa;
1781 2834 1830 2863 pro

1600 2961 1635 2999 “7.
