2069 3147
232 234 243 266 l
250 236 298 267 487

230 345 354 376 purgata,
371 340 538 367 earetarmis
554 340 587 367 ad
603 339 703 366 bellum
722 340 804 374 aptis.
828 339 1021 366 Precationem

230 387 301 417 ιΙίοο,
314 394 422 420 semper
436 386 572 421 vigentem
595 386 620 411 iu
647 385 832 420 penetralibus
857 386 972 412 animm:
994 388 1025 411 ut

231 442 280 468 per
296 431 497 460 iuvet-stionem
511 432 576 459 .lesu
591 432 694 459 Christi
709 431 908 458 etintestinum
921 431 1022 459 bellum

230 477 389 513 eastigetur.
401 482 429 504 et
445 477 533 504 hostis
544 480 685 504 exuratur.

265 523 311 549 2‘2.
335 522 421 549 Debes
433 522 559 556 equidem
579 526 606 548 tu
620 520 712 548 subtili
729 525 757 548 et
784 521 891 548 intenso
922 521 1023 548 mentis

231 569 329 595 intuitu
341 567 509 604 perspicere,
526 567 700 602 ulinlelligas
717 566 903 601 ingredientes
917 566 1022 600 cogita-

232 615 331 642 tiones.
347 613 398 642 Ubi
415 621 481 641 vero
496 613 583 643 noris.
598 613 690 640 statim
717 612 871 639 resistendo
897 617 1023 640 conteras

232 660 474 696 caputserpentis:
493 666 601 693 unaque
617 658 769 693 suspirans,
781 658 919 685 Christum
937 658 1022 686 incla-

232 712 314 734 mato.
350 707 382 734 Et
409 707 445 733 ita
473 705 616 740 experiere
647 705 770 732 divinam
799 710 826 733 et
857 705 1022 733 invisibilem

231 752 434 780 defensionem.
452 751 490 778 Ac
505 755 561 778 tum
573 751 677 785 liquido
692 751 836 786 perspicua
863 752 910 778 ﬁet
933 751 1023 779 cordis

232 798 378 826 rectitude.

267 845 312 872 23.
348 843 582 877 Quemadmodum
605 843 628 870 is
650 843 695 877 qui
721 843 861 878 speculum
894 848 967 871 tenet
995 845 1022 871 in

232 899 325 922 manu,
358 891 381 918 si
415 891 484 917 forte
509 890 666 917 consistens
694 890 721 916 in
747 890 837 917 medio
863 889 1021 922 multorum,

231 937 329 964 detixis
343 933 429 964 oeulis
444 936 583 963 intueatur
614 935 640 961 in
666 935 789 969 speculo,
820 934 894 962 videt
913 934 1021 969 quidem

232 983 305 1018 quali
321 983 356 1010 sit
371 982 429 1017 ipse
445 981 525 1013 facie,
541 981 614 1008 videt
627 981 710 1008 etiam
727 981 843 1008 aliorum
874 976 979 1008 vultum
995 981 1023 1008 ill

234 1030 304 1056 idem
322 1029 463 1064 speculum
477 1028 710 1055 incumbentium:
725 1028 762 1054 ita
773 1027 819 1061 qui
843 1031 916 1054 totus
930 1028 957 1054 in
977 1035 1023 1054 cor

235 1083 315 1102 suum
332 1074 476 1106 incumbit,
495 1077 523 1100 et
543 1081 621 1101 suum
638 1073 724 1107 ipsius
742 1077 841 1100 statum
858 1073 885 1100 in
901 1080 934 1100 eo
955 1080 1024 1099 con-

235 1119 326 1154 spicit,
343 1123 371 1146 et
392 1119 497 1154 nigram
518 1118 681 1153 spiritalium
713 1117 874 1152 [Ethiopum
902 1117 1024 1144 intuetur

235 1166 341 1192 faciem.

269 1211 314 1238 24.
335 1211 470 1238 Czeterum
486 1217 564 1236 mens
579 1217 627 1244 per
638 1209 755 1243 seipsam
767 1209 854 1236 solam
868 1217 922 1236 non
936 1213 1025 1244 potest

235 1262 366 1290 superare
399 1254 554 1281 illusionem
583 1253 758 1280 da-mon'um:
790 1260 823 1280 ne
858 1253 910 1280 sibi
933 1253 968 1280 de
992 1260 1025 1279 eo

236 1301 351 1328 nimium
369 1300 444 1327 ﬁdat.
464 1300 529 1326 Nam
541 1307 602 1326 eum
619 1299 673 1326 sint
699 1299 814 1329 versuti,
843 1299 926 1326 etiam
953 1299 1024 1325 vinci

235 1348 375 1380 simulant,
389 1347 453 1373 dum
469 1346 578 1373 aliunde
589 1353 637 1380 per
647 1346 753 1372 inanem
772 1346 883 1380 gloriam
896 1347 1026 1380 supplau-

237 1398 304 1420 tant.
323 1393 439 1426 Quando
455 1400 520 1420 vero
539 1391 620 1419 Jesus
640 1392 791 1424 invocatur,
819 1399 853 1419 ne
880 1391 913 1418 ad
930 1392 1024 1419 horam

236 1438 345 1474 quidem
362 1438 525 1469 subsistere.
544 1441 590 1464 aut
605 1437 697 1464 fallere
715 1441 740 1464 te
755 1442 879 1472 possunt.

270 1484 315 1511 ‘23.
338 1484 478 1515 Observa,
505 1492 539 1511 ne
569 1491 622 1518 qua
652 1483 760 1510 ducaris
785 1483 927 1518 opinione,
950 1491 1027 1510 more

235 1531 328 1566 populi
341 1531 482 1558 lsraelitici
500 1539 506 1557 :
527 1535 554 1557 et
578 1530 613 1557 ita
631 1530 745 1557 tradaris
769 1529 896 1557 hostibus
921 1529 1027 1557 intelle-

239 1577 387 1603 ctuallbus.
402 1577 448 1603 Ille
466 1576 539 1603 eriim
555 1576 689 1603 beneﬁcio
704 1575 752 1603 Dei
770 1576 894 1603 omnium
905 1575 1026 1603 auctoris

237 1624 368 1651 liberatus
401 1624 435 1650 ab
467 1623 594 1659 Aigypto.
626 1624 661 1650 ad
685 1631 766 1659 opem
799 1625 851 1651 sibi
886 1625 1025 1652 ferendam

237 1669 401 1704 excogitavit
420 1669 522 1696 idolum
539 1668 685 1696 conﬂatile.

274 1715 320 1742 26.
342 1714 748 1750 ldolumconilntileintelliges,
765 1720 885 1743 mentem
903 1721 1026 1744 nostram

238 1760 390 1786 inﬁrmam:
417 1767 477 1794 qua:
498 1759 620 1794 quandiu
644 1761 753 1795 quidem
782 1761 907 1795 implorat
932 1762 1025 1789 .lesum

237 1807 378 1834 Christum
388 1807 518 1833 adversus
528 1807 658 1841 nequitur,
672 1807 795 1841 spiritus,
811 1807 890 1835 facile
903 1807 1027 1843 proﬂigat

237 1861 303 1879 eos:
328 1856 356 1879 et
383 1851 534 1879 invisibiles
559 1852 662 1879 inimici
694 1852 788 1888 copias
816 1854 950 1881 militares
969 1859 1026 1881 arte

237 1898 329 1925 subtili
356 1897 487 1932 repulsat.
515 1898 563 1924 Sin
582 1905 696 1932 prorsus
726 1899 751 1925 in
781 1899 870 1933 scipsa
899 1900 1027 1927 ﬁduciam

238 1944 427 1979 imprudenter
439 1944 565 1976 collocet,
579 1944 653 1971 velut
669 1945 727 1972 avis
749 1953 808 1980 quze
827 1945 926 1972 dicitur
943 1946 1026 1980 ὀξύπ-

237 1999 324 2025 τερος,
340 1990 539 2018 deturbabitur.
567 1990 599 2017 Ιιι
619 1991 683 2023 Deo,
716 1991 813 2026 inquit,
843 1993 956 2026 speravit
984 2000 1028 2019 cor

239 2046 334 2070 mt'um,
347 2043 371 2065 et
387 2039 498 2072 adjutus
507 2047 585 2066 sum:
597 2043 621 2066 et
643 2040 761 2073 reﬂoruit
782 2048 846 2066 caro
862 2049 919 2067 mea
931 2041 963 2068 ⁸³.
983 2041 1025 2072 Εῑ,

237 2085 311 2116 Quis,
327 2089 424 2119 pra’ter
449 2084 604 2117 Dominum,
622 2090 763 2120 consurget
786 2085 861 2118 milii,
888 2091 934 2113 aut
948 2087 1026 2113 stabit

237 2138 339 2156 mecum
350 2131 475 2156 adversus
491 2130 645 2157 innumeras
660 2130 831 2164 cogitationes
851 2131 1027 2166 malignas“?

236 2175 288 2208 Qui
313 2183 377 2203 vero
401 2176 453 2203 sibi
480 2175 542 2211 ipsi,
562 2180 591 2204 et
613 2184 668 2204 non
689 2176 760 2214 Deo,
777 2176 846 2210 ﬁdit,
874 2185 939 2205 casu
964 2183 1026 2206 ruet

236 2221 410 2257 gravissimo.

270 2311 315 2338 27.
336 2310 421 2338 Is‘est
438 2315 516 2345 typus
526 2314 553 2337 et
567 2310 633 2337 ordo
650 2311 854 2346 tranquillitatis
872 2313 967 2340 animi.
997 2312 1027 2340 Si

235 2362 342 2384 cermre
363 2356 492 2388 statuisti,
509 2355 670 2383 imitandum
692 2356 740 2383 tibi
757 2365 878 2392 propone
898 2357 1026 2393 exiguum

235 2403 441 2434 animalculum,
456 2409 585 2430 araneam
599 2411 605 2428 :
622 2402 664 2429 sin
676 2402 778 2435 minus,
796 2403 983 2438 tranquillum,
999 2408 1029 2430 ut

237 2450 325 2480 decet,
340 2449 462 2476 nondum
476 2448 548 2484 geris
562 2448 694 2476 animum.
716 2448 764 2475 llla
778 2449 888 2484 quidem
906 2450 1028 2477 minutas

237 2498 351 2520 venatur
367 2502 486 2522 muscas.
501 2494 579 2527 Quod
594 2495 616 2522 si
632 2499 672 2528 tu,
691 2495 764 2522 illius
783 2496 918 2530 exemplo,
936 2495 1028 2523 labore

236 2539 356 2574 quietem
367 2540 466 2567 animae
482 2548 641 2576 comparare
659 2541 787 2573 volueris,
805 2541 946 2569 irremisse
962 2550 1028 2577 pue-

238 2593 282 2612 ros
303 2584 449 2612 interﬁcies
466 2584 655 2620 Babylonicos.
677 2585 737 2618 Quo
763 2593 862 2620 genere
885 2587 967 2614 ccedis
986 2587 1027 2614 di-

236 2631 307 2658 ceris
326 2639 376 2666 per
392 2631 518 2658 Itavidem
538 2631 634 2659 beatus
647 2639 661 2658 a
679 2631 781 2666 Spiritu
798 2636 901 2659 sancto.

270 2677 315 2704 28.
337 2677 572 2709 Quemadmodum
600 2678 658 2704 lit-ri
684 2678 790 2712 nequit,
822 2682 852 2704 ut
882 2678 1027 2706 in'iirma—

204 2738 205 2741 η
237 2718 330 2751 mento
339 2723 421 2750 situm
436 2722 507 2750 inter
521 2729 593 2750 astra
609 2723 795 2758 conspiciatur
808 2731 882 2751 mare
891 2724 1025 2757 Rubrum,

236 2775 263 2796 et
282 2770 365 2796 homo
379 2777 462 2804 super
477 2774 576 2796 terram
588 2769 730 2796 ambulans
748 2778 802 2797 non
824 2771 940 2806 respiret
955 2772 1027 2799 hunc

235 2823 326 2843 aerem
346 2824 353 2842 :
369 2815 415 2843 Sic
429 2815 532 2850 absque
547 2815 682 2851 frequenti
698 2815 761 2843 Jesu
782 2817 965 2850 invocatione,
981 2826 1027 2845 cor

237 2867 359 2890 nostrum
381 2870 497 2898 purgare
514 2871 569 2890 non
596 2870 741 2898 possumus
765 2864 942 2892 ail'ectionum
967 2869 1026 2892 stu-

271 2951 293 2966 ⁶³
309 2950 378 2978 Psal.
392 2958 475 2985 xxvu,
495 2953 521 2979 7.
561 2952 582 2967 ⁸⁵⁸
595 2951 666 2979 Ral.
685 2959 758 2979 xcuu

827 234 1010 266 HESYClllI
1032 233 1268 264 PRESBYTERI

263 295 309 321 2|.
331 293 381 326 Qui
412 301 466 320 non
484 298 525 320 est
541 293 627 320 fretus
641 293 798 328 precatione
812 292 1023 328 cogitationibus
1041 294 1060 321 Α

1112 294 1163 316 κα’.
1195 291 1225 316 '0
1242 290 1280 325 μὴ
1295 290 1364 325 ἔχων
1384 290 1465 326 εὐχὴν
1482 289 1607 325 καθαρὰν
1627 289 1869 324 ).ογισμῶν,ὄπὶον

1072 337 1125 363 οὐκ
1140 336 1197 372 ἔχει
1211 337 1252 368 είς
1272 337 1390 372 πόλεμον
1400 345 1407 354 ·
1427 337 1508 372 εὐχὴν
1523 337 1552 363 δὲ
1568 336 1641 370 λέγω
1655 336 1778 371 ἀεννάως
1794 337 1870 372 ἐνερ-

1074 383 1211 418 γουμένην
1224 385 1254 411 ὲν
1270 383 1378 415 ἀδύτοις
1395 383 1445 418 τῆς
1470 382 1571 417 ψυχῆς,
1591 382 1635 408 ἵνα
1656 383 1689 417 τῇ
1707 382 1754 409 τοῦ
1782 382 1869 417 Ἰησοῦ

1075 429 1195 464 Χριστοῦ
1211 429 1355 465 ἐπικλήσει
1370 430 1386 455 ό
1400 428 1523 464 κρυφίως
1546 428 1665 464 πόλεμος
1689 428 1870 464 μαστιγῆται,

1074 476 1123 502 καὶ
1139 476 1272 512 φλέγηται
1290 476 1428 511 πολέμιος.
1493 509 1502 518 ί

1111 522 1165 558 κβν.
1191 523 1230 550 Εὖ
1245 523 1296 558 μὲν
1313 523 1432 557 ὀφείλεις
1453 522 1509 554 ὀξεῖ
1526 522 1572 548 καὶ
1587 521 1707 556 συντόνῳ
1723 520 1770 547 νοῦ
1784 521 1871 556 βλέμο

1076 577 1140 604 ματι
1153 568 1276 604 βλέπειν,
1294 569 1363 595 ὥστε
1378 570 1448 595 νοεῖν
1468 568 1532 600 τοὺς
1546 567 1758 603 εἰσερχομένους
1769 575 1776 582 ·
1787 568 1871 601 ’γνοὺς

1072 615 1112 647 δὲ,
1129 615 1195 651 παρ’
1217 615 1287 642 αὐτά
1306 615 1340 641 δι’
1356 615 1543 650 ἀντιρρήσεως
1561 614 1627 649 θλᾷν
1646 614 1698 648 τὴν
1717 613 1766 640 τοῦ
1781 613 1871 648 opem;

1074 661 1209 696 κεφαλὴν,
1226 661 1274 689 καὶ
1288 661 1346 696 ἅμα
1359 660 1446 695 τούτῳ
1464 661 1513 687 σὺν
1528 660 1676 695 στεναγμῷ
1692 660 1788 695 βόησον
1802 660 1871 695 πρὶς

1075 706 1210 741 Χριστὸν,
1244 707 1290 733 καὶ
1322 706 1397 743 λήψῃ
1428 707 1524 741 πεῖραν
1554 706 1615 732 τότε
1646 705 1722 737 θείας
1751 706 1870 741 ἀοράτου

1074 753 1243 789 ἀντιλήψεως
1264 761 1270 769 σ
1297 753 1346 781 καὶ
1372 755 1434 780 τότε
1461 753 1526 788 ὁρᾷς
1556 753 1700 788 τηλαυγῶς
1734 752 1873 788 εὐθύτητα

1074 800 1201 836 καρδίας.

1112 850 1165 880 κγ’.
1182 847 1288 881 ’Ὠσπερ
1308 847 1322 873 ό
1333 845 1442 881 κρατῶν
1462 846 1594 881 ἔσοπτρον
1609 847 1638 872 ἐν
1654 846 1735 881 χειρὶ,
1752 845 1834 881 μέσον
1843 845 1871 871 δὲ

1075 893 1184 927 εἰτύχοι
1199 892 1303 918 πολλῶν
1315 892 1459 926 ἱστάμενος
1471 892 1602 924 ἀτενίζων
1615 892 1653 927 τῷ
1661 892 1796 927 ἐσόπτρῳ,
1811 891 1872 926 βλέ-

1076 947 1121 965 πει
1149 939 1199 974 μὲν
1224 938 1254 964 τὸ
1279 938 1344 964 tam
1368 938 1515 973 πρόσωπον
1539 939 1641 970 ὁποῖον,
1656 937 1749 973 βλέπει
1772 938 1801 964 δὲ
1824 937 1872 964 καὶ

1075 985 1128 1012 τῶν
1151 985 1238 1012 ἄλλων
1262 985 1316 1011 τῶν
1336 984 1531 1018 ὲγκυπτόντων
1547 984 1576 1011 ὲν
1601 983 1641 1019 τῷ
1660 984 1700 1010 ἐνὶ
1725 983 1851 1019 ἐσόπτρῳ
1864 992 1871 999 ·

1074 1031 1162 1063 οὕτως
1180 1033 1193 1058 ὁ
1206 1031 1240 1058 δι’
1259 1031 1319 1058 ὅλου
1336 1031 1482 1064 ὲγκύπτων
1504 1031 1545 1062 εἰς
1566 1030 1615 1066 τήν
1633 1030 1748 1065 καρδίαν
1763 1030 1858 1062 αὑτοῦ,

1077 1077 1171 1112 βλέπει
1192 1078 1241 1113 μὲν
1264 1077 1313 1113 τὴν
1333 1077 1431 1104 ἑαυτοῦ
1453 1077 1623 1104 κατάστασιν
1639 1079 1668 1104 ὲν
1682 1077 1762 1112 αὐτῇ.
1778 1077 1873 1112 βλέπει

1074 1123 1103 1150 δὲ
1119 1125 1166 1150 καὶ
1180 1124 1215 1150 τὰ
1239 1123 1344 1159 μέλανα
1372 1123 1507 1158 πρόσωπα
1527 1123 1582 1150 τῶν
1604 1123 1708 1158 νοητῶν
1723 1122 1870 1150 Αἰθιόπων.

1112 1214 1160 1240 κδ’.
1194 1213 1264 1239 Ἀλλ’
1281 1212 1310 1239 οὗ
1329 1212 1441 1239 δύναται
1463 1213 1476 1239 ὁ
1498 1212 1561 1244 νοῦς
1586 1212 1698 1247 νικῆσαι
1721 1211 1873 1246 φαντασίαν

1075 1259 1216 1294 δαιμονίαν
1233 1259 1265 1285 δι’
1289 1258 1387 1285 ἑαυτοῦ
1423 1258 1505 1292 μόνου
1524 1279 1531 1290 ,
1557 1258 1661 1292 μήποτε
1686 1256 1781 1284 τούτου
1805 1257 1873 1292 Bap-

1079 1308 1180 1342 ρείτω·
1200 1306 1350 1341 πανοῦργοι
1372 1305 1427 1340 γὰρ
1447 1305 1530 1335 ὅντες
1541 1304 1587 1330 καὶ
1612 1303 1745 1339 ἡττᾶσθαι
1761 1303 1874 1337 ὐποκρξο

1077 1361 1179 1382 νονται,
1201 1351 1312 1378 ἄλλοθεν
1335 1351 1379 1377 διὰ
1401 1349 1555 1382 κενοδοξίας
1579 1348 1821 1380 ὑποσκελίζοντες·
1839 1349 1872 1383 τῇ

1079 1399 1107 1424 δὲ
1141 1397 1228 1433 Ἰησοῦ
1256 1396 1401 1431 ἐπικλήσει
1428 1395 1535 1429 στῆναι,
1561 1395 1608 1421 καὶ
1632 1393 1821 1421 δολιεύσασθαί
1843 1401 1873 1420 σε

1076 1444 1138 1471 οὐδὲ
1153 1443 1205 1470 κᾶν
1221 1443 1289 1478 πρὸς
1301 1443 1375 1477 ὥραν
1391 1442 1584 1477 ὑπομένωσιν.

1112 1492 1163 1516 κε’.
1193 1489 1274 1523 Ὅρα,
1301 1488 1338 1523 μὴ
1356 1487 1452 1523 οἰηθῇς
1478 1486 1549 1513 κατὰ
1574 1486 1619 1512 τὸν
1637 1485 1722 1512 πάλαι
1753 1485 1870 1521 Ἰσραήλ,

1078 1536 1126 1562 καὶ
1152 1535 1330 1570 παραδοθήσῃ
1355 1534 1402 1561 καὶ
1427 1533 1508 1564 αὐτὸς
1535 1533 1590 1564 τοῖς
1615 1533 1720 1567 νοητοῖς
1745 1531 1869 1567 ἐχθροῖς·

1078 1582 1181 1613 ἐκεῖνος
1209 1581 1264 1616 γὰρ
1289 1580 1364 1615 παρὰ
1390 1579 1436 1605 τοῦ
1457 1579 1512 1605 τῶν
1531 1578 1600 1604 ὅλων
1624 1576 1703 1610 Θεοῦ,
1732 1577 1872 1611 Δίγύπτου

1041 1638 1061 1666 C
1078 1627 1258 1662 ἀπαλλαγεὶς,
1278 1625 1375 1661 βοηθὸν
1399 1623 1496 1651 ἑαυτοῦ
1519 1623 1668 1658 ἐπενόησεν
1690 1621 1800 1648 εἴδωλον
1819 1630 1874 1656 χω-

1080 1682 1184 1702 νευτον.

1117 1723 1173 1751 κς’.
1202 1717 1320 1745 Εἴδωλον
1346 1716 1374 1743 δὲ
1399 1715 1507 1750 νοήσεις
1534 1714 1678 1750 χωνευτὸν,
1704 1713 1750 1740 τὸν
1772 1712 1873 1747 ἀσθενῆ

1080 1765 1158 1800 ήμῶν
1173 1764 1245 1797 νοῦν,
1262 1764 1290 1795 ὅς
1305 1762 1408 1797 γε,ἓως
1425 1761 1474 1796 μὲν
1494 1760 1596 1796 Ἰησοῦν
1610 1760 1729 1795 Χριστὸν
1745 1768 1875 1794 παρακα-

1081 1812 1135 1842 λεῖς
1160 1811 1231 1837 κατὰ
1249 1810 1304 1837 τῶν
1326 1810 1376 1845 τῆς
1401 1807 1532 1843 πονηρίας
1552 1807 1731 1842 πνευμάτων,
1754 1806 1874 1836 εὐκόλως

1081 1857 1150 1884 αὐτὰ
1164 1855 1346 1883 καταδιώκει·
1363 1854 1411 1881 καὶ
1430 1854 1489 1889 μετ’
1504 1853 1661 1888 ἐπιστήμης
1673 1851 1798 1887 ἑντέχνου
1811 1859 1876 1886 τρο-

1081 1904 1178 1932 ποῦται
1191 1903 1240 1935 τὰς
1251 1901 1383 1937 ἀοράτους
1398 1900 1531 1936 πολεμίας
1545 1899 1592 1926 τοῦ
1610 1898 1723 1934 Ἐχθροῦ
1732 1897 1874 1932 δυνάμεις.

1087 1949 1171 1976 Ἐπὰν
1186 1949 1214 1976 δὲ
1225 1949 1305 1979 αὐτὸς
1319 1949 1359 1979 είς
1372 1946 1469 1973 ἑαυτὸν
1485 1945 1611 1980 ἀφρόνως
1625 1943 1790 1979 θαῤῥήσειεν
1802 1942 1874 1973 ὅλος,

1080 1997 1117 2028 ὼς
1138 1995 1152 2021 ὁ
1171 1995 1318 2029 λεγόμενος
1345 1991 1514 2027 ὸξὺπτερος,
1538 1989 1717 2025 ταράσσεται.
1747 1987 1812 2015 Ἐπί
1836 1987 1877 2019 τῷ

1081 2042 1153 2076 Θεῷ,
1171 2041 1265 2076 φησὶν,
1282 2040 1416 2074 ἤλπισεν
1430 2038 1449 2071 ἠ
1466 2037 1575 2071 καρδία
1587 2045 1659 2071 μου,
1680 2034 1730 2062 καί
1748 2034 1875 2067 ἐϐοηθή-

1079 2090 1147 2121 θην.
1161 2086 1209 2113 καί
1223 2085 1372 2112 ἀνέθαλεν
1391 2084 1410 2118 ὴ
1437 2082 1517 2117 σάρξ
1531 2090 1603 2117 μου.
1628 2081 1696 2114 Καὶ,
1718 2081 1766 2114 Τίς
1779 2079 1877 2114 πάρεξ

1079 2133 1132 2160 τοῦ
1149 2131 1261 2165 Κυρίου
1277 2129 1484 2162 ἀναστήσεταί
1502 2136 1552 2162 με.
1578 2126 1629 2154 καὶ
1646 2125 1877 2160 συμπαρατάξε-

1079 2179 1129 2206 ταί
1144 2187 1180 2213 με
1205 2177 1255 2204 ἐπὶ
1279 2175 1532 2210 πονηρευομένοις
1550 2172 1679 2206 πολλοῖς
1694 2171 1856 2207 λογισμοῖς
1867 2193 1876 2205 ,

1086 2223 1114 2250 '0
1126 2223 1154 2250 δὲ
1173 2224 1214 2254 εἰς
1229 2221 1326 2248 ἑαυτὸν
1342 2220 1453 2256 θαρρῶν
1470 2220 1518 2247 καὶ
1535 2219 1586 2245 οὐκ
1601 2219 1640 2250 εἰς
1656 2217 1733 2249 Θείαν,
1749 2217 1876 2243 πεσεῖται

1079 2270 1181 2304 πτῶμα
1200 2267 1409 2301 ὲξαισιώτατον.

1117 2315 1168 2346 κζ’,
1185 2313 1345 2349 Καρδιακῆς
1365 2311 1482 2347 ἡσυχίας
1504 2307 1582 2341 οὗτος
1601 2309 1686 2340 τύπος
1713 2308 1761 2335 καὶ
1777 2307 1872 2340 τάξις’

1074 2364 1098 2389 εἰ
1114 2361 1203 2397 βούλει
1214 2360 1307 2387 ἀθλεῖν
1320 2379 1327 2392 ,
1340 2358 1370 2385 τὸ
1383 2357 1480 2393 μικρὸν
1490 2356 1622 2390 ζωῦςριον,
1637 2356 1654 2390 ή
1674 2355 1781 2391 ἀράχνῃ
1803 2354 1875 2380 ἔστω

1075 2415 1116 2434 σοι
1129 2406 1209 2433 τοῦτο
1221 2405 1375 2438 ὑπόδειγμα
1386 2411 1392 2418 ·
1409 2402 1472 2429 εἰδὲ
1489 2402 1535 2438 μὴ,
1551 2400 1629 2427 οὔπω
1653 2399 1691 2432 ὡς
1710 2399 1751 2426 δεῖ
1764 2399 1873 2434 ἡσύχα-

1077 2462 1126 2485 σας
1141 2453 1188 2488 νῷ.
1206 2451 1330 2486 Κάκείνη
1349 2450 1400 2486 μὲν
1419 2450 1499 2484 μυίας
1515 2448 1622 2484 μικρὰς
1642 2446 1755 2482 θηρεύει
1768 2455 1776 2462 ·
1796 2446 1829 2472 σὺ
1845 2445 1874 2472 δὲ

1074 2501 1097 2525 εἰ
1111 2499 1181 2526 οὕτω
1204 2498 1253 2525 καὶ
1265 2498 1303 2529 ὡς
1318 2497 1387 2532 αὐτὴ
1405 2497 1434 2522 ὲν
1456 2496 1530 2530 ψυχῇ
1550 2494 1641 2521 πονῶν
1655 2492 1805 2529 ἡσυχάζεις
1818 2511 1826 2523 ,
1841 2492 1872 2517 οὐ

1077 2545 1176 2572 παύσει
1193 2544 1307 2571 κτείνων
1325 2542 1369 2570 ἀεὶ
1382 2543 1468 2578 νήπια
1491 2539 1652 2567 Βαϐυλώνια
1666 2558 1673 2569 ,
1688 2538 1750 2565 καθ’
1771 2537 1800 2563 ὃν
1825 2537 1872 2571 φό-

1078 2599 1123 2618 νον
1148 2589 1288 2626 μακαρίζῃ
1311 2588 1363 2615 ὑπδ
1387 2586 1435 2614 τοῦ
1455 2585 1614 2621 Πνεύματος
1637 2583 1683 2611 τοῦ
1707 2583 1806 2617 ἁγίου,
1829 2581 1874 2608 διὰ

1079 2637 1173 2663 Δαϐίδ.

1117 2685 1171 2717 κη’.
1193 2681 1236 2712 Ὣς
1253 2680 1284 2707 οὺ
1309 2678 1423 2706 δυνατὸν
1445 2678 1494 2714 τὴν
1521 2675 1656 2712 Ἐρυθρὰν
1687 2675 1827 2702 θάλασσαν
1844 2676 1874 2701 ὲν

1079 2727 1116 2762 τῷ
1132 2725 1304 2761 στερεώματι
1321 2723 1436 2759 ὀφθῆναι
1456 2723 1538 2758 μέσον
1550 2723 1687 2757 ἀστέρων·
1705 2720 1752 2748 καὶ
1770 2720 1807 2751 ὼς
1823 2720 1875 2746 οὐκ

1080 2773 1119 2799 ἔνι
1134 2772 1278 2807 ἄνθρωπον
1295 2771 1323 2797 ὲν
1334 2771 1370 2806 γῇ
1387 2768 1592 2804 περιπατοῦντα
1609 2767 1646 2804 μὴ
1662 2767 1708 2794 τὸν
1724 2767 1795 2801 ἀέρα
1809 2765 1873 2791 τοῦ-

1081 2828 1125 2846 τον
1140 2817 1298 2845 ἀναπνέειν·
1315 2816 1400 2847 οὕτως
1418 2815 1550 2842 ἀδύνατον
1567 2814 1717 2849 καθαρίσαι
1731 2812 1781 2847 τὴν
1792 2811 1874 2846 ἡμῶν

1081 2865 1193 2901 καρδίαν
1209 2864 1239 2897 ἐξ
1257 2862 1388 2899 ὲμπσθῶν
1400 2862 1555 2897 νοημάτων,
1567 2860 1614 2887 καὶ
1637 2858 1786 2892 ἀποδιῶξαι
1810 2867 1873 2889 νοη-
