2069 3147
216 151 282 183 1501

569 161 619 191 DE
638 162 912 198 TEMPERANTIA
930 169 1172 204 ET,V’IllTUl‘E.
1192 184 1226 190 —-
1247 171 1444 202 CENTURIA
1462 170 1486 199 ῐ.

1778 167 1847 201 150‘}

214 211 330 265 βέϐηλοῗ
354 215 401 265 καὶ
417 215 573 265 ἀκάθαρτος
594 219 748 256 ἀπεφάνθη,
774 224 821 250 καὶ
849 225 1005 262 ἀκάθαρτος

1058 229 1192 265 superbiae
1207 237 1287 256 causa
1301 228 1467 263 appellatum
1485 235 1545 254 esse
1562 226 1733 254 immundum
1746 247 1754 254 .
1769 232 1797 254 et
1813 235 1845 254 ex

214 259 290 306 παρὰ
305 260 399 306 Ιςυρίῳ
412 262 466 292 πᾶς
485 262 694 300 ὑψηλοκάρδιος·
711 268 807 304 πρώτη
829 270 894 306 γὰρ,
909 259 1003 306 san-61v,

214 304 338 340 ἁμαρτία
363 307 379 341 ἡ
404 307 611 343 ὑπερηφάνεια·
629 311 702 338 οὕτω
716 313 769 349 γὰρ
788 315 833 340 καὶ
898 304 1004 352 ὑπερή-

215 360 298 397 φανος
320 352 421 388 Φαραὼ
448 354 525 389 ἔλεγε
539 363 546 371 ·
568 354 623 383 Τὸν
652 359 726 385 Θεόν
740 367 808 393 σου,
836 362 929 397 φησὶν,
949 364 1005 390 οὐκ

215 395 293 431 οἶδα,
309 398 359 425 καί
376 399 430 425 τὸν
450 400 570 436 Ἰσραὴλ
586 403 642 430 οὐκ
653 404 857 436 ἐξαποστελῶ.

253 532 300 565 ξδ’.
321 533 382 559 Εἰσὶ
397 533 424 559 δέ
439 534 526 561 πολλὰ
539 536 594 562 τῶν
607 537 654 563 τοῦ
671 537 719 564 νοῦ
741 539 953 575 ἐνεργημάτων,
971 543 1006 569 τὰ

216 577 353 613 δυνάμενα
365 580 432 614 ἡμῖν
442 580 472 606 τὺ
484 581 585 615 ἀγαθὸν
595 581 681 618 δῶρον
692 583 741 618 τῆς
752 587 1006 623 ταπεινοφροσύνης

217 625 433 660 περιποιεῖσθαι,
449 626 529 662 εῖπερ
557 628 596 663 μὴ
615 629 773 666 ἀμελοϋμεν
791 632 841 666 τῆς
868 634 1006 669 σωτηρίας

217 669 305 704 ἡμῶν,
318 671 442 698 τουτέστι
455 673 551 709 μνήμη
563 674 783 711 ἁμαρτημάτων,
801 678 829 704 ἐν
845 678 945 713 λόγοις,
959 681 1007 707 καὶ

217 715 319 750 ἔργοις,
336 716 384 743 καὶ
400 717 515 754 διανοίᾳ,
530 720 576 746 καὶ
590 720 673 755 ἓτερα
685 722 801 750 πλεῖστα
816 724 856 756 είς
874 733 1006 752 ταπεινο-

216 762 356 797 φροσύνην
377 764 444 798 ἡμῖν
474 765 677 800 συμϐάλλονται
697 770 731 804 τῇ
749 768 851 806 θεωρίᾳ
875 771 1007 806 ἀναλεγό-

219 815 298 841 μενα.
323 808 450 843 Ἐμποιεῖ
471 810 499 836 δὲ
521 811 569 838 καὶ
596 813 765 840 ταπείνωσιν
788 815 887 850 ἀληθῆ,
902 817 951 843 καὶ
965 817 1004 850 τὸ,

217 854 262 880 ἵνα
279 863 322 885 τις
334 855 389 882 τῶν
401 856 488 888 πέλας
504 857 539 884 τὰ
553 858 758 894 κατορθώματα
771 861 831 887 καθ’
845 862 963 897 ἑκάστην
977 864 1006 891 ἐν

217 898 257 931 οἷς
268 902 461 937 περιστρέφει,
472 904 518 931 καὶ
534 904 616 940 ἐτερα
628 906 734 933 ἑαυτῶν
743 908 844 942 φυσικὰ
855 909 900 935 καὶ
912 910 1006 936 πλεον-
1022 897 1043 924 Β

216 947 363 981 εκτήματα
394 948 424 974 ἐν
454 948 545 985 ἐαυτῷ
572 951 740 985 μεγαλύνει,
762 953 809 979 καὶ
834 953 1007 987 συνεξετάζει

217 994 272 1022 τοῖς
284 993 382 1020 ἑαυτοῦ
393 994 427 1021 τὰ
441 995 566 1023 ἐκείνων.
585 997 641 1024 Καὶ
655 997 726 1025 οὕτω
740 999 848 1033 βλέπων
862 1001 876 1026 ὁ
886 1001 948 1032 νοῦς
957 1000 1007 1036 τὴν

217 1039 315 1066 ἐαυτοῦ
343 1040 494 1074 εὐτέλειαν,
509 1043 554 1069 καὶ
580 1043 663 1070 πόσον
681 1044 861 1072 ἀπολείπεται
879 1046 928 1081 τῆς
952 1047 1007 1074 τῶν

217 1085 341 1120 ἀδελφῶν
366 1086 622 1124 τελειότητος,-γῆν
645 1089 692 1116 καὶ
715 1091 815 1118 σποδὸν
830 1093 843 1118 ὀ
862 1092 1008 1128 ἄνθρωπος

219 1132 316 1158 ἑαυτὸν
341 1132 493 1169 λογίζεται,
509 1135 559 1161 καὶ
587 1135 637 1162 οὐκ
662 1136 822 1171 ἄνθρωπον,
840 1138 910 1165 ἀλλὰ
938 1139 1008 1165 κύνα

217 1176 337 1208 τινὰ,ὼ;
356 1177 467 1205 πάντων
487 1179 535 1206 ἐπὶ
560 1180 613 1215 γῆς
639 1180 759 1216 λογικῶν
785 1182 940 1219 ἀνθρώπων
967 1185 1009 1216 εἰς

219 1222 308 1250 πάντα
322 1223 486 1259 ὑστεροῦντα
502 1225 549 1252 καὶ
565 1226 794 1264 ἀπολειπόμενον.

254 1355 301 1389 ξέ.
318 1356 388 1391 Φησὶ
415 1356 446 1383 τὺ
477 1357 526 1384 τοῦ
549 1359 671 1394 Χριστοῦ
700 1361 932 1396 στόμα,ὁστύλος
959 1364 1011 1399 τῆς

225 1402 399 1437 Ἐκκλησίας,
416 1404 431 1430 ὁ
448 1404 535 1439 μέγας
553 1405 644 1441 πατὴρ
668 1406 746 1441 ἡμῶν
761 1407 914 1441 Βασίλειος,
930 1409 1010 1444 Μέγα

220 1449 324 1483 ἀγαθὸν
341 1450 409 1485 πρὸς
434 1451 463 1478 τὸ
484 1451 522 1487 μὴ
545 1453 726 1489 ἁμαρτάνειν,
744 1455 811 1490 μηδὲ
824 1457 856 1490 τῇ
874 1456 1009 1492 ἐρχομένῃ

220 1496 313 1532 ἡμέρᾳ
336 1497 395 1531 τοῖς
419 1497 511 1530 αὐτοῖς
535 1499 724 1533 περιπίπτειν,
736 1499 766 1526 τὸ
787 1500 857 1535 μετὰ
876 1500 925 1536 τὴν
941 1501 1011 1528 ἁπο-

221 1541 363 1577 πλήρωσιν
385 1543 435 1578 τῆς
454 1544 564 1578 ἡμέρας
589 1545 749 1581 ἀνακρίνειν
769 1546 797 1572 ἐν
821 1546 860 1580 τῷ
876 1547 1010 1574 συνειδότι

220 1588 309 1623 ἡμῶν,
325 1589 398 1624 ἡμᾶς
412 1590 527 1622 ἑαυτοὺς
541 1592 575 1618 τὰ
590 1591 651 1618 καθ’
666 1592 751 1627 ἡμᾶς,
764 1592 790 1619 τί
807 1592 1010 1628 πεπλημμελή-

221 1643 320 1669 καμεν,
335 1635 361 1661 τί
379 1635 407 1661 δέ
427 1635 730 1673 ἐδικαιοπραγήσαμεν.
743 1639 830 1665 Τοῦτο
847 1639 896 1665 καὶ
914 1640 928 1665 ὁ
951 1638 1011 1666 Ἱευό

222 1679 321 1712 ἐποίει,
343 1681 407 1716 περί
421 1689 452 1707 τε
480 1681 564 1708 αὐτοῦ
580 1683 628 1709 καὶ
643 1683 698 1710 τῶν
723 1683 827 1710 τέκνων
845 1683 930 1711 αὑτοῦ
944 1692 952 1699 ·
976 1683 1011 1710 τὰ

222 1726 276 1761 γὰρ
303 1726 362 1753 καθ’
378 1727 498 1762 ἑκάστην
529 1727 677 1763 λογοθέσια
702 1730 732 1756 τὸ
757 1729 820 1757 καθ’
838 1729 915 1766 ὥραν
931 1730 1012 1764 φωτί-

222 1771 308 1802 (quos.
322 1773 377 1799 Καὶ
405 1772 486 1801 πάλιν
510 1774 524 1801 ὁ
553 1774 635 1807 αὑτός
656 1783 734 1811 φησι·
749 1775 807 1802 Πᾶν
828 1775 929 1811 μέτρον
948 1775 1011 1811 ἄρι-

223 1826 296 1845 στον.

258 1864 310 1896 Eg‘.
323 1865 377 1890 Kal.
403 1865 484 1892 πάλιν
509 1865 604 1901 ἔτερος
618 1867 672 1894 τῶν
689 1867 723 1895 τὰ
756 1868 817 1895 θεῖα
838 1869 930 1903 σοφῶν
945 1868 1010 1903 ἔφη,

228 1909 313 1946 Ἀρχὴ
327 1911 518 1946 καρποφορίας
531 1911 621 1944 ἄνθος,
641 1913 688 1938 καὶ
701 1913 772 1948 ἀρχὴ
790 1914 948 1948 πρακτικῆς
963 1915 1012 1948 ἐγ-

222 1955 347 1991 κράτεια.
364 1955 469 1982 Οὐκοῦν
498 1957 761 1992 ὲγκρατευσώμεθα,
777 1959 824 1985 καὶ
852 1959 943 1992 τοῦτο,
963 1960 1012 1994 μέ-

221 2009 278 2036 τρῳ
290 2001 338 2027 καὶ
355 2000 478 2037 σταθμῷ,
496 2001 534 2033 ὡς
553 2002 578 2028 οἱ
591 2000 716 2037 Πατέρες
737 2004 929 2031 ἐκδιδάσκουσι
943 2012 949 2019 ·
965 2006 1013 2031 καὶ

222 2047 271 2081 τὴν
287 2047 394 2082 ἡμέραν
408 2047 473 2082 ὃλην
492 2047 545 2074 τῶν
565 2047 670 2074 δώδεκα
687 2049 767 2084 ὡρῶν
789 2050 818 2076 ἐν
841 2052 874 2086 τῇ
897 2051 1013 2086 τηρήσει

221 2092 270 2119 τοῦ
288 2093 348 2124 νοὸς
372 2093 578 2129 παρερχὼμεθα
591 2101 598 2110 ’
622 2093 695 2121 οὕτω
715 2095 771 2131 γὰρ
796 2096 950 2129 ποιοῦντες,
962 2097 1013 2132 τὴν

223 2138 323 2166 κακίαν
353 2138 399 2175 βίᾳ.
421 2139 476 2165 τινὶ
505 2139 601 2166 σὸέσαι
630 2140 678 2167 καὶ
702 2140 817 2176 μειῶσαι
841 2142 1014 2178 δυνησόμεθα

224 2185 294 2220 μετὰ
307 2185 390 2218 Θεοῦ,
407 2186 468 2212 ἐπεὶ
484 2186 532 2212 καὶ
549 2185 647 2222 βιαστή
660 2187 735 2214 ἐστιν
751 2189 767 2223 ἡ
786 2187 916 2223 ἐνάρετος
937 2189 1014 2216 πολι-

222 2230 293 2264 τεία,
307 2231 341 2257 δι’
355 2228 389 2266 ἧς
403 2231 503 2258 δίδοται
517 2233 534 2267 ἡ
546 2231 671 2267 βασιλεία
683 2233 737 2260 τῶν
752 2234 888 2269 οὐρανῶν.

259 2316 307 2348 5;”.
333 2317 408 2349 Ὀδδς
424 2317 532 2354 ἐπἰτὴν
545 2320 657 2353 γνῶσιν,
673 2321 794 2348 ἀπάθεια
810 2323 857 2349 καὶ
875 2324 1012 2352 ταπείνω-

225 2371 277 2395 σις,
292 2359 332 2390 ὧν
344 2364 430 2399 χωρὶς
447 2364 536 2397 οὐδεὶς
551 2365 645 2401 ὄψεται
659 2367 705 2394 τὸν
721 2367 835 2403 Κύριον.

258 2451 310 2486 ξη’.
331 2450 362 2479 'O
378 2452 559 2485 ἀδιαλείπτως
572 2454 638 2489 περὶ
656 2455 690 2482 τὰ
709 2455 783 2483 ἔνδον
802 2458 852 2490 τὰς
867 2459 1011 2495 διατριϐὰς

223 2497 394 2532 ποιούμενος,
412 2500 556 2534 σωφρονεῖ.
575 2500 612 2526 Οὐ
626 2501 707 2535 μόνον
723 2501 768 2535 δὲ,
785 2503 854 2531 ἀλλὰ
875 2506 922 2532 καὶ
942 2506 1010 2533 θεω-

224 2542 276 2576 ρεῖ,
291 2543 337 2569 καὶ
353 2542 484 2577 οεολογεῖ,
499 2544 545 2570 καὶ
560 2545 754 2580 προσεύχεται.
772 2548 827 2575 Καὶ
844 2549 923 2576 τοῦτό
938 2551 1011 2579 ἐστιν

223 2587 237 2613 ὃ
251 2587 323 2622 λέγει
346 2589 359 2615 ὁ
383 2589 560 2623 ’Λπόστολος,
577 2592 727 2626 Πνεύματι
748 2595 946 2628 περιπατεῖτε,
962 2599 1011 2624 καὶ

223 2632 383 2668 ἐπιθυμίαν
397 2634 513 2668 σαρκὸς
526 2636 562 2662 οὺ
573 2636 616 2670 μή
633 2638 787 2673 τελέσητε.

259 2678 309 2710 ξθν.
334 2679 364 2707 Ὀ
389 2680 437 2716 τὴν
468 2681 529 2708 ὁδὸν
556 2683 603 2717 τὴν
629 2686 822 2722 πνευματικὴν
838 2687 942 2715 ὁδεύειν
973 2690 1010 2726 μὴ

223 2724 416 2760 ἐπιστάμενος,
430 2727 483 2753 τῶν
509 2729 641 2763 ἐμπαθῶν
667 2732 812 2767 νοημάτων
838 2734 868 2760 οὐ
892 2724 1009 2763 ποιεῖται

225 2771 363 2805 φροντίδα,
382 2772 440 2799 ἀλλ’
457 2773 521 2808 ὃλην
548 2775 595 2810 τὴν
623 2776 722 2812 σχολὴν
751 2779 815 2813 περὶ
844 2780 893 2814 τὴν
909 2782 1008 2816 ,σάρκα

259 2861 280 2877 ⁷⁸
294 2861 378 2890 Exod.
397 2871 421 2895 v,
435 2863 462 2890 2.
501 2864 521 2879 ⁷⁷
536 2864 622 2892 Galat.
638 2874 664 2899 ν,
683 2866 725 2893 ιϐ.

1057 281 1125 308 puro
1141 278 1168 301 et
1184 274 1273 301 lucido
1291 274 1388 309 angelo
1403 273 1560 308 inquinatus
1574 277 1602 300 et
1616 272 1740 308 impurus
1754 273 1846 300 decla-

1056 323 1133 346 ratus
1150 324 1202 347 est.
1223 319 1294 352 Quin
1315 319 1397 346 etiam
1421 319 1493 354 apud
1514 318 1670 351 Dominum,
1691 318 1846 353 quicunque

1057 366 1175 399 superbo
1199 369 1242 392 est
1267 365 1365 397 corde,
1390 365 1547 392 immundus
1574 364 1698 391 habetur.
1724 364 1844 392 Primum

1055 412 1129 438 enim
1143 416 1296 446 peccatum,
1309 410 1407 445 inquit,
1422 415 1463 437 est
1478 410 1615 445 superbia.
1630 410 1663 437 Et
1674 410 1747 438 hunc
1763 411 1845 438 etiam

1056 456 1084 483 in
1105 456 1215 484 modum
1236 456 1370 490 superbus
1387 455 1493 483 Pharao
1508 456 1618 494 dicebat,
1633 465 1639 482 :
1656 456 1739 482 Deum
1759 461 1844 489 tuum,

1057 501 1154 535 inqttit,
1174 509 1224 527 non
1242 501 1311 532 uari,
1323 504 1346 526 ει
1360 498 1447 526 Israel
1462 507 1513 525 non
1528 499 1658 526 dimittant
1670 499 1702 525 "°.

1092 547 1136 574 6i.
1159 547 1226 574 Sunt
1247 552 1337 574 autem
1360 545 1501 581 permultae
1520 545 1619 571 utentis
1633 544 1765 575 actiones,
1785 552 1846 578 qum

1057 600 1107 620 nos
1124 592 1219 626 juvare
1239 597 1356 627 possunt
1377 591 1411 618 ad
1432 591 1626 618 vindicandum
1650 591 1714 618 illttd
1735 591 1846 625 prmcla-

1056 645 1117 664 rum
1141 637 1302 664 humilitatis
1326 637 1439 667 donum,
1463 636 1544 663 modo
1570 636 1677 663 solliciti
1702 636 1787 663 simus
1812 636 1846 662 de

1057 683 1144 711 salute
1169 688 1260 710 nostra
1281 692 1286 710 :
1308 683 1383 710 verbi
1409 683 1514 718 gratia,
1540 682 1691 709 recordatio
1720 687 1846 717 peccato-

1057 738 1129 760 rum,
1145 738 1205 764 quae
1222 730 1323 761 verbis,
1344 730 1483 764 operibus,
1503 734 1531 756 et
1550 729 1715 764 cogitatione
1737 734 1846 756 contra-

1057 775 1172 802 bimus:
1192 780 1219 802 et
1245 775 1296 802 alia
1323 775 1456 809 plurima,
1481 782 1541 809 quae
1567 774 1733 809 speculando
1760 775 1846 809 colligi

1057 825 1181 856 possunt,
1198 820 1323 855 perutilia
1342 825 1406 847 sunt
1426 820 1506 847 nobis
1522 820 1553 846 ad
1571 820 1762 846 humilitatem.
1777 820 1847 847 Nee—

1057 873 1112 893 non
1129 866 1195 893 illud
1209 873 1301 892 veram
1320 865 1502 892 humilitatem
1517 865 1598 899 parit,
1613 865 1634 892 si
1650 865 1710 899 quis
1728 873 1770 892 res
1787 874 1847 900 quat

1058 913 1180 948 quotidie
1196 921 1326 948 prospere
1344 917 1485 948 geruntur.
1504 920 1519 939 a
1537 912 1678 947 proximis,
1696 913 1766 939 inter
1779 920 1848 947 quos

1058 963 1193 991 versatur,
1212 963 1239 986 et
1263 959 1315 986 alia
1334 966 1395 993 quae
1414 963 1512 985 natura
1534 958 1690 992 suppeditat
1711 958 1760 989 eis,
1784 966 1846 992 pos-

1058 1005 1194 1032 sessiones
1210 1004 1286 1036 item,
1303 1004 1375 1038 apud
1392 1003 1512 1038 seipsum
1533 1002 1705 1038 magnilariat
1720 1012 1726 1030 :
1742 1010 1848 1029 rerum-

1059 1057 1111 1084 que
1128 1049 1161 1076 ad
1178 1057 1226 1075 eos
1242 1048 1440 1084 pertinentium
1455 1056 1517 1077 cum
1535 1048 1593 1074 suis
1608 1047 1751 1074 collatione
1767 1047 1847 1080 facta,

1059 1095 1095 1123 ita
1117 1095 1319 1133 contempletur
1337 1094 1429 1122 animo
1449 1102 1525 1122 suam
1547 1094 1706 1126 exilitatem,
1723 1098 1750 1121 et
1768 1102 1848 1128 quam

1059 1140 1138 1175 longe
1154 1140 1225 1167 absit
1241 1140 1276 1167 ab
1292 1147 1386 1167 eorum
1407 1138 1585 1174 perfectione.
1603 1145 1700 1167 terram
1722 1147 1753 1166 ac
1772 1139 1848 1166 cine-

1059 1193 1117 1213 rem
1138 1185 1260 1220 seipsum
1280 1185 1427 1218 existimet,
1446 1189 1473 1212 et
1493 1193 1548 1212 non
1571 1185 1720 1216 hominem,
1736 1184 1782 1211 sed
1804 1192 1850 1210 ea-

1059 1239 1121 1259 ncm
1142 1231 1287 1266 quemdam
1301 1251 1308 1265 ,
1336 1231 1410 1258 velut
1424 1235 1584 1258 cunctorum
1604 1231 1648 1265 qui
1665 1230 1690 1257 iu
1710 1234 1780 1257 terra
1801 1230 1850 1257 de.-

1061 1283 1128 1312 guut
1150 1277 1292 1304 hominum
1316 1276 1490 1303 rationalium
1515 1276 1541 1303 in
1564 1275 1638 1303 otnni
1666 1283 1766 1311 genere
1787 1275 1850 1302 inii-

1061 1329 1136 1349 mum
1151 1326 1179 1350 et
1195 1327 1375 1358 postremum.

1096 1369 1139 1396 65.
1158 1368 1194 1395 0s
1214 1368 1325 1400 Christi,
1344 1368 1470 1395 columna
1492 1367 1628 1400 Ecclesim,
1647 1376 1761 1403 magnus
1776 1373 1851 1403 pater

1061 1418 1156 1441 noster
1183 1413 1301 1441 Basilius
1329 1414 1376 1446 ait,
1397 1414 1475 1441 valde
1504 1413 1628 1442 conferre
1651 1414 1684 1440 ad
1712 1413 1850 1440 vitandum

1061 1465 1214 1493 peccatum,
1231 1463 1259 1486 et
1275 1463 1306 1486 ut
1325 1464 1433 1494 postera
1452 1459 1495 1495 die
1511 1459 1538 1486 in
1554 1459 1648 1487 eadem
1663 1459 1776 1487 erimina
1797 1468 1851 1486 nou

1062 1504 1223 1536 dilabamur.
1240 1505 1262 1532 si
1282 1509 1393 1539 peracto
1412 1513 1520 1540 qttoque
1535 1505 1578 1532 die
1594 1513 1644 1532 nos
1658 1505 1730 1540 ipsos
1743 1509 1852 1532 nostra—

1024 1568 1045 1595 c
1062 1557 1114 1585 que
1129 1551 1316 1578 examinentus
1331 1552 1358 1578 in
1377 1551 1544 1579 conscientia
1560 1556 1653 1578 nostra
1673 1560 1679 1577 :
1699 1551 1762 1585 quid
1783 1551 1852 1578 dt-li-

1062 1596 1182 1630 quimus,
1198 1596 1297 1631 quidve
1312 1597 1377 1624 boni
1395 1598 1486 1631 operis
1502 1597 1648 1624 edidimus.
1663 1597 1691 1624 ld
1708 1597 1788 1624 etiam
1802 1596 1853 1624 Joh

1062 1642 1188 1674 iaciebat,
1207 1646 1261 1668 tam
1278 1649 1326 1669 sua
1343 1650 1423 1677 quam
1449 1642 1566 1669 ﬁliorum
1589 1650 1680 1669 causa.
1697 1641 1761 1674 Qua:
1780 1642 1853 1668 enim

1063 1685 1186 1720 quotidie
1205 1686 1312 1713 ratione
1329 1686 1529 1717 subducuntur,
1545 1686 1683 1713 declarant
1701 1685 1765 1721 quid
1786 1685 1851 1712 hora

1061 1740 1169 1767 quaque
1188 1735 1294 1767 gestum
1315 1731 1346 1759 sit
1373 1740 1404 1758 ac
1425 1731 1583 1767 gerendum.
1600 1731 1718 1758 Rursum
1734 1731 1777 1757 ille
1796 1731 1854 1765 ipso

1063 1777 1179 1805 Basilius
1195 1776 1281 1804 dicit:
1297 1775 1406 1803 Modum
1422 1784 1530 1803 onmem
1546 1783 1606 1803 esse
1622 1775 1764 1810 optimum.

1098 1865 1142 1893 66.
1163 1865 1258 1892 Denuo
1279 1864 1349 1892 alius
1368 1872 1383 1891 e
1405 1864 1499 1899 peritis
1523 1871 1613 1890 rerutn
1637 1863 1789 1890 divinarum
1809 1862 1853 1889 in-

1063 1911 1131 1945 quit,
1153 1909 1263 1937 Initium
1290 1909 1447 1940 fertilitatis,
1466 1912 1508 1934 est
1531 1908 1580 1934 llos
1603 1916 1609 1934 :
1636 1911 1661 1934 et
1690 1906 1853 1941 principium

1064 1963 1155 1983 rerum
1186 1955 1368 1990 agendarum,
1396 1958 1435 1981 est
1468 1953 1644 1980 continentia.
1675 1952 1855 1979 Conﬂuentes

1065 2002 1145 2036 igitur
1167 2001 1252 2028 simus
1269 2009 1276 2027 :
1293 2001 1373 2035 idque
1400 2007 1462 2026 cum
1488 1999 1569 2026 mod‘o
1594 2002 1621 2025 et
1647 2002 1756 2029 statera,
1774 1997 1852 2024 sicuti

1065 2047 1159 2074 Patres
1175 2047 1273 2074 docent
1291 2056 1297 2073 :
1315 2050 1452 2080 totamque
1469 2045 1540 2072 diem
1560 2043 1702 2071 duodecim
1725 2043 1822 2070 horaru
1836 2052 1853 2069 ll

1064 2094 1091 2121 in
1108 2093 1294 2130 conservando
1309 2093 1401 2120 animo
1416 2091 1609 2127 transigamus.
1625 2090 1664 2117 lla
1679 2090 1753 2116 enim
1769 2097 1853 2124 agen—

1066 2146 1116 2174 tes,
1135 2139 1295 2177 poterimus.
1312 2139 1368 2166 Deo
1390 2142 1541 2173 prteeunte,
1567 2137 1593 2164 vi
1616 2137 1737 2171 quaedam
1763 2136 1852 2163 immi-

1065 2197 1150 2217 nuere
1166 2187 1262 2216 vitium
1276 2190 1299 2213 et
1314 2185 1496 2220 exstinguere.
1517 2183 1642 2210 Violenta
1659 2182 1791 2217 siquidem
1811 2187 1853 2210 est

1031 2233 1238 2264 Dconrersatio
1262 2232 1410 2260 virtutibus
1443 2231 1533 2259 dedita
1565 2238 1617 2266 qua
1639 2238 1750 2266 regnum
1772 2230 1855 2257 coelo-

1066 2287 1126 2307 rutn
1145 2279 1272 2306 donatur.

1101 2324 1145 2352 67.
1167 2323 1214 2350 Via
1236 2329 1295 2357 quae
1316 2321 1390 2348 ducit
1410 2320 1442 2348 ad
1463 2320 1658 2358 cognitionem,
1676 2322 1717 2346 est
1733 2319 1855 2346 vacuitas

1065 2369 1252 2400 alfectiouum,
1277 2372 1305 2395 et
1325 2366 1464 2394 humilitas
1481 2375 1488 2393 :
1508 2366 1566 2393 siue
1584 2365 1683 2400 quibus
1708 2372 1787 2391 nemo
1810 2365 1853 2392 vi-

1065 2416 1140 2443 debit
1157 2414 1312 2442 Dominum.
1714 2436 1717 2439 λ

1100 2462 1144 2488 08.
1167 2459 1219 2493 Qui
1242 2458 1351 2486 assidue
1377 2458 1424 2485 dat
1446 2465 1558 2492 operam
1583 2456 1664 2483 rebus
1685 2455 1810 2487 iutcmts.
1829 2455 1855 2482 is

1065 2507 1184 2543 prudens
1197 2511 1248 2533 eSL
1263 2505 1357 2539 Neque
1371 2511 1435 2531 vero
1452 2503 1478 2530 id
1494 2507 1598 2530 tantum
1613 2512 1619 2529 :
1634 2502 1680 2529 sed
1692 2506 1719 2529 et
1731 2507 1852 2528 contem-

1065 2552 1176 2589 plationi
1189 2557 1217 2578 et
1236 2551 1378 2586 theologia:
1395 2550 1488 2577 studet
1506 2554 1530 2577 el
1549 2548 1707 2584 precationi.
1725 2548 1853 2582 lstudquc

1064 2604 1104 2626 est
1119 2599 1191 2633 quod
1211 2598 1249 2625 ait
1263 2597 1420 2633 Apostolus,
1436 2595 1538 2630 Spiritu
1553 2594 1697 2626 ambulate,
1712 2599 1736 2621 et
1750 2594 1853 2621 deside-

1065 2647 1105 2672 ria
1124 2645 1211 2672 carnis
1227 2652 1279 2671 non
1294 2643 1433 2678 per/fcisti;
1447 2642 1480 2671 ⁷⁷.

1101 2691 1144 2718 69.
1165 2690 1217 2723 Qui
1245 2690 1313 2717 riam
1341 2689 1488 2724 spiritalem
1513 2687 1647 2715 conﬁcere
1673 2685 1773 2717 nescit,
1796 2692 1853 2712 non

1064 2741 1141 2764 curat
1165 2736 1343 2771 cogitationes
1359 2734 1500 2762 allectibus
1522 2733 1636 2765 deditas,
1654 2731 1700 2759 sed
1728 2735 1798 2758 totus
1817 2730 1851 2756 de

1064 2792 1143 2810 rarae
1161 2782 1293 2810 sollicitus
1308 2785 1351 2809 est
1368 2785 1414 2809 :et
1435 2786 1480 2808 aut
1496 2779 1650 2815 crapulatur
1669 2782 1696 2805 et
1714 2776 1850 2809 interna--
