2069 3147
195 235 262 268 1505

543 233 592 263 DE
603 233 877 263 TEMPERANTH
902 233 950 262 ET
970 213 1151 262 VIRTUTE.
1172 245 1206 252 —
1225 233 1421 265 CENTURIA
1442 234 1465 264 Ι.

1753 235 1822 268 1506

230 291 268 316 π’.
292 289 336 320 Ὧς
351 288 488 315 ἀπέθανεν
506 288 576 323 ὑπὲρ
589 288 644 315 τῶν
660 288 803 323 ἁμαρτιῶν
820 288 899 323 ὴμῶν
911 287 982 313 κατὰ

1070 287 1116 314 80.
1137 288 1206 315 Nam
1231 293 1356 316 mortuus
1379 293 1421 316 est
1447 297 1496 324 pro
1514 289 1632 324 peccatis
1649 290 1760 324 nostris,
1777 299 1822 319 se-

194 336 242 367 τὰς
255 333 377 369 Γραφὰς,
392 334 439 360 καὶ
455 334 511 365 τοῖς
523 331 552 360 εὖ
565 333 737 360 δουλεύουσιν
756 334 830 368 αὐτῷ
849 333 898 368 τὴν
912 333 984 359 ἐλευ-

194 380 289 414 θερίαν
301 379 457 414 χαρίζεται·
475 379 542 414 φησὶ
557 379 622 413 γάρι
647 378 701 412 Εὖ,
718 378 810 405 δοῦ-λε
826 378 918 413 ἀγαθὲ
934 378 985 405 καὶ

195 425 295 458 mare,
314 425 363 451 ἐπὶ
382 425 470 459 ὀλίγα
487 425 594 459 ἐγένου
609 425 727 457 πιστὸς,
745 425 795 451 ἐπὶ
811 424 935 451 πολλῶν
948 432 985 450 σε

196 469 388 503 καταστήσω,
407 470 526 497 εισελθε
543 472 586 503 εις
603 470 659 503 τὴν
674 471 772 504 χαρὰν
795 471 849 498 τοῦ
874 472 984 506 Κυρίου

196 525 266 543 σου.
288 516 371 543 Οὕπω
383 516 412 542 δὲ
423 516 516 548 δοῦλός
534 518 591 543 ἐστι
612 518 718 550 πιστὸς,
730 519 744 544 6
756 517 821 553 ψιλῇ
836 519 868 553 τῇ
884 517 985 552 γνώσει

196 562 416 597 ἐπερειδόμενος,
431 562 489 588 ἀλλ’
511 563 525 588 6
547 563 581 589 δι’
594 563 717 599 ὑπακοῆς
740 564 779 599 τῷ
802 564 986 599 ἐντειλαμένῳ

196 609 308 643 Χριστῷ
329 608 477 641 πιστεύων,
503 608 549 635 τὸν
565 610 706 644 Δεσπότην
732 609 831 644 τιμῶν,
855 611 928 636 ποιεῖ
952 610 986 636 τὰ

196 654 378 689 κελευόμενα·
404 654 516 688 σφαλεὶς
542 654 570 680 δὲ
593 655 609 690 ἦ
637 655 827 690 παρακούσας.
855 656 986 691 ὑπομένει

195 700 233 732 ώς
248 700 302 727 ἴδια
324 701 359 727 τὰ
390 700 574 735 ἐπερχόμενα.
593 701 748 736 Φιλομαθὴς
771 700 818 729 οὖν
842 702 919 735 γίνου
938 702 986 728 καὶ

197 746 355 781 φιλόπονος·
368 747 384 781 ή
398 747 454 781 γὰρ
468 746 533 781 ψιλὴ
549 746 650 780 γνῶσις
666 749 757 780 φυσιοῖ
770 747 815 774 τὸν
828 747 983 783 ἄνθρωπον.

232 833 289 862 πα’.
309 835 342 862 Ol
367 835 580 870 ἀπροσδοκήτως
607 837 674 871 ἡμῖν
703 835 900 870 συμϐαίνοντες
927 844 988 862 πει-

198 882 309 917 ρασμοὶ,
330 881 512 917 οἰκονομικῶς
541 882 615 916 ἡμᾶς
641 881 802 916 φιλοπόνους
828 881 985 908 διδάσκουσι

196 927 334 962 γενέσθαι.
497 930 506 938 ‘

1036 332 1156 359 cundum
1172 333 1350 368 Scripturas:
1367 342 1398 361 ac
1412 335 1483 362 bene
1503 335 1687 363 servientibus
1703 336 1727 363 ei
1740 337 1823 364 liber-

1036 381 1119 404 tatem
1143 379 1262 413 gratuito
1285 379 1407 414 largitur.
1432 380 1523 414 lnquit
1538 381 1612 407 enim
1629 390 1635 407 :
1654 380 1739 416 Euge,
1750 389 1825 408 serve

1035 423 1099 450 bone
1111 429 1135 450 et
1145 424 1239 458 fidelis,
1251 434 1332 459 supra
1347 434 1432 460 pauca
1443 426 1516 461 fuisti
1531 427 1626 460 ﬁdelis.
1639 435 1719 461 supra
1738 427 1822 454 multa

1035 474 1060 495 te
1081 470 1240 497 constituam
1254 478 1263 497 ε
1283 471 1353 497 intra
1373 472 1401 497 in
1418 472 1546 505 gaudium
1560 471 1667 498 Domini
1682 473 1720 498 tui
1734 473 1768 498 ⁸¹.
1785 473 1818 499 At

1035 515 1157 542 nondum
1173 522 1216 543 est
1240 516 1328 544 ﬁdelis
1346 524 1453 548 servus,
1466 517 1511 552 qui
1532 518 1566 544 de
1578 518 1650 545 nuda
1667 519 1822 553 cognitione

1035 560 1166 594 gloriatur
1182 570 1189 587 :
1205 561 1251 588 sed
1262 561 1307 596 qui
1319 562 1512 596 obtemperans
1521 563 1690 597 praeipicnti
1701 564 1822 592 tlhristo.

1036 606 1131 637 credit,
1144 611 1169 633 et
1189 614 1357 641 prosequens
1372 608 1476 635 honore
1486 608 1644 641 Dominum,
1661 609 1736 636 illius
1747 609 1822 644 iussa

1037 652 1150 686 peragit.
1168 652 1218 684 Qui
1235 657 1325 679 autem
1339 657 1421 686 errat,
1438 657 1466 680 et
1481 661 1536 680 non
1551 658 1638 688 paret,
1657 662 1736 681 casus
1749 655 1824 682 velut

1037 697 1189 731 peculiares
1220 697 1292 725 l‘erre
1319 699 1436 734 cogitur.
1471 698 1616 732 Quocirca,
1647 701 1770 728 discendi
1796 706 1824 728 ct

1035 743 1166 776 operandi
1178 743 1316 771 studiosus
1332 748 1391 771 esto
1408 754 1413 771 :
1430 744 1492 779 quia
1506 745 1578 772 nuda
1592 747 1712 781 cognitio
1727 746 1823 774 inﬂare

1036 788 1104 815 solet
1120 789 1269 816 hominem.

1072 833 1116 860 8i.
1135 833 1323 866 Tentationes,
1343 842 1402 868 quae
1416 835 1494 862 nobis
1509 843 1541 862 ex
1556 841 1695 870 Insperato
1713 838 1823 867 contin-

1037 883 1114 914 gunt,
1131 878 1335 913 dispensatione
1349 880 1440 907 divina
1458 888 1508 907 nos
1522 881 1632 914 docent,
1649 882 1675 908 in
1691 883 1824 910 continuo

1037 924 1130 951 labore
1145 925 1249 951 versari
1264 925 1375 952 debere.

233 973 288 1008 πβ¹.
310 973 390 999 Ἰδιον
405 973 454 1007 μὲν
466 973 582 1008 ἀστέρος
595 972 626 998 τὸ
639 972 702 1007 περὶ
717 972 798 999 αὑτὸν
811 972 879 1006 φῶς,
895 972 943 999 τοῦ
957 973 984 999 δὲ

1072 970 1116 996 82.
1127 969 1217 997 Stella:
1229 971 1391 1006 proprietas,
1403 976 1445 998 est
1456 971 1547 998 lumen
1562 980 1615 1006 quo
1626 973 1745 1000 ambitur
1760 983 1766 1000 :
1785 975 1822 1008 pii

197 1018 341 1049 θεοσεϐοῦς
360 1019 408 1045 καὶ
432 1019 498 1045 Θεδν
523 1018 690 1053 φοῦουμένου
706 1018 783 1049 ἴδιον,
799 1018 921 1044 εὐτέλεια
938 1020 986 1045 καὶ

196 1064 380 1098 ταπείνωσις·
401 1064 463 1090 ἐπεὶ
485 1064 546 1099 μηδ’
561 1064 627 1091 ἄλλο
642 1072 668 1090 τι
693 1063 875 1099 γνωριστικὸν
899 1064 985 1097 πέφυ-

198 1118 244 1136 κεν
258 1107 340 1142 εἶναι,
365 1110 411 1136 καὶ
433 1109 577 1144 δηλότερον
594 1110 708 1144 σημεῖον
724 1109 777 1135 τῶν
793 1109 841 1135 τοῦ
865 1110 985 1144 Χριστοῦ

199 1154 339 1191 μαθητῶν,
354 1156 392 1186 ὡς
405 1155 534 1182 ταπεινὸν
554 1156 681 1190 φρόνημα
697 1156 744 1182 καὶ
759 1155 866 1187 εὐτελὲς
882 1156 982 1190 σχῆμα.

200 1202 253 1227 Καὶ
267 1201 347 1228 τοῦτο
360 1201 449 1228 πάντα
465 1201 547 1236 βοῶσι
560 1201 594 1228 τὰ
605 1202 729 1237 τέσσαρα
744 1202 898 1236 Εὐαγγέλια
909 1211 915 1217 ·
932 1203 946 1228 6
958 1203 986 1229 δὲ

200 1248 237 1283 μὴ
251 1248 338 1279 οὕτως
350 1249 486 1279 ταπεινῶς
499 1248 584 1282 βιοὺς,
600 1247 648 1274 τοῦ
667 1248 768 1284 μέρους
787 1249 916 1275 ἐκπίπτει
937 1249 985 1276 τοῦ

197 1294 293 1320 ἑαυτὸν
309 1294 442 1325 ἑκουσίως
464 1294 686 1325 ταπεινώσαντος
712 1295 792 1329 μέχρι
806 1295 924 1330 σταυροῦ
940 1296 987 1322 καὶ

198 1338 326 1371 Θανάτου,
349 1339 395 1366 τοῦ
415 1339 462 1366 καὶ
479 1339 530 1365 τῶν
549 1339 630 1366 Θείων
646 1340 818 1374 Εὐαγγελίων
831 1341 986 1375 πρακτικοῦ

197 1385 352 1422 νομοθέτου.
980 1384 984 1388 ”

234 1479 290 1510 πγ’.
309 1478 342 1503 οι
363 1476 522 1511 διψῶντες,
549 1477 627 1511 φησὶ,
648 1477 813 1510 πορεύεσθε
831 1477 878 1511 ἐφ’
890 1476 968 1510 ὓδωρ
979 1485 986 1493 ·

198 1522 223 1548 οἱ
237 1522 265 1548 δὲ
279 1522 409 1556 διψῶντες
422 1522 500 1554 Θεὸν,
515 1522 665 1558 πορεύεσθε
678 1522 844 1558 καθαρότητι
856 1523 986 1554 διανοίας·

200 1569 270 1604 πλὴν
284 1568 323 1604 τῷ
339 1569 450 1604 ὑψηλῶς
465 1569 499 1595 δι’
515 1569 599 1604 αὐτῆς
614 1569 768 1604 πετομένῳ,
783 1569 836 1604 χρὴ
852 1569 900 1595 καὶ
919 1569 988 1604 πρὸς

198 1615 248 1650 τὴν
262 1615 314 1649 γῆν
330 1615 379 1650 τῆς
398 1614 496 1641 ἑαυτοῦ
511 1615 648 1646 εὐτελείας
660 1615 742 1650 ὁρᾷν·
761 1615 848 1646 οὐδεὶς
863 1615 917 1650 γὰρ
937 1615 984 1641 τοῦ
999 1628 1019 1657 c

199 1661 326 1687 ταπεινοῦ
344 1661 520 1696 ὑψηλότερος.
537 1660 594 1692 ὶὨς
607 1661 661 1695 γὰρ
682 1660 771 1694 φωτὸς
797 1660 834 1695 μὴ
852 1660 985 1696 παρόντος

199 1705 306 1741 ζοφώδη
323 1707 370 1733 καὶ
396 1706 523 1732 σκοτεινὰ
546 1706 666 1738 ἅπαντα,
682 1705 753 1732 οὕτω
766 1707 812 1732 καὶ
832 1707 868 1741 μὴ
887 1707 988 1742 παρού-

201 1760 249 1786 σης
276 1752 539 1787 ταπεινοφροσύνης,
574 1752 663 1778 πάντα
689 1751 768 1786 ἡμῶν
798 1752 912 1786 μάταια,
940 1752 988 1778 καὶ

199 1795 272 1823 ἕωλα
283 1796 316 1823 τὰ
330 1797 402 1823 κατὰ
417 1796 483 1823 Θεὸν
501 1795 720 1831 σπουδαζόμενα.

234 1886 286 1913 πδν.
306 1886 390 1918 Τέλος
418 1886 447 1912 δὲ
473 1885 566 1919 λόγου,
583 1884 614 1910 τὸ
637 1885 691 1911 πᾶν
715 1885 809 1912 ἄκουε·
840 1885 894 1911 Τὸν
913 1885 987 1912 Θεὸν

200 1932 305 1966 φοϐοῦ,
321 1933 371 1959 καὶ
387 1932 439 1964 τὰς
454 1931 582 1963 ἐντολὰς
595 1930 688 1957 αὐτοῦ
704 1931 845 1963 φύλαττε,
867 1931 914 1958 καὶ
925 1939 988 1965 νοη-

199 1977 254 2009 τῶς
271 1977 318 2004 καὶ
337 1975 491 2011 αἰσθητῶςο
511 1977 536 2001 εἰ
553 1975 606 2009 γὰρ
626 1974 729 2008 νοητῶς
756 1974 861 2008 βιάσεις
887 1975 988 2001 σαυτὸν

199 2023 285 2054 αὑτὰς
311 2023 415 2057 τηρεῖν,
448 2020 571 2054 ὀλιγάκις
591 2019 645 2045 τῶν
664 2018 800 2053 αἰσθητῶν
833 2020 874 2050 εἰς
902 2019 987 2051 αὑτὰς

199 2068 308 2094 κόπτων
324 2068 426 2103 δεήσει.
443 2066 513 2102 Φησὶ
532 2066 586 2100 γὰρ
600 2066 613 2091 6
630 2064 713 2090 Δαὸίδ
725 2072 732 2078 ·
751 2064 939 2099 Ἡϐουλήθην
954 2065 987 2092 τὸ

199 2114 314 2148 θέλημά
329 2122 386 2141 σου
401 2113 451 2140 καὶ
465 2114 519 2140 τὸν
535 2113 629 2146 νόμον
643 2118 701 2137 σου
717 2111 841 2144 ποιῆσαι
855 2112 889 2138 ἐν
903 2112 988 2146 μέσῳ

201 2153 255 2194 τῆς
274 2161 391 2192 κοιλίας
408 2168 479 2194 μου.
496 2160 543 2185 Ἂν
572 2158 609 2193 μὴ
638 2158 667 2183 ἐν
696 2157 772 2192 μέσῳ
801 2158 852 2193 τῆς
871 2158 987 2189 κοιλίας,

200 2207 339 2233 τουτέστιν
363 2207 391 2233 ἐν
410 2205 479 2241 μέσῃ
504 2206 602 2240 καρδίᾳ
620 2207 633 2232 ὁ
649 2206 793 2241 ἄνθρωπος
811 2206 840 2231 τὸ
857 2204 903 2231 τοῦ
920 2204 987 2230 Θεοῦ

200 2253 309 2287 ῡὲλημσ.
324 2252 372 2278 καὶ
385 2251 430 2277 τὸν
440 2251 523 2285 νόμον
537 2252 685 2285 ποιήσειεν,
700 2251 762 2278 οὔτε
776 2251 876 2283 ἔξωθεν
889 2250 988 2286 ῥᾳδίως

1037 1023 1101 1042 vero
1116 1023 1148 1042 ac
1169 1015 1253 1042 Deum
1274 1017 1395 1043 timentis
1411 1016 1462 1043 viri
1479 1018 1643 1052 proprietas,
1660 1024 1700 1046 est
1713 1019 1822 1054 simpli-

1037 1061 1103 1087 citas
1119 1066 1148 1088 et
1162 1060 1313 1088 humilitas.
1329 1060 1438 1088 Nullum
1460 1066 1502 1089 est
1518 1063 1591 1089 enim
1614 1063 1688 1090 aliud
1709 1065 1824 1098 quodvis

1037 1106 1208 1134 manifestius
1224 1115 1255 1134 ac
1265 1108 1366 1135 certius
1379 1108 1485 1143 signum
1501 1108 1696 1143 discipulorum
1711 1110 1822 1143 Christi,

1037 1161 1117 1187 quam
1129 1153 1239 1181 humilis
1251 1154 1284 1180 de
1296 1162 1325 1180 se
1339 1154 1518 1186 existimatio,
1529 1160 1556 1181 et.
1574 1155 1687 1190 simplex
1702 1156 1821 1184 habitus.

1038 1199 1071 1226 Et
1088 1199 1140 1226 hoc
1169 1200 1317 1227 inclamant
1346 1201 1438 1227 omnia
1461 1206 1579 1236 quatuor
1599 1202 1754 1238 Evangelia.
1772 1202 1822 1236 Qui

1037 1252 1103 1271 vero
1125 1245 1153 1272 in
1169 1253 1201 1272 ea
1215 1246 1392 1280 simplicitate
1407 1246 1489 1273 vitam
1508 1255 1563 1274 non
1574 1248 1640 1282 agit,
1655 1256 1687 1275 eo
1703 1250 1825 1283 privatur

1037 1289 1181 1321 beneﬁcio,
1207 1294 1236 1316 ut
1251 1294 1350 1324 sponte
1365 1298 1394 1317 se
1410 1290 1556 1319 humiliare
1581 1293 1676 1327 possit,
1694 1301 1778 1328 usque
1791 1295 1824 1321 ad

1038 1342 1147 1362 crucem
1165 1340 1193 1362 et
1213 1340 1328 1362 mortem
1353 1336 1556 1370 perferendam.
1584 1338 1739 1371 Quinetiam
1766 1340 1825 1374 ipso

1038 1380 1191 1408 divinorum
1217 1382 1425 1416 Evangeliorum
1444 1382 1598 1417 legislatore
1618 1384 1759 1418 privatur:
1776 1385 1824 1420 qui

1039 1427 1164 1457 sancivit.
1180 1435 1319 1462 nunquam
1341 1435 1396 1455 non
1412 1429 1582 1462 operandum
1596 1437 1666 1457 esse.

1073 1473 1118 1500 85.
1142 1473 1278 1506 Siticines,
1301 1474 1400 1508 inquit,
1423 1475 1510 1500 venite
1533 1476 1569 1501 ad
1585 1475 1825 1512 aquam“.Atqui

1039 1519 1121 1546 sititis
1136 1519 1234 1551 Deum,
1249 1519 1371 1547 accedite
1385 1527 1447 1547 cum
1461 1521 1578 1555 puritate
1591 1521 1691 1549 cordis.
1708 1522 1825 1549 Verum-

1040 1569 1131 1592 tamen
1157 1572 1272 1592 necesse
1297 1570 1339 1592 est
1363 1573 1425 1592 eum
1449 1566 1493 1600 qui
1526 1566 1608 1601 hujus
1626 1567 1753 1602 puritatis
1773 1576 1825 1604 ope

1038 1611 1150 1639 volatiu
1168 1611 1262 1643 altum,
1275 1611 1356 1638 etiam
1374 1613 1403 1638 in
1421 1616 1520 1639 terram
1538 1620 1594 1640 sua:
1612 1613 1699 1648 ipsius
1716 1615 1823 1650 simpli-

1038 1658 1128 1684 citatis
1154 1657 1253 1685 intueri
1272 1657 1354 1692 :quia
1374 1665 1456 1685 nemo
1474 1658 1571 1685 humili
1595 1659 1654 1686 viro
1673 1661 1814 1688 sublimior

1040 1704 1074 1731 Ut
1100 1703 1172 1730 enim
1195 1704 1309 1731 absente
1327 1703 1441 1736 lumine,
1463 1705 1612 1739 caliginosa
1633 1709 1662 1732 et
1684 1707 1826 1734 tenebrosa

1038 1753 1101 1775 sunt
1121 1748 1212 1775 omnia
1226 1769 1233 1780 ,
1247 1749 1284 1775 ita
1312 1749 1334 1775 si
1360 1749 1432 1776 desit
1453 1749 1603 1782 humilitas,
1625 1750 1715 1777 omnia
1737 1753 1826 1779 studia

1038 1799 1142 1825 nostra,
1157 1803 1217 1830 qua:
1229 1795 1257 1822 in
1272 1795 1327 1822 Deo
1339 1795 1456 1823 colendo
1467 1796 1664 1830 impendimus,
1676 1805 1743 1824 vana
1762 1804 1826 1825 sunt

1038 1844 1065 1866 ct
1078 1839 1187 1867 frivola.

1073 1885 1289 1912 8LUniversum
1306 1887 1440 1913 sermonis
1454 1886 1533 1914 linem
1548 1888 1611 1915 audi
1629 1897 1635 1916 ε
1653 1889 1736 1916 Deum
1752 1889 1824 1920 time,

1037 1933 1062 1955 ct
1075 1930 1202 1956 mandata
1219 1931 1277 1964 ejus
1290 1939 1365 1957 serva
1377 1930 1413 1963 ⁸³,
1424 1936 1476 1958 tam
1490 1932 1582 1959 animo
1593 1941 1673 1967 quam
1687 1934 1823 1960 sensibus.

1037 1973 1105 2001 Nam
1132 1975 1177 2001 ubi
1191 1976 1311 2010 coegeris
1335 1976 1427 2003 animo
1443 1976 1559 2010 teipsum
1579 1978 1612 2005 ad
1627 1986 1658 2005 ea
1681 1980 1823 2011 servanda,

1039 2020 1194 2054 impingens
1208 2020 1235 2046 in
1254 2028 1351 2047 sensus
1366 2025 1436 2053 tuos,
1450 2021 1584 2056 indigebis
1600 2023 1737 2050 interdum
1753 2024 1825 2052 illis:

1038 2073 1100 2092 cum
1119 2065 1202 2092 David
1218 2065 1309 2093 dicat:
1326 2065 1401 2092 Volui
1423 2066 1584 2094 voluntatem
1604 2072 1677 2094 tuam
1697 2073 1720 2095 et
1737 2069 1820 2104 legem

1038 2115 1112 2137 tuam
1133 2111 1228 2146 facere,
1245 2111 1272 2136 in
1286 2111 1373 2138 medio
1388 2112 1485 2139 ventris
1500 2113 1549 2139 mei
1561 2113 1596 2139 ⁸⁵.
1619 2113 1676 2140 Nisi
1694 2114 1721 2140 in
1735 2115 1826 2142 medio

1039 2157 1151 2186 ventris.
1176 2156 1228 2184 hoc
1245 2161 1296 2188 est,
1320 2157 1347 2183 in
1371 2157 1462 2184 medio
1485 2158 1577 2189 corde,
1602 2159 1770 2186 voluntatem
1793 2168 1827 2187 ac

1039 2202 1126 2236 legem
1146 2202 1194 2229 Dei
1213 2202 1325 2237 impleat
1351 2203 1442 2234 homo,
1462 2211 1511 2230 nec
1536 2205 1658 2231 exterius
1674 2205 1725 2232 hoc
1745 2205 1825 2234 facile

1039 2248 1142 2282 poterit
1160 2247 1276 2275 ellicere.
1304 2249 1455 2276 Conveniet
1474 2249 1565 2284 itaque
1590 2249 1674 2276 Deum
1691 2250 1825 2286 intempe-

200 2298 303 2332 πρᾶξαι
324 2296 404 2322 τοῦτο
432 2295 553 2322 δύναται.
580 2297 634 2322 Καὶ
660 2298 719 2331 ἐρεῖ
747 2297 815 2332 πρὸς
838 2297 932 2323 Θεδνὸ
950 2296 987 2332 μὴ

1041 2301 1104 2320 rans
1122 2297 1149 2320 et
1170 2301 1254 2328 vagus
1272 2293 1364 2325 homo,
1386 2293 1429 2320 his
1451 2294 1553 2325 verbis,
1569 2294 1647 2321 Viam
1664 2300 1738 2322 tuam
1756 2297 1826 2323 scire

200 2343 293 2376 νήφων
306 2341 352 2367 καὶ
369 2341 524 2375 ἀδιάφορος,
543 2340 584 2373 τὸ,
602 2341 678 2372 ὁδούς
694 2350 740 2368 σου
760 2342 860 2368 εἰδέναι
874 2343 903 2368 οὺ
924 2341 987 2376 βού-

200 2388 293 2422 λομαι,
317 2387 425 2418 πάντως
449 2386 482 2412 δι’
501 2385 617 2421 ἔλλειψιν
642 2386 716 2418 θείας
743 2387 921 2422 ἐλλάμψεωςθ
936 2385 987 2423 ἦσ-

201 2443 273 2465 τινος
299 2434 312 2460 6
340 2432 463 2468 μετέχων
491 2433 540 2460 οὐκ
573 2433 808 2468 ἀπληροφόρητος,
839 2434 907 2459 ἀλλὰ
940 2433 988 2460 καὶ

202 2479 319 2514 ἔμπεδος
337 2479 437 2510 ἱκανῶς
455 2479 520 2514 περὶ
536 2479 570 2505 τὰ
583 2479 642 2505 Θεία
655 2480 812 2513 γενήσεται.

237 2528 288 2553 πέ.
311 2525 416 2560 Ὠσπερ
435 2525 489 2560 γὰρ
511 2525 541 2551 τὺ
557 2524 685 2560 aleo-qth
702 2525 768 2555 ἆλας
780 2524 871 2559 ἡδύνει
891 2524 936 2551 τόν
955 2533 985 2550 τε

203 2570 283 2603 ἄρτον
297 2571 345 2596 καὶ
369 2570 423 2596 πᾶν
442 2570 519 2605 ὄψον,
536 2570 583 2596 καὶ
601 2569 710 2604 ἄσηπτα
730 2570 791 2596 τινὰ
817 2570 870 2595 τῶν
898 2570 987 2606 κρεῶν

202 2617 250 2642 καὶ
280 2615 402 2650 διαρκῶν
434 2616 573 2649 φυλάττει,
594 2617 641 2642 καὶ
672 2616 720 2651 τὴν
750 2615 867 2648 ὸζωδίαν
897 2616 988 2642 πᾶσαν

203 2661 384 2692 διασκεδὰζει·
395 2660 467 2687 οὕτω
478 2661 524 2686 καὶ
539 2661 584 2687 ἐπὶ
601 2661 649 2695 τῆς
661 2661 709 2687 τοῦ
723 2662 782 2692 νοὸς
794 2661 927 2696 φυλακῆς,
939 2662 989 2696 τῆς

203 2706 301 2741 νοητῆς
317 2705 450 2740 ήδύτητος
464 2705 511 2731 καὶ
528 2704 688 2739 θαυμαστῆς
706 2706 836 2740 ἐργασίας
852 2706 916 2732 νόει,
935 2706 989 2731 Καὶ

204 2753 258 2788 γὰρ
279 2752 370 2787 ἡδύνει
395 2751 505 2783 ὲνθέως,
522 2751 570 2778 καὶ
592 2752 638 2777 τὸν
666 2751 754 2783 ἐντὸς,
774 2751 822 2777 καὶ
845 2751 891 2777 τὸν
911 2751 989 2782 ἐκτὸς

204 2797 358 2832 ἄνθρωπον,
375 2797 423 2823 καὶ
439 2796 490 2831 τὴν
505 2795 619 2826 ὁζωδίαν
635 2795 689 2822 τῶν
705 2795 835 2831 πονηρῶν
850 2795 990 2830 λογισμῶν

205 2841 340 2872 ἐκδιώκει,
357 2841 404 2867 καὶ
424 2840 544 2876 διαρκῶν
569 2841 599 2867 ὲν
621 2841 678 2871 τοῖς
700 2841 792 2872 καλοῖς
809 2842 883 2876 ἡμᾶς
899 2842 992 2874 διαφυ-

206 2895 295 2913 λαττει

239 2947 260 2962 ⁸¹
274 2945 373 2982 Μοιιιι.
391 2953 450 2979 xxv,
467 2945 511 2972 25.
551 2945 632 2972 “lsa.
649 2953 692 2977 Lv,
712 2945 734 2973 l.
774 2947 794 2962 υ
812 2947 894 2973 [Σοί-Η.
908 2955 954 2979 xu,
974 2947 1004 2973 l5

1041 2339 1104 2366 nolo
1118 2348 1124 2365 :
1140 2339 1234 2373 utique
1247 2339 1282 2366 ob
1294 2339 1429 2366 deiectum
1444 2339 1631 2366 illustrationis
1645 2340 1754 2367 divinat.
1771 2341 1826 2368 (Ζυ-

1037 2383 1083 2417 jus
1106 2384 1215 2417 quidem
1238 2384 1285 2418 qui
1302 2384 1440 2419 particeps
1467 2389 1519 2416 est,
1539 2392 1593 2411 non
1610 2389 1652 2411 est
1678 2385 1799 2412 incertus
1818 2395 1824 2412 :

1041 2429 1088 2456 sed
1112 2429 1232 2464 illigatus
1255 2434 1281 2457 et
1297 2430 1445 2465 impeditus
1460 2431 1557 2458 evadet
1574 2431 1682 2458 abunde
1697 2431 1767 2459 circa
1783 2441 1826 2460 res

1041 2475 1159 2502 divinas.

1079 2521 1123 2548 85.
1149 2521 1292 2554 Quomodo
1302 2522 1340 2548 sal
1359 2522 1432 2550 istud
1451 2523 1552 2550 sensile
1568 2522 1681 2550 condire
1695 2523 1764 2550 solet
1779 2531 1826 2558 pa-

1044 2574 1117 2598 nem,
1137 2571 1164 2594 et
1185 2575 1294 2595 omnem
1319 2575 1421 2600 eseam.
1441 2576 1537 2596 carnes
1556 2569 1621 2596 item
1641 2569 1783 2603 quasdam,
1799 2575 1826 2597 et

1043 2620 1103 2646 qua:
1114 2613 1243 2640 duratura
1263 2617 1336 2645 sunt,
1354 2618 1520 2641 conservata
1532 2614 1686 2648 putredine,
1701 2622 1826 2642 omnem-

1043 2667 1097 2694 que
1116 2659 1216 2686 malum
1242 2659 1316 2694 fugat
1330 2659 1442 2687 odorem
1463 2668 1472 2687 :
1491 2661 1564 2688 hunc
1581 2660 1662 2687 etiam
1675 2661 1703 2687 in
1716 2661 1825 2687 modum

1044 2705 1146 2732 sentire
1167 2705 1250 2732 debes
1283 2705 1316 2732 de
1343 2696 1550 2733 conservatione
1568 2707 1678 2738 mentis,
1694 2705 1827 2732 suavitate

1043 2751 1140 2782 animi,
1168 2755 1196 2778 et
1227 2751 1387 2778 admiranda
1402 2751 1461 2784 ejus
1477 2751 1605 2778 eilieacia.
1622 2751 1737 2778 Suavem
1753 2750 1827 2777 enim

1044 2795 1174 2823 divinitus
1190 2795 1279 2822 reddit
1296 2795 1444 2827 hominem,
1455 2800 1508 2823 tam
1525 2796 1672 2826 internum,
1684 2803 1763 2830 quam
1779 2802 1826 2821 ex-

1047 2847 1172 2868 ternum:
1189 2845 1216 2867 et
1232 2848 1376 2875 pravarum
1391 2841 1584 2876 cogitationum
1606 2840 1713 2875 paedore
1735 2840 1827 2874 proﬂi~

1048 2893 1120 2923 galo.
1135 2894 1312 2921 perseverans
1324 2888 1350 2914 in
1369 2887 1449 2914 rebus
1463 2887 1597 2919 honestis,
1608 2894 1658 2914 nos
1674 2891 1827 2914 conservat.

1054 2947 1075 2962 ⁸³
1088 2947 1157 2974 Psal.
1175 2955 1264 2979 xxmx,
1280 2946 1305 2974 9.
