2069 3147
224 234 290 267 1507

819 234 1003 265 HESYCHII
1019 235 1259 266 PRESBYTERI

1788 229 1856 262 1508

259 291 304 318 86.
332 289 354 316 Ε
375 288 549 324 suggestione
574 288 757 325 cogitationes
771 289 899 317 oriuntur
916 289 1014 317 immo-

1102 290 1161 323 πς’.
1190 291 1238 317 Ἐκ
1259 289 1419 326 προσϐολῆς
1436 287 1529 315 πολλοὶ
1547 286 1685 321 λογισμεὶ,
1708 287 1740 312 ἐκ
1759 285 1785 311 δὲ
1799 285 1860 312 τού-

223 338 292 366 ᾶξοε
314 346 320 363 :
346 344 381 363 ex
413 336 457 363 his
491 342 575 370 porro
603 340 753 371 erumpunt
775 336 899 363 exterius
938 342 1015 363 acto-

223 391 273 410 nes
313 381 454 416 improbae.
495 381 630 408 Czeterum
674 381 721 415 qui
764 381 859 409 divino
904 381 1016 417 adjutus

225 428 334 458 auxilio,
345 427 490 455 confestim
505 427 622 462 primum
639 427 813 460 exstinxerit,
830 428 935 462 reliqua
947 427 1015 454 eﬂ'u-

225 474 300 510 giet:
319 480 487 507 suavemque
507 480 599 500 rerum
618 473 771 500 divinarum
786 478 949 508 assequetur
963 481 1015 501 cu-

225 520 326 546 mulate
351 519 475 546 notitiam
489 526 543 553 qua
563 518 648 545 Deum
669 519 772 553 ubique
795 519 893 546 adesse
903 519 1014 547 sentiet.

225 565 255 592 In
269 573 303 592 eo
317 572 383 592 vero
402 564 543 599 speculum
557 564 657 591 mentis
668 571 700 591 ex
713 564 936 591 reverberatione
948 571 1015 591 con-

228 612 347 639 tinenter
364 611 525 642 illustratur,
546 617 601 637 non
622 610 700 637 aliter
711 617 792 644 quam
816 610 916 637 vitrum
934 618 1016 637 mun-

226 655 291 682 dqu
307 662 321 681 a
340 655 396 682 sole
412 654 543 682 sensibili.
572 654 606 681 Et
628 658 685 681 tum
708 654 826 689 quiescit
849 655 957 681 animus
981 655 1015 682 ab

227 701 302 728 omni
324 701 387 733 alia,
407 708 598 735 quamcunque
615 705 790 735 conceperat,
810 701 1013 735 speculatione:

228 746 304 773 velut
327 753 474 773 occurrens
495 753 577 781 scopo
592 746 715 774 omnium
726 745 859 774 bonorum
875 746 1013 774 desidera-

227 792 345 819 lissimo.

262 837 308 864 87.
328 836 396 864 Cum
411 837 501 864 omnis
521 838 649 873 cogitatio
663 846 696 866 ex
714 838 908 875 imaginatione
924 846 1015 866 rerum

227 883 404 917 quarumdam
420 883 562 910 sensilium
581 885 685 911 oriatur
699 885 725 912 in
739 885 820 912 corde
833 906 841 918 ,
867 889 933 912 tunc
951 885 1017 912 bea-

229 933 286 955 tum
314 927 464 955 divinitatis
483 928 575 955 lumen
605 929 752 956 illustrabit
773 929 924 962 hominem,
952 936 1016 956 cum

1067 345 1120 364 των
1132 337 1149 372 ἡ
1163 336 1271 372 πονηρὰ
1289 335 1407 370 αἰσθητὴ
1421 334 1521 370 πρᾶξις
1531 341 1538 348 ·
1552 334 1566 359 ὁ
1582 332 1610 360 δὲ
1629 332 1698 367 μετὰ
1706 331 1752 358 τοῦ
1772 330 1860 366 Ίησοῦ

1065 382 1096 408 τὸ
1113 381 1223 417 πρῶτον
1243 381 1325 412 εὐθὺς
1355 380 1501 411 σϐεννύων,
1523 379 1559 405 τὰ
1586 378 1650 413 ἑξῆς
1675 378 1799 411 διέφυγε,
1814 378 1861 403 καὶ

1066 427 1170 462 γνῶσιν
1183 428 1261 454 Θείαν
1272 428 1403 462 γλυκεῖαν
1417 426 1577 461 πλουτήσει,
1592 424 1626 451 δι’
1638 422 1672 459 ἧς
1695 423 1762 450 θεὸν
1777 423 1861 458 εὑρή-

1067 481 1109 500 σει
1133 474 1180 500 τὸν
1202 472 1346 508 πανταχοῦ
1367 463 1491 499 ὦτα-ὲν
1507 471 1581 506 αὺτῷ
1608 470 1638 497 δὲ
1658 469 1688 496 τὸ
1705 470 1862 503 κάτοπτρον

1065 518 1113 544 τοῦ
1132 517 1192 550 νοὸς
1209 518 1371 554 ἀντερείσαις
1389 517 1538 552 φωτίζεται
1547 515 1681 551 διηνεκῶς
1694 514 1756 541 καθ’
1771 514 1861 548 ὁμοιό.

1066 573 1136 599 τητα
1154 563 1202 591 τοῦ
1216 563 1338 600 καθαροῦ
1365 563 1457 596 ὑέλου,
1479 563 1526 590 καὶ
1550 562 1598 589 τοῦ
1625 560 1757 595 αῑσθητοῦ
1772 560 1862 595 ἡλίου,

1066 609 1114 636 καὶ
1139 609 1200 636 τότε
1223 609 1395 636 ἀναπαύεται
1411 609 1426 634 ὁ
1445 609 1519 640 νοῦς,
1546 608 1584 640 ὡς
1612 606 1644 634 τδ
1670 607 1786 641 εσχατον
1808 605 1864 632 τῶν

1065 655 1189 690 ὀρεκτῶν
1206 655 1326 690 φθάσας,
1345 655 1399 682 ἀπὸ
1421 655 1514 690 πάσης
1533 654 1619 690 ἄλλης
1641 653 1716 685 τινδς
1740 653 1770 679 ὲν
1788 652 1865 686 αὐτῷ

1067 702 1196 738 θεωρίας.

1103 835 1157 866 πῖ.
1185 834 1297 869 Ἐπειδὴ
1315 834 1370 865 πᾶς
1390 832 1523 868 λογισμὸς
1533 832 1577 859 διὰ
1600 831 1754 866 φαντασίας
1768 830 1865 864 αἰσθη-

1067 880 1122 908 τῶν
1145 889 1229 907 τινων
1253 881 1410 915 εἰσέρχεται
1432 881 1461 906 ὲν
1482 880 1516 914 τῇ
1541 878 1653 914 καρδίᾳ,
1669 877 1730 904 τότε
1748 876 1866 911 αὖγάζει

1067 927 1149 953 αὑτὸν
1165 927 1195 953 τὸ
1213 927 1350 961 μακάριον
1374 925 1432 960 φῶς
1455 925 1505 959 τῆς
1530 924 1669 959 Θεότητος,
1691 923 1756 950 ὅταν
1776 923 1867 950 πάντα

228 972 318 1001 omnia
335 981 448 1008 prorsus
462 978 556 1008 pacata
572 974 731 1006 reddiderit,
746 979 773 1002 et
789 974 947 1010 huiusmodi
961 973 1018 1002 for-

1071 974 1224 1008 εὐκαιρήσῃ
1244 972 1298 999 ἀπὸ
1318 972 1439 1003 πάντων,
1460 970 1509 997 καὶ
1532 970 1740 1005 ἀσχημάτιστος
1755 970 1787 996 ὲκ
1803 969 1866 996 τού-

227 1026 333 1045 marum
346 1026 442 1053 expers
450 1019 608 1053 apparuerit
620 1028 627 1045 :
641 1019 663 1046 si
675 1027 770 1046 verum
782 1025 833 1052 est,
844 1020 1017 1055 splendorem

228 1064 303 1091 illum
318 1072 394 1099 purae
414 1064 498 1091 menti
512 1065 689 1100 perspicuum
712 1072 784 1098 esse,
803 1065 1017 1101 conceptionum

228 1110 350 1137 omnium
367 1110 531 1145 privatione.

263 1155 308 1182 88.
328 1154 436 1187 Quanto
451 1154 605 1193 accuratius
619 1154 810 1183 observaveris
838 1155 1018 1191 cogitationes

228 1199 313 1227 animi
328 1201 377 1230 tui.
402 1204 478 1227 tanto
492 1200 595 1234 majore
608 1208 671 1227 cum
685 1201 823 1228 desiderio
837 1201 930 1228 Jesum
955 1209 1019 1236 pre-

228 1245 342 1274 caberis.
357 1245 503 1278 Eteontra,
516 1250 619 1280 quanto
629 1246 812 1281 negligentius
824 1254 872 1274 eas
880 1250 1019 1274 scrutatus

227 1291 323 1323 fueris,
348 1296 424 1318 tanto
442 1291 550 1326 longius
564 1292 598 1319 ab
618 1291 684 1319 Jesu
697 1292 854 1320 recesseris.
873 1293 907 1320 Et
921 1300 1018 1327 quem~

228 1337 376 1365 admodum
400 1337 476 1372 prius
499 1336 566 1364 illud
581 1344 673 1364 aerem
688 1338 790 1365 mentis
806 1338 905 1365 mirum
919 1338 945 1365 in
958 1346 1018 1365 mo-

228 1384 292 1412 dum
309 1384 446 1411 illustrat:
463 1383 511 1416 ita,
529 1383 552 1410 si
569 1383 631 1418 quis
645 1385 826 1419 temperantia
841 1385 1017 1417 destituatur,

228 1434 256 1458 et
277 1430 356 1458 suavi
372 1429 437 1457 Jesu
452 1429 636 1464 invocatione,
653 1430 775 1458 tenebris
789 1439 903 1466 prorsus
927 1431 1019 1459 obdu-

228 1480 316 1504 cetur.
333 1475 366 1502 Et
393 1483 449 1503 rem
471 1475 627 1510 huiusmodi
645 1476 685 1503 sic
703 1482 801 1504 natura
817 1485 847 1504 se
861 1477 973 1508 habere.
989 1481 1019 1506 ut

228 1521 359 1554 diximus,
371 1525 399 1548 et
410 1529 467 1548 non
475 1521 564 1554 aliter,
578 1522 748 1557 experientia
761 1523 861 1556 disces,
872 1531 934 1550 cum
947 1523 1019 1551 facto

229 1567 291 1602 ipso
309 1568 457 1595 tentaveris
472 1575 479 1594 :
494 1575 556 1595 cum
574 1575 605 1595 ea
616 1569 831 1604 virtusjucunda
847 1570 1020 1597 illuminandi

229 1612 359 1639 facultate
382 1612 506 1646 praedita,
528 1619 583 1639 non
599 1613 679 1640 aliter
700 1614 805 1649 percipi
825 1614 922 1648 soleat,
937 1623 1018 1650 quam

229 1656 410 1691 experientia.

266 1702 310 1730 89.
333 1702 480 1737 lmplorare
494 1703 588 1730 Jesum
606 1704 724 1732 assiduis
738 1705 876 1740 precibus,
892 1713 954 1733 cum
972 1707 1021 1734 de-

230 1747 333 1776 siderio
348 1748 464 1782 quodam
487 1749 632 1777 suavitatis
654 1754 682 1776 et
704 1750 807 1778 laetitiae
822 1751 914 1786 pleno,
934 1752 1022 1780 reddit

229 1793 332 1822 utentis
358 1801 450 1821 aerem
465 1794 575 1830 plenum
589 1795 689 1831 gaudio
712 1800 741 1823 et
758 1797 963 1831 tranquillitate,
987 1799 1023 1826 ob

230 1847 364 1867 summam
380 1840 422 1868 sui
442 1841 671 1869 observationem.
690 1841 725 1869 Ut
741 1847 833 1870 autem
851 1843 959 1871 artiums
973 1852 1023 1879 pe-

230 1887 304 1914 nitus
331 1887 488 1920 mundetur,
513 1894 596 1914 causa
620 1891 663 1915 est
678 1888 759 1916 Jesus
788 1888 916 1916 Christus
938 1889 1022 1918 Filius

230 1930 278 1958 Dei
302 1935 329 1958 et
343 1931 426 1964 Deus,
437 1931 560 1958 omnium
581 1932 715 1959 bonorum
729 1938 826 1961 auctor
849 1938 876 1961 et
895 1934 1020 1963 eﬂector.

230 1976 287 2013 Ego
300 1976 385 2010 enim,
399 1977 500 2012 inquit,
512 1976 582 2004 Deus
592 1978 692 2012 faciens
705 1985 797 2012 pacem
810 1978 845 2006 ³⁸.

264 2082 308 2109 90.
330 2081 436 2115 Anima,
460 2090 521 2117 quae
544 2082 686 2110 beneficiis
702 2087 730 2110 et
752 2083 899 2112 dulcedine
923 2085 1022 2113 aﬂ‘eeta

229 2132 271 2155 est
290 2128 324 2154 ab
342 2127 418 2160 Jesu,
429 2135 491 2155 cum
504 2129 686 2156 exsultatione
700 2130 818 2163 quadam
834 2135 862 2158 et
877 2131 1020 2165 charitate,

230 2181 278 2208 per
296 2172 509 2206 confessionem,
523 2181 587 2201 eum
612 2175 659 2209 qui
675 2175 806 2203 beneficia
835 2177 962 2211 contulit,
977 2185 1022 2205 re-

229 2224 357 2246 munerat
368 2229 373 2246 ;
386 2224 441 2247 tam
452 2221 552 2255 gratias
563 2222 678 2257 agendo,
695 2231 775 2257 quam
792 2223 946 2251 invocaudo
960 2233 1022 2252 cum

229 2266 369 2300 voluptate
387 2266 470 2293 animi
485 2267 649 2301 placatorem
663 2277 741 2296 suum
761 2277 768 2295 2
782 2269 824 2296 vel
839 2277 872 2296 eo
888 2275 1021 2304 tempore,

1071 1028 1127 1046 των
1143 1019 1268 1054 γένηται.
1283 1018 1365 1053 εἴπερ
1378 1019 1394 1052 ή
1413 1016 1576 1052 λαμπρότης
1600 1016 1694 1050 ἐκείνη
1713 1016 1786 1042 κατὰ
1802 1015 1867 1041 στέ-

1073 1072 1154 1099 ρησιν
1170 1064 1224 1090 τῶν
1239 1063 1349 1090 πάντων
1370 1062 1518 1098 νοημάτων
1535 1061 1743 1096 παραφαίνεται
1766 1060 1805 1095 τῷ
1822 1069 1868 1086 κα-

1072 1108 1148 1144 θαρῷ
1165 1109 1216 1136 νοΐ.

1107 1158 1164 1190 πη¹.
1185 1155 1269 1181 Ὀσον
1295 1154 1345 1190 τὴν
1365 1154 1485 1181 διάνοιαν
1513 1154 1607 1189 ἄκρως
1621 1153 1778 1189 προσέχεις,
1795 1153 1868 1179 κατὰ

1071 1200 1201 1228 τοσοῦτον
1217 1201 1286 1236 μετὰ
1301 1200 1388 1227 πόθου
1403 1199 1443 1235 τῷ
1460 1199 1548 1235 Ἰησοῦ
1568 1199 1720 1235 προσεύξῃ,
1733 1199 1790 1226 Καὶ
1805 1199 1868 1224 ὅσον

1073 1246 1154 1274 πάλιν
1171 1246 1220 1281 τὴν
1238 1245 1358 1273 διάνοιαν
1376 1245 1486 1280 ἀμελῶς
1503 1245 1653 1281 ἐπισκέψῃ.
1677 1245 1749 1271 κατὰ
1773 1243 1867 1270 τοσοῦ-

1072 1301 1118 1320 τον
1133 1293 1180 1319 καὶ
1194 1292 1241 1319 τοῦ
1263 1292 1352 1327 Ἰησοῦ
1364 1291 1546 1328 μακρυνοήσῃ
1558 1299 1565 1306 ·
1583 1292 1630 1318 καὶ
1644 1292 1740 1327 ὥσπερ
1754 1292 1785 1318 τὸ
1801 1291 1868 1326 πρό-

1072 1347 1153 1375 τερον
1170 1339 1265 1374 ἄκρως
1287 1338 1334 1365 τὸν
1349 1338 1420 1373 ἀέρα
1442 1338 1492 1373 τῆς
1517 1337 1639 1369 διανοίας
1656 1337 1780 1372 φωτίζει,
1796 1337 1868 1363 οὕτω

1073 1385 1120 1411 καὶ
1139 1384 1169 1410 τὸ
1192 1383 1344 1410 smmum
1367 1383 1421 1410 ἀπὸ
1437 1383 1488 1419 τῆς
1507 1383 1626 1419 νήψεως,
1650 1382 1700 1409 καὶ
1723 1383 1774 1418 τῆς
1800 1383 1868 1416 γλυ-

1072 1431 1150 1462 κείας
1172 1430 1348 1465 ἐπικλήσεως
1365 1429 1466 1464 Ἰησοῦ,
1490 1430 1630 1461 σκοτίζειν
1650 1429 1732 1456 αὑτὸν
1755 1430 1787 1456 ὲκ
1801 1438 1868 1470 παν-

1072 1477 1118 1510 τὸς
1134 1476 1269 1512 πέφυκεν,
1287 1476 1327 1508 ὡς
1348 1473 1419 1503 εἶναι
1443 1476 1524 1511 φύσει
1548 1476 1579 1503 τὸ
1605 1477 1724 1511 πρᾶγμα
1745 1476 1867 1502 τοιοῦτον

1073 1523 1112 1555 ὡς
1134 1523 1261 1558 εἴπομεν,
1284 1522 1332 1549 καὶ
1351 1522 1440 1554 ἄλλως
1455 1522 1506 1549 οὐκ
1522 1522 1592 1549 ἔστι.
1613 1522 1670 1549 Καὶ
1685 1521 1766 1548 τοῦτο
1782 1522 1868 1557 πείρᾳ,

1073 1568 1158 1604 λήψῃ,
1177 1568 1252 1603 ἔργῳ
1275 1567 1439 1602 δικιμάσας,
1458 1567 1522 1594 ἐπεὶ
1545 1568 1583 1603 μὴ
1607 1567 1729 1602 πέφυκεν
1745 1567 1831 1602 ἀρετὴ
1849 1569 1866 1602 ὴ

1072 1615 1188 1649 τοιαύτη
1202 1614 1358 1649 φωτοτόκος
1373 1614 1478 1651 τερπνὴ
1493 1613 1624 1650 ἐργασία,
1639 1614 1663 1640 εί
1676 1613 1714 1649 μὴ
1734 1614 1767 1648 τῇ
1784 1613 1869 1648 πείρᾳ

1034 1648 1056 1679 C
1072 1648 1260 1690 διδάσκεσθαι.

1109 1708 1164 1735 πθ¹.
1185 1708 1222 1734 Τὸ
1241 1707 1291 1742 μὲν
1309 1707 1379 1742 μετὰ
1404 1706 1490 1734 πόθου
1511 1706 1585 1738 τινὸς
1605 1706 1705 1742 μεστοῦ
1730 1706 1870 1741 ﬂuit-51:.-

1072 1762 1118 1785 τος
1132 1753 1181 1780 καὶ
1198 1753 1286 1788 χαρᾶς
1297 1751 1490 1779 ἐπικαλεῖσθαι
1506 1752 1628 1787 συνεχῶς
1648 1751 1765 1788 Ἰησοῦν,
1781 1752 1869 1778 αἴτιον

1072 1799 1120 1826 τοῦ
1133 1800 1222 1835 χαρᾶς
1239 1798 1360 1834 ἔμπλεον
1377 1799 1423 1825 καὶ
1438 1798 1562 1834 γαλήνης
1584 1795 1654 1824 εἶναι
1673 1798 1720 1824 τὸν
1733 1797 1802 1832 ἀέρα
1817 1798 1868 1831 τῆς

1072 1845 1197 1881 καρδίας,
1224 1845 1256 1871 ἐκ
1281 1844 1332 1879 τῆς
1350 1844 1440 1879 ἄκρας
1462 1845 1613 1879 προσοχῆς.
1641 1843 1696 1870 Τοῦ
1717 1844 1746 1870 δὲ
1772 1844 1868 1877 ἄκρως

1073 1890 1259 1926 καθαίρεσθαι
1274 1890 1324 1926 τὴν
1340 1889 1467 1925 καρδίαν,
1483 1890 1570 1921 αἴτιος
1589 1889 1696 1924 Ἰησοῦς
1716 1889 1837 1924 Χριστὸς
1853 1891 1868 1916 ὁ

1073 1936 1138 1968 Tib;
1154 1934 1203 1962 τοῦ
1221 1934 1289 1962 Θεοῦ
1310 1935 1359 1962 καὶ
1374 1934 1452 1967 Θεὸς,
1468 1935 1482 1961 ὁ
1499 1934 1611 1961 πάντων
1628 1933 1683 1960 τῶν
1706 1934 1798 1961 καλῶν
1824 1934 1868 1960 αἰ-

1073 1991 1130 2014 τιος
1145 1982 1192 2009 καὶ
1207 1981 1336 2017 ποιητής.
1355 1980 1427 2015 Ἐγὼ
1441 1981 1496 2017 γὰρ
1507 2001 1514 2013 ,
1531 1980 1609 2016 φησὶ,
1631 1980 1705 2014 Θεὸς
1718 1980 1813 2007 ποιῶν
1825 1982 1867 2006 ει-

1069 2028 1180 2063 μήνην.

1109 2087 1144 2118 L,'.
1166 2085 1395 2120 Εὑεργετουμένη
1422 2083 1512 2119 ψυχὴ,
1535 2083 1583 2110 καὶ
1597 2083 1800 2118 γλυκαινομένη
1815 2083 1868 2110 ὑπὸ

1079 2130 1182 2165 Ἰησοῦ,
1200 2130 1270 2165 μετὰ
1281 2129 1471 2164 ἀγαλλιάσεώς
1485 2138 1557 2161 τινος
1574 2129 1622 2156 καὶ
1636 2129 1747 2166 ἀγάπης
1763 2130 1806 2156 διὰ
1818 2130 1868 2165 τῆς

1073 2176 1296 2211 ὲξομολογήσεως
1323 2176 1371 2202 τὸν
1393 2175 1546 2211 εὐεργέτην
1569 2175 1729 2210 ἀμείϐεται,
1753 2176 1868 2211 εὐχαρι-

1075 2221 1175 2248 στοῦσα
1191 2222 1240 2248 καὶ
1257 2221 1466 2256 ἐπικαλουμένη
1489 2220 1558 2255 μετὰ
1583 2220 1743 2256 θυμηδείας.
1764 2222 1810 2248 τὸν
1828 2222 1868 2248 εί-

1075 2266 1274 2303 ρηνοποιοῦντα
1289 2266 1386 2301 αὐτὴν.
1408 2266 1456 2293 καὶ
1473 2266 1557 2301 μέσον
1572 2266 1658 2301 αὐτῆς
1673 2266 1779 2301 vom-(It;
1795 2267 1865 2302 ὁρώ-

229 2320 284 2347 quo
300 2312 373 2340 videt
386 2320 450 2340 eum
472 2313 500 2340 in
517 2314 607 2341 medio
619 2314 825 2348 dissolventem,
843 2316 1018 2344 intellectuali

1075 2321 1124 2348 οης
1139 2312 1221 2340 αὑτὸν
1234 2313 1334 2339 λύοντα
1350 2312 1400 2344 τὰς
1420 2311 1575 2348 φαντασίας
1590 2311 1645 2338 τῶν
1659 2314 1709 2348 τῆς
1732 2313 1868 2348 πονηρίας

229 2358 346 2392 ratione,
361 2359 501 2387 illusiones
517 2359 664 2395 spirituum
678 2361 818 2396 nequitiae.

265 2416 309 2444 9i.
332 2416 365 2443 Et
380 2417 505 2452 despexit,
523 2417 612 2452 inquit
632 2417 728 2450 David,
745 2417 836 2445 oculus
850 2427 924 2446 meus
939 2419 1020 2447 intel-

229 2461 354 2489 lectualis
373 2463 493 2491 inimicos
508 2472 578 2491 meo:
593 2463 732 2499 spiritales
749 2472 757 2491 :
780 2469 803 2491 et
825 2465 1019 2500 insurgentibus

228 2506 258 2533 in
274 2513 315 2532 me
329 2507 418 2534 audiet
438 2509 510 2535 auris
524 2516 583 2535 mea
596 2508 630 2535 ⁸⁸.
647 2508 680 2535 Et
694 2507 905 2536 retributionem
920 2515 1019 2543 pecca-

231 2555 320 2578 torum
335 2551 363 2577 in
380 2559 424 2579 me
438 2560 453 2579 a
468 2552 524 2581 Deo
542 2553 600 2581 ﬁeri
619 2553 757 2581 videbam.

266 2606 311 2634 92.
332 2606 360 2635 Si
374 2608 456 2635 nullm
475 2608 577 2637 fuerint
590 2610 619 2637 in
645 2615 738 2638 mente
755 2610 908 2643 illusiones,
922 2610 950 2637 in
969 2618 1019 2638 suo

230 2652 349 2680 naturali
363 2657 436 2681 statu
456 2659 598 2689 permanet
612 2656 731 2689 animus,
756 2661 869 2691 paratus
886 2656 1019 2684 inclinare

230 2699 259 2727 in
278 2705 387 2726 omnem
402 2699 602 2734 delectabilem,
617 2701 778 2736 spiritalem,
799 2706 827 2730 et
842 2702 899 2730 Deo
914 2708 1018 2739 gratam

230 2743 500 2777 contemplationem.

266 2799 312 2827 9'5.
333 2797 390 2826 Hac
412 2806 477 2835 ergo
504 2801 622 2833 ratione.
653 2807 682 2830 ut
699 2803 766 2836 dixi,
791 2803 970 2839 temperantia
992 2809 1022 2831 et

231 2845 388 2880 deprecatio
400 2843 464 2873 Jesu
481 2855 543 2875 sese
560 2852 654 2875 natura
676 2852 772 2877 mutuo
787 2850 909 2879 stabilire
922 2849 1022 2877 solent.

272 2937 295 2952 ⁸⁸
312 2935 364 2963 lsa.
378 2945 438 2971 va,
456 2937 482 2965 7.
532 2938 554 2954 ⁸⁸
568 2937 638 2966 Psal.
655 2946 708 2966 xei.

1073 2367 1140 2385 πνευ
1145 2359 1250 2394 μάτων.

1109 2417 1164 2448 L_a.'.
1185 2415 1240 2441 Καὶ
1253 2413 1364 2446 ἐπεῖδε,
1379 2414 1462 2449 φησίν
1479 2415 1493 2441 ὁ
1509 2413 1592 2440 Δαΰὶδ
1602 2415 1616 2441 ὁ
1630 2413 1739 2450 νοητὸς,
1756 2415 1867 2448 ὀφθαλ-

1071 2459 1129 2494 μός
1140 2467 1200 2493 μου
1215 2459 1250 2486 ὲν
1266 2458 1331 2491 Τοῖς
1344 2458 1463 2493 ἐχθροῖς
1476 2467 1547 2493 μου.
1564 2458 1620 2486 Καὶ
1640 2459 1676 2485 ἐν
1700 2458 1762 2492 τοῖς
1776 2459 1868 2485 ἐπαν-

1074 2504 1257 2540 ισταμένοις,
1273 2505 1437 2532 ἀκούσεται
1451 2504 1485 2530 τὸ
1494 2501 1549 2537 οὓς
1560 2513 1631 2538 μου.
1648 2504 1704 2531 Καὶ
1718 2505 1867 2532 ἀνταπόδο-

1075 2559 1118 2577 σιν
1133 2550 1307 2586 ἁμαρτωλῶν
1322 2548 1392 2576 εἶδον
1405 2550 1481 2585 παρὰ
1494 2549 1562 2576 Θεοῦ
1578 2549 1607 2576 ἐν
1622 2550 1686 2585 ἐμοὶ
1703 2550 1866 2585 γενομένην.

1110 2607 1162 2642 ιιβν.
1183 2606 1342 2634 Φαντασιῶν
1357 2606 1386 2633 δὲ
1402 2606 1441 2642 μὴ
1454 2605 1542 2632 οὐσῶν
1556 2614 1638 2632 τινων
1654 2607 1683 2632 ἐν
1696 2606 1809 2642 καρδία,
1827 2608 1868 2638 εἰς

1073 2654 1103 2680 τὸ
1118 2652 1188 2680 κατὰ
1205 2653 1287 2687 φύσιν
1302 2654 1316 2679 ὀ
1338 2652 1401 2685 νοῦς
1417 2652 1539 2684 ἵσταται,
1552 2652 1662 2686 ἕτοιμος
1679 2652 1717 2678 ὢν
1732 2652 1867 2678 κινεῖσθαι

1073 2701 1114 2730 εἰς
1137 2700 1230 2726 πᾶσαν
1250 2698 1369 2734 θεωρίαν
1391 2698 1512 2734 τερπνὴν
1529 2697 1721 2733 πνευματικὴν
1741 2698 1789 2724 καὶ
1806 2697 1866 2724 θεο-

1073 2745 1148 2780 φιλῆ.

1111 2802 1166 2837 ια’.
1187 2802 1282 2834 οὕτως
1297 2800 1354 2834 οὖν,
1371 2802 1408 2834 ὡς
1423 2799 1511 2834 εἶπον,
1528 2800 1686 2835 πεφύκασιν
1699 2797 1772 2826 εἶναι
1783 2798 1867 2833 ἀλλή-

1077 2848 1130 2875 λων
1149 2848 1312 2880 συστατικὰ,
1329 2849 1346 2882 ἦ
1362 2857 1391 2875 τε
1403 2847 1494 2883 νῆψις,
1510 2847 1559 2874 καὶ
1577 2846 1667 2881 Ἰησοῦ
1679 2845 1764 2881 εὐχή·
1780 2845 1797 2880 ἡ
1815 2843 1866 2879 μὲν
