2069 3147
200 236 266 268 1509

551 235 599 264 DE
619 233 893 264 TEMPERANTIA
913 233 959 262 ET
981 231 1161 262 VIRTUTE.
1178 245 1209 248 -
1222 231 1417 261 CENTURIA
1431 231 1455 261 I.

1756 231 1826 264 1510

199 291 263 325 γὰρ,
282 289 355 324 ἄκρα
376 288 499 323 προσοχὴ
513 288 562 322 τῆς
584 286 713 321 συνεχοῦς
727 285 811 320 εὐχῆς
821 293 828 299 ·
848 285 864 320 ὴ
879 285 906 311 δὲ
921 283 988 319 εὖχὴ

1049 283 1148 310 Summa
1162 283 1233 310 enim
1246 283 1408 315 observatio,
1425 282 1584 310 continuam
1600 290 1741 318 promovet
1762 292 1826 318 pre.

199 335 282 362 πάλιν
297 333 407 361 ἐννοιῶν
423 333 472 367 τῆς
489 334 576 368 ἄκρας
592 333 699 368 νήψεως
713 332 759 357 καὶ
775 330 924 365 προσοχῆς.

234 424 286 457 ιιδι.
307 423 432 458 Χρηστὸς
457 421 634 456 παιδαγωγὸς
658 420 706 447 καὶ
730 419 777 446 τοῦ
800 418 927 452 σώματος
941 418 988 444 καὶ

199 469 249 504 τῆς
265 469 365 503 ψυχῆς,
380 469 396 502 ἡ
419 467 605 502 ἀνεπίληπτος
619 466 714 501 μνήμη
730 464 777 491 τοῦ
793 464 921 495 θανάτου,
941 464 989 489 καὶ

199 516 230 541 τὸ
242 536 249 546 ,
266 515 301 541 τὰ
316 515 345 540 ἐν
360 513 436 549 μέσῳ
458 512 568 543 πάντως
590 511 807 546 παραδραμόντα
829 509 909 535 αὑτὸν
920 530 926 541 ,
946 509 991 535 ἀεὶ

200 560 367 596 προϐλέπειν
386 559 436 593 τὴν
457 558 564 593 κλίνην,
588 557 652 583 ἔνθα
673 554 912 591 ψυχορραγοῦντες
927 554 991 590 μέλ·

201 607 282 641 λομεν
298 604 488 636 κατακεῖσθαι,
506 605 554 630 καὶ
567 603 601 629 τὰ
614 602 706 629 λοιπά.

236 654 288 684 ιβ’.
310 651 367 676 Οὐκ
387 649 473 680 ἐστιν,
491 648 615 682 ἀδελφοὶ,
633 647 716 673 ὕπνον
732 647 850 682 ἄρασθαι
866 646 911 671 τὸν
932 645 992 680 βου-

201 697 313 731 λόμενον
335 696 458 729 ἄτρωτον
483 695 575 730 μένειν
597 693 641 720 διὰ
657 693 776 724 παντός·
792 692 901 727 ἀνάγκη
918 691 992 717 δυοῖν

202 742 327 776 θάτερον,
346 741 362 775 ἢ
383 742 479 767 πεσεῖν
501 741 549 767 καὶ
562 738 712 766 ἀπολέσθαι
738 737 918 773 γυμνωθέντα
939 737 993 762 τῶν

203 787 319 822 ἀρετῶν,
343 787 359 821 ἢ
374 786 418 812 διὰ
434 786 534 817 παντὸς
548 785 587 820 τῷ
603 785 643 812 νοτ
662 783 896 818 καθωπλισμένον
911 783 992 809 ἑστά-

203 840 265 859 ναι¹
278 833 324 858 καὶ
339 832 394 866 γὰρ
410 833 424 858 ὁ
440 831 536 868 ἐχθρὸς
554 832 597 858 ἀεὶ
617 831 728 858 ἵσταται
747 830 816 865 μετὰ
831 829 880 864 τῆς
896 828 993 856 ἑαυτοῦ

204 877 395 914 παρατάξεως.

238 926 295 957 ἵης’.
316 922 424 949 Γίνεταε
440 931 482 954 τις
499 922 669 954 κατάστασις
684 921 745 948 θεία
761 923 789 948 ὲν
803 921 842 956 τῷ
857 921 894 956 νῷ
914 921 994 956 ἡμῶν

205 969 237 995 ὲκ
255 969 304 1003 τῆς
321 967 449 1002 συνεχοῦς
467 968 578 1002 μνήμης
592 965 638 993 τοῦ
653 966 760 1000 Κυρίου
771 965 850 1000 ἡμῶν
872 965 918 991 καὶ
933 965 993 990 ἐπι-

206 1013 328 1048 κλήσεως
340 1013 423 1039 αὐτοῦ
437 1012 576 1047 συνεχοῦς,
590 1012 637 1038 ἐὰν
651 1011 688 1046 μὴ
703 1010 853 1046 ἀμελῶμεν
863 1011 911 1044 τῆς
925 1010 994 1045 πρὸς

206 1060 323 1095 Χριστὸν
340 1059 439 1094 συχνῆς
455 1059 526 1085 κατὰ
547 1058 609 1084 νοῦν
630 1058 748 1092 δεήσεως
763 1057 873 1091 καὶτῆς
889 1057 995 1090 πυκνῆς

207 1107 323 1140 νήψεως,
339 1105 384 1131 καὶ
397 1104 444 1130 τοῦ
459 1103 636 1130 ὲπιστατικοῦ
649 1103 731 1138 ἔργου
744 1111 751 1118 ·
765 1102 832 1129 ἀλλὰ
847 1103 893 1128 καὶ
911 1102 995 1133 ὅντως

207 1152 287 1187 ἔργον
304 1150 371 1176 αὐτὸ
391 1150 445 1182 ἀεὶ,
477 1150 525 1176 καὶ
548 1149 680 1180 ὡσαύτως
705 1149 913 1183 ὲπιτελούμενον
925 1148 994 1182 ἔχω-

209 1205 259 1232 μεν
272 1197 321 1231 τῆς
341 1195 428 1230 Ἰησοῦ
456 1195 576 1231 Χριστοῦ
591 1195 639 1222 τοῦ
656 1195 760 1230 Κυρίου
783 1194 862 1230 ἡμῶν
880 1194 996 1228 ἐπικλή-

209 1251 289 1275 σεως,
301 1241 369 1268 ἀλλὰ
387 1241 617 1276 μετὰκπυρώσεως
630 1240 743 1275 καρδίας
755 1240 916 1272 ἐκϐοῶντες,
926 1239 996 1266 ὥστε

210 1287 373 1322 μεταλαϐεῖν
392 1287 424 1313 τὸ
446 1286 524 1320 ἅγιον
546 1286 632 1321 δνομα
656 1286 744 1320 Ἰησοῦ
761 1294 768 1301 ·
791 1286 920 1320 συνέχεια
942 1285 997 1320 γὰρ

209 1333 257 1359 καὶ
279 1332 326 1358 ἐπὶ
341 1331 442 1366 ἀρετῆς
458 1331 506 1357 καὶ
521 1332 566 1357 ἐπὶ
581 1331 682 1362 κακίας
704 1331 796 1365 μήτηρ
809 1328 892 1361 ἕξεως
903 1337 909 1344 '
929 1328 996 1364 ἡδὲ,

209 1376 246 1408 ὡς
264 1377 344 1411 φύσις
358 1376 452 1402 λοιπον
467 1377 573 1411 κρατεῖ.
592 1375 647 1402 Καὶ
659 1376 687 1401 ἐν
707 1374 874 1401 καταστάσει
885 1374 998 1409 τοιαύτῃ

209 1425 223 1450 ὁ
247 1423 309 1454 νοῦς
330 1423 487 1458 γενόμενος,
512 1421 590 1457 ζητεῖ
616 1421 679 1452 τοὺς
712 1419 868 1454 πολεμίους,
903 1419 998 1455 ὥσπερ

211 1470 284 1497 κύων
295 1468 453 1499 Λακωνικὸς
470 1468 576 1502 λαγωὸν
601 1468 629 1493 ἐν
646 1467 773 1502 λόχμαις.
791 1465 870 1492 Οὕτω
881 1466 935 1500 γὰρ
952 1466 1000 1492 καὶ

210 1516 224 1541 ὁ
239 1514 300 1546 νοῦς
315 1513 440 1549 πονηρῶν
456 1512 596 1547 λογισμῶν
607 1511 738 1547 ὲξερευνᾷ
748 1519 755 1526 ·
771 1511 828 1538 ἀλλ’
843 1510 857 1536 ὁ
876 1510 937 1545 μὲν,
955 1510 998 1536 ἴνα

211 1560 373 1595 καταφάγῃ·
388 1560 402 1585 ὁ
416 1559 454 1592 δὲ,
473 1558 516 1585 ῐνα
535 1558 715 1593 καταφῡεὶρῃ.

247 1649 298 1681 ιιιζκ
321 1648 384 1674 Ὅτε
408 1645 455 1674 οὖν
478 1648 526 1675 καὶ
549 1648 646 1679 ὁσάκις
673 1647 869 1682 ὲπισυμὸαίνει
894 1647 997 1681 πληθύ-

212 1694 304 1721 νεσθαι
325 1694 354 1720 ὲν
377 1694 444 1728 ήμίν
464 1693 527 1724 τοὺς
551 1693 687 1729 πονηροὺς
711 1693 870 1728 λογισμοὺς,
887 1692 937 1728 τὴν
951 1691 998 1719 τοῦ

212 1739 315 1775 Κυρίου
332 1739 411 1774 ἡμῶν
432 1737 518 1774 ’1ησοῦ
532 1737 653 1774 Χριστοῦ
680 1738 825 1772 ἐπίκλησιν
853 1737 937 1772 μέσον
951 1737 999 1764 αὐ-

212 1784 267 1810 τῶν
291 1784 470 1820 ὲμὸάλωμεν·
491 1784 538 1810 καὶ¹
561 1783 755 1818 διαλυομένους
775 1783 876 1815 αὐτοὺς
896 1783 1000 1814 εὐθέως

213 1829 273 1855 τότε
298 1828 364 1855 ὡσεὶ
388 1828 493 1856 καπνὸν
523 1829 554 1856 ὲν
577 1828 640 1864 ἀέρι
665 1828 799 1864 ὀψόμεθα,
823 1827 893 1863 ὼςή
917 1829 1000 1864 πεῖρα

213 1874 329 1907 ἐδίδαξε·
346 1875 394 1901 καὶ
417 1874 466 1901 τοῦ
490 1875 551 1905 νοὸς
581 1875 663 1909 μόνου
689 1873 916 1908 καταλειφθέντος
938 1873 999 1899 τότε

213 1919 361 1955 ἀρχώμεθα
384 1920 467 1946 πάλιν
478 1919 528 1953 τῆς
553 1918 683 1954 συνεχοῦς
705 1919 844 1953 προσοχῆς
867 1918 914 1944 καὶ
941 1919 1001 1944 ἐπι-

214 1965 348 2000 κλήσεως.
370 1964 426 1990 Καὶ
448 1964 546 1994 ὁσάκις
561 1963 614 1989 ὑπὸ
627 1963 726 1998 πείρας
739 1963 812 1994 τινὸς
824 1962 904 1988 τοῦτο
919 1961 1000 1988 πάλιν

214 2010 356 2046 πάθωμεν,
370 2009 456 2041 οὕτως
467 2009 600 2044 ποιῶμεν.

250 2102 304 2134 ιιηι.
313 2100 356 2132 Ὧς
367 2099 422 2136 γὰρ
433 2099 462 2126 οὐ
480 2098 593 2126 δυνατὸν
610 2099 714 2134 γυμνὸν
724 2098 766 2130 εἰς
776 2097 896 2132 πόλεμον
911 2095 1001 2123 εἰσελ-

215 2145 295 2172 οόντα
312 2145 431 2181 σώματι,
456 2145 473 2180 ἢ
494 2144 609 2171 πλεῦσαι
625 2144 696 2179 μέγα
714 2143 830 2177 πέλαγος
849 2143 908 2177 μετ’
924 2142 1001 2169 ἐνδυ-

216 2192 319 2226 μάτων,
332 2191 349 2225 ῆ
367 2191 417 2227 ζῇν
442 2191 506 2217 ἄνευ
525 2190 572 2217 τοῦ
590 2190 732 2222 ἀναπνεῖν,
755 2188 843 2220 οὕτως
867 2188 1000 2216 ἀδύνατον

214 2237 299 2271 χωρὶς
332 2235 523 2267 ταπεινώσεως
548 2236 595 2262 καὶ
632 2235 760 2270 συνεχοῦς
789 2235 857 2270 πρὸς
882 2235 1002 2270 Χριστὸν

1039 327 1192 354 cationcm:
1206 327 1324 362 precatio
1347 334 1455 354 rursum
1469 327 1642 362 procuratrix
1656 331 1698 354 est
1712 335 1827 355 summa!

1040 371 1227 407 temperantiae
1240 377 1267 399 et
1280 371 1479 399 observationis
1489 371 1694 407 cogitationum.

1075 417 1119 444 94.
1140 417 1266 452 Optimus
1290 419 1413 452 corporis
1435 422 1462 445 et
1485 419 1583 444 animm
1598 418 1758 453 paedagogus
1774 425 1826 449 est,

1041 463 1193 491 indelebilis
1212 464 1342 491 memoria
1354 464 1450 491 mortis
1463 473 1469 491 :
1482 469 1519 497 et,
1539 464 1573 491 iis
1586 472 1645 498 quae
1655 469 1719 491 ante
1734 464 1828 491 oculos

1040 509 1147 543 iacent,
1171 509 1283 536 omnino
1308 509 1511 544 praetermissis,
1537 509 1712 536 continenter
1739 509 1828 536 cubile

1041 555 1202 590 praevidere,
1219 556 1246 582 in
1271 563 1325 591 quo
1339 555 1454 591 posthac
1482 563 1544 582 cum
1563 555 1703 590 refrigerio
1719 555 1828 590 requie-

1043 608 1119 628 scere
1136 601 1281 634 possimus.

1077 646 1121 673 95.
1143 646 1200 673 Non
1225 646 1315 678 debet,
1343 646 1451 679 fratres,
1469 646 1595 681 amplecti
1622 654 1760 678 somnum,
1782 646 1827 680 qui

1044 697 1176 727 perpetuo
1190 691 1249 719 vult
1266 692 1367 719 illaesus
1381 700 1503 719 manere.
1527 692 1621 726 Itaque
1646 699 1759 718 necesse
1787 695 1830 717 cst

1043 738 1158 765 alterum
1175 738 1302 771 duorum,
1319 742 1366 765 aut
1385 738 1530 772 spoliatum
1547 738 1694 764 virtutibus
1717 744 1828 764 occum-

1044 784 1108 811 bere
1117 789 1144 811 ct
1157 785 1257 819 perire,
1271 789 1318 812 aut
1332 789 1423 811 mente
1438 791 1547 818 semper
1555 788 1658 810 armata
1667 783 1827 811 consistere:

1044 828 1107 863 quia
1135 836 1273 863 nunquam
1290 836 1344 856 non
1362 832 1434 856 astat
1457 828 1554 861 hostis,
1572 828 1688 864 stipatus
1707 828 1830 856 exercitu

1045 882 1105 902 SllO.

1080 920 1124 947 96.
1147 920 1240 948 Status
1265 921 1376 955 quidam
1409 921 1519 948 divinus
1538 920 1661 947 nascitur
1686 919 1714 946 in
1739 919 1830 946 animo

1047 971 1141 994 nostro
1156 975 1188 994 ex
1200 967 1333 994 continua
1350 967 1454 994 Domini
1467 967 1554 994 nostri
1571 966 1710 998 memoria,
1723 969 1750 993 et
1761 965 1829 992 assi-

1045 1012 1099 1039 dua
1118 1012 1176 1046 ejus
1194 1012 1382 1040 invocatione:
1402 1013 1483 1039 modo
1506 1012 1614 1040 solliciti
1629 1012 1714 1039 simus
1728 1012 1762 1039 de
1777 1011 1830 1038 l're-

1045 1058 1192 1092 quentibus
1217 1058 1300 1085 animi
1323 1059 1451 1093 precibus
1466 1066 1530 1094 erga
1555 1058 1707 1089 Christum,
1728 1057 1831 1084 crebris

1044 1103 1167 1138 jejuniis,
1183 1108 1208 1131 et
1232 1104 1360 1138 operibus
1391 1105 1574 1139 principatum
1594 1103 1771 1131 tenentibus:
1789 1111 1831 1129 re-

1046 1156 1121 1181 vera,
1141 1156 1224 1183 opere
1244 1149 1314 1183 ipso,
1332 1150 1402 1184 quod
1422 1149 1449 1176 in
1464 1149 1634 1177 invocatione
1661 1148 1765 1176 Domini
1782 1156 1831 1175 no-

1046 1195 1095 1222 stri
1108 1195 1172 1222 Jesu
1191 1195 1291 1222 Christi
1311 1195 1446 1228 consistit,
1461 1203 1569 1230 semper
1583 1199 1611 1222 ct
1633 1195 1729 1222 eodem
1752 1194 1832 1221 modo

1047 1241 1201 1276 peragendo
1216 1241 1320 1276 praediti
1336 1241 1433 1273 simus,
1448 1248 1565 1268 accenso
1579 1240 1660 1268 corde
1677 1239 1832 1267 exclaman-

1048 1292 1100 1318 tes,
1119 1290 1149 1313 ut
1171 1287 1258 1313 sancti
1277 1286 1395 1314 nominis
1416 1285 1482 1313 Jesu
1495 1285 1632 1321 possimus
1646 1293 1707 1313 esse
1722 1285 1832 1320 partici-

1048 1339 1105 1366 pes.
1124 1331 1277 1358 Assiduitas
1297 1332 1382 1362 enim,
1406 1331 1463 1358 sive
1479 1331 1506 1358 in
1524 1331 1624 1358 virtute
1638 1330 1697 1358 sive
1714 1330 1741 1357 in
1757 1330 1831 1360 vitio.

1048 1380 1136 1404 mater
1161 1381 1202 1404 est
1227 1376 1354 1404 habitus:
1373 1376 1484 1403 habitus
1506 1381 1607 1407 autem.
1631 1377 1705 1405 velut
1724 1381 1832 1406 natura,

1049 1428 1146 1450 extera
1154 1422 1267 1450 obtinet.
1279 1422 1308 1449 In
1322 1430 1355 1449 eo
1365 1422 1456 1456 itaque
1467 1427 1539 1449 statu
1554 1422 1704 1449 collocatus
1714 1423 1832 1455 animus,

1049 1467 1144 1494 hostes
1164 1467 1288 1501 inquirit,
1309 1471 1338 1494 ut
1362 1467 1439 1494 cauis
1457 1466 1597 1494 laconicus
1615 1467 1643 1493 in
1668 1467 1742 1494 silvis
1757 1467 1833 1502 lepo-

1050 1521 1118 1540 rem.
1139 1513 1178 1540 Ad
1195 1513 1268 1539 hunc
1289 1513 1360 1539 enim
1385 1512 1495 1539 modum
1513 1520 1591 1539 mens
1611 1516 1749 1539 scrutatur
1771 1520 1834 1547 per-

1050 1566 1143 1586 versas
1167 1558 1365 1593 cogitationes:
1391 1557 1438 1584 sed
1454 1557 1499 1585 ille
1514 1557 1636 1592 quidem,
1654 1561 1683 1585 ut
1695 1558 1833 1589 comedat,

1051 1605 1111 1633 bwc
1125 1609 1227 1638 autem,
1244 1608 1274 1631 ut
1287 1603 1442 1631 labefactet.

1084 1650 1129 1678 9'1.
1150 1648 1373 1682 Quandocunque
1395 1652 1422 1674 et
1443 1647 1659 1682 quotiescunque
1681 1647 1834 1682 contigerit,

1050 1700 1081 1723 ut
1097 1700 1226 1731 augeatur
1241 1695 1269 1721 in
1286 1693 1365 1720 nobis
1379 1700 1511 1720 numerus
1527 1700 1671 1727 pravarum
1694 1693 1836 1728 cogitatio-

1050 1749 1134 1774 num,
1151 1740 1350 1775 intcrjiciamus
1374 1739 1401 1766 in
1418 1738 1539 1766 medium
1555 1746 1649 1766 earum
1669 1738 1837 1773 imploratio-

1051 1795 1113 1814 nem
1131 1785 1236 1814 Domini
1251 1785 1338 1812 nostri
1353 1784 1418 1812 Jesu
1434 1784 1554 1811 Christi:
1570 1789 1682 1818 tumque
1698 1790 1761 1810 mox
1779 1791 1837 1814 eas,

1052 1833 1139 1860 instar
1159 1831 1225 1858 fumi
1242 1830 1269 1857 in
1287 1838 1360 1862 aere,
1378 1830 1532 1857 videbimus
1546 1835 1709 1856 evanescere
1725 1836 1731 1853 :
1758 1828 1836 1855 sicuti

1051 1877 1143 1906 docuit
1159 1876 1337 1911 experientia.
1348 1876 1382 1902 Et
1397 1875 1419 1902 si
1430 1882 1508 1902 mens
1521 1874 1577 1902 sola
1590 1873 1838 1908 comprehendatur

1051 1923 1086 1949 ab
1100 1921 1164 1950 illis.
1181 1920 1271 1947 denuo
1296 1925 1468 1946 resumamus
1482 1918 1590 1945 initium
1604 1918 1767 1945 continentis
1789 1918 1838 1945 ob-

1051 1965 1215 1993 servationis
1248 1968 1275 1991 et
1295 1963 1488 1990 invocationis.
1529 1963 1642 1995 Quoties
1673 1963 1763 1998 itaque
1792 1964 1837 1990 tali

1051 2010 1169 2045 quodam
1196 2008 1318 2044 periculo
1341 2015 1450 2035 rursum
1480 2007 1650 2040 vexabimur,
1671 2007 1723 2035 hoc
1747 2008 1838 2042 ipsum

1052 2063 1174 2091 agamus.

1087 2102 1132 2129 98.
1152 2099 1390 2134 Quemadmodum
1402 2098 1459 2126 ﬁeri
1473 2106 1527 2127 non
1541 2103 1630 2134 potest
1646 2103 1676 2126 ut
1687 2099 1748 2134 quis
1763 2100 1838 2128 nudo

1053 2155 1167 2183 corpore
1186 2146 1357 2175 descendens
1371 2146 1400 2173 in
1421 2145 1555 2181 praelium,
1572 2145 1658 2174 victor
1672 2146 1778 2179 evadat,
1791 2151 1838 2174 aut

1053 2203 1114 2222 cum
1126 2193 1294 2221 indumentis
1308 2192 1336 2219 in
1349 2192 1482 2219 immenso
1496 2192 1591 2227 pelago
1606 2197 1691 2226 natet,
1704 2197 1751 2220 aut
1766 2194 1839 2221 vivat

1054 2241 1112 2267 sine
1130 2239 1309 2274 respiratione
1320 2258 1328 2271 ,
1351 2238 1387 2265 ita
1404 2237 1461 2264 ﬁeri
1478 2246 1532 2265 non
1555 2242 1645 2272 potest
1662 2243 1690 2266 ut
1705 2239 1771 2266 citra
1786 2239 1837 2266 hu—

216 2282 332 2311 ἱκεσίας,
348 2281 394 2306 τὸν
413 2280 508 2314 νοητὸν
519 2281 566 2306 καὶ
583 2280 704 2314 κρυπτὸν
720 2279 839 2313 πόλεμον
855 2279 997 2314 ἐκμαθεῖν,

1053 2285 1195 2313 militatcm
1222 2289 1250 2311 et
1274 2283 1433 2311 continuam
1461 2283 1561 2310 Christi
1588 2284 1837 2318 supplicationem,

213 2326 260 2352 καὶ
274 2325 406 2359 τεχνικῶς
419 2324 531 2356 τούτους
543 2324 725 2351 καταδιώκειν
739 2325 787 2350 καὶ
800 2324 918 2360 βάλλειν.

250 2416 303 2450 Lﬁ'.
330 2416 359 2442 '0
387 2415 475 2450 μέγας
494 2415 719 2451 πρακτικώτατος
744 2416 826 2443 Δαῦίδ
852 2425 918 2452 φησι
935 2425 942 2431 ·
966 2417 1001 2443 Τὸ

215 2460 323 2495 κράτος
341 2469 403 2495 μου
419 2461 495 2495 πρὸς
523 2460 560 2487 σὲ
579 2460 724 2495 φυλάξω,
742 2461 811 2496 πρὸς
828 2461 875 2488 τὸν
898 2461 1001 2496 Κύριον

215 2507 300 2540 λέγει,
317 2506 388 2533 ὥστε
402 2507 432 2533 τὸ
448 2506 618 2542 φυλαχθῆναι
639 2508 668 2533 ὲν
687 2507 753 2541 ἡμῖν
775 2507 805 2533 τὸ
824 2507 925 2542 κράτος
952 2507 1001 2542 τῆς

214 2552 365 2587 καρδιακῆς
381 2553 476 2586 νοερᾶς
498 2553 623 2587 ἡσυχίας,
641 2552 670 2584 ἐξ
689 2550 723 2588 ἦς
748 2552 897 2586 γεννῶνται
915 2553 1002 2579 πᾶσαι

215 2597 243 2624 αι
260 2598 367 2632 ἀρεταὶ,
386 2597 430 2623 διὰ
450 2597 498 2623 τοῦ
525 2597 682 2633 βοηθεῖσθαι
698 2598 772 2633 ἡμᾶς
788 2598 864 2633 παρὰ
879 2598 926 2624 τοῦ
944 2598 1002 2624 Κυ-

218 2643 275 2677 ρίου
298 2643 494 2678 προσγίνεται·
517 2643 564 2670 τοῦ
588 2644 636 2670 καὶ
650 2643 700 2675 τὰς
715 2644 824 2676 ἐντολὰς
839 2644 940 2676 δόντος,
956 2644 1003 2671 καὶ

217 2688 262 2722 ἀφ’
277 2688 357 2723 ὴμῶν
372 2688 421 2724 τὴν
447 2689 550 2724 μιαρὰν
567 2689 653 2724 λήθην
675 2689 865 2722 ἑκδιώκοντος,
883 2690 1003 2724 συνεχῶς

220 2733 283 2768 παρ’
299 2733 377 2769 ἡμῶν
402 2734 596 2769 ὲπιὸοωμένων
614 2735 770 2770 φθαρτικὴν
783 2732 869 2762 οὖσαν
885 2735 1003 2768 μάλιστα

222 2779 268 2812 τῆς
289 2779 441 2814 καρδιακῆς
458 2780 573 2815 ἡσυχίας
587 2779 636 2815 τὴν
651 2780 794 2815 ἀμέλειαν,
808 2781 845 2812 ὡς
861 2780 933 2815 ὕδωρ
949 2790 1004 2806 πυ-

218 2825 279 2859 ρός·
295 2825 400 2860 διόπερ,
422 2826 533 2861 μοναχὲ,
545 2826 582 2861 μὴ
597 2826 626 2859 ἐξ
644 2826 775 2862 ἀμελείας
792 2827 886 2859 ὑπνοῖς
898 2828 938 2859 εἰς
953 2827 1003 2853 0d-

253 2914 274 2931 "
290 2915 360 2943 Psal.
374 2923 449 2944 Lvm.

1054 2331 1176 2366 spiritale
1186 2335 1213 2357 et
1223 2334 1359 2358 secretum
1372 2328 1472 2355 bellant
1485 2328 1648 2360 ediscamus,
1656 2333 1683 2356 et
1694 2328 1839 2356 artiﬁciose

1055 2373 1234 2409 cogitationes
1247 2372 1306 2400 illas
1316 2372 1484 2407 expellamus
1497 2377 1524 2399 et
1536 2372 1680 2400 credamus.

1090 2420 1135 2447 99.
1156 2419 1267 2454 Magnus
1281 2417 1383 2450 David,
1404 2425 1494 2445 rerum
1508 2419 1687 2453 gerendarum
1707 2419 1840 2454 peritissi-

1056 2472 1128 2497 mus,
1154 2463 1298 2491 Dominum
1315 2463 1466 2497 alloquens,
1482 2463 1537 2490 ait:
1553 2463 1744 2490 Fortitudinem
1755 2472 1840 2491 meam

1056 2511 1091 2538 ad
1113 2515 1136 2537 te
1151 2510 1296 2536 custodiam
1308 2508 1342 2536 ⁸⁷.
1362 2509 1403 2536 Ita
1421 2513 1450 2536 ut
1465 2513 1519 2536 tota
1541 2509 1581 2536 vis
1597 2509 1696 2544 quietis
1713 2510 1844 2544 spiritalis

1056 2556 1138 2584 animi
1160 2555 1256 2586 nostri,
1276 2554 1347 2582 unde
1359 2559 1510 2582 nascuntur
1526 2563 1621 2583 omnes
1637 2555 1761 2589 virtutes,
1775 2564 1842 2583 con<

1056 2606 1180 2630 Servetur
1197 2601 1300 2628 auxilio
1316 2600 1420 2627 Domini
1435 2609 1441 2627 :
1458 2600 1503 2635 qui
1523 2605 1550 2627 et
1568 2605 1704 2636 prreccpta
1718 2601 1802 2633 dedit,
1816 2607 1842 2628 ct

1057 2647 1191 2681 impuram
1214 2645 1380 2672 oblivionem
1408 2652 1423 2671 a
1446 2644 1523 2672 nobis
1547 2645 1669 2679 expellit.
1684 2649 1739 2672 eta
1753 2646 1841 2673 couti«

1058 2695 1155 2719 uenter
1164 2690 1383 2722 inclamantibus,
1397 2690 1539 2726 ignaviam:
1548 2698 1608 2725 qua:
1620 2691 1842 2726 tranquillitatem

1058 2737 1159 2763 utentis
1185 2744 1240 2763 non
1268 2736 1347 2763 aliter
1366 2735 1528 2770 corrumpit,
1552 2744 1632 2770 quam
1647 2744 1716 2771 aqua
1741 2736 1841 2772 ignem.

1059 2782 1252 2816 Quamobrem,
1269 2782 1413 2814 monacbe,
1428 2790 1462 2809 ne
1477 2782 1596 2810 dormias
1613 2783 1639 2809 in
1659 2786 1773 2809 mortem
1789 2790 1846 2817 prae

1059 2827 1232 2864 negligentia,
1251 2828 1298 2855 sed
1312 2828 1422 2856 nomine
1432 2827 1496 2856 Jcsu
1510 2832 1621 2863 percute
1633 2828 1740 2855 hostes:
1759 2832 1795 2860 et,
1817 2833 1845 2854 ut
