2069 3147
221 223 289 256 1511

817 218 997 248 HESYClIll
1016 217 1251 248 PRESBYTER]

1782 215 1850 248 1512

220 281 332 316 quidam
347 278 455 312 sapiens
475 275 554 307 dixit,
573 274 712 302 adhmreat
726 281 826 301 nomen
839 275 905 303 Jcsu
925 274 1011 308 spira-

1081 283 1155 306 ατον,
1172 274 1242 301 ἀλλὰ
1263 273 1350 309 Ἰησοῦ
1366 271 1477 308 ὀνόματι
1501 271 1617 306 μάστιζε
1633 271 1789 307 πολεμίους,
1805 272 1852 299 καὶ

220 327 284 354 culo
307 330 365 355 tuo,
387 327 414 350 ct
429 322 564 349 universa:
579 321 658 348 vitae:
675 319 785 355 jamque
802 327 949 356 cognosces
965 327 1008 346 rc-

221 370 321 406 quietis
333 370 463 397 fructum.

259 461 320 489 100.
335 459 449 494 Quando
461 465 523 490 nos,
537 457 582 492 qui
599 456 699 491 alioqui
721 454 826 490 indigni
843 462 951 486 sumus,
978 454 1012 480 ad

223 508 317 535 divina
329 510 356 534 et
368 505 511 540 impolluta
527 502 657 539 mysteria
677 501 789 533 Christi,
803 500 849 528 Dei
865 500 976 532 summi,
987 504 1014 526 ct

225 551 421 581 cxtimescendi
438 549 510 585 regis
524 549 623 581 nostri,
639 556 694 576 non
708 548 767 575 sine
786 548 901 575 horrore
914 546 1014 573 admit—

227 599 322 630 timur,
339 601 403 624 tunc
414 597 544 630 majorem
557 594 790 622 etaccuratiorem
805 591 1012 627 temperantiam

226 647 254 670 et
281 642 382 670 mentis
409 641 561 668 custodiam
578 641 769 668 demonstrare
799 639 956 666 debemus:
986 640 1015 664 ut

227 689 297 724 ignis
326 688 446 720 divinus,
474 694 573 722 nempe
586 693 686 721 corpus
714 685 821 712 Domini
837 684 922 712 nostri
949 683 1015 710 Jesu

227 734 342 766 Christi,
363 738 476 768 peccata
493 738 599 764 nostra,
616 737 643 760 et
659 736 714 759 tam
734 739 848 766 magnas
860 738 941 766 quam
956 730 1015 757 exi-

228 788 295 815 guas
312 779 408 806 sordes
423 779 561 805 absumat.
575 777 641 804 Nam
662 777 741 808 illud,
775 776 867 803 statim
882 780 911 802 ut
923 775 1015 809 ingre-

230 825 303 851 ditur
320 824 347 850 in
359 830 421 856 nos,
435 822 545 856 expellit
562 830 577 848 e
591 822 675 849 corde
692 821 833 856 improbos
847 820 961 854 spiritus
972 826 1018 845 ue-

229 870 333 905 quitiaa,
346 873 458 904 peccata
471 868 499 895 in
512 868 591 895 nobis
604 869 701 895 oborta
712 867 849 894 condonat
863 874 868 891 :
888 871 915 893 et
927 866 1017 893 relin—

229 915 322 950 quitur
329 915 437 941 animus
448 921 593 948 pravarum
607 912 802 947 cogitationum
814 910 1019 946 perturbatione

230 968 345 988 vacuus.
361 960 473 986 Necnon
494 959 516 986 si
532 963 636 994 postea,
664 962 768 986 stantes
785 958 818 984 ad
837 957 910 984 fores
931 956 1021 983 cordis

231 1007 329 1039 nostri,
346 1006 491 1041 diligenter
499 1006 621 1032 animum
632 1006 898 1033 conserraverimus,
913 1002 1021 1037 quando

232 1059 340 1079 rursum
356 1051 388 1078 ad
399 1058 431 1077 ea
447 1050 575 1086 mysteria
587 1050 754 1082 accedimus,
779 1056 879 1083 corpus
898 1047 1022 1075 divinum

233 1097 337 1131 majore
354 1096 453 1128 adhuc,
466 1096 581 1130 majore,
599 1095 722 1130 inquam,
740 1095 886 1129 splendore
902 1097 1022 1120 mentem

233 1141 382 1177 perfundit,
403 1145 430 1168 et
445 1141 531 1168 stella:
547 1141 664 1168 similem
681 1140 781 1167 reddit.

444 1207 620 1235 CENTUlilA
638 1207 806 1235 SECUNDA.

270 1266 296 1292 1.
309 1264 417 1292 Oblivio
434 1265 528 1291 delere
544 1264 614 1291 solet
639 1264 739 1290 mentis
762 1263 926 1294 custodiam,
955 1262 1026 1289 sicut

235 1319 304 1345 aqua
320 1307 580 1345 exstinguitignem.
605 1309 741 1337 Continua
766 1317 832 1336 vero
843 1317 905 1344 erga
931 1308 1025 1335 Jesum

236 1357 367 1392 precatio,
391 1356 549 1383 vehementi
572 1356 667 1390 juncta
694 1355 893 1390 temperantite,
916 1355 1025 1382 tandem

237 1403 367 1431 absorbet
379 1403 452 1429 illam
468 1409 483 1429 e
510 1407 611 1429 mente.
632 1401 699 1437 Eget
713 1402 787 1429 enim
803 1401 891 1428 oratio
919 1405 1026 1436 tempe-

237 1449 335 1481 rantia,
353 1456 408 1475 non
419 1447 498 1475 aliter
510 1455 592 1483 quam
613 1447 720 1482 lampas
732 1447 842 1483 exigua,
859 1447 964 1474 lumine
981 1447 1025 1474 lu-

238 1503 341 1522 cernae.

272 1553 300 1578 ‘2.
318 1551 518 1579 Elaborandum
543 1555 586 1578 est
606 1551 631 1578 in
651 1550 868 1578 asservandisiis
883 1557 943 1589 qttre
965 1554 1030 1577 sunt

239 1598 356 1633 pretiosa
382 1606 388 1623 :
419 1597 538 1632 pretiosa
564 1604 646 1631 porro
681 1604 774 1623 revera
802 1601 876 1628 sunt,
895 1604 956 1631 qua:
977 1603 1029 1623 nos

240 1647 407 1669 conservant
421 1642 456 1668 ab
473 1642 546 1668 omni
566 1641 643 1672 vitio,
661 1646 715 1668 tam
728 1641 851 1676 corporis
863 1649 945 1676 quam
965 1641 1030 1668 atti-

239 1696 302 1715 m:e.
315 1688 348 1714 Et
359 1692 423 1714 sunt
438 1688 499 1719 ista,
511 1686 642 1714 Custodia
663 1687 774 1719 mentis,
803 1695 896 1714 secum
924 1688 1030 1714 habens

240 1740 374 1759 annexam
394 1731 594 1759 invocationem
603 1731 667 1758 Jesu
682 1731 794 1762 Christi,
813 1732 948 1766 profunda
969 1740 1032 1759 cor-

241 1778 283 1805 dis
301 1785 409 1812 semper
422 1777 535 1810 intueri,
552 1777 672 1804 animum
686 1782 829 1812 perpetuo,
845 1777 921 1804 utita
931 1777 1030 1810 diram,

242 1823 417 1848 fluctuantem
434 1821 609 1854 tranquillum
626 1821 750 1853 reddere,
764 1820 846 1847 etiam
860 1821 894 1847 ab
911 1821 944 1847 iis
956 1821 1031 1856 cogi-

243 1867 391 1894 tationibus
407 1874 468 1901 qme
480 1871 562 1894 rectae
583 1867 736 1894 videntur:
768 1867 835 1894 dare
858 1875 970 1901 operam
1003 1872 1032 1894 ut

242 1912 454 1946 cogitationibus
469 1912 587 1939 libenter
599 1919 753 1944 careamus,
771 1920 804 1940 ne
823 1913 898 1940 fures
924 1921 974 1941 nos
989 1913 1031 1940 la—

244 1962 328 1985 teant.
346 1959 377 1984 Et
395 1959 520 1992 quamvis
536 1958 702 1985 laboriosum
722 1959 766 1991 sit,
791 1959 819 1985 in
843 1960 1033 1987 conservando

243 2004 325 2031 corde
344 2010 517 2038 permanere,
529 2008 556 2030 at
571 2005 694 2039 proxima
707 2009 748 2031 est
761 2005 925 2032 consolatio.

277 2050 304 2076 5.
319 2049 395 2076 Mens
415 2050 488 2076 enim
498 2058 558 2084 qtne
570 2050 630 2077 sine
645 2050 851 2078 intermissione
861 2051 1030 2084 custoditur,

243 2101 271 2123 et
282 2100 373 2122 tamen
393 2095 417 2122 ei
434 2096 593 2123 conceditur
616 2096 743 2132 excipere
766 2096 877 2130 formas,
902 2097 1034 2133 imagines

244 2146 271 2169 et
285 2140 426 2168 illusiones
453 2141 633 2168 obscurorum
653 2146 680 2169 et
703 2150 850 2176 pravorum
874 2143 1033 2177 spirituum,

244 2186 313 2213 solet
333 2192 365 2213 ex
396 2186 435 2213 eis
460 2185 526 2220 ipsis
555 2187 736 2221 cogitationes
753 2188 858 2215 lucidas
869 2189 1031 2223 concipere.

243 2230 310 2258 Nam
326 2235 355 2258 ut
373 2232 455 2259 carbo
464 2231 598 2259 ﬂammam
613 2233 748 2267 producit.
768 2234 854 2261 multo
865 2235 952 2269 magis
962 2235 1035 2261 Deus

1061 322 1099 352 ὡς
1124 322 1206 356 σοφός
1229 330 1271 351 τις
1294 321 1413 354 λέλεχεν,
1436 318 1523 354 Ἰησοῦ
1538 318 1624 353 δνομα
1644 318 1851 355 κολληθήτωτῇ

1061 369 1129 402 πνοῇ
1154 375 1200 393 σου
1229 367 1276 393 καὶ
1298 365 1374 402 πάσῃ
1401 366 1434 400 τῇ
1458 365 1514 399 ζωῇ
1541 372 1602 397 σου,
1621 364 1670 390 καὶ
1683 364 1745 391 τότε
1760 364 1853 400 γνώσῃ

1062 413 1177 447 ἡσυχίας
1191 412 1337 446 ὠφέλειαν.

1100 458 1133 494 ρ’.
1150 459 1235 484 Ὅταν
1267 458 1322 484 τῶν
1345 457 1425 484 θείων
1450 457 1498 483 καὶ.
1530 456 1673 490 ἀχράντων
1697 457 1855 490 μυστηρίων

1064 504 1183 539 Χριστοῦ
1200 503 1247 530 τοῦ
1275 501 1344 529 Θεοῦ
1368 503 1415 529 καὶ
1432 502 1551 538 μεγάλου
1565 502 1696 536 βασιλέως
1713 502 1792 536 ἡμῶν
1808 510 1851 535 φη-

1066 550 1146 584 6εροῦ
1163 549 1286 584 φρικτὼς
1312 548 1474 584 ἀξιωθῶμεν
1494 548 1519 574 οἱ
1543 547 1659 580 ἀνάξιοι.
1677 548 1737 574 τότε
1756 547 1855 581 μᾶλλον

1066 595 1115 629 τὴν
1129 594 1209 629 νῆῲιν
1237 594 1285 620 καὶ
1306 594 1355 629 τὴν
1384 594 1499 629 τήρησιν
1516 593 1563 619 τοῦ
1582 593 1641 624 νοὸς
1655 592 1703 618 καὶ
1716 591 1857 628 ἀκρίϐειαν

1066 639 1278 674 ὲπιδειξώμεθα,
1297 639 1340 666 ἵνα
1356 638 1536 674 καταναλώσῃ
1555 638 1635 674 ἡμῶν
1647 638 1696 669 τὰς
1710 638 1857 673 ἁμαρτίας,

1068 687 1115 712 καὶ
1126 686 1160 712 τὰ
1177 685 1263 720 μικρὰ
1282 685 1329 712 καὶ
1342 685 1376 711 τὰ
1404 684 1510 719 μεγάλα
1521 684 1702 719 ρυπάσματα,
1715 683 1744 709 τὸ
1762 683 1818 718 πῦρ
1829 683 1860 709 τὸ

1069 731 1168 763 θεϊκὶν,
1189 732 1273 766 ἤγουν
1287 731 1318 757 τὺ
1331 731 1410 765 σῶμα
1421 730 1468 756 τοῦ
1482 729 1583 765 Κυρίου
1596 730 1675 765 ἡμῶν
1691 729 1777 765 Ἰησοῦ
1793 730 1858 764 Χρι-

1071 777 1144 804 στοῦ.
1166 777 1221 804 Καὶ
1249 777 1303 812 γὰρ
1329 777 1523 812 εἰσερχόμενον
1552 778 1582 803 ἐν
1605 778 1682 811 ἡμῖν,
1697 777 1732 803 τὰ
1754 776 1861 811 πονηρὰ

1071 821 1216 856 πνεύματα
1230 821 1280 855 τῆς
1292 820 1425 856 πονηρίας
1443 821 1526 852 εὐθὺς
1549 822 1582 848 ἐκ
1602 823 1652 857 τῆς
1679 821 1793 856 καρδίας
1810 821 1862 848 ἀπ-

1071 867 1189 900 ελαύνει,
1205 867 1313 899 καὶτὰς
1335 867 1473 902 ἁμαρτίας
1493 867 1543 898 τὰς
1568 867 1772 903 προγενομένας
1795 868 1861 902 ἡμῖν

1040 943 1045 945 ν
1073 914 1220 948 συγχωρεῖ,
1235 913 1282 939 καὶ
1297 912 1536 947 καταλιμπὰνεται
1555 913 1569 939 ὁ
1585 913 1647 944 νοῦς
1671 913 1756 948 χωρὶς
1781 913 1862 947 ὀχλή-

1039 949 1058 977 u
1075 968 1144 986 σεων
1173 958 1300 993 πονηρῶν
1329 959 1468 993 λογισμῶν
1482 966 1489 973 ’
1523 959 1570 985 καὶ
1594 958 1674 994 εἴπερ
1692 959 1760 993 μετὰ
1777 959 1862 985 ταῦτα

1074 1004 1197 1039 ἀκριϐῶς
1216 1004 1261 1030 τὸν
1276 1004 1336 1030 νοῦν
1357 1005 1534 1038 τηρήσωμεν.
1557 1004 1603 1030 καὶ
1618 1005 1646 1030 ὲν
1665 1003 1736 1039 πύλῃ
1751 1004 1863 1039 καρδίας

1073 1049 1152 1084 ἡμῶν
1167 1048 1286 1084 στῶμεν,
1305 1049 1350 1076 ὅτε
1367 1049 1447 1075 πάλιν
1465 1049 1690 1083 καταξιωθῶμεν,
1706 1049 1804 1084 μᾶλλον
1824 1050 1864 1076 ἔτι

1074 1097 1122 1123 καὶ
1138 1098 1239 1132 μᾶλλον
1256 1097 1414 1133 λαμπρύνει
1432 1098 1477 1124 τὸν
1492 1098 1565 1130 νοῦν,
1582 1099 1630 1124 καὶ
1643 1098 1800 1132 ἀστεροειδῆ
1817 1097 1867 1124 αῦ-

1074 1142 1120 1168 τὸν
1129 1143 1160 1169 τὸ
1177 1143 1249 1169 θεῖον
1265 1143 1345 1178 σῶμα
1360 1143 1560 1179 ἀπεργάζεται.

1281 1211 1440 1237 ΔΕΥΤΕΡΑ
1456 1211 1676 1238 ΕΚΑΤΟΝΤΛΣ.

1113 1272 1145 1295 α’.
1166 1268 1244 1304 Λήθη
1267 1268 1407 1294 σϐεννύειν
1440 1265 1494 1294 οἶδε
1519 1267 1579 1298 νοὸς
1604 1267 1747 1302 φυλακὴν,
1775 1266 1869 1302 ὥσπερ

1078 1314 1206 1341 σϐέννυσι
1235 1314 1291 1349 πῦρ
1323 1314 1415 1350 ὕδωρ·
1450 1313 1565 1349 συνεχὴς
1582 1313 1610 1340 δὲ
1633 1313 1720 1348 Ἰησοῦ
1742 1314 1807 1348 auxi]
1829 1315 1871 1345 εἰς

1077 1359 1155 1391 τέλος
1187 1359 1273 1395 αὐτὴν
1305 1359 1446 1395 ὲκδαπανᾷ
1469 1360 1519 1394 τῆς
1538 1359 1652 1394 καρδίας
1669 1360 1737 1394 μετὰ
1764 1360 1872 1394 νήψεως

1080 1406 1211 1433 συντόνου
1227 1415 1233 1422 ·
1247 1406 1343 1442 χρῄζει
1373 1405 1428 1440 γὰρ
1446 1407 1461 1441 ὴ
1484 1405 1552 1440 εὐχὴ
1568 1406 1618 1440 τῆς
1637 1405 1756 1440 νήψεως,
1776 1405 1873 1440 ὥσπερ

1079 1451 1235 1487 λαμπάδιον
1250 1452 1339 1486 φωτὸς
1354 1451 1463 1487 λύχνου.

1118 1551 1151 1587 β’.
1166 1551 1262 1578 Πονεῖν
1292 1549 1331 1577 δεῖ
1345 1550 1393 1576 ἐπὶ
1415 1551 1448 1585 τῇ
1467 1549 1574 1585 φυλακῇ
1594 1549 1648 1576 τῶν
1661 1549 1758 1584 τιμίων
1772 1557 1778 1564 ·
1795 1550 1875 1584 τίμια

1081 1598 1110 1625 δὲ
1141 1597 1179 1628 ὡς
1206 1596 1325 1632 ἀληθῶς,
1340 1596 1375 1622 τὰ
1394 1595 1564 1630 φυλάσσοντα
1582 1594 1655 1630 ἡμᾶς
1674 1596 1764 1630 πάσης
1775 1595 1876 1626 κακίας

1084 1642 1216 1677 αἰσθητῆς
1230 1651 1260 1668 τε
1278 1641 1326 1668 καὶ
1340 1642 1450 1676 νοητῆς.
1466 1641 1559 1668 Ταῦτα
1573 1642 1601 1667 δέ
1619 1642 1672 1667 είσι
1688 1640 1795 1676 φυλακὴ
1815 1641 1876 1672 vel;

1083 1691 1131 1717 σὺν
1158 1689 1247 1724 Ἰησοῦ
1274 1687 1396 1723 Χριστοῦ
1417 1687 1573 1722 ἐπικλήσει,
1599 1687 1707 1721 βλέπειν
1724 1696 1754 1712 τε
1770 1687 1813 1712 ἀεὶ
1837 1688 1876 1717 εἰς

1081 1735 1111 1761 τὸ
1141 1734 1223 1769 βάθος
1247 1734 1296 1768 τῆς
1331 1732 1457 1769 καρδίας,
1474 1733 1520 1759 καὶ
1538 1732 1686 1767 ἡσυχάζειν
1706 1732 1827 1762 ἀεννὰως
1843 1732 1875 1766 τῇ

1082 1781 1198 1816 διανοίᾳ,
1216 1781 1249 1807 ἴν*
1262 1779 1350 1812 οὕτως
1366 1780 1446 1811 εἴπω,
1464 1780 1512 1805 καὶ
1524 1781 1556 1805 ἐκ
1570 1779 1624 1805 τῶν
1639 1778 1789 1805 δοκούντων
1801 1778 1877 1810 λογι-

1084 1827 1160 1862 σμῶν
1175 1826 1363 1861 εὑρίσκεσθαι,
1388 1826 1430 1852 ἵνα
1450 1825 1488 1860 μὴ
1517 1825 1688 1852 λανθάνωσιν
1703 1826 1728 1850 ot
1740 1824 1875 1850 κλέπται·

1083 1873 1131 1899 καὶ
1144 1873 1169 1899 εί
1190 1873 1237 1899 καὶ
1254 1871 1389 1906 πονοῦμεν
1405 1873 1438 1907 τῇ
1462 1871 1561 1907 καρδία
1579 1871 1798 1907 παραμένοντες,
1818 1871 1877 1898 ἀλλ’

1084 1920 1168 1954 ἐγγὺς
1183 1920 1200 1954 ὴ
1215 1918 1400 1954 παράκλησις.

1120 2056 1155 2087 γ’.
1172 2052 1283 2087 Πέφυκε
1295 2051 1377 2087 γὰρὴ
1396 2050 1493 2085 καρδία
1510 2049 1692 2082 ἀδιαλείπτως
1707 2049 1879 2085 τηρουμένη,

1085 2099 1134 2126 καὶ
1151 2098 1376 2133 συγχωρουμένη,
1396 2097 1445 2128 τὰς
1465 2096 1582 2131 μορφὰς,
1616 2096 1664 2122 καὶ
1690 2096 1740 2127 τὰς
1759 2096 1878 2127 εἰκόνας,

1086 2144 1134 2170 καὶ
1148 2143 1196 2176 τὰς
1216 2143 1367 2177 φαντασίας
1381 2142 1509 2177 δέχεσθαι
1528 2141 1581 2168 τῶν
1604 2142 1750 2168 σκοτεινῶν
1766 2142 1813 2168 καὶ
1828 2150 1880 2168 πο-

1086 2189 1178 2224 νηρῶν
1192 2188 1368 2224 πνευμάτων,
1381 2188 1531 2222 λογισμοὺς
1547 2188 1713 2222 φεγγοειδείς
1727 2187 1756 2219 ἐξ
1774 2188 1880 2213 ἑαυτῶν

1086 2235 1221 2261 κυῖσκειν.
1242 2234 1350 2269 Ὠσπερ
1364 2234 1419 2269 γὰρ
1434 2233 1546 2268 κάρὸων
1565 2234 1648 2268 γεννᾷ
1673 2232 1770 2268 φλόγα,
1789 2233 1880 2268 πολλῷ

244 2276 372 2304 habitans
383 2276 410 2303 in
427 2277 519 2309 corde,
538 2285 570 2304 cx
588 2282 683 2305 sancto
699 2279 874 2313 baptismate,
903 2280 926 2306 si
955 2287 1026 2315 repe-

1088 2280 1189 2315 μᾶλλον
1202 2281 1216 2306 ὁ
1231 2279 1344 2306 ἐνοικῶν
1359 2280 1391 2315 τῇ
1415 2279 1513 2314 καρδίᾳ
1527 2279 1593 2310 Θεὸς
1609 2279 1662 2306 ἀπὸ
1672 2279 1718 2305 τοῦ
1733 2278 1810 2312 ἁγίου
1829 2278 1880 2313 βα-

245 2322 297 2350 riat
309 2330 401 2350 aerem
414 2322 567 2349 intellectus
577 2324 662 2350 nostri
676 2332 774 2358 purum
788 2333 801 2351 τι
816 2324 960 2359 spiritibus
982 2334 1032 2352 ne-

243 2368 347 2402 quitiae,
368 2369 419 2396 sub
430 2368 554 2405 custodia
570 2369 670 2395 mentis
682 2373 862 2399 asservatum.
899 2371 1034 2399 accendet

245 2412 438 2440 intellectivam
458 2413 543 2440 animi
562 2414 647 2440 nostri
674 2414 832 2442 facultatem
863 2415 897 2442 ad
913 2421 1035 2443 contem-

245 2457 403 2490 plationem,
419 2458 534 2492 perinde
547 2463 577 2485 ut
594 2458 701 2485 flamma
717 2467 820 2486 ceram.

282 2500 308 2527 Δ.
323 2501 555 2532 Quemadmodum
569 2503 729 2530 imminente
749 2503 841 2538 pluvia
853 2503 941 2539 fulgur
958 2505 1035 2532 volu-

247 2551 320 2573 tatur
341 2547 369 2573 in
400 2555 464 2574 aere
489 2549 675 2576 ﬁrmamenti:
696 2550 856 2578 itanecessc
876 2556 918 2578 est
934 2560 1035 2579 nomen

245 2591 311 2620 Jesu
326 2593 426 2620 Christi
445 2599 578 2628 perpetuo
591 2596 693 2622 versari
713 2596 740 2622 in
757 2604 820 2623 area
837 2597 927 2624 cordis
937 2598 1034 2625 nostri.

246 2638 324 2670 Quod
340 2642 434 2665 exacte
451 2645 561 2673 norunt,
571 2640 615 2674 qui
633 2642 734 2668 mentis
748 2646 775 2669 et
792 2642 892 2669 interni
905 2643 969 2670 belli
987 2651 1035 2678 pe-

247 2683 362 2711 riculum
378 2683 512 2711 fecerunt.
526 2685 571 2712 Sic
591 2686 690 2713 bellum
703 2687 888 2715 intellectuale
903 2689 1036 2723 gerimus,

247 2732 277 2754 ut
293 2727 321 2754 in
334 2727 402 2754 acie.
415 2727 546 2761 Primum,
558 2731 709 2757 attentione
725 2732 828 2759 utimur
842 2741 848 2758 :
868 2733 978 2764 deinde,
990 2733 1037 2760 ubi

248 2773 355 2799 hostem
386 2772 551 2807 cogitatione
567 2773 649 2801 ferire
670 2777 805 2809 novimus,
824 2777 912 2812 ipsum
946 2778 1037 2805 verbis

248 2817 446 2845 maledictionis
464 2817 490 2844 in
505 2819 596 2846 animo
627 2819 755 2848 iracunde
779 2822 926 2855 cmdimus;
958 2824 1038 2850 tertio

248 2868 309 2888 mox
335 2863 443 2895 ordine,
471 2871 518 2891 cor
543 2870 770 2899 contorquentes,
803 2868 930 2895 invocato
971 2867 1036 2895 Jesu

247 2904 366 2940 Christo,
379 2907 562 2944 imprecamur
577 2910 613 2944 ci,
633 2914 663 2937 ut
678 2912 879 2946 quamprimum
903 2913 1037 2942 dissolva-

1085 2326 1250 2360 πτίσματος,
1280 2325 1360 2360 εἴπερ
1387 2325 1510 2359 εὑρίσκει
1539 2325 1584 2351 τὸν
1605 2325 1674 2360 ἀέρα
1695 2325 1743 2358 τῆς
1758 2324 1881 2354 διανοίας

1085 2372 1163 2406 ἡμῶν
1176 2371 1296 2406 καθαρὸν
1322 2371 1430 2405 ἀνέμων
1452 2370 1586 2405 πονηρίας
1599 2379 1605 2385 ·
1629 2370 1675 2397 καὶ
1689 2371 1741 2396 ὑπὸ
1756 2370 1880 2404 φυλακῆς

1086 2418 1145 2450 νοὸς
1160 2417 1340 2452 τηρούμενον,
1361 2418 1477 2443 ἀνάπτει
1490 2417 1520 2443 τὸ
1531 2417 1702 2452 διανοητικὴν
1719 2417 1799 2452 ἡμῶν
1811 2417 1881 2450 πρὶς

1087 2461 1217 2497 θεωρίαν,
1234 2462 1271 2493 ὼς
1289 2462 1355 2496 φλὸξ
1375 2462 1470 2497 κηρόν.

1121 2508 1153 2534 δ’.
1170 2508 1216 2533 Δεῖ
1245 2507 1299 2542 γὰρ
1321 2508 1364 2534 ἀεὶ
1391 2507 1518 2542 στρέφειν
1546 2508 1576 2534 ὲν
1597 2508 1742 2542 χωρήματι
1766 2507 1881 2542 καρδίας

1088 2552 1166 2588 ἡμῶν
1189 2552 1278 2588 Ἰησοῦ
1295 2553 1414 2588 Χριστοῦ
1446 2553 1544 2588 ὄνομα,
1560 2553 1656 2588 ὥσπερ
1677 2554 1725 2579 καὶ
1736 2553 1883 2588 ἀστραπὴν

1089 2597 1253 2632 στρέφεσθαι
1268 2599 1297 2624 ὲν
1319 2598 1380 2633 ἀέρι
1403 2598 1451 2624 τοῦ
1469 2598 1661 2633 στερεὼματος
1678 2598 1756 2624 ὑετοῦ
1769 2597 1883 2633 μέλλον·

1087 2651 1142 2674 τος.
1156 2643 1211 2669 Καὶ
1224 2642 1278 2677 γὰρ
1292 2643 1371 2669 τοίτο
1384 2643 1474 2670 ἴσασιν
1491 2643 1614 2678 ἀκριϐῶς
1628 2645 1653 2670 οἱ
1665 2645 1761 2678 πεῖραν
1776 2643 1824 2669 τοῦ
1834 2642 1881 2669 νοῦ

1089 2687 1196 2721 ἔχοντες
1220 2689 1267 2714 καὶ
1289 2689 1335 2714 τοῦ
1364 2689 1438 2715 ἔνδον
1464 2689 1595 2725 πολέμου,
1620 2690 1658 2721 ὡς
1670 2690 1716 2716 καὶ
1737 2690 1766 2715 ἐν
1781 2689 1857 2720 τάξει
1873 2696 1880 2703 ·

1088 2731 1158 2760 οὕτω
1181 2733 1226 2759 τὸν
1256 2734 1351 2769 νοητὸν
1378 2734 1497 2769 πόλεμον
1528 2736 1744 2770 στρατηγῶμεν·
1772 2735 1883 2769 πρῶτον

1090 2780 1229 2814 προσοχῇο
1258 2779 1318 2806 εἶτα
1338 2780 1384 2806 τὸν
1405 2781 1502 2816 ἐχθρὸν
1523 2782 1648 2816 λογισμῷ
1659 2781 1768 2815 γνόντος
1790 2789 1878 2816 παρα-

1090 2824 1217 2858 ϐαλόντα,
1230 2825 1320 2860 λόγοις
1338 2826 1462 2862 κατάρας
1472 2828 1500 2854 ἐν
1511 2827 1611 2864 καρδίᾳ
1626 2829 1685 2863 μετ’
1704 2827 1790 2863 ὀργῆς
1801 2827 1883 2854 αὑτὸν

1091 2870 1226 2905 βάλλομεν
1239 2871 1318 2907 τρίτη
1334 2873 1411 2905 τάξις
1440 2873 1533 2906 εὐθὺς,
1549 2874 1733 2906 κατεύξασθαι
1748 2873 1809 2901 κατ’
1832 2875 1882 2901 αὐ.

1089 2915 1148 2949 τοῦ,
1166 2917 1371 2952 σνστρέφοντας
1386 2919 1435 2955 τὴν
1451 2919 1564 2954 καρδίαν
1579 2923 1612 2956 τῇ
1629 2921 1773 2957 ἐπικλήσει
1795 2919 1883 2956 Ἰησοῦ
