2069 3147
187 224 257 257 1513

540 227 589 256 DE
609 226 882 257 TEMPERANTIA
901 227 948 256 ET
970 227 1147 257 VIRTUTE.
1167 241 1200 246 -
1219 228 1415 259 CENTURIA
1436 229 1478 259 ΙΙ.

1745 229 1815 265 1514

183 281 315 319 Χριστοῦ,
330 281 364 309 ἶν’
376 281 479 314 εὐθέως
495 281 633 318 καταλυθῇ
650 282 681 309 τὺ
694 282 832 318 δαιμόνιον
847 281 971 317 ίνδαλμα,

1028 287 1071 309 tur
1086 282 1186 319 eﬂigies
1197 282 1330 310 daemonis
1347 291 1353 309 :
1374 291 1409 311 ne
1426 292 1504 311 mens
1530 289 1651 314 sectetur
1681 287 1815 324 imagina-

184 329 232 356 τοῦ
254 328 291 364 μὴ
325 327 539 362 ὲξακολουθῆσαι
559 329 592 364 τῇ
615 328 751 364 φαντασίᾳ
771 328 818 354 τὸν
845 327 916 360 νοῦν,
936 327 974 359 ὠς

185 374 283 410 νήπιον
295 373 348 400 ὑπὸ
362 374 596 408 φαντασιςσκόπου
608 374 680 406 τινὸς
696 374 882 410 πλανώμενον.

221 423 253 446 ε’.
266 420 453 455 Κοπιάσωμεν
467 419 505 452 ὡς
523 421 538 447 ό
551 419 644 452 Δαὸὶδ,
661 420 808 454 κράζοντες
825 420 865 454 τὸ,
886 418 973 457 Ἰησοῦ

184 465 298 500 Χριστέ,
320 465 357 504 μὴ
389 465 587 500 βραγχιασάτω
608 465 688 500 ἡμῶν
701 466 716 492 ὸ
738 465 854 501 λάρυγξ,
873 465 973 502 καὶμὴ

184 510 333 538 ἐκλίπωσιν
349 511 375 537 οι
392 511 482 546 νοητοὶ
507 510 587 546 ἡμῶν
605 511 741 547 ὀφθαλμοὶ
757 511 811 539 ἀπὺ
832 512 879 539 τοῦ
898 512 974 539 έλπίσ

183 556 242 589 ζειν
257 558 333 592 ἡμᾶς
359 557 406 584 ἐπὶ
430 557 534 592 Κύριον
561 558 608 586 τὸν
634 558 699 585 Θεὸν
713 559 804 594 ἡμῶν,
819 559 871 595 τῆς
883 569 973 596 παρα-

184 603 266 638 ῶλῆς
283 603 326 630 ἀεὶ
343 603 515 638 μεμνημένοι
537 603 585 630 τοῦ
613 603 709 640 κριτοῦ
732 604 783 640 τῆς
810 605 973 642 ἀδικίας,ῆν

184 647 263 676 εἶπεν
282 649 296 676 ό
312 649 425 684 Κύριος,
440 648 507 684 πρὸς
519 649 550 676 τδ
570 649 625 677 δεῖν
648 651 723 685 ἡμᾶς
744 650 861 678 πάντοτε
888 658 973 686 προσ-

183 695 323 730 εύχεσθαι,
338 695 386 721 καὶ
402 694 440 731 μὴ
455 696 596 730 harsh,
610 695 660 723 καὶ
674 696 704 723 τὸ
716 696 810 733 κέρδος
818 697 973 733 εὑρήσομεν

185 742 232 770 καὶ
243 743 295 777 τὴν
308 741 460 776 ἐκδίκησιν.
682 738 685 742 ”

219 787 256 820 ς’.
271 787 379 822 Ὠσπερ
409 787 424 813 ό
451 786 491 822 τῷ
513 786 582 822 ἡλίῳ
613 786 756 820 ἀτενίζων,
779 787 912 814 ἀδύνατον
935 787 973 823 μὴ

183 832 319 864 πλουσίως
343 831 395 863 τὰς
425 830 502 866 ὃψεις
529 831 767 866 καταυγάζισθαι·
795 831 884 863 οὕτως
898 831 913 857 ὁ
930 831 973 858 ἀεὶ

183 877 329 917 ὲγκύπτων
355 878 395 909 εἰς
420 877 489 912 ἀέρα
518 877 634 913 καρδίας
648 876 744 911 αὑτοῦ,
756 876 788 904 οὐ
807 876 921 904 δυνατὸν
935 877 972 914 μὴ

182 923 360 959 φωτίζεσθαι.

1027 328 1139 362 tionem,
1155 336 1231 356 more
1245 329 1335 363 pueri,
1352 329 1399 364 qui
1416 330 1556 358 seducitur
1570 331 1605 359 ab
1621 331 1733 362 illusore
1745 342 1815 370 quo-

1025 374 1108 409 piam.

1060 421 1087 448 5.
1100 421 1288 453 Elaboremus,
1305 421 1415 450 Davidis
1433 423 1461 450 in
1481 431 1586 453 morem
1615 425 1812 460 vociferantes,

1024 466 1089 494 Jcsu
1101 467 1220 499 Christe.
1237 475 1272 495 ne
1284 468 1474 497 irraucescant
1489 469 1582 499 fauces
1602 477 1705 500 nostra:
1724 481 1815 501 :neve

1024 513 1153 541 deﬁciant
1167 514 1365 542 intellectuales
1379 515 1450 544 oculi
1470 517 1565 546 nostri
1574 517 1609 552 ⁸⁵.
1630 517 1696 547 dum
1718 527 1813 555 spera-

1023 566 1085 586 mus
1105 559 1132 586 in
1149 558 1266 587 Domino
1279 560 1335 588 Deo
1349 566 1463 588 nostro:
1495 570 1632 591 memores
1647 571 1758 600 semper
1770 564 1814 594 di-

1024 607 1074 631 ctre
1088 612 1103 631 a
1118 604 1235 634 Domino
1249 606 1398 641 parabolae,
1419 607 1452 634 de
1463 607 1558 643 judice
1573 608 1815 646 iniquitatiuqua

1024 647 1124 681 innuit,
1139 656 1249 685 semper
1259 658 1310 679 nos
1322 652 1429 686 precari
1443 652 1555 685 debere,
1579 658 1607 681 et
1622 661 1678 682 non
1691 654 1812 695 fatigari,

1024 693 1130 723 lucrum
1144 695 1208 724 inde
1221 702 1431 730 consecuturos,
1444 702 1473 727 et
1487 698 1646 728 vindictam.

1059 783 1085 809 6.
1113 782 1148 810 Ut
1160 783 1208 818 qui
1218 783 1333 811 intentis
1344 783 1432 811 oculis
1443 784 1529 812 solem
1549 785 1685 819 intuetur,
1700 794 1756 815 non
1766 794 1814 822 po-

1024 831 1077 856 test
1092 828 1181 855 visum
1197 828 1305 856 abunde
1325 829 1493 856 illustratum
1504 838 1560 857 non
1575 830 1677 858 habere
1695 839 1702 857 :
1719 831 1756 859 ita
1765 833 1811 867 qui

1023 882 1133 910 semper
1145 874 1279 902 incumbit
1295 875 1323 902 in
1337 882 1431 904 aerem
1451 876 1541 904 cordis
1561 877 1614 911 sui,
1641 884 1697 905 non
1723 882 1812 913 potest

1023 927 1079 947 non
1092 920 1230 949 illustrari.

218 970 252 1003 C'.
279 970 323 1002 Ὦς
351 969 493 1003 ἀδύνατον,
522 968 572 1005 τὴν
593 968 736 1005 παροῦσαν
753 969 828 1005 ζωὴν
843 969 893 1006 ζῇν
906 970 971 997 ἄνευ

1059 966 1085 993 ’1.
1110 965 1346 998 Quemadmodum
1369 967 1474 1003 absque
1499 968 1562 996 cibo
1581 972 1703 1004 potuque
1726 969 1810 996 vitam

181 1014 230 1042 τοῦ
249 1015 350 1042 ἐσθίειν
366 1016 414 1042 καὶ
434 1015 533 1048 πίνειν,
547 1014 633 1046 οὓτως
648 1014 779 1042 ἀδύνατον
790 1015 875 1050 χωρὶς
890 1015 972 1050 φυλα-

181 1060 235 1097 κῆς
245 1061 306 1093 νοὸς
317 1060 365 1088 καὶ
379 1060 565 1096 καθαρότητος
572 1059 697 1095 καρδίας,
709 1061 723 1087 ὅ
732 1060 790 1086 ἐστι
802 1061 851 1087 καὶ
862 1060 971 1095 λέγεται

181 1107 274 1143 νῆψις,
291 1107 331 1139 εἷς
344 1115 370 1133 τι
386 1106 575 1142 πνευματικὸν
593 1107 641 1133 καὶ
660 1107 779 1142 ἀρέσκον
795 1106 855 1142 Θεῷ
866 1107 971 1141 φθάσαι

180 1153 232 1188 τὴν
241 1152 340 1188 ψυχὴν,
355 1151 373 1187 ἢ
386 1151 604 1187 ὲλευθερωθῆναι
614 1151 664 1186 τῆς
670 1152 740 1179 κατὰ
751 1151 869 1180 διάνοιαν
882 1152 972 1188 ἁμαρ-

182 1198 252 1230 τίας,
278 1199 302 1224 εἰ
329 1198 378 1224 καὶ
401 1196 524 1232 βιάζεταί
539 1205 581 1229 τις
596 1197 692 1224 ἑαυτὸν
703 1197 748 1225 διὰ
761 1197 808 1224 τὸν
820 1197 906 1232 φόϐον
917 1197 971 1225 τῶν

183 1242 323 1268 κολάσεων
339 1242 377 1277 μὴ
388 1242 567 1277 ἁμαρτάνειν.

217 1286 253 1324 η’.
269 1288 341 1323 Πλὴν
352 1288 400 1315 καὶ
423 1289 449 1315 οι
463 1289 516 1324 τῆς
538 1289 599 1316 κατ’
617 1288 758 1325 ἐνέργειαν
773 1289 912 1325 ἁμαρτίας
926 1290 973 1326 βίᾳ

182 1335 237 1362 τινὶ
252 1334 431 1370 ἀπεχόμενοι,
449 1335 581 1370 μακάριοι
595 1334 672 1370 παρά
692 1343 722 1362 τε
732 1335 771 1370 τῷ
785 1335 846 1371 Θεῷ
859 1337 907 1363 καὶ
921 1337 972 1372 ἁγ-

183 1380 286 1415 γέλοις,
310 1380 357 1407 καὶ
388 1379 555 1416 ἀνθρώποις,
583 1381 624 1407 ὅτι
645 1380 754 1415 βιασταὶ
768 1381 817 1416 τῆς
833 1381 973 1416 βασιλείας

182 1427 236 1453 τῶν
250 1426 376 1461 οὐρανῶν
388 1426 572 1462 εὑρίσκονται.

219 1473 251 1500 θ’.
267 1471 355 1499 Τοῦτο
377 1471 536 1507 θαυμαστὸν
559 1471 609 1506 τῆς
629 1471 766 1506 ὠφελείας
791 1471 840 1507 τῆς
856 1471 903 1498 τοῦ
924 1471 972 1500 νοῦ

183 1518 310 1554 ἡσυχίας,
323 1519 365 1545 ὅτι
379 1518 467 1545 πάντα
481 1517 514 1544 τὰ
537 1518 724 1553 ἁμαρτήματα
744 1518 815 1545 κατὰ
827 1518 890 1546 νοῦν
903 1519 972 1555 πρό-

182 1573 260 1600 τερον
275 1563 419 1600 κρούονται
435 1565 466 1590 ὲν
479 1564 621 1599 λογισμοῖς
642 1563 721 1599 μόνον
733 1572 740 1579 ·
756 1564 827 1590 ὥστε
837 1565 861 1591 εἰ
881 1573 971 1601 παρα-

182 1608 298 1644 δεχθῶσι
321 1609 397 1644 παρὰ
424 1608 475 1643 τῆς
491 1608 621 1640 διανοίας,
649 1608 776 1642 γενέσθαι
797 1610 913 1645 αἰσθητὰ
925 1609 970 1636 καὶ

1022 1012 1094 1039 hanc
1109 1012 1202 1040 vivere
1214 1020 1270 1040 non
1290 1020 1438 1048 possumus
1452 1022 1458 1040 :
1474 1013 1522 1046 ita,
1536 1014 1559 1042 si
1587 1014 1657 1042 desit
1687 1014 1811 1044 custodia

1021 1058 1131 1089 mentis,
1155 1061 1183 1085 et
1211 1058 1315 1093 puritas
1329 1052 1431 1091 cordis,
1455 1067 1516 1094 quae
1534 1063 1577 1086 est
1588 1062 1616 1088 et
1630 1059 1729 1087 dicitur
1744 1064 1812 1088 tem—

1022 1103 1157 1139 perantia,
1174 1111 1228 1131 non
1245 1108 1336 1139 potest
1348 1104 1383 1131 ad
1401 1112 1459 1131 rem
1489 1104 1570 1132 ullam
1586 1105 1678 1132 anima
1698 1105 1811 1140 spirita-

1022 1149 1076 1177 lem
1105 1154 1133 1177 et
1147 1149 1328 1185 Dco'gratam
1349 1150 1504 1184 pervenire,
1529 1155 1576 1178 aut
1589 1150 1674 1180 animi
1698 1155 1811 1186 peccato

1022 1195 1131 1222 liberari
1149 1203 1156 1222 :
1174 1196 1282 1223 etiamsi
1298 1201 1373 1223 metu
1389 1203 1534 1231 poenarum
1552 1196 1605 1224 sibi
1619 1196 1676 1225 vim
1691 1197 1753 1232 quis
1764 1198 1809 1226 in-

1023 1240 1102 1274 ferat,
1116 1241 1150 1269 ad
1165 1242 1305 1269 vitandum
1318 1247 1471 1277 peccatum.

1058 1288 1084 1314 8.
1096 1287 1289 1315 Verumtamen
1304 1292 1332 1316 et
1360 1288 1406 1324 qui
1429 1289 1457 1317 vi
1483 1289 1599 1324 quadam
1625 1289 1765 1318 abstinent
1795 1298 1809 1318 a

1022 1333 1206 1367 perpetrando
1221 1338 1346 1369 peccato,
1360 1334 1434 1362 beati
1463 1340 1613 1364 censentur
1622 1336 1695 1371 apud
1712 1337 1809 1365 Deum.

1022 1379 1143 1414 angelos,
1156 1384 1183 1407 et
1197 1380 1322 1407 homines
1341 1389 1349 1407 :
1375 1381 1439 1416 quia
1462 1381 1585 1415 violenti,
1604 1386 1727 1418 raptores
1749 1390 1810 1411 esse

1022 1424 1099 1460 regni
1112 1425 1244 1453 caelorum
1255 1425 1444 1453 inveniuntur.

1057 1469 1084 1497 9.
1097 1469 1170 1496 Inter
1185 1472 1328 1498 commoda
1338 1479 1398 1506 qua:
1410 1471 1568 1499 referuntur
1595 1480 1629 1500 ex
1655 1473 1810 1509 tranquilli-

1022 1518 1078 1542 tate
1106 1515 1201 1547 animi.
1223 1516 1276 1544 hoc
1301 1517 1400 1543 mirum
1415 1521 1467 1551 est,
1496 1518 1570 1552 quod
1593 1519 1685 1546 omnia
1698 1525 1810 1554 peccata

1021 1560 1097 1596 prius
1112 1562 1321 1597 cogitationibus
1346 1562 1480 1590 duntaxat
1498 1564 1611 1598 pulsant
1632 1565 1755 1594 animum
1773 1575 1809 1593 :a

1022 1613 1077 1640 quo
1092 1607 1115 1634 si
1128 1607 1305 1641 recipiantur,
1324 1607 1436 1636 sensilia
1457 1608 1526 1636 Iiunt
1551 1614 1579 1636 et
1592 1617 1694 1638 crassa.
1717 1609 1810 1638 Virtus

183 1642 282 1692 παχέα.
306 1642 507 1691 ’Λμαρτήματα
540 1656 629 1683 πάντα
651 1656 780 1683 ἐκκόπτει
796 1656 813 1692 ἡ
828 1642 968 1693 πρακτικὴ

1023 1656 1114 1680 autem
1129 1653 1262 1689 operandi
1279 1653 1410 1686 studiosa,
1433 1659 1615 1689 promovente
1631 1659 1659 1683 et
1673 1663 1754 1691 opem
1769 1657 1810 1684 fe-

182 1702 268 1738 ἀρετὴ
279 1703 307 1728 ιν
321 1701 360 1736 τῷ
375 1701 428 1728 ἔσω
444 1701 520 1736 ἡμῶν
541 1701 688 1737 ἀνθρώπῳ,
719 1702 757 1737 μὴ
782 1702 856 1730 ἐῶσα
881 1703 968 1730 ταῦτα

182 1749 222 1780 είς
233 1748 302 1783 ἔργα
313 1747 428 1783 ἀχθῆναι
446 1748 563 1782 πονηρὰ,
579 1749 611 1783 τῇ
628 1749 699 1784 ῥοπῇ
709 1748 757 1775 καὶ
770 1748 909 1783 ἀντιλήψει
920 1748 968 1775 τοῦ

183 1793 285 1829 Κυρίου
303 1794 381 1829 ἡμῶν
400 1794 487 1828 Ἰησοῦ
499 1793 626 1829 Χριστοῦ.

218 1843 245 1867 ι’.
263 1839 352 1866 Είκὼν
369 1840 418 1876 τῆς
435 1840 571 1875 ἐξω-δέρας
583 1840 630 1866 καὶ
644 1839 777 1876 αἰσθητῆς
792 1841 840 1867 καὶ
852 1848 971 1875 σωματι-

182 1884 234 1920 κῆς
261 1885 421 1920 ἀσκήσεως,
440 1886 457 1920 ὴ
479 1885 588 1911 Παλαιὰ
610 1885 749 1920 Διαθήκη·
781 1886 812 1911 τὸ
841 1885 870 1911 δὲ
892 1884 970 1919 ἅγιον

183 1930 359 1964 Εὑαγγέλιον,
371 1931 385 1956 ὃ
400 1931 473 1956 ἐστιν
484 1931 500 1964 ἡ
518 1930 607 1965 Καινὴ
620 1950 626 1962 ,
639 1930 721 1956 εἰκὼν
750 1930 799 1964 τῆς
822 1931 968 1966 προσοχῆς,

183 1977 266 2011 ἤγουν
274 1976 325 2011 τῆς
342 1976 528 2010 καθαρότητος
541 1976 592 2010 τῆς
606 1975 730 2010 καρδίας.
753 1975 808 2002 Καὶ
838 1975 934 2011 ὥσπερ
952 1976 969 2011 ὴ

183 2023 288 2049 Παλαιὰ
303 2022 353 2048 οὐκ
378 2022 508 2054 ἔτελείου,
539 2021 600 2047 οὔτε
627 2021 812 2056 ὲπληροφόρει
845 2021 891 2048 τὸν
914 2020 970 2048 ἔσω

182 2068 323 2104 ἄνθρωπον
337 2068 376 2099 είς
387 2067 542 2095 θεοσέϐειαν
557 2067 676 2102 (Οὐδένα
687 2067 754 2101 γὰρ,
770 2067 851 2103 φησιν
861 2067 875 2094 ὁ
890 2067 970 2094 Ἀπό-

183 2114 286 2147 στολος,
302 2115 393 2149 νόμος
406 2113 585 2149 ἐτελείωσε),
607 2113 675 2148 μόνα
690 2113 717 2139 δὲ
732 2113 765 2152 τὰ
782 2114 871 2149 παχέα
883 2114 970 2150 ἅμαρ-

181 2160 290 2196 τήματα
314 2159 444 2187 διεκώλυε
459 2160 517 2195 (τοῦ
529 2160 583 2195 γὰρ
599 2159 719 2187 κωλῦσαι
735 2161 772 2196 μὴ
787 2160 912 2187 ἐκϐαλεῖν
925 2160 969 2187 τὸν

181 2204 320 2240 ὀφθαλμὸν
340 2207 387 2232 καὶ
401 2205 494 2232 ὀδόντα
517 2205 564 2232 τοῦ
580 2205 703 2241 πλησίον,
718 2207 748 2232 ab
760 2206 806 2232 καὶ
820 2207 883 2238 τοὺς
896 2206 970 2240 λογι-

182 2251 268 2286 σμοὺς
279 2251 333 2277 ἀπὸ
339 2251 452 2286 καρδίας
460 2251 586 2285 ἐκκόψαι,
597 2252 666 2286 ὅπερ
678 2252 735 2278 ἐστὶ
746 2251 792 2278 τοῦ
802 2251 968 2286 Εὐαγγελίου

180 2296 330 2330 διάταγμα,
344 2297 391 2323 καὶ.
418 2296 469 2328 τὰς
493 2297 616 2332 πονηρὰς
644 2297 820 2333 ἐνθυμήσεις,
835 2298 928 2333 μεῖζόν
941 2307 968 2324 τι
985 2307 1006 2334 Ι)

182 2343 223 2374 εἱς
237 2342 413 2377 καθαρότητα
423 2342 523 2377 ψυχῆς)
533 2349 539 2357 ·
549 2341 619 2369 οὕτω
632 2343 678 2369 καὶ
693 2344 739 2369 ἐπὶ
749 2344 799 2378 τῆς
810 2343 970 2379 σωματικῆς

182 2386 355 2420 δικαιοσύνης
373 2386 421 2413 καὶ
443 2387 596 2421 ἀσκήσεως,
622 2388 748 2422 νηστείας
770 2387 851 2422 λέγω,
866 2389 970 2424 ὲγκρα-

182 2432 267 2464 τείας,
285 2441 368 2467 χαμει
380 2432 445 2465 diu,
461 2432 627 2467 ἀγρυπνίας,
643 2433 774 2466 στάσεως,
789 2433 836 2460 καὶ
849 2433 904 2459 τῶν
914 2433 970 2460 λοι-

183 2478 283 2510 mima
298 2479 360 2514 περὶ
381 2486 411 2504 ιο
426 2477 505 2512 σῶμα
524 2477 674 2512 πεφύκασι,
694 2479 739 2504 καὶ
763 2478 792 2504 τὺ
819 2478 969 2513 παθητικὸν

185 2524 268 2560 μέρος
291 2523 339 2550 τοῦ
360 2523 485 2559 σώματος
510 2524 658 2559 ἡσυχάζειν
685 2526 758 2551 ποιεῖ
770 2523 824 2551 ἀπὸ
843 2525 892 2559 τῆς
908 2525 970 2551 κατ’

182 2570 325 2605 ἐνέργειαν
336 2569 485 2605 ἁμαρτίας,
497 2569 592 2605 ὥσπερ
606 2567 683 2596 εἷπον
698 2570 762 2606 περὶ
774 2571 823 2605 τῆς
834 2570 969 2604 Παλαιᾶς,

183 2615 253 2641 καλά
263 2624 293 2641 τε
314 2615 379 2642 ὄντα
394 2615 442 2642 καὶ
470 2614 555 2642 ταῦτα
568 2624 575 2630 ο
593 2615 767 2650 παιδαγωγία
783 2616 837 2651 γάρ
854 2618 906 2643 εἰσι
921 2616 968 2643 τοῦ

182 2661 234 2693 ἔξω
246 2661 324 2696 ἡμῶν
334 2659 488 2696 ἀνθρώπου,
501 2660 549 2687 καὶ
559 2660 677 2696 φρουρὸς
688 2661 741 2687 τῶν
751 2661 812 2687 κατ’
825 2661 968 2697 ἐνέργειαν

182 2707 287 2739 κακῶν,
297 2707 326 2732 οὐ
342 2706 393 2742 μὴν
411 2707 458 2732 καὶ
467 2705 523 2732 τῶν
537 2706 608 2732 κατὰ
623 2706 742 2733 διάνοιαν
756 2706 968 2742 ἁμαρτημάτων

181 2751 331 2782 κωλυτικὰ,
344 2749 400 2777 οἷον
415 2750 569 2783 ἀπαλλάξαι
583 2750 656 2785 ἡμᾶς
681 2751 730 2778 σὺν
749 2750 808 2786 Θεῷ
828 2750 967 2784 παντελῶς

181 2797 290 2832 φθόνου,
309 2796 406 2833 ὀργῆς,
419 2796 468 2823 καὶ
477 2795 533 2823 τῶν
543 2795 656 2824 λοιπῶν.

212 2927 237 2944 ἐ
249 2927 319 2955 l'sal.
337 2935 430 2960 uvm,
444 2929 469 2956 ὁ.
507 2929 529 2945 ⁸⁸
543 2929 625 2956 Hebr.
636 2937 686 2962 vn,
697 2929 738 2956 19.

269 2974 273 2977 ’
339 2974 474 3006 Parnm.
495 2975 552 3006 Gn.
578 2975 688 3006 XCIII.

1021 1703 1100 1726 rente
1115 1699 1230 1727 Domino
1245 1695 1342 1727 nostro
1353 1699 1420 1727 Jesu
1435 1700 1557 1733 Christo,
1586 1701 1722 1729 abscindit
1751 1704 1810 1730 uni-

1020 1751 1099 1771 versa
1111 1749 1221 1780 peccata
1238 1745 1265 1771 in
1276 1745 1388 1773 homine
1413 1749 1510 1773 nostro
1527 1745 1643 1780 interno,
1674 1755 1710 1775 ne
1738 1749 1810 1776 sinat

1020 1797 1052 1817 ea
1066 1790 1164 1817 deduci
1181 1791 1207 1817 in
1220 1798 1303 1826 opera
1327 1799 1422 1826 prava.

1058 1836 1100 1863 10.
1117 1835 1203 1864 Vetus
1218 1835 1423 1864 Testamentum
1444 1841 1486 1864 est
1498 1837 1585 1873 imago
1595 1842 1727 1872 externae,
1742 1847 1808 1867 sen-

1021 1882 1108 1909 sibilis
1136 1887 1163 1909 et
1196 1890 1334 1916 corporeae
1359 1883 1572 1910 exercitationis.
1599 1883 1729 1912 Sanctum
1757 1893 1808 1913 au-

1022 1933 1076 1955 lem
1102 1927 1288 1963 Evangelium,
1313 1928 1386 1963 quod
1409 1933 1451 1955 est
1465 1929 1570 1956 Novum
1591 1929 1806 1962 Testamentum.

1022 1973 1110 2008 imago
1125 1978 1166 2000 est
1176 1974 1334 2001 attentionis
1348 1974 1405 2001 sive
1419 1974 1544 2009 puritatis
1555 1975 1698 2003 cordis.Et
1711 1984 1808 2011 quem-

1021 2018 1168 2044 admodum
1187 2018 1268 2046 Vclus
1302 2019 1368 2046 illud
1397 2019 1554 2046 interiorem
1580 2020 1719 2049 hominem
1748 2030 1808 2058 per-

1022 2061 1121 2089 fectum
1145 2066 1172 2089 ct
1197 2063 1342 2090 certiorem
1375 2071 1430 2090 non
1459 2063 1576 2091 faciebat
1591 2064 1618 2092 in
1628 2065 1702 2093 cultu
1712 2066 1805 2094 divino

1023 2108 1177 2144 (Neminem
1189 2109 1272 2139 enim.
1297 2109 1385 2144 inquit
1415 2110 1572 2145 Apostolus,
1599 2112 1635 2138 ad
1660 2114 1808 2149 perfectum

1022 2155 1133 2181 adduxit
1142 2155 1186 2182 lex
1198 2155 1244 2190 5°),
1260 2155 1307 2183 sed
1322 2156 1377 2183 sola
1389 2156 1527 2184 crassiora
1546 2162 1657 2192 peccata
1675 2160 1808 2194 prohibe-

1021 2199 1067 2227 bat
1081 2201 1154 2234 (nam
1167 2202 1345 2237 cogitationes
1360 2202 1450 2231 cordis
1461 2207 1489 2230 et
1506 2211 1604 2237 pravas
1628 2204 1712 2232 animi
1739 2213 1806 2234 con-

1021 2246 1161 2280 ceptiones
1175 2251 1327 2282 amputare,
1343 2248 1414 2282 quod
1429 2253 1470 2275 est
1482 2254 1647 2284 praeceptum
1665 2249 1807 2286 Evangeli-

1021 2298 1094 2323 cum,
1106 2292 1284 2327 praestantius
1292 2293 1421 2328 quiddam
1437 2299 1478 2321 est
1496 2295 1530 2322 ad
1548 2295 1708 2323 munditiam
1746 2297 1807 2324 ani-

1022 2343 1083 2368 mae,
1093 2345 1174 2373 quam
1188 2342 1281 2366 vetare
1306 2346 1341 2366 ne
1356 2339 1417 2373 quis
1439 2344 1517 2367 eruat
1538 2341 1648 2368 oculum
1674 2347 1722 2369 aut
1738 2342 1808 2371 den-

1023 2385 1076 2409 tem
1087 2384 1215 2418 proximi)
1227 2393 1233 2412 :
1251 2384 1346 2412 eodem
1364 2385 1443 2413 modo
1455 2390 1482 2412 et
1495 2386 1522 2413 in
1533 2391 1647 2414 externa
1659 2387 1765 2422 justitia
1779 2394 1807 2416 et

1022 2428 1229 2462 exercitatione,
1242 2430 1349 2465 jejunio
1375 2430 1514 2463 videlicet.
1534 2432 1713 2466 continentia,
1743 2442 1806 2464 eum

1022 2474 1156 2502 dormitur
1189 2475 1275 2508 humi,
1299 2475 1410 2510 vigiliis,
1433 2477 1536 2511 quiete,
1555 2481 1583 2504 et
1603 2477 1715 2512 reliquis
1747 2487 1807 2513 quas

1023 2521 1094 2548 circa
1108 2529 1206 2556 corpus
1221 2526 1377 2554 versantur,
1401 2527 1429 2550 et
1448 2527 1552 2558 partem
1568 2524 1692 2557 corporis
1701 2524 1808 2552 ati‘ecti-

1022 2567 1074 2594 bus
1087 2568 1230 2595 obnoxiam
1247 2572 1426 2602 componunt,
1442 2577 1477 2596 ne
1493 2574 1634 2604 peccatum
1656 2570 1684 2598 in
1707 2578 1808 2606 corpus

1022 2616 1165 2641 externum
1179 2618 1315 2649 erumpat,
1337 2618 1368 2641 ut
1380 2614 1415 2642 de
1433 2614 1523 2642 Veteri
1549 2615 1723 2650 Testamento
1740 2618 1807 2645 dixi-

1022 2666 1100 2693 mus;
1115 2667 1270 2695 quanquam
1288 2665 1315 2687 et
1335 2661 1393 2688 haec
1410 2661 1520 2695 quidem
1550 2661 1622 2690 bona
1645 2667 1728 2696 sunt;
1745 2671 1807 2691 eru—

1021 2704 1101 2731 diunt
1114 2705 1187 2731 enim
1196 2706 1365 2733 exteriorem
1376 2711 1499 2734 nostrum
1521 2707 1671 2740 hominem,
1685 2712 1713 2737 et
1727 2712 1806 2736 tuen-

1021 2753 1066 2777 tur
1079 2750 1114 2777 ab
1141 2751 1264 2779 externis
1290 2752 1365 2779 vitiis
1382 2752 1409 2780 in
1431 2755 1521 2781 actum
1537 2753 1777 2788 prorumpentibus
1797 2762 1805 2781 :

1022 2803 1077 2823 non
1093 2800 1185 2823 tamen
1199 2797 1282 2825 animi
1295 2802 1407 2833 peccata
1422 2802 1549 2826 coercent
1566 2806 1573 2825 :
1590 2798 1742 2833 cuiusmodi
1752 2804 1806 2833 est,

1020 2840 1139 2868 liberare
1161 2849 1213 2869 nos
1243 2849 1365 2877 prorsus,
1380 2842 1533 2878 opitulante
1554 2841 1619 2876 Deo,
1634 2842 1668 2871 ab
1686 2836 1804 2878 invidia,

1022 2885 1073 2920 ila,
1085 2892 1112 2913 ct
1127 2887 1238 2924 reliquis
1248 2888 1398 2917 aii'ectibus.

1528 2980 1566 3011 '48
