2069 3147
187 251 254 284 1517

185 305 361 341 φαντασθείς.
388 305 442 333 Καὶ
465 305 537 332 οὕτω
566 305 645 332 πάλιν
675 305 718 332 τὴν
751 304 836 339 ’Λδὰμ
858 302 1010 338 ὲχώρισεΑ

185 352 265 384 Θεοῦ,
283 352 372 379 θεῖκὺν
398 351 506 386 ἀξίωμα
536 351 676 385 φαντάσας
704 351 796 381 αὑτὸν,
826 349 873 376 καὶ
900 347 971 375 οὕτω

186 398 291 429 πάντας
321 398 383 428 τοὺς
402 397 609 433 ἁμαρτάνοντας
632 397 740 431 ἀπατᾷν
761 396 774 422 ὁ
789 395 909 431 ψεύστης
927 393 973 421 καὶ

185 444 270 475 δόλιος
285 443 379 470 εἴωθεν
392 443 498 479 ἐχθρός.

223 540 267 573 ιη’.
284 524 489 572 Πικραινὸμεοοι
506 534 554 571 τὴν
573 534 688 569 καρδίαν
711 533 764 560 ὑπὸ
777 533 817 560 ῑοῦ
836 532 975 568 λογισμῶν

187 583 332 619 πονηρίας,
367 583 430 610 ὅταν
457 581 594 618 προσοχῆς
619 583 667 608 καὶ
700 580 788 616 Ἰησοῦ
809 580 891 615 εὺχῆς
907 579 976 615 πρὸς

188 629 257 656 πολὺ
274 629 326 656 ὑπὸ
342 628 426 664 λήθης
441 628 607 663 ἀμελοῦντες
621 625 793 660 ἅο-ταγώμεθα
805 634 812 642 ·
830 624 976 659 γλυκαινόν

187 676 258 711 μεθα
273 674 301 701 δὲ
316 674 397 701 πάλιν
412 674 441 701 ὲν
460 673 586 708 αἰσθήσει
602 673 649 699 καὶ
674 669 787 708 ὴδύτητί
813 680 865 697 τινι
895 669 978 704 ἀγαλ-

188 719 304 751 λιάσεως
321 719 470 755 μακαρίας,
484 719 547 746 ὅταν
566 718 601 745 τὰ
628 717 817 753 προειρημένα
838 715 979 751 κραταιῶς

189 766 237 792 καὶ
252 765 401 801 προθύμως
416 765 445 791 ἐν
473 763 512 799 τῷ
536 763 709 800 ἐργαστηρίῳ
721 763 770 798 τῆς
795 761 914 794 διανοίας
930 762 979 796 ἑμ-

191 810 280 846 μελῶς
301 810 345 838 διὰ
369 809 470 846 ἔρωτος
482 809 553 836 θείου
579 809 750 841 ἐπιτελῶμεν
764 816 771 823 ·
793 808 855 835 τότε
873 807 929 842 γὰρ
948 806 978 833 οὺ

189 857 224 885 δι’
240 857 303 885 ἄλλο
317 866 343 884 τι
355 858 388 893 τῇ
403 857 539 892 καρδιακῇ
556 855 658 891 ἡσυχίᾳ
682 854 800 890 βαδίζειν
822 852 980 889 προθυμού-

192 904 273 940 μεθα,
287 903 374 940 ἀλλ’ἢ
402 903 447 931 διὰ
468 903 517 939 τὴν
531 901 630 937 ἑαυτῆς
651 902 680 929 ἐν
703 903 737 938 τῇ
754 901 826 937 ψυχῇ
852 901 980 936 γλυκεῖαν

192 949 288 985 ἡδονὴν
303 949 349 975 καὶ
362 947 469 984 τέρψιν.

228 993 272 1021 ιϐ’.
291 993 446 1029 Ἔπιστήμη
475 991 647 1028 ἐπιστημῶν,
672 991 719 1018 καὶ
731 991 814 1027 τέχνη
836 991 949 1027 τεχνῶν,
967 991 981 1026 ἡ

193 1039 247 1066 τῶν
270 1038 434 1075 κακούργων
452 1037 592 1074 λογισμῶν
618 1039 677 1065 ἐστι
698 1038 791 1073 τέχνη.
817 1037 912 1064 Ἔστιν
935 1036 981 1063 οὖν

194 1084 305 1121 ἄριστος
317 1085 416 1120 τρόπος
429 1085 477 1112 καὶ
498 1084 579 1120 τέχνη
593 1084 695 1117 αὐτῶν,
719 1084 760 1116 τὸ,
781 1084 809 1110 ὲν
824 1082 920 1119 Κυρίῳ
933 1082 983 1118 τὴν

193 1131 342 1166 φαντασίαν
357 1130 467 1166 βλέπειν
478 1130 528 1164 τῆς
543 1130 709 1166 προσϐολῆς,
719 1130 764 1157 καὶ
777 1129 922 1165 φυλάττειν
933 1130 982 1165 τὴν

194 1177 323 1209 διάνοιαν,
336 1168 430 1212 ὥσπερ
446 1176 492 1203 τὸν
503 1175 633 1211 αἰσθητὸν
644 1176 820 1212 φυλάσσομεν
832 1175 981 1211 ὀφθαλμὸν,

195 1223 242 1250 καὶ
259 1221 341 1255 ὀξέως
360 1222 420 1257 μετ’
444 1221 527 1248 αὐτοῦ
543 1221 680 1257 βλέπομεν
706 1221 752 1249 τὸν
765 1221 864 1257 πλῆξαι
888 1221 983 1248 τοῦτον

195 1267 227 1294 ιιι
240 1267 402 1302 συμϐάσεως
415 1266 574 1303 ἐρχόμενον,
592 1266 640 1293 καὶ
658 1267 708 1299 ὅση
719 1265 833 1301 δύναμις
849 1266 904 1292 πᾶν
917 1266 984 1301 κάρ-

195 1321 244 1348 φος
255 1312 398 1347 κωλύομεν
412 1311 441 1345 ἐξ
456 1311 549 1338 αὐτοῦ.

230 1357 265 1385 κ’.
289 1358 333 1389 Ὠς
349 1357 379 1384 οὐ
395 1357 501 1389 τέξεται
516 1356 582 1392 χιὼν
596 1357 692 1392 φλόγα,
720 1358 736 1393 ἦ
755 1357 826 1394 ὕδωρ
849 1358 904 1394 πῦρ
924 1367 985 1393 γεν-

195 1405 284 1440 νήσει,
299 1405 314 1441 ἢ
335 1405 439 1440 ῥάμνος
456 1403 547 1436 σῦκον,
564 1403 650 1436 οὓτως
667 1404 716 1431 οὐκ
739 1405 985 1441 ἐλευθερωθήσεται

197 1451 297 1482 παντὸς
311 1449 454 1485 ἀνθρώπου
465 1449 570 1485 ’καρδία
584 1449 638 1476 ἀπὸ
654 1450 819 1485 δαιμονικῶν
836 1450 984 1485 λογισμῶν,

197 1495 244 1522 καὶ
258 1495 348 1530 ἔργων
374 1494 422 1521 καὶ
445 1494 544 1529 λόγων,
572 1494 609 1530 μὴ
630 1494 774 1530 καθάρασα
786 1495 819 1522 τὰ
834 1495 923 1522 ἔνδον·
940 1496 986 1523 καὶ

197 1539 279 1577 νῆψις
295 1541 345 1567 σὺν
362 1540 429 1577 εὐχῇ
453 1540 540 1576 Ἰησοῦ
558 1540 672 1576 συνάψει
687 1541 778 1576 νῆψιν,
794 1541 842 1567 καὶ
854 1541 987 1569 ταπείνω-

198 1595 242 1615 σιν
257 1587 304 1614 καὶ
318 1586 438 1622 ψυχικὴν
449 1587 565 1622 ἡσυχίαν
573 1587 752 1623 κατορθοῦσα,
766 1588 812 1614 καὶ
822 1587 987 1623 ἐπειγομένη

536 251 585 281 DE
603 249 878 281 TEMPERANTIA
894 247 941 278 ET
962 217 1143 279 νωῶὗΤΕ.
1159 261 1193 265 -
1210 247 1403 278 CENTURIA
1417 247 1447 277 ΙΙ

1746 247 1813 279 1518

1027 310 1056 330 se
1073 304 1126 330 Deo
1137 303 1266 338 mqualem
1280 302 1484 337 imaginaretut.
1513 301 1613 328 Eadem
1635 309 1743 330 rursum
1767 311 1812 330 ra-

1025 351 1098 377 tione
1112 350 1198 377 Adam
1209 349 1331 378 defecin
1346 349 1418 376 Deo:
1431 355 1493 375 cum
1509 349 1678 383 majestatem
1694 348 1813 376 divinam

1025 397 1218 432 imaginatione
1244 395 1360 431 quadam
1383 395 1437 423 sibi
1461 402 1588 430 arrogare
1604 395 1696 423 vellet.
1721 395 1754 422 Et
1777 396 1815 423 ita

1022 435 1141 470 mendax
1165 447 1192 470 et
1206 442 1317 469 dolosus
1331 441 1417 469 bostis
1432 449 1538 475 omnes,
1552 441 1598 477 qui
1611 446 1742 477 peccant,
1763 442 1816 470 cir-

1026 489 1184 517 cumvenire
1199 489 1279 516 solet.

1064 535 1107 563 18.
1122 537 1146 562 Δ
1161 543 1267 563 veneno
1285 535 1481 570 cogitationum
1496 541 1689 569 perversurum
1703 541 1816 562 exacer-

1027 582 1123 610 bamur
1137 582 1239 613 animo.
1258 582 1368 617 quando
1399 582 1551 609 attentione
1573 580 1695 616 Jesuque
1717 580 1816 615 deprc-

1028 630 1135 659 catione
1150 630 1197 657 diu
1210 629 1350 665 neglectis,
1371 637 1422 657 nos
1438 629 1550 656 abducit
1573 629 1685 656 oblivio.
1713 630 1817 657 Comm

1028 683 1093 703 vero
1122 675 1320 707 dulcescimus,
1355 683 1389 702 ex
1418 675 1595 710 perceptione
1628 680 1656 702 et
1686 676 1818 703 suavitate

1029 722 1145 757 quadam
1174 722 1259 749 beata:
1276 721 1482 754 exsultationis,
1511 721 1621 756 quando
1650 725 1818 753 constanter,

1029 767 1155 795 alacriter
1189 772 1216 795 et
1238 767 1359 795 studiose
1389 767 1417 793 in
1440 766 1546 793 officina
1574 766 1697 800 mentis,
1727 774 1820 795 amore

1032 813 1126 840 divino
1139 812 1231 844 ducti,
1246 812 1310 845 ista,
1327 820 1389 847 qua:
1402 816 1467 841 ante
1483 812 1611 844 diximus,
1634 813 1818 847 exsequimur.

1032 858 1112 887 Tune
1135 859 1209 886 enim
1223 859 1324 886 nullam
1342 858 1422 885 aliam
1443 858 1478 885 ob
1503 865 1618 887 causam
1632 858 1724 892 quieto
1737 858 1821 886 corde

1033 905 1126 933 vivere
1140 910 1311 940 exoptamus,
1325 912 1408 940 quam
1424 904 1460 931 ob
1471 912 1583 931 suavem
1599 903 1672 931 illius
1687 904 1715 931 in
1730 904 1821 931 anima

1033 952 1202 986 voluptatem
1216 956 1244 978 et
1258 950 1478 978 delectationem.

1071 998 1116 1024 t9.
1133 996 1184 1025 Ars
1197 997 1308 1030 artium,
1326 1000 1354 1023 et
1369 996 1482 1024 scientia
1500 995 1690 1028 scientiarum,
1717 999 1758 1024 est
1778 1003 1823 1024 ars

1035 1043 1215 1079 malignarum
1231 1042 1437 1077 cogitationum.
1458 1042 1552 1070 Modus
1567 1043 1650 1078 igitur
1665 1043 1785 1077 optimus
1796 1047 1824 1069 et

1035 1098 1080 1117 ars
1091 1097 1185 1117 earum
1206 1094 1260 1122 est;
1284 1092 1440 1124 conspecta,
1455 1089 1573 1116 Domino
1592 1089 1709 1121 favente,
1727 1095 1824 1124 sugge-

1036 1135 1133 1163 stionis
1161 1135 1355 1171 imaginatione
1367 1155 1374 1167 ,
1400 1141 1564 1162 conservare
1581 1134 1703 1161 animum
1719 1143 1726 1160 :
1743 1134 1823 1161 sicut!

1036 1181 1194 1209 scnsibilem
1206 1180 1315 1208 oculum
1331 1180 1510 1213 custodimus,
1529 1184 1556 1207 et
1567 1187 1600 1207 eo
1611 1184 1691 1207 acute
1702 1180 1825 1208 videmus

1037 1234 1102 1254 casu
1124 1226 1279 1253 venientem
1294 1226 1327 1253 ad
1342 1225 1548 1261 percutiendum
1564 1225 1649 1258 ilium,
1665 1232 1696 1252 ac
1719 1233 1769 1260 pro
1784 1225 1825 1252 vi-

1037 1273 1113 1301 ribus
1127 1273 1161 1300 ab
1174 1280 1207 1300 eo
1220 1272 1352 1300 festucam
1365 1278 1475 1299 onmem
1493 1279 1626 1298 arcemus.

1071 1361 1115 1388 20.
1133 1359 1368 1393 Quemadmodum
1386 1358 1431 1386 nix
1445 1366 1500 1385 non
1514 1358 1601 1393 pariet
1612 1357 1760 1390 flammam,
1774 1365 1826 1385 nec

1037 1415 1106 1441 aqua
1120 1407 1251 1442 producet
1264 1405 1365 1441 ignem,
1385 1409 1432 1432 aut
1446 1404 1523 1439 spina
1539 1405 1619 1432 ticum
1637 1413 1643 1431 :
1661 1404 1698 1432 ita
1718 1412 1767 1432 cor
1780 1411 1826 1431 cu-

1036 1452 1123 1487 jusvis
1137 1451 1267 1484 hominis,
1287 1451 1340 1478 nisi
1355 1450 1512 1486 purgaverit
1528 1449 1668 1483 interiora,
1686 1457 1741 1477 non
1758 1450 1828 1477 iibe-

1039 1497 1144 1525 rabitur
1167 1496 1344 1525 daemoniacis
1383 1497 1613 1532 cogitationibus,
1635 1497 1764 1531 operibus
1800 1502 1828 1526 ct

1039 1542 1210 1570 sermonibus
1221 1552 1227 1570 :
1238 1543 1290 1570 nisi
1302 1543 1383 1570 etiam
1397 1543 1523 1574 attentio,
1538 1543 1632 1577 juncta
1641 1542 1826 1577 deprecationi

1039 1587 1114 1620 Jesu,
1130 1587 1263 1615 accendat
1279 1588 1488 1623 temperantiam
1499 1608 1506 1620 ,
1534 1595 1587 1622 qua
1604 1588 1786 1616 humilitatem
1801 1592 1829 1616 et

199 1633 248 1660 σὺν
263 1632 403 1668 προθυμίᾳ
430 1632 524 1668 πολλῇ,
549 1633 598 1659 καὶ
624 1633 765 1660 ὁδεύουσα.
793 1633 863 1660 Ἀλλ’
882 1634 986 1669 ἀνάγκη

1040 1632 1163 1667 quietem
1179 1632 1263 1659 animi
1278 1632 1422 1668 dirigente,
1443 1641 1491 1660 cor
1516 1632 1677 1666 deducatur,
1700 1637 1728 1660 et
1751 1633 1829 1662 valde

199 1680 355 1715 στειρεῦσαι
366 1679 416 1714 τὴν
428 1679 598 1715 ἁπρόσεκτον
612 1678 700 1714 ψυχὴν
711 1680 811 1712 παντὸς
825 1679 928 1714 ἀγαθοῦ
942 1680 989 1706 καὶ

198 1725 303 1752 τελείου
315 1725 461 1761 νοήματος,
484 1725 522 1757 ὡς
539 1725 652 1760 ἡμίονον
680 1725 816 1761 ἄκαρπον,
866 1726 916 1752 οὐκ
931 1725 989 1752 ἔστι

200 1771 308 1802 σύνεσις
322 1771 513 1807 πνευματικῆς
537 1771 672 1803 συνέσεως
685 1780 692 1787 -
708 1771 793 1803 ὄντως
817 1771 914 1807 είρήνη
931 1771 991 1798 ἐστὶ

199 1817 250 1853 τῆς
261 1816 350 1854 ψυχῆς
368 1817 398 1844 τὸ
415 1818 501 1852 γλυκὺ
522 1819 638 1854 πρᾶγμα
649 1817 696 1845 καὶ
709 1817 806 1854 ὄνομα,
817 1817 864 1845 καὶ
874 1817 991 1850 κένωσις

200 1863 345 1900 νοημάτων
361 1863 504 1900 ὲμπαθῶν.

233 1955 291 1981 καὶ.
303 1952 388 1980 Ὅταν
415 1951 510 1984 κακῶς
533 1951 736 1987 συμφωνήσῃ-ἡ
756 1951 831 1987 ψυχὴ
858 1951 926 1986 μετὰ
942 1951 990 1978 τοῦ

203 1997 340 2035 σώματος,
355 1998 414 2024 τότε
429 1997 512 2033 ἄμφω
527 1996 701 2032 οἰκοδομοῦσι
727 1997 805 2023 πόλιν
824 1997 989 2030 κενοδοξίας,

203 2045 250 2074 καὶ
265 2044 464 2083 ὑπερηφανίας,
477 2043 525 2071 καὶ
543 2044 606 2075 τοὺς
620 2044 648 2070 ἐν
679 2042 770 2074 αὐτοῖς
798 2043 992 2075 κατοικοῦντας

203 2092 308 2123 ἀσεϐεῖς
323 2091 480 2126 λογισμούς.
491 2090 519 2116 '0
529 2089 556 2116 δὲ
571 2089 672 2125 Κύριος
683 2089 721 2124 τῷ
731 2088 806 2123 φόϐῳ
816 2089 866 2123 τῆς
878 2088 992 2124 γεέννης

204 2137 253 2174 τὴν
265 2137 420 2174 ὁμοφωνίαν
429 2136 519 2164 αὐτῶν
531 2137 627 2171 συγχεῖ
638 2144 668 2163 τε
684 2135 731 2162 καὶ
743 2136 850 2171 διαιρεῖ,
865 2134 992 2171 ἀλλότριά

205 2193 236 2211 τε
249 2184 297 2211 καὶ
309 2183 420 2210 ἐναντία
439 2181 477 2217 τῷ
490 2183 597 2217 σώματι
624 2182 673 2217 τὴν
689 2181 786 2217 κυρίαν
799 2181 888 2217 ψυχὴν
903 2180 992 2207 λαλεῖν

203 2239 234 2257 τε.
245 2230 294 2256 καὶ
307 2230 415 2264 φρονεῖν
435 2227 607 2262 ἀναγκάζων.
626 2227 672 2260 Ἐξ
690 2224 720 2254 οὗ
735 2227 816 2261 φόϐος
829 2227 876 2254 καὶ
898 2227 993 2261 διαμε-

206 2276 301 2311 ρισμδς
313 2277 404 2307 αὐτοῖς
430 2274 585 2309 συμϐαίνει,
604 2274 649 2300 διὰ
669 2274 709 2306 τὺ,
732 2275 762 2301 τὸ
787 2273 914 2310 φρόνημα
943 2273 992 2307 τῆς

1041 1678 1165 1707 alacriter
1176 1679 1294 1706 incedat.
1312 1678 1366 1706 Sed
1376 1679 1532 1707 necessario
1546 1679 1645 1707 evadet
1654 1679 1756 1712 anima,
1769 1688 1830 1715 quae

1040 1732 1096 1752 non
1113 1725 1250 1757 attendit,
1266 1725 1367 1752 sterilis
1385 1725 1469 1753 totius
1498 1725 1563 1753 boni
1592 1730 1620 1753 et
1643 1726 1829 1762 intelligentia;

1040 1771 1181 1807 perfectae,
1198 1772 1314 1807 perinde
1338 1780 1371 1800 ac
1390 1773 1481 1801 mulus
1501 1773 1619 1806 inutilis.
1644 1774 1688 1801 cui
1711 1781 1766 1801 non
1788 1779 1830 1801 est

1041 1816 1196 1845 intellectus
1221 1818 1363 1853 sapientia:
1387 1818 1531 1853 spiritalis.
1550 1817 1678 1846 Profecto
1707 1826 1758 1853 pax
1786 1823 1830 1846 est

1041 1863 1162 1891 suavitas
1173 1863 1282 1895 animm,
1299 1867 1355 1890 tam
1370 1871 1410 1896 re,
1425 1871 1506 1898 quam
1527 1863 1647 1895 nomine,
1665 1868 1693 1891 et
1706 1871 1824 1891 evacua-

1042 1908 1080 1936 tio
1099 1908 1295 1944 cogitationum
1311 1908 1463 1936 deditarum
1480 1908 1685 1936 affectionibus.

1077 1952 1346 1985 2|.Quandovitiose
1359 1953 1507 1980 concordat
1519 1953 1610 1980 anima
1623 1961 1686 1981 eum
1700 1962 1826 1989 corpore,

1047 2002 1113 2025 tunc
1136 1998 1216 2025 ambo
1240 2002 1404 2025 construunt
1421 1998 1558 2026 civitatem
1580 2006 1656 2026 vana:
1678 1999 1786 2034 gloriur,
1801 2006 1829 2028 et

1042 2043 1178 2078 superbiae
1194 2044 1308 2077 turrim,
1325 2044 1483 2072 habitantes
1509 2045 1592 2072 etiam
1616 2045 1643 2073 in
1665 2046 1705 2074 eis
1733 2047 1829 2081 impias

1043 2090 1233 2126 cogitationes.
1249 2091 1382 2118 Cancrum
1393 2091 1534 2124 Dominus,
1549 2099 1642 2119 eorum
1654 2093 1829 2120 concordiam

1042 2142 1118 2164 metu
1142 2135 1273 2171 gehennae
1301 2135 1445 2164 confundit
1475 2145 1506 2164 ac
1536 2134 1732 2165 dividit:dum
1760 2139 1831 2174 cogit

1042 2182 1227 2217 principatum
1239 2187 1375 2210 tenentem
1384 2183 1503 2210 animam
1514 2183 1615 2211 sentire
1624 2189 1651 2211 et
1660 2184 1730 2219 loqui
1743 2185 1830 2212 aliena

1043 2233 1071 2255 et
1084 2227 1220 2255 contraria
1238 2227 1355 2263 corpori.
1376 2228 1414 2256 Ex
1429 2236 1483 2263 quo
1503 2233 1576 2256 metu
1590 2229 1678 2256 oritur
1692 2230 1746 2257 illis
1760 2230 1830 2257 di\i-

1043 2274 1105 2301 sio:
1122 2281 1155 2301 eo
1172 2274 1244 2309 quod
1265 2274 1411 2308 prudentia
1426 2275 1517 2302 carnis
1536 2274 1645 2302 inimica
1669 2274 1704 2303 sit
1722 2275 1787 2309 Deo,
1802 2281 1830 2304 ct

206 2301 320 2358 σαρκὸς,
336 2301 382 2356 έχθ
388 2301 436 2355 ραν
449 2301 488 2352 είς
500 2320 566 2347 Θεὸν
576 2301 657 2353 εἶναι,
672 2301 719 2346 καὶ
731 2319 770 2354 τῷ
837 2301 904 2346 Θὲὂῦ
918 2301 986 2354 νόμίέ

1045 2319 1097 2354 legi
1110 2301 1209 2347 divinae
1226 2301 1281 2346 non
1293 2319 1328 2346 sit
1341 2320 1473 2355 subjecta.

207 2369 244 2406 μὴ
259 2366 467 2395 ὑποτάσσεσθαι.

239 2414 291 2449 κβ⁷.
306 2413 346 2439 Τὰ
370 2409 432 2438 καθ’
451 2409 558 2446 ἡμέραν
579 2409 658 2445 ἡμῶν
682 2408 751 2445 ἔργα
767 2409 808 2435 δεῖ
830 2408 991 2443 σταθμίζειν

205 2460 267 2488 καθ’
285 2458 359 2494 ὥραν
379 2458 426 2485 καὶ
459 2456 613 2492 προσέχειν,
639 2455 686 2482 καὶ
700 2455 788 2489 κοῦφα
809 2455 859 2490 ὅση
878 2454 992 2489 δύναμις

207 2506 250 2534 ἐπ’
266 2506 400 2540 ἀνάγκαις
423 2505 511 2530 ποιεῖν
531 2504 564 2538 τῇ
588 2501 693 2537 ἑσπέρᾳ
709 2501 754 2527 διὰ
769 2500 820 2535 τῆς
835 2500 991 2536 μετανοίας,

205 2554 231 2580 et
248 2562 279 2588 γε
297 2551 447 2588 βουλόμεθα
466 2551 514 2577 σὺν
531 2548 591 2583 Θεῷ
603 2548 652 2583 τῆς
669 2547 769 2579 κακίας
788 2545 990 2582 περιγενέσθαι.

207 2600 262 2627 Καὶ
281 2599 393 2626 σκοπεῖν
411 2597 463 2630 δεῖ,
481 2596 505 2622 εἰ
526 2595 597 2622 κατὰ
627 2594 693 2620 Θεὸν
703 2591 834 2628 τελοῦμεν
854 2592 943 2619 πάντα
958 2591 993 2619 τὰ

207 2644 325 2680 αἰσθητὰ
344 2643 391 2670 καὶ
412 2642 563 2677 φαινόμενα
589 2639 667 2676 ἡμῶν
688 2638 757 2675 ἔργα
789 2638 850 2666 κατ’
876 2637 992 2665 ἐνώπιον

207 2691 274 2718 Θεοῦ
291 2690 339 2718 καὶ
352 2689 443 2725 μόνον,
467 2688 511 2715 Eva
528 2686 565 2723 μὴ
580 2687 633 2713 ὑπὸ
645 2686 700 2712 τῶν
717 2685 870 2721 αἰσθήσεων
885 2685 993 2719 ἀλόγως

206 2736 397 2772 κλεπτώμεθα.

241 2828 295 2861 κγ’.
316 2821 380 2852 Ἐὰν
393 2824 427 2861 τοι
438 2823 498 2851 καθ’
522 2822 641 2857 ἑκάστην
663 2820 850 2856 κερδαίνωμεν
867 2819 916 2847 σὺν
932 2818 995 2854 Θεῷ

205 2870 238 2898 ἐκ
250 2859 300 2905 τῆς
315 2869 393 2904 ἡμῶν
405 2859 521 2904 νῆψεως,
536 2866 586 2893 οὐκ
598 2864 742 2900 ὀφείλομεν
754 2863 909 2899 ἀδιαφόρως
924 2863 990 2889 ἀνα-

205 2915 372 2950 στρέφεσθαι
398 2913 443 2941 καὶ
457 2911 620 2948 ζημιοῦσθαι
643 2910 687 2936 διὰ
710 2908 815 2936 πολλῶν
840 2907 991 2943 συντυχιῶν

204 2960 364 2996 ἐπισφαλῶν
375 2980 382 2993 ,
398 2959 466 2987 ἀλλὰ
483 2958 582 2993 μᾶλλον
607 2955 788 2990 καταφρονεῖν
806 2954 846 2980 δεῖ
868 2953 923 2980 τῶν
939 2962 991 2989 μα·

1079 2408 1124 2435 22.
1153 2408 1289 2436 Debemus
1312 2416 1394 2444 opera
1419 2414 1512 2436 nostra
1534 2409 1692 2444 quotidiana
1718 2411 1832 2446 singulis

1044 2454 1120 2482 horis
1139 2454 1293 2489 ponderare
1323 2458 1351 2481 ct
1373 2455 1521 2482 observare
1539 2463 1546 2482 :
1563 2463 1649 2490 eaque
1675 2457 1831 2491 vespertino

1046 2505 1186 2535 tempore,
1210 2508 1259 2535 pro
1282 2501 1364 2533 virili,
1389 2501 1581 2528 necessitatum
1599 2501 1690 2529 habita
1715 2502 1830 2536 ratione,

1045 2545 1181 2573 beneficio
1198 2546 1367 2581 poenitentiae
1381 2546 1514 2579 allevare,
1537 2547 1559 2574 si
1577 2547 1698 2581 quidem,
1725 2547 1832 2575 favente

1045 2593 1117 2625 Deo,
1138 2592 1234 2619 vitium
1250 2600 1380 2626 superare
1395 2592 1530 2620 volumus.
1554 2593 1831 2621 Animadvertendum

1046 2642 1089 2665 est
1103 2638 1196 2671 etiam,
1211 2646 1246 2664 an
1264 2637 1391 2665 universa
1407 2646 1490 2673 opera
1506 2644 1599 2666 nostra
1614 2643 1726 2667 externa
1741 2647 1831 2666 coram

1048 2684 1104 2712 Deo
1127 2684 1286 2719 conspicua.
1313 2691 1345 2711 ex
1369 2685 1505 2713 sententia
1529 2685 1619 2713 divina
1645 2689 1830 2720 peraguntur:

1047 2728 1099 2757 hac
1123 2729 1203 2756 etiam
1224 2729 1311 2756 solum
1339 2729 1373 2756 de
1391 2737 1492 2763 causa,
1522 2737 1557 2758 ne
1585 2730 1734 2758 irrationali
1751 2729 1833 2756 modo

1046 2774 1231 2809 subripiamur
1247 2782 1262 2801 a
1277 2774 1412 2810 sensibus.

1080 2821 1126 2847 '25.
1146 2820 1184 2852 Si,
1195 2819 1346 2854 opitulante
1360 2821 1423 2851 Deo.
1437 2828 1470 2848 ex
1483 2822 1664 2856 temperantia
1677 2827 1770 2849 nostra
1779 2821 1835 2848 hoc

1044 2865 1113 2893 lucri
1125 2865 1250 2900 quotidie
1264 2864 1421 2896 fecerimus.
1440 2874 1494 2893 non
1507 2867 1638 2894 debemus
1656 2867 1714 2893 sine
1727 2867 1833 2894 discri~

1046 2910 1118 2938 mine
1131 2908 1298 2940 conversari,
1312 2916 1346 2936 ne
1360 2910 1490 2938 damnum
1507 2919 1540 2939 ex
1553 2912 1636 2939 variis
1650 2912 1832 2939 conversatio-

1047 2956 1126 2983 nibus
1143 2955 1267 2983 erroneis
1281 2956 1477 2984 contrahantus
1492 2966 1498 2985 :
1512 2957 1559 2985 sed
1575 2957 1675 2992 potius,
1685 2957 1793 2984 amabili
1805 2958 1833 2982 et
