2069 3147
193 227 258 262 1521

538 235 585 265 DE
604 235 878 267 ΤΕΗΡΕΒΛΝΤΙΑ
892 235 938 265 ET
958 234 994 265 Vl
1002 233 1138 264 R'l'UTE.
1151 247 1184 251 —
1200 234 1393 265 CENTURIA
1408 235 1438 265 Π

1756 236 1823 269 1:332

188 287 305 322 δύναμιν
311 287 572 325 ἄρῤητον,ἀρρήτου
583 288 610 316 δὲ
622 291 668 316 καὶ
679 289 785 326 ἀρετῶν
798 290 979 326 θεωρητικήν.

1039 287 1066 314 ιιι
1083 289 1136 315 vim
1155 296 1293 320 arcanam.
1313 294 1524 318 arcanorum-et
1553 290 1684 318 virtututn
1700 297 1822 319 contem-

189 333 244 359 Καὶ
254 332 335 368 βάθος
346 333 449 369 ὑψηλὸν
461 335 508 362 τοῦ
522 336 639 371 ἀπείρου
651 336 731 363 θείων
746 337 855 364 ὲννοιῶν
870 338 898 363 ὲν
911 346 979 372 καρ-

188 378 233 415 δίᾳ
243 379 400 414 δεξάμείος,
411 381 573 417 ὀφθήσεται,
591 383 629 415 ὡς
645 383 755 418 ἐφικτὸν
766 383 874 420 καρδίᾳ,
886 384 900 410 ό
915 384 981 416 Θεὸς

188 425 245 453 τῶν
259 425 348 452 θεῶν’
368 427 382 453 ό
402 427 430 454 δὲ
450 427 512 459 νοῦς
530 429 679 464 ἐκπλαγεὶς
700 430 823 456 κυδαίνει
845 431 980 466 ἀγαπητι-

189 472 246 504 κῶς
267 472 334 499 Θεὸν
360 473 406 501 τὸν
435 474 602 510 βλεπόμενον
623 477 670 502 καὶ
697 475 848 512 βλέποντα,
870 477 918 503 καὶ
937 477 987 503 διὰ.

188 517 268 546 τοῦτο
282 520 393 547 κάκεῖνο
408 521 456 548 καὶ
471 520 553 553 σώζει
567 521 613 548 τὸν
626 522 795 555 ἀτενίζοντα.

223 607 258 636 λ’.
266 608 352 636 Βυθὸν
363 609 465 645 ὑψηλὸν
473 609 621 646 κατόψεται
633 612 791 646 γνωστικῶς
805 613 903 648 ἡσυχία
914 623 981 649 καρ-

189 652 271 688 διακὴ
285 654 507 690 κατορθουμένη,
534 655 582 682 καὶ
603 655 710 690 ἐξαίσια
723 658 799 692 παρὰ
816 657 883 684 Θεοῦ
900 658 981 684 ἀκου-

191 697 318 732 σθήσεται
331 697 378 730 οὖς
393 699 518 735 ἡσυχίας.
686 721 689 723 ›

224 744 276 771 λα’.
296 745 448 780 Ὀδοιπόρος
472 746 521 782 μὲν
539 747 647 782 μακρὰν
665 747 713 774 καὶ
739 748 918 775 δυσδιάϐατον
935 749 981 775 καὶ

190 790 330 826 ἀργαλέαν
353 791 412 818 ὁδὸν
436 792 593 820 στείλασθαι
610 793 811 830 ἐναρξάμενος,
833 794 938 830 πλάνην
951 803 980 822 τε

191 838 367 874 ὑφορώμενος
389 841 418 867 ἐν
439 840 478 876 τῷ
500 841 701 877 ὑποστρέφειν,
723 843 825 877 σημεῖὰ
847 851 913 869 τινα
934 842 981 869 καὶ

191 884 304 919 ὁδηγοὺς
326 885 356 911 ἐν
379 886 519 922 ὁδοιπορίᾳ
547 887 632 914 αὐτοῦ
654 887 856 922 καταπήξεται,
886 888 981 923 ῥᾳδίαν

191 929 267 966 αὗτῷ
282 931 332 966 τὴν
348 931 417 966 πρὸς
432 932 467 959 τὰ
479 933 565 959 οἰκεῖα
581 934 774 969 ὲπανάκαμψιν
787 933 978 969 προξενοῦντα.

191 976 295 1010 Λόγους
305 976 334 1003 δὲ
347 978 361 1004 ὁ
374 978 513 1012 νηφαλίως
522 979 621 1006 ὁδεύων
633 980 702 1015 ἀνὴρ
711 979 890 1014 στηλώσεται,
902 979 981 1007 τοῦτο

192 1019 257 1047 αὑτὸ
269 1021 314 1047 καὶ
325 1021 406 1054 αὐτὸς
419 1023 605 1058 ὑφορώμενος.

227 1067 277 1102 λβ’,
298 1068 379 1096 Ἆλλᾰ
399 1069 438 1104 τῷ
462 1070 511 1105 μὲν
530 1070 662 1106 ὸδιοπόρῳ
684 1071 897 1106 ἐπανακάμψαι,
920 1071 981 1098 ὅθεν

192 1112 273 1148 ἐξέϐη
284 1114 372 1150 χαρᾶς
392 1115 522 1150 πρόξενον
538 1124 546 1131 ·
563 1117 688 1151 νηφαλέῳ
711 1117 738 1143 δὲ
754 1118 981 1152 ὲπανακὰμπτειν

192 1158 233 1190 εις
248 1158 283 1185 τὰ
296 1159 384 1186 ὀπίσω
394 1181 402 1194 ,
419 1159 528 1197 ὄλεθρος
551 1161 641 1197 ψυχῆς
655 1161 767 1198 λογικῆς
780 1184 786 1195 ,
804 1164 851 1189 καὶ
869 1164 981 1198 σημεῖον

194 1203 361 1238 ἅποστασίας
375 1205 596 1243 τῶνιθεαρέστων
611 1207 700 1243 ἔργων
715 1217 744 1234 τε
760 1209 806 1235 καὶ
821 1208 918 1243 λόγων,
934 1209 982 1236 καὶ

193 1249 312 1283 ἐννοιῶν,
320 1258 367 1278 και
379 1251 434 1284 eiet
449 1252 477 1279 ἓν
492 1252 580 1288 καιρῷ
589 1253 674 1280 ὕπνου
691 1253 779 1289 ψυχῆς
793 1254 980 1290 θανατηφόρου

195 1294 256 1326 τοὺς
271 1294 367 1329 λόγους
380 1296 418 1328 ὡς
441 1297 543 1332 κέντρα
567 1297 752 1334 διεγείροντας
771 1299 851 1326 αὑτὸν
863 1301 898 1335 τῇ
914 1300 981 1327 ὑπο-

194 1341 293 1377 μνήσει
311 1342 359 1369 τοῦ
375 1343 472 1370 πολλοῦ
487 1344 584 1379 κάρον,
600 1345 647 1372 καὶ
663 1345 799 1380 ῥᾳθυμίας
811 1346 860 1381 τῆς
872 1345 901 1379 ἐξ
915 1347 982 1382 ἀμε-

193 1382 264 1416 λείας
279 1385 354 1421 αὑτῷ
369 1387 523 1423 συμδὸωης.

998 960 1018 987 Β

228 1431 278 1466 λγ¹.
287 1432 331 1458 Ἔν
346 1432 462 1468 θλίψεσι,
482 1433 530 1461 καὶ
541 1433 725 1469 ἁπογνώσεσι,
738 1435 784 1462 καὶ
797 1435 982 1471 ἀπελπισμοῐς
1019 1452 1021 1454 τ

197 1477 392 1512 περιπεσόντας
407 1480 482 1514 ἡμᾶς
501 1480 554 1516 χρὴ
570 1481 656 1507 ποιεῖν
671 1482 698 1507 ὲν
716 1482 821 1513 ἑαυτοῖς
835 1481 881 1507 τοῦ
899 1482 985 1509 Δαῦὶδ,

194 1522 239 1549 τὸν
250 1522 340 1556 λόγον,
355 1524 462 1560 ὲκχέειν
476 1525 524 1561 τὴν
537 1526 652 1561 καρδίαν
672 1526 750 1562 ἡμῶν
763 1526 830 1562 πρὸς
846 1526 890 1553 τὸν
905 1527 981 1560 Θεὸν,

196 1568 244 1594 ml.
255 1568 305 1604 τὴν
324 1569 416 1605 δέησιν
430 1571 478 1598 καὶ
488 1572 538 1606 τὴν
561 1571 651 1606 θλίψιν
665 1572 743 1607 ήμῶν
758 1571 795 1603 ὡς
813 1571 871 1598 ἔστι
887 1573 983 1608 Κυρίῳ

199 1613 383 1648 ἁναγγέλλειν·
397 1616 635 1652 ὲξομολογούμεθα
647 1618 700 1653 γὰρ
712 1616 750 1653 τῷ
762 1617 832 1653 Θεῷ,
844 1617 881 1649 ὠς
894 1617 983 1652 σοφῶς
997 1625 1019 1655 c

197 1658 337 1696 δυναμένῳ
356 1660 391 1688 τὰ
411 1661 472 1689 καθ’
491 1663 567 1698 ἡμᾶς
589 1663 736 1698 διοικῆσαι,
759 1664 806 1690 καὶ
827 1664 877 1700 τήν
896 1663 984 1699 θλίψιν

197 1704 244 1731 ἐπὶ
257 1705 424 1742 συμφέροντι
445 1707 558 1742 ποιῆσαι
575 1708 683 1743 ῥᾳδίαν,
703 1709 750 1736 καὶ
762 1709 896 1744 ῥύσασθαι
911 1710 985 1745 ἡμᾶς

198 1749 248 1785 τῆς
263 1749 387 1786 ὀλεθρίας
400 1759 430 1778 τε
443 1752 491 1779 καὶ
504 1752 629 1789 φθαρτῆς
648 1753 746 1789 λύπης.

235 1839 284 1868 λε’.
296 1840 387 1876 Θυμὸς
400 1842 456 1878 γὰρ
466 1843 543 1879 παρὰ
557 1843 639 1879 φύσιν
654 1844 726 1872 κατὰ
737 1844 887 1881 ἀνθρώπων
900 1845 986 1872 κινού-

202 1894 290 1921 μενος,
302 1887 350 1914 καὶ
360 1887 448 1923 λύπην
462 1889 492 1916 οὐ
504 1889 576 1916 κατὰ
586 1890 653 1917 Θεὸν
675 1891 724 1917 καὶ
735 1891 848 1926 ἀκηδίαν
865 1891 986 1926 ἔμποιεῐο

201 1931 338 1968 φθαρτικὰ
351 1933 452 1972 ὁμοίως
464 1934 518 1960 alat
533 1934 588 1961 τῶν
602 1934 712 1968 ἀγαθῶν
722 1943 751 1961 τε
768 1935 816 1962 καὶ
827 1935 987 1969 γνωστικῶν

201 1977 355 2013 λογισμῶν.
371 1977 390 2005 ἃ.
407 1979 421 2005 ὁ
437 1979 539 2014 Κύριος
558 1980 591 2015 τῇ
611 1979 805 2015 ἐξομολογήσει
819 1979 986 2016 σκορπίζων,

201 2023 291 2058 χαρὰν
309 2024 427 2059 ἐμποιεῖ.

236 2069 284 2096 λε’.
311 2069 457 2104 Δογισμῶν
482 2069 511 2096 δὲ
531 2070 561 2097 ὲν
587 2069 705 2106 καρδίᾳ,
727 2070 775 2097 καὶ
796 2071 834 2106 μὴ
855 2071 988 2099 θελόντων

203 2114 283 2150 ἡμῶν
302 2115 446 2149 παγέντων
467 2124 497 2142 τε
520 2115 567 2143 καὶ
583 2116 734 2151 ἱσταμένων
745 2137 753 2150 ,
769 2115 921 2152 ἐξαλείφειν
939 2117 990 2144 πέ-

203 2168 290 2194 φυκεν
315 2160 403 2193 Ἰησοῦ
421 2161 487 2198 εὐχὴ
501 2161 570 2197 μετὰ
587 2161 694 2197 νήψεως
714 2163 746 2189 ὲκ
764 2162 868 2198 βαθέων
879 2163 989 2191 ἐννοιῶν

204 2206 329 2242 καρδίας.

239 2251 276 2284 λς
287 2272 294 2278 .
309 2251 469 2286 Κουφισμὸν
485 2252 514 2278 δὲ
541 2253 589 2279 καὶ
606 2252 703 2288 χαρὰν,
721 2253 750 2280 ὲν
772 2254 860 2289 θλίψει
885 2255 990 2283 πολλῶν

1033 334 1185 369 platricem.
1207 335 1240 362 Et
1253 343 1314 362 eum
1328 335 1410 362 imam
1426 336 1639 371 profunditatem
1655 337 1822 364 infinitarum

1032 380 1193 407 notitiarum
1209 381 1364 408 divinarum
1387 382 1479 409 animo
1494 382 1578 410 fuerit
1592 388 1715 410 assecuta
1725 403 1733 415 ,
1750 384 1822 411 vide-

1031 425 1104 453 bitur
1125 425 1198 453 Deus
1219 427 1351 460 deorum,
1376 429 1698 463 quantunrpermittiutr
1720 429 1822 461 animo,

1032 472 1104 500 unde
1128 480 1206 500 mens
1229 473 1349 500 attonita
1363 474 1497 509 glorificat
1523 475 1710 503 amantissime
1737 475 1821 502 Deum

1032 522 1209 552 conspectum
1219 523 1247 545 et
1257 519 1473 554 conspicientem
1489 529 1496 546 :
1510 521 1557 555 qui
1569 525 1686 556 utraque
1696 521 1729 549 de
1740 529 1822 549 causa

1031 562 1140 590 assidue
1160 562 1312 590 intuentem
1327 564 1426 591 salvat.

1067 610 1110 636 50.
1128 609 1181 637 Cor
1202 611 1395 646 tranquillum,
1431 613 1605 640 emendatum
1637 618 1665 641 et
1691 614 1822 642 noscendi

1033 655 1151 690 peritum
1162 657 1330 684 scrutabitur
1344 658 1423 685 valde
1437 658 1572 693 profunda
1584 669 1591 686 :
1602 660 1711 687 ctauris
1725 661 1823 694 quietae

1033 701 1133 729 mentis
1147 701 1279 729 efﬁcietur
1297 710 1311 730 a
1327 703 1383 731 Deo
1398 712 1482 739 capax
1502 705 1630 732 audiendi
1648 705 1790 732 immensa.

1068 746 1112 773 5|.
1131 745 1223 774 Viator
1244 747 1321 775 brevi
1344 748 1524 783 profecturus-
1544 751 1671 786 longamr,
1706 751 1824 778 transitu

1033 791 1170 819 diliicilem
1186 796 1216 819 et
1228 793 1381 821 molestiam
1400 795 1489 827 viam,
1516 796 1661 830 suspicans
1683 796 1763 823 etiam
1789 805 1823 823 ne

1033 837 1196 864 divertcndo
1213 842 1296 869 erret,
1315 839 1394 874 signa
1406 839 1540 873 quaedam,
1557 840 1607 867 via:
1623 840 1715 873 duces,
1732 840 1758 867 in
1774 849 1821 867 sua

1033 882 1204 918 profectione
1217 883 1320 919 deﬁgit,
1333 892 1393 919 quae
1407 883 1513 912 facilem
1526 885 1578 911 sibi
1592 890 1688 919 parent
1705 886 1821 912 reditum

1033 928 1066 955 ad
1081 936 1140 955 sua.
1158 928 1205 955 Vir
1218 934 1321 962 autem,
1334 930 1381 965 qui
1398 931 1488 958 sobrie
1505 930 1617 962 incedit,
1641 939 1701 965 quae
1726 931 1821 958 audie-

1033 974 1079 1006 rit,
1092 974 1195 1002 notabit
1210 984 1217 1002 :
1235 974 1307 1002 idem
1325 976 1484 1011 etiamipse
1500 976 1662 1003 observans.

1069 1062 1114 1089 52.
1129 1062 1182 1090 Sed
1196 1062 1291 1089 viatori
1302 1062 1411 1098 quidem
1422 1063 1535 1096 reditus,
1547 1064 1618 1091 unde
1631 1072 1757 1100 egressus
1768 1071 1822 1098 est,

1033 1107 1152 1135 laetitiam
1168 1108 1255 1143 gignit
1270 1117 1276 1135 :
1293 1108 1385 1136 sobrio
1401 1113 1493 1136 autem
1507 1109 1564 1136 vim
1576 1118 1722 1145 lregressus
1744 1112 1777 1139 ad
1791 1120 1822 1139 ea

1032 1161 1092 1188 qum
1105 1161 1120 1180 a
1135 1158 1211 1190 tergo
1230 1154 1350 1189 reliquit,
1365 1159 1408 1182 est
1419 1155 1518 1183 animae
1536 1156 1675 1183 rationalis
1687 1156 1821 1191 interitus,

1032 1207 1064 1227 ac
1081 1200 1210 1227 indicium
1223 1200 1383 1228 defectionis
1398 1201 1432 1229 ab
1453 1202 1592 1236 operibus,
1604 1204 1776 1231 sermonibus
1795 1209 1824 1232 et

1032 1246 1239 1282 cogitationibus
1258 1246 1312 1274 Deo
1331 1247 1423 1282 gratis.
1440 1246 1463 1274 ls
1488 1248 1578 1282 itaque
1592 1252 1713 1284 tempore
1735 1250 1822 1277 somni

1031 1291 1140 1319 letlialis
1156 1291 1253 1319 animm
1272 1292 1416 1320 habiturus
1444 1297 1487 1320 cst
1514 1293 1708 1329 cogitationes,
1738 1295 1824 1322 instar

1032 1337 1188 1364 aculeorum
1199 1337 1349 1365 excitantes
1358 1345 1434 1371 eum,
1443 1340 1701 1367 commemoratione
1707 1341 1824 1376 crapula:

1033 1383 1134 1416 multae,
1148 1387 1176 1410 ct
1190 1383 1315 1418 ignavia).
1333 1384 1471 1411 nascentis
1486 1391 1501 1411 e
1513 1385 1688 1420 negligentia.
1735 1416 1738 1419 ,

1068 1429 1113 1457 55.
1129 1429 1198 1457 Cum
1214 1429 1360 1457 incidimus
1372 1430 1399 1457 in
1418 1430 1617 1463 tribulationcs,
1630 1431 1829 1466 desponsiones

1033 1475 1119 1503 animi
1148 1483 1180 1502 ac
1198 1475 1421 1509 desperationes,
1449 1475 1531 1502 verba
1560 1475 1670 1503 Davidis
1699 1477 1726 1504 in
1747 1478 1825 1504 nobis

1035 1521 1087 1556 ipsi
1105 1521 1218 1556 exsequi
1234 1521 1382 1554 debemus,
1398 1521 1538 1548 eﬂ‘undere
1558 1522 1584 1550 in
1600 1527 1750 1557 conspectu
1776 1523 1825 1550 Dei

1033 1566 1119 1594 corda
1132 1571 1236 1599 nostra,
1251 1567 1439 1602 precationem
1461 1572 1489 1596 ct
1501 1568 1676 1596 amictioncm
1693 1574 1825 1602 nostram,

1035 1617 1066 1640 ut
1077 1617 1130 1646 est,
1151 1612 1266 1640 Domino
1288 1613 1464 1641 denuntiare.
1484 1614 1654 1642 Confitentur
1671 1615 1743 1642 enim
1760 1615 1842 1648 Deo,t
1869 1646 1872 1654 ι

1039 1664 1168 1694 tanquam
1182 1667 1214 1687 ea
1231 1667 1292 1694 quae
1305 1659 1375 1687 circa
1398 1668 1448 1687 nos
1463 1665 1528 1688 sunt
1540 1682 1547 1694 ,
1575 1662 1712 1697 sapienter
1727 1662 1827 1697 guber-

1039 1705 1126 1738 nanti,
1144 1709 1170 1732 ct
1187 1705 1234 1741 qui
1252 1705 1455 1733 tribulationem
1479 1715 1541 1734 cum
1568 1707 1655 1734 fructu
1673 1707 1758 1734 levem
1772 1707 1829 1734 clli-

1039 1758 1102 1778 eere
1128 1754 1239 1785 potest,
1259 1755 1287 1778 et
1305 1750 1421 1778 liberare
1438 1759 1488 1780 nos
1503 1752 1537 1779 ab
1562 1751 1674 1779 interitu
1689 1756 1715 1779 et
1733 1760 1828 1779 corru-

1039 1796 1129 1832 ptibili
1143 1796 1278 1824 molestia.

1075 1842 1120 1869 54.
1148 1841 1187 1869 Ira
1201 1842 1482 1876 siquidcm‘mlvcrsus
1498 1842 1622 1869 homines
1638 1846 1735 1876 praeter
1749 1845 1829 1867 uatu-

1042 1895 1098 1914 ram
1114 1891 1214 1918 emota.
1231 1892 1257 1913 et
1280 1886 1418 1913 tristitiam
1443 1895 1496 1914 non
1511 1887 1663 1914 secundum
1682 1887 1776 1918 Deum,
1801 1890 1830 1913 ct

1041 1931 1152 1959 taedium
1175 1931 1259 1966 gignit
1275 1940 1281 1957 :
1298 1939 1357 1965 qua:
1374 1931 1477 1965 pariter
1504 1936 1683 1966 corrumpunt
1704 1931 1788 1958 bonas
1802 1934 1832 1958 et

1041 1975 1163 2003 eruditas
1193 1975 1392 2010 cogitationes:
1410 1980 1438 2002 ct
1458 1983 1506 2010 per
1527 1975 1726 2003 confessionem
1749 1975 1830 2003 dissi-

1042 2024 1142 2056 pantur
1159 2027 1174 2047 a
1190 2020 1305 2047 Domino
1323 2020 1444 2048 lmtitiam
1459 2021 1604 2049 inl'crcnte.

1078 2065 1123 2093 55.
1146 2065 1333 2101 Cogitationes
1347 2066 1374 2093 in
1395 2066 1496 2099 animo,
1517 2067 1558 2094 vel
1571 2067 1648 2094 nobis
1658 2067 1749 2095 invitis
1765 2067 1832 2095 lixas

1043 2117 1071 2141 et
1086 2113 1282 2145 consistentes,
1300 2113 1392 2140 delere
1404 2113 1474 2140 solet
1484 2113 1639 2149 deprecatio
1651 2121 1714 2149 erga
1725 2113 1830 2147 Jesum,

1043 2167 1077 2187 ex
1094 2159 1198 2187 intimis
1208 2159 1292 2186 animi
1305 2159 1484 2194 conccptibus
1503 2164 1561 2188 orta
1583 2168 1645 2188 cum
1671 2161 1828 2188 sobrietate.

1079 2249 1124 2278 36.
1143 2249 1211 2277 Cum
1229 2249 1355 2285 angimur
1368 2249 1543 2277 multitudine
1556 2249 1749 2285 cogitationum
1765 2250 1832 2277 irra-

205 2295 312 2330 ἀλόγων
328 2295 466 2331 λογισμῶν
487 2297 630 2332 γενόμενοι
650 2298 805 2334 εὑρήσομεν
817 2320 825 2332 ,
839 2299 903 2326 ὅταν
919 2309 987 2336 μεμι

1046 2296 1199 2329 tionalium,
1217 2295 1304 2322 levari
1317 2295 1437 2322 dolorem
1457 2302 1486 2323 et.
1509 2296 1625 2323 recreari
1657 2304 1706 2324 nos
1731 2296 1834 2324 sentie-

204 2339 320 2376 ψώμεθα
340 2340 453 2373 ἑαυτοὺς
476 2342 506 2368 ὲν
527 2342 652 2378 ἀληθείᾳ,
674 2344 722 2370 καὶ
743 2344 930 2380 ἀπροσπαθῶς
943 2354 949 2361 ·
974 2346 991 2382 ἦ

205 2386 245 2422 τῷ
256 2386 417 2421 ἀναγγεῖλαι
437 2387 525 2414 πάντα
541 2388 665 2424 καθάπερ
680 2388 868 2425 ἀνθρώπῳ,τῷ
884 2391 990 2427 Κυρίῳ,

207 2432 262 2459 Καὶ
287 2431 397 2463 πάντως
417 2432 450 2459 ὲκ
465 2432 519 2459 τῶν
541 2433 588 2460 δυο
609 2434 765 2469 εὑρήσομεν
788 2435 941 2462 ἀνάπαυσιν
960 2437 993 2464 ὲκ

208 2477 319 2510 παντὸς,
336 2476 383 2504 καὶ
394 2477 482 2509 ἄλλως
496 2478 546 2505 οὐκ
558 2477 641 2506 ἐστιν.
651 2479 682 2505 Εἰ
694 2479 723 2506 δέ
732 2487 763 2513 γε
778 2480 945 2516 νομίζοιμεν,
956 2481 993 2513 ὡς

209 2523 339 2559 χειρικῶς
356 2523 388 2550 τὸ
407 2523 463 2551 τῶν
486 2525 648 2560 ποιημάτων
661 2525 760 2557 αἴτιον,
784 2525 831 2552 καὶ
852 2527 997 2562 πυγμικῶς

210 2568 442 2604 ἁνταμειδόμεθα,
458 2569 634 2605 γνωσόμεθα·
663 2570 694 2597 '0
708 2571 788 2604 ἔχων
802 2568 861 2599 ὦτα
875 2572 997 2600 ἀκούειν

210 2613 353 2647 ἀκουέτω,
368 2614 450 2650 φησὶν
465 2615 480 2641 ὸ
498 2614 610 2650 Κύριοςρ

246 2701 295 2734 λζ’.
314 2701 412 2729 Εἰκόνα
425 2703 472 2730 τοῦ
487 2703 534 2730 νοῦ
550 2705 565 2730 ὁ
577 2704 725 2740 νομοθέτης
743 2705 846 2741 Μωσῆς
860 2705 998 2741 λαμϐάνε-

211 2755 257 2774 ται
271 2748 346 2783 παρὰ
360 2748 414 2775 τῶν
424 2749 560 2784 πατέρων,
571 2750 600 2781 ὃς
612 2750 679 2778 Θεὸν
692 2752 743 2787 ὁρᾷ
757 2753 786 2778 ὲν
799 2753 831 2788 τῇ
848 2751 932 2788 βάτῳ,
949 2753 996 2779 καὶ

213 2792 243 2818 τὸ
264 2792 409 2827 πρόσωπον
429 2793 589 2828 δοξάζεται,
613 2796 660 2822 καὶ
677 2796 744 2829 Θεὸς
763 2797 861 2833 Φαραὼ
878 2798 931 2824 ὑπὸ
952 2797 1000 2824 τοῦ

213 2836 282 2864 Θεοῦ
297 2838 352 2866 τῶν
367 2839 437 2866 θεῶν
451 2840 624 2875 καθίσταται,
648 2842 786 2877 Αἴγυπτον
803 2843 939 2879 μαστίζει,
954 2844 999 2870 καὶ

252 2927 276 2945 ’⁵
284 2928 379 2958 Matth.
395 2938 431 2960 ιι.
449 2931 490 2958 15.

1046 2349 1117 2374 mus,
1130 2341 1153 2368 si
1170 2348 1243 2374 vere,
1266 2345 1294 2368 et
1321 2341 1394 2369 omni
1419 2341 1520 2369 alfcctu
1549 2342 1684 2376 deposito,
1711 2342 1834 2376 umipsos

1045 2395 1220 2415 accusemus:
1242 2391 1290 2414 aut
1305 2387 1326 2413 si
1346 2387 1469 2421 Domino,
1489 2388 1564 2415 velut
1580 2388 1682 2416 homini
1725 2395 1833 2416 annun-

1047 2436 1145 2463 liemus
1160 2434 1261 2462 omnia.
1277 2434 1331 2462 llac
1346 2434 1446 2469 duplici
1471 2434 1585 2466 ratione,
1602 2438 1630 2461 et
1661 2441 1717 2460 non
1744 2434 1833 2466 aliter,

1049 2480 1247 2508 recreationem
1264 2480 1447 2507 omnimodam
1463 2479 1663 2508 nancisccmur.
1681 2478 1728 2505 Sin
1740 2478 1836 2505 existi-

1050 2533 1174 2558 memus,
1205 2525 1278 2552 velut
1303 2528 1429 2560 porrecta
1455 2532 1549 2557 manu,
1585 2524 1670 2551 Deum
1694 2529 1835 2551 auctorem

1051 2579 1152 2604 rerum,
1175 2575 1203 2598 et
1227 2570 1326 2598 horum
1343 2578 1404 2597 esse
1427 2577 1547 2602 causam,
1576 2574 1603 2597 et
1631 2569 1721 2596 oblato
1745 2577 1836 2604 pugno

1052 2617 1165 2652 rependi
1181 2616 1262 2644 nobis
1280 2623 1476 2652 cognoscemus
1496 2615 1572 2648 illud,
1591 2615 1641 2648 Qui
1658 2615 1732 2644 habet
1759 2622 1836 2641 aures

1053 2661 1187 2693 audiendi,
1204 2661 1336 2694 audiat“,
1354 2660 1442 2696 inquit
1459 2661 1601 2689 Dominus.

1089 2708 1135 2736 57.
1155 2706 1254 2734 Mentis
1264 2707 1407 2742 imaginem
1421 2714 1437 2734 a
1449 2707 1573 2742 patribus
1583 2706 1688 2741 accepit
1700 2705 1836 2741 legislator

1054 2754 1154 2785 Moses,
1166 2752 1213 2788 qui
1235 2752 1319 2779 Deum
1335 2751 1409 2779 videt
1425 2752 1452 2779 in
1470 2752 1547 2786 rubo,
1574 2751 1651 2779 vultu
1677 2751 1835 2780 illustratur.

1059 2799 1130 2826 Deus
1141 2796 1292 2824 Pharaonis
1305 2804 1319 2823 a
1329 2796 1384 2823 Deo
1394 2796 1507 2824 deorum
1523 2795 1710 2827 constituitur,
1723 2794 1838 2830 ﬂagellat

1054 2844 1211 2880 Egyptum,
1235 2841 1326 2870 educit
1352 2842 1491 2876 lsraclem,
1520 2846 1548 2870 ct
1571 2841 1644 2878 leges
1669 2840 1755 2869 sancit
1777 2847 1838 2875 quae
