2069 3147
229 211 298 243 1523

227 319 239 336 (ξ
246 311 344 339 ﬂectus
353 309 453 337 mentis
463 313 491 336 et
507 308 700 344 pmrogativar.

263 399 307 426 38.
328 399 418 426 Aaron
433 403 524 426 autem
545 397 710 433 legislatOris
731 398 826 431 frater,
848 402 906 424 erat
928 397 1017 431 imago

230 443 349 472 hominis
366 443 481 473 externi.
503 443 559 471 Nos
576 451 642 480 ergo
669 444 871 472 subinferentes
888 449 1018 478 expostu-

230 491 346 518 lationes
360 491 517 521 iracundas.
539 491 768 525 quemadmodum
782 490 870 517 Moses
885 490 912 516 in
927 491 1017 516 Aaron

229 537 445 572 tlclinquentem,
472 537 593 564 dicamus
620 536 701 569 :Qua
743 540 769 564 te
799 536 897 571 iniuria
928 535 1020 562 atl'ecit

230 584 323 615 israel,
338 583 408 618 quod
424 587 479 610 tam
495 583 549 610 cito
570 583 711 610 seduxeris
726 590 773 610 eos
786 590 800 609 a
821 581 935 609 Domino
964 581 1019 608 Deo

231 630 293 657 vivo
308 629 516 664 omnipotente?

266 676 312 703 39.
328 675 406 708 Quod
417 674 510 706 etiam,
528 679 628 709 praeter
654 673 745 701 omnia
763 673 815 700 alia
834 672 894 707 eius
914 671 1019 699 beneﬁ-

231 722 284 754 cia,
297 729 346 749 nos
359 721 454 749 docuit
479 721 621 752 Dominus,
647 721 828 748 suscitaturus
851 719 981 746 Lazarum
1004 726 1019 744 ιι

232 767 358 799 mortuis,
385 774 479 794 severa
507 767 720 794 comminatione
740 765 932 793 refrenandam
958 771 1020 791 esse

233 813 374 841 mollitiem
395 818 422 841 et
437 813 598 842 effusionem
611 814 724 845 animm,
745 817 772 840 et
788 812 910 839 habitum
935 809 1018 837 animi

233 863 403 886 constantem
424 858 654 894 amplectendum.
675 857 735 891 Quo
762 861 850 892 pacto,
874 862 973 890 nempe
997 854 1020 882 si

234 904 314 931 nobis
328 904 395 938 ipsis
414 903 600 938 indignemur,
618 902 674 935 ﬁet,
699 906 730 929 ut.
756 908 848 929 amore
871 900 923 933 sui,
950 907 1020 926 vana

232 949 317 984 gloria
343 954 371 976 et
388 948 527 984 superbia.
541 949 672 975 liberetur
686 948 788 975 anima.

267 994 311 1021 40.
333 994 368 1022 Ut
379 1002 443 1030 ergo
454 1002 508 1022 non
523 1001 669 1029 possumus
687 994 791 1028 absque
802 1000 897 1029 magna
912 992 1022 1028 naviga—

233 1040 308 1067 tione
326 1040 490 1075 prol‘undum
506 1040 591 1068 maris
609 1040 734 1074 traiicere
757 1048 764 1065 ε
781 1039 817 1066 ita
845 1039 904 1065 ﬁeri
927 1038 1022 1073 nequit

233 1093 263 1115 ut
287 1087 457 1122 expellamns
486 1087 617 1120 impetum
639 1085 812 1121 cogitationis
825 1092 925 1120 prava,
954 1084 1021 1111 citra

234 1133 435 1160 invocationem
450 1132 516 1159 Jesu
531 1131 645 1158 Christi.

268 1179 313 1206 Μ.
331 1179 484 1206 Reluctatio
502 1177 612 1212 quidem
632 1176 799 1212 praecludere
825 1176 895 1204 solet
920 1175 1022 1211 cogita-

234 1225 340 1252 tiones:
358 1223 496 1251 invocatio
520 1227 612 1250 autem
626 1223 672 1249 Dei
688 1222 798 1257 expellit
821 1229 867 1249 eas
891 1229 906 1248 e
929 1221 1020 1248 corde.

234 1269 376 1304 Suggestio
388 1268 461 1296 enim
477 1269 505 1295 in
521 1267 624 1300 anima,
646 1267 761 1294 formata
778 1274 827 1302 per
843 1267 1019 1302 imaginatio-

232 1323 296 1343 nem
311 1315 351 1342 rei
364 1314 512 1346 sensibilis,
535 1314 610 1341 verbi
626 1313 724 1349 gratia,
743 1313 827 1340 facies
839 1313 899 1347 ejus
913 1313 959 1348 qui
972 1320 1021 1340 nos

233 1361 357 1394 oﬂ'endit,
386 1365 433 1388 aut
457 1359 613 1395 imaginatio
627 1359 838 1395 pulchritudinis
866 1359 1020 1391 muliebris,

233 1408 303 1440 auri,
332 1408 376 1436 vel
397 1407 520 1443 argenti,
549 1407 646 1433 horum
663 1406 768 1441 singula
794 1405 817 1432 si
834 1404 1022 1440 concipiantnr

232 1453 372 1480 intellectu
390 1456 495 1484 nostro,
509 1451 598 1478 statim
615 1450 857 1486 deprehenduntur
880 1449 1022 1485 cogitatio-

231 1506 292 1530 nes,
304 1505 365 1532 quze
382 1496 761 1532 injuriarumrecordationis,
781 1496 866 1531 stupri
892 1500 918 1522 et
933 1495 1022 1522 avari-

232 1545 278 1572 tia;
296 1544 429 1571 visionem
459 1544 485 1570 in
510 1545 602 1570 animo
621 1548 716 1570 nostro
740 1547 917 1578 pepererunt.
933 1542 972 1570 Ac
1000 1542 1022 1570 si

232 1598 312 1617 mens
327 1590 436 1624 quidem
453 1594 544 1617 nostra
560 1591 649 1626 perita
665 1590 749 1618 fuerit
771 1594 797 1617 et
813 1589 929 1622 erudita,
947 1595 1023 1616 com-

232 1636 371 1671 paraverit
379 1636 504 1663 babitum
520 1638 701 1664 conservandi
719 1638 772 1670 sui,
787 1641 814 1664 et
839 1635 1022 1671 perspiciendi

234 1689 303 1717 pure
318 1685 347 1708 et
363 1681 390 1707 in
402 1686 473 1708 statu
490 1689 599 1713 sereno,
617 1682 730 1709 blandas
755 1682 895 1709 illusiones
910 1686 937 1709 et
957 1681 1023 1708 insi-

233 1726 294 1752 dias
324 1725 505 1760 malignorum
532 1726 687 1760 :perfacile
720 1727 810 1754 statim
844 1727 1021 1761 repulsione,

233 1772 461 1805 contradictione,
488 1771 552 1800 Jesn
581 1772 683 1800 Christi
711 1773 794 1800 etiam
819 1772 1021 1808 imploratione,

233 1817 487 1853 exstinguitignita
502 1818 552 1845 tela
567 1817 678 1850 diaboli,
702 1825 753 1846 nec
781 1818 846 1845 sinit
867 1818 1022 1847 illusionem

219 1864 425 1892 affectionibus
436 1863 578 1897 imbutam,
592 1863 643 1891 sibi
655 1868 796 1898 cognatam
807 1868 854 1891 aut
862 1864 1022 1892 familiarem

233 1909 308 1941 ﬁeri,
326 1913 372 1936 aut
390 1909 568 1944 cogitationes
586 1913 695 1936 nostras
709 1909 884 1937 aﬂectionum
913 1910 1024 1937 vinculo

234 1955 338 1981 similes
350 1953 458 1990 imagini
472 1954 586 1989 obiectae
600 1953 724 1986 formari,
751 1960 798 1982 aut
812 1955 929 1990 colloqui
943 1955 1023 1982 fami—

234 2001 349 2032 liariter,
366 2005 411 2027 aut
436 2001 544 2035 longam
572 2001 655 2028 animi
679 2009 782 2028 moram
808 2006 836 2028 et
857 2010 1023 2030 consensum

234 2047 421 2074 contrahere:
452 2047 552 2081 quibus
576 2049 734 2076 necessario
760 2049 911 2077 succedunt
941 2058 1023 2085 opera
1049 2055 1052 2060 '

233 2093 314 2124 mala,
333 2092 406 2119 velut
417 2097 512 2120 noctes
529 2093 634 2120 diebus.

269 2138 314 2165 42.
337 2138 384 2165 Sin
401 2146 499 2173 expers
511 2139 594 2166 fuerit
607 2139 716 2167 solertis
735 2141 922 2175 temperantiae
945 2150 1024 2170 mens

233 2186 338 2215 nostra,
355 2183 498 2211 confestim
511 2183 685 2211 atTectionum
699 2184 896 2214 intercessione
921 2187 1024 2221 permi-

235 2232 329 2256 scetur
343 2236 405 2256 cum
420 2237 450 2256 re
479 2237 528 2264 per
540 2229 761 2265 imaginationem
780 2231 897 2266 objecta,
921 2232 1024 2267 qualis-

235 2282 345 2310 cunque
356 2282 388 2302 ea
399 2275 490 2307 fuerit,
509 2275 630 2310 disputat
647 2284 709 2303 cum
731 2283 772 2306 ea.
798 2276 1024 2313 interrogationes
1040 2288 1064 2318 ι)

236 2322 366 2350 scelestas
380 2320 490 2355 excipit,
503 2324 530 2347 et
541 2320 587 2347 dat
607 2321 819 2355 responsiones:
847 2327 959 2358 tumque
984 2323 1024 2357 ﬁt,

235 2371 267 2395 ut
282 2367 436 2402 promiscue
464 2371 612 2394 versentur
634 2367 813 2402 cogitationes
836 2370 936 2396 nostra:
962 2377 1024 2397 eum

236 2412 364 2440 illusione
376 2412 511 2440 diabolica
525 2421 532 2439 :
552 2411 596 2439 illa
626 2416 680 2439 tam
693 2412 797 2440 viribus
812 2421 892 2448 quam
910 2422 1026 2442 numero

236 2458 430 2486 vehementius
446 2461 684 2493 augescente,quo
709 2456 844 2491 amabilis,
862 2459 984 2493 speciosa
999 2464 1026 2486 et

236 2508 313 2538 grata
324 2507 454 2538 appareat
464 2503 538 2529 illam
546 2502 701 2530 admittenti
711 2506 739 2530 et
750 2503 905 2538 dcpraedato
920 2504 1023 2532 animo.

236 2548 287 2576 Cui
302 2548 372 2575 idem
387 2548 531 2584 contingit,
551 2548 781 2583 quemadmodum
797 2555 859 2576 cum
875 2550 902 2576 in
914 2557 1024 2586 campe-

237 2594 287 2622 atri
299 2595 415 2629 quodam
434 2594 494 2622 loco
516 2596 591 2623 canis
615 2601 735 2630 apparet,
760 2599 788 2623 et
817 2595 852 2623 ibi
881 2596 936 2624 sint
963 2597 1024 2633 agni

238 2647 328 2675 nuper
343 2640 417 2667 nati:
432 2641 470 2672 hi,
487 2648 549 2668 cum
563 2641 617 2668 sint
631 2641 732 2668 innoxii
744 2645 771 2669 et
786 2642 886 2676 pusilli,
905 2642 938 2670 ad
951 2651 1025 2677 eum,

239 2693 321 2721 quem
335 2691 547 2720 conspexerunt,
565 2686 723 2720 frequenter
740 2687 884 2720 cursitant,
902 2688 976 2716 velut
992 2688 1024 2717 ad

239 2732 377 2768 propriam
405 2735 519 2758 matrem
541 2740 548 2758 :
571 2731 639 2759 nihil
665 2740 698 2760 ex
726 2740 839 2761 accessu
869 2734 905 2762 ad
927 2742 1024 2762 canem

238 2777 385 2809 lucrantes,
402 2783 482 2811 qttam
496 2780 525 2804 ut
542 2777 601 2811 ejus
621 2778 716 2806 sordes
733 2779 864 2807 duntaxat
876 2784 903 2807 et
924 2780 1025 2808 malum

238 2823 352 2851 odorem
367 2822 497 2851 referant.
516 2823 556 2851 Ad
573 2825 700 2852 eumdem
717 2826 827 2853 modum
845 2827 1025 2862 cogitationes
1048 2822 1050 2827 ’

239 2872 341 2897 nostra:
349 2874 520 2904 praecurrunt
536 2869 662 2906 imperite
676 2870 709 2898 ad
722 2876 834 2899 cunctas
845 2872 1026 2902 datmoniacas

239 2913 380 2943 illusiones
397 2915 518 2944 animum
535 2916 722 2952 ingredientes
736 2927 742 2944 :
767 2918 867 2953 quibus
884 2927 945 2948 cum
961 2927 1026 2955 pcr-

823 211 1004 240 HESYCHU
1021 211 1258 241 ΡιιΕΞΒΥΤΕΙιΙ

230 265 339 298 quidem
363 268 466 298 tropice
481 267 600 297 sumpta,
618 267 683 290 sunt
710 263 859 290 secundum
877 262 1013 297 spiritum,
1031 267 1053 295 Α

1787 208 1864 244 15η.

1068 262 1160 297 ἐξάγει
1178 264 1224 291 τὸν
1248 264 1367 301 Ἰσραὴλ,
1383 263 1429 291 καὶ
1442 263 1598 299 νομοθετεῖ·
1612 264 1691 290 ἅτινα
1718 264 1857 299 τροπικῶς

1068 309 1273 346 λαμϐανόμενα,
1292 310 1362 337 κατὰ
1384 309 1494 346 πνεῦμα
1515 310 1561 337 τοῦ
1578 309 1637 341 νοός
1654 309 1723 336 εἰσιν
1742 311 1859 345 ἐνεργή-

1070 363 1142 390 ματα
1153 356 1199 382 καὶ
1215 357 1334 392 προτερή
1339 364 1421 391 ματα.

1104 400 1154 436 λη’.
1172 401 1261 442 Είκὼν
1271 401 1299 428 δὲ
1316 401 1362 428 τοῦ
1378 401 1456 434 ἐκτὸς
1467 400 1612 439 ἀνθρώπου
1632 399 1739 439 ’Δαρὼν
1754 400 1768 426 ὁ
1782 400 1859 434 ἀδελ-

1069 446 1119 479 φὸς
1132 446 1179 473 τοῦ
1197 447 1355 483 νομοθέτου.
1380 442 1541 482 Ἑγκλήσείς
1555 444 1602 473 οὖν
1618 445 1804 486 μεταθυμοῦ,
1821 445 1858 478 ὡς

1069 492 1173 529 Μωσῆς
1188 494 1333 521 πταίσαντι
1347 494 1385 530 τῷ
1393 493 1509 530 Ἀαρὼν,
1525 493 1573 520 καὶ
1589 493 1669 528 ἡμεῖς
1687 492 1872 531 είσφιίροντες.

1069 538 1193 574 λέγωμεν
1203 548 1210 554 ·
1225 540 1258 566 Τί
1270 539 1384 575 ἠδίκησέ
1400 549 1430 566 σε
1449 539 1565 574 Ἰσραὴλ,
1580 533 1621 565 ὅτι
1641 530 1776 569 ἔσπευσας
1793 538 1860 565 ἁπο-

1071 584 1168 619 στῆσαι
1186 586 1286 617 αὐτοὺς
1298 585 1353 613 ἀπὺ
1371 584 1418 612 τοῦ
1435 584 1538 619 Κυρίου
1557 583 1624 611 Θεοῦ
1642 583 1744 621 ζῶντος
1759 591 1859 619 πεντα-

1071 626 1205 666 κράτορος
1217 640 1225 665 ;
1587 621 1591 624 ’

1105 675 1153 702 ).θ’.
1177 675 1322 711 Παρέδειεε
1340 675 1393 711 γὰρ
1411 676 1476 711 ἡμῖν
1495 676 1509 702 ὁ
1524 674 1627 710 Κύριος
1650 674 1700 701 σὺν
1713 674 1797 701 πᾶσιν
1812 673 1860 700 ἄλ-

1071 721 1126 753 λοις
1140 722 1253 756 ἀγαθοῖς
1281 722 1328 749 καὶ
1345 715 1440 754 τοῧτο,
1458 721 1503 748 ὅτε
1522 720 1635 756 ἔμελλεν
1650 720 1802 755 ἀναστῆσαι
1815 720 1861 746 τὸν

1071 767 1196 802 Λάζαρον
1207 769 1238 794 ὲκ
1249 768 1366 803 νεκρῶν,
1376 768 1407 794 τὸ
1418 767 1593 794 ἀναστέλλειν
1607 766 1651 793 διὰ
1664 766 1861 802 ὲμϐο;μησεως

1072 814 1101 840 τδ
1116 814 1297 849 θηλυδριῶδες
1315 815 1361 841 καὶ
1373 814 1532 850 διαχυτικὺν
1552 813 1602 848 τῆς
1625 812 1715 848 ψυχης
1732 811 1779 839 καὶ
1796 819 1861 837 στυ-

1072 859 1136 893 φνὺν
1156 857 1221 894 ἦθος
1248 859 1357 894 ζηλοῦν,
1373 859 1387 885 δ
1407 857 1479 892 οἶδε,
1497 859 1570 894 φημὶ
1584 858 1617 894 δὴ
1636 858 1667 884 τὸ
1683 855 1861 892 αὑτομεμφὲς

1072 905 1104 931 ὲκ
1116 904 1258 939 φιλαυτίας
1268 926 1274 937 ,
1287 906 1318 932 ὲκ
1332 905 1485 939 κενοδοξίας
1500 914 1531 931 τε
1545 905 1592 932 καὶ
1608 903 1801 940 ὑπερηφανίας
1811 901 1860 936 τὴν

1071 949 1161 985 ψυχὴν
1179 950 1351 987 λυτροῦσθαι.

1110 996 1146 1032 μ’.
1172 997 1276 1033 ’Ὠσπερ
1297 996 1344 1025 οὖν
1366 997 1433 1032 ἄτερ
1453 997 1548 1024 πλοίου
1577 995 1697 1032 μεγάλου
1718 994 1864 1022 θαλάττιον

1072 1042 1193 1077 πέλαγος
1216 1043 1335 1079 περᾶσαι
1362 1044 1392 1070 οὺ
1414 1043 1537 1074 δυνατὸν,
1559 1041 1645 1073 οὕτως
1661 1041 1792 1069 ἀδύνατον
1813 1040 1862 1074 ὲκ-

1072 1085 1166 1119 διῶξαι
1183 1087 1336 1124 προσϐολὴν
1350 1086 1481 1123 λογισμοῦ
1495 1085 1615 1123 πονηροῦ
1630 1107 1638 1120 ,
1652 1086 1737 1122 χωρὶς
1750 1084 1864 1120 ἐπικλή-

1073 1140 1143 1164 σεως
1166 1133 1254 1168 Ἰησοῦ
1270 1133 1399 1169 Χριστοῦ.

1109 1177 1164 1212 μα’.
1179 1178 1350 1214 Ἀντίρρησις
1367 1178 1415 1214 μὲν
1431 1178 1541 1213 φιμοῦν,
1556 1177 1699 1213 ἐπίκλησις
1715 1177 1744 1204 δὲ
1754 1176 1863 1203 διώκειν

1073 1224 1106 1249 ἐκ
1125 1224 1238 1259 καρδίας
1263 1224 1342 1251 εἴωθε
1358 1225 1422 1256 τοὺς
1435 1223 1584 1259 λογισμούς
1600 1232 1607 1240 ο
1623 1224 1641 1258 ἡ
1659 1223 1713 1259 γὰρ
1725 1222 1864 1258 προσϐολὴ

1074 1269 1251 1304 μορφωθεῖσα
1274 1271 1303 1296 ὲν
1329 1265 1622 1306 φαντασία⁴”αίσθητοῆ
1650 1270 1812 1305 πράγματος
1834 1268 1863 1294 ἐν

1072 1317 1105 1351 τῇ
1120 1315 1206 1351 ψυχῇ,
1218 1314 1274 1342 οἷον
1285 1315 1315 1342 τὺ
1328 1315 1374 1342 τοῦ
1390 1315 1562 1351 λυπήσαντος
1576 1317 1651 1352 ἡμᾶς
1667 1316 1826 1351 πρόσωπον,
1845 1314 1862 1350 ἢ

1073 1359 1189 1392 κάλλους
1217 1361 1373 1395 γυναικείου
1396 1362 1545 1396 φαντασία,
1565 1361 1581 1397 ἢ
1595 1361 1710 1397 χρυσίου
1721 1381 1728 1393 ,
1744 1361 1760 1396 ἢ
1776 1362 1862 1394 ἀργυ-

1075 1407 1142 1442 ρίου,
1164 1406 1193 1434 ἓν
1204 1407 1266 1434 καθ’
1279 1407 1307 1434 ἓν
1319 1407 1422 1434 τούτων
1438 1408 1518 1444 είπερ
1535 1407 1651 1443 γένηται
1670 1408 1699 1433 ὲν
1713 1408 1747 1442 τῇ
1759 1405 1863 1441 διανοίᾳ

1073 1451 1152 1488 ἡμῶν
1167 1472 1175 1485 ,
1193 1453 1294 1485 εὐθέως
1311 1453 1467 1488 ἐλέγχονται
1481 1454 1505 1480 ol.
1524 1453 1575 1488 τῆς
1593 1453 1780 1488 μνησικακίας
1792 1473 1800 1485 ,
1816 1451 1865 1478 καὶ

1073 1499 1213 1535 πορνείας.
1227 1499 1274 1526 καὶ
1290 1499 1472 1536 φιλαργυρίας
1484 1500 1670 1535 φαντάσαντες
1684 1499 1733 1534 τὴν
1750 1498 1865 1534 καρδίαν

1073 1546 1203 1581 λογισμοί
1214 1554 1221 1562 ο
1238 1546 1285 1573 καὶ
1302 1547 1326 1572 εί
1342 1546 1390 1581 μὲν
1405 1545 1609 1582 πεπειραμένος
1621 1547 1635 1573 ὁ
1647 1545 1710 1577 νοῦς
1725 1546 1806 1581 ἡμῶν
1817 1545 1866 1571 καί

1075 1591 1290 1625 πεπαιδευμένος
1312 1591 1430 1627 ὑπάρχει
1442 1611 1450 1624 ,
1465 1588 1494 1617 ἐν
1509 1591 1566 1624 ἕξει
1586 1590 1622 1618 ὢν
1635 1591 1684 1626 τῆς
1697 1590 1744 1617 τοῦ
1755 1590 1802 1616 νοῦ
1816 1599 1866 1625 τη-

1078 1637 1185 1672 ρήσεως
1197 1636 1245 1663 καὶ⁴
1259 1636 1305 1663 τοῦ
1322 1636 1450 1671 καθαρῶς
1476 1636 1524 1663 καὶ
1540 1637 1569 1662 ὲν
1584 1635 1679 1672 αἰθρίᾳ
1693 1634 1803 1670 βλέπειν
1816 1634 1866 1666 τὰς

1077 1682 1223 1714 θελκτικὰς
1247 1682 1399 1717 φαντασίας
1419 1691 1449 1708 τε
1466 1682 1514 1709 καὶ
1529 1681 1638 1714 ἆπάτας
1655 1681 1709 1708 τῶν
1727 1680 1865 1716 πονηρῶν,

1077 1729 1195 1760 εὐκόλως
1220 1728 1301 1760 εὐθὺς
1321 1728 1351 1761 ὲξ
1374 1722 1596 1760 ἀναδόσεωςκαὶ
1617 1718 1804 1765 ἀντιρρήσεως
1819 1725 1867 1753 καὶ

1077 1775 1160 1810 εὐχῆς
1190 1774 1277 1810 Ἰησοῦ
1305 1774 1446 1810 Χριστοῦ,
1469 1774 1594 1801 σϐεννύει
1617 1774 1649 1800 τὰ
1677 1773 1867 1808 πεπυρωμένα

1078 1821 1142 1856 βέλη
1157 1820 1204 1847 τοῦ
1218 1820 1342 1847 διαϐόλου
1355 1840 1363 1853 ,
1384 1820 1422 1855 μὴ
1437 1820 1588 1856 συγχωρῶν
1603 1819 1652 1854 τὴν
1666 1819 1778 1854 ἐμπαθῆ
1801 1827 1866 1853 φαν-

1076 1866 1173 1894 τασίαν
1187 1866 1306 1902 συγγενῆ
1324 1864 1383 1902 ἄμα
1399 1866 1469 1901 αὐτῇ
1482 1862 1530 1892 καὶ
1547 1864 1610 1896 τοὺς
1623 1864 1701 1900 ήμῶν
1718 1864 1867 1898 λογισμοὺς

1078 1903 1314 1947 συμμορφωθῆναι
1327 1908 1369 1946 ’τῷ
1386 1906 1527 1946 ίνδάλματι
1548 1910 1680 1947 ἐμπαθῶς
1690 1931 1698 1943 ,
1711 1909 1728 1945 ἢ
1746 1909 1867 1944 προσλα-

1076 1957 1157 1993 λῆσαι
1173 1957 1299 1992 φιλικῶς,
1312 1955 1329 1992 ἢ
1345 1956 1525 1991 πολύνοιαν,ῆ
1539 1954 1866 1993 συγκατάθεσινποιῆσαι

1077 2004 1116 2036 ὲξ¹
1127 1999 1171 2031 ὤν’
1180 2001 1409 2030 ἐπακολουθοῦσιν
1435 2003 1543 2038 ἀνάγκη
1560 2002 1613 2029 τινὶ
1631 2001 1676 2040 ὡς¹
1693 2000 1813 2037 ἡμέραις
1836 2000 1868 2027 αι

1077 2049 1184 2083 νύκτες,
1203 2049 1238 2076 τὰ
1252 2048 1358 2085 πονηρὰ
1371 2048 1450 2085 ἔργα.

1115 2138 1170 2174 μβ’.
1193 2137 1265 2165 Εὶδὲ
1288 2137 1401 2173 ἄπειρός
1419 2136 1494 2163 ἐστιν
1513 2137 1526 2163 ὀ
1543 2135 1606 2168 νοῦς
1627 2135 1706 2172 ἡμῶν
1721 2134 1867 2173 ὲγτρεχοῦς

1077 2185 1196 2221 νήψεως,
1212 2183 1293 2215 εὐθὺς
1311 2183 1438 2218 μίγνυται
1452 2182 1491 2217 τῷ
1501 2181 1682 2217 φαντασθέντι
1694 2181 1769 2216 αὐτῷ
1780 2182 1867 2216 ἔμπα-

1077 2229 1143 2263 θῶς,
1158 2227 1215 2256 οἷον
1231 2228 1264 2255 ἂν
1277 2227 1332 2264 εἴη,
1350 2227 1399 2255 καὶ
1409 2227 1575 2262 διαλέγεται,
1591 2226 1703 2258 πεύσεις
1720 2225 1867 2261 λαμϐάνων

1077 2275 1197 2307 ἀδίκους,
1214 2274 1262 2301 καὶ
1273 2273 1362 2305 διδοὺς
1376 2272 1546 2308 ἀποκρίσεις,
1565 2272 1612 2298 καὶ
1628 2271 1689 2298 τότε
1705 2271 1806 2306 ἀναμὶξ
1822 2271 1867 2305 γί-

1077 2327 1167 2349 νονται
1184 2320 1208 2347 οἱ
1224 2319 1354 2355 ἡμέτεροι
1381 2316 1509 2355 λογισμοὶ
1523 2319 1556 2354 τῇ
1575 2316 1868 2356 δαιμονιῴδειῐφαντα-

1077 2367 1134 2402 σία,
1150 2365 1235 2401 αὐτῆς
1249 2365 1289 2392 ἔτι
1304 2364 1405 2400 μᾶλλον
1423 2363 1612 2399 αὐξανομένης
1622 2371 1653 2390 τε
1670 2362 1718 2390 καὶ
1733 2362 1867 2398 πληθυνο-

1078 2412 1173 2448 μένης,
1189 2412 1234 2438 ἵνα
1246 2410 1376 2446 ὲρασμία,
1392 2409 1481 2445 ὡραία
1497 2418 1527 2436 τε
1544 2409 1591 2436 καὶ
1605 2409 1763 2444 ἁρέσκουσα
1780 2416 1866 2435 κατα-
1886 2412 1891 2418 ”

1077 2456 1207 2492 φαίνηται
1230 2455 1269 2491 τῷ
1294 2455 1467 2492 προσιεμένῳ
1492 2453 1533 2482 νοῒ
1559 2454 1606 2481 καὶ
1626 2454 1803 2489 συλουμένῳ,
1819 2453 1867 2481 καὶ

1076 2502 1174 2530 ταυτδν
1188 2501 1288 2538 πάσχει
1300 2501 1360 2528 τότε
1375 2502 1389 2528 ὁ
1402 2499 1474 2535 νοῦς,
1490 2499 1547 2533 οἷον
1563 2501 1643 2536 εἴπερ
1659 2501 1732 2536 φανῇ
1742 2499 1820 2538 κύων
1835 2501 1864 2527 ἐν

1077 2542 1176 2584 πεδινῴ
1203 2547 1277 2582 τόπῳ
1303 2546 1366 2580 τινὶ,
1391 2546 1454 2573 ἔνθα
1478 2546 1527 2577 καὶ
1545 2546 1627 2580 ἄρνες
1651 2546 1772 2582 τύχωσιν
1791 2546 1866 2578 ϐντες

1076 2594 1175 2621 ἄκακοι
1191 2594 1237 2621 καὶ
1254 2594 1358 2628 μικροὶ,
1375 2592 1414 2628 τῷ
1429 2593 1538 2627 ὀφθέντι
1552 2593 1644 2624 αὐτοῖς
1654 2592 1867 2629 προστρέχουσιν

1076 2639 1113 2671 ὡς
1132 2639 1217 2675 μητρὶ¹
1238 2639 1291 2674 ἰδίᾳ
1315 2637 1456 2672 πολλάκις,
1480 2638 1564 2674 μηδὲν
1589 2638 1622 2665 ἐκ
1644 2639 1696 2673 τῆς
1717 2638 1765 2667 τοῦ
1786 2638 1866 2670 κυνὸς

1076 2685 1250 2720 πλησιάσεως
1278 2685 1476 2720 κερδαίνοντες,
1501 2684 1519 2721 ἢ
1542 2685 1624 2720 μόνον
1648 2685 1699 2720 τῆς
1719 2684 1769 2713 τοῦ
1785 2685 1866 2717 κυνὸς

1076 2731 1248 2767 ἀκαθαρσίας
1259 2731 1307 2757 καὶ
1328 2730 1460 2763 δυσωδίας
1471 2730 1673 2766 ἀντιλαϐέσθαι.
1680 2731 1733 2758 Τὸν
1742 2730 1824 2758 «om
1835 2731 1866 2757 δὲ

1076 2778 1187 2814 τρόπον,
1197 2778 1243 2805 καὶ
1254 2779 1278 2804 οἱ
1286 2777 1416 2814 ἡμέτεροι
1424 2776 1550 2813 λογισμοὶ¹
1555 2777 1771 2813 προστρέχουσιν
1781 2777 1867 2804 ἁπαι-

1076 2825 1176 2857 δεύτως
1199 2825 1300 2856 πάσαις
1320 2825 1380 2857 ταῖς
1392 2824 1564 2860 δαιμονικαῖς
1583 2825 1613 2852 ὲν
1630 2824 1669 2860 νῷ
1689 2823 1864 2859 φαντασίαις,

1077 2871 1124 2899 καὶ
1145 2870 1255 2907 ἀναμὶξ,
1267 2871 1305 2903 ὠς
1324 2870 1403 2906 ἔφην,
1423 2870 1579 2906 γενόμενοιν
1594 2871 1668 2897 ἐστιν
1684 2870 1750 2897 ίδετν
1766 2869 1864 2900 αὐτοὺς

1077 2918 1159 2954 ἄμφω
1168 2917 1356 2953 καταστρέψαι
1373 2916 1552 2953 βουλομένους
1565 2916 1615 2952 τὴν
1634 2915 1712 2944 Ἰλίου
1725 2915 1815 2949 πόλιν,
1826 2915 1864 2946 ὡς
