2069 3147
223 164 292 198 1527

819 165 1002 196 HESYCHII
1021 166 1259 197 PRESBYTERI

1793 169 1864 202 1528

223 230 273 258 pro
288 221 379 255 nouis,
388 221 451 257 quis
462 220 599 257 malignus
610 224 705 247 contra
715 219 784 248 nos?
797 219 878 253 Deus,
891 219 1011 255 inquam,

1066 218 1112 248 οὖν
1123 221 1138 248 ό
1148 221 1215 253 Θεὸς
1230 221 1300 257 ὑπὲρ
1314 223 1402 260 ἡμῶν,
1414 223 1455 256 τίς
1468 223 1586 259 πονηρὸς
1598 222 1661 250 καθ’
1673 223 1752 260 ἡμῶν
1765 232 1773 258 ;
1788 224 1817 256 δς
1828 233 1860 259 γι

223 268 269 304 qui
286 268 384 297 beatos
411 267 481 296 dixit
503 266 622 295 mundos
643 266 736 299 corde,
755 270 783 293 et
804 265 864 302 lege
886 265 1013 298 sancivit,

224 315 251 343 in
267 315 378 343 mundis
395 313 524 342 cordibus
543 313 651 341 dulcem
665 312 760 341 Iesum
786 320 856 349 pure
881 312 969 341 solum
988 317 1015 341 et

223 362 358 390 divinitus
372 361 502 389 incedere
512 365 541 388 et
554 360 707 389 inhabitare
724 354 816 388 velle?
830 360 1013 396 Quapropter,

226 413 254 436 ut
270 408 381 436 divinus
408 407 509 435 Paulus
532 407 611 440 ait",
639 407 678 434 Ne
702 407 862 435 desinamus
886 414 1015 434 exercere

225 455 347 483 animum
362 454 396 482 ad
410 454 550 490 pietatem.
576 453 616 482 Re
635 454 708 481 enim
725 462 789 482 vera
804 453 892 488 pietas
917 453 1015 480 merito

226 502 346 529 radicata
358 505 411 533 est,
421 508 482 533 quae
495 500 601 528 semina
619 499 731 536 maligni
761 499 892 526 radicitus
911 499 1013 526 evellit.

227 549 286 584 Ipsa
314 548 401 583 pietas
426 552 469 575 est
492 547 535 574 via
558 547 682 579 rationis,
710 547 764 574 hoc
788 550 840 578 est,
873 545 1015 573 rationalis

227 593 367 621 facultatis
380 594 438 621 sive
458 592 672 621 ratiocinationis
694 592 747 620 via.
773 591 840 619 Nam
864 591 1014 619 secundum

228 640 425 676 proprietatem
445 639 544 676 linguae
570 640 682 673 Grzecze,
709 639 752 666 via
766 639 864 666 dicitur
890 635 967 672 οἶμος
989 641 1016 665 et

227 687 367 719 κέλευθος,
386 686 459 721 quod
475 691 517 713 est
528 685 711 713 ratiocinatio.

264 733 307 762 49.
327 732 439 760 Davidis
451 732 599 764 sententia,
617 730 795 758 Delectabitur
808 731 834 757 in
849 729 1016 764 multitudine

227 778 301 813 pacis
311 777 344 810 ",
359 776 382 804 is
396 776 441 812 qui
455 784 510 803 non
521 775 619 810 accipit
634 782 779 809 personam
804 773 935 806 hominis,
965 780 1016 800 nec

228 822 446 860 injustejudicat
462 822 488 848 in
507 821 589 849 corde
613 821 694 848 :sive
721 820 823 847 formas
846 827 862 847 a
891 819 1016 854 malignis

228 869 373 906 spiritibus
404 868 511 896 oblatas
542 874 597 894 non
620 866 752 901 suscipit,
780 865 851 893 unde
880 865 1016 900 concipiat

1066 268 1243 304 μεμακάρικε
1259 262 1397 305 καθᾶροῦς
1413 270 1446 305 τῇ
1459 269 1568 305 καρδίᾳ,
1587 269 1634 296 καὶ
1646 269 1861 306 νενομοθέτηκεν

1064 313 1102 346 ὡς
1119 315 1178 347 ταῖς
1201 314 1338 351 καθαραῖς
1358 315 1483 350 καρδίαις
1497 317 1512 343 ό
1533 316 1636 351 γλυκὺς
1653 315 1758 351 Ἰησοῦς
1773 315 1860 343 καθα-

1066 360 1122 396 ρῶς
1147 359 1228 396 μόνος
1247 360 1401 388 ἐπιϐαίνειν
1425 361 1524 392 Θεῖκῶς
1537 361 1586 388 καὶ
1613 362 1729 389 ἐνοικεῖν
1751 361 1859 396 θέλω-ις

1065 407 1111 434 Διδ
1124 406 1163 443 μὴ
1171 407 1429 444 ἀποστῶμεν,κατὰ
1445 407 1550 434 Παῦλον
1565 409 1609 435 τον
1623 408 1705 441 θεῖον,
1721 410 1860 444 γυμναζό-

1067 462 1143 489 μενοι
1160 453 1206 480 τδν
1227 454 1290 481 νοῦν
1315 454 1384 489 πρὸς
1402 454 1546 481 εὐσέϐειαν
1558 463 1565 470 ·
1583 454 1693 490 ἀληθῶς
1711 455 1767 491 γὰρ
1783 456 1860 482 εὐσέ-

1065 500 1129 526 ϐεια
1141 500 1256 531 εἰκότως
1274 499 1391 536 ἐρρήθη,
1413 501 1428 536 ἡ
1461 499 1568 535 ῥιζόθεν
1584 500 1744 528 ὲκτὶλλουσα
1759 501 1794 528 τὰ
1813 501 1859 528 τοῦ

1065 545 1188 581 Πονηροῦ
1210 545 1358 582 σπέρματα
1369 553 1376 560 ⁵
1395 545 1463 580 αῦτη
1477 545 1612 578 εὐσέϐεια,
1630 545 1702 581 αὕτη
1716 544 1794 581 οἶμος
1812 547 1859 573 τοῦ

1065 591 1156 626 λόγου,
1167 591 1307 619 τουτέστιν
1319 591 1378 624 ὁδὸς
1396 591 1443 618 τοῦ
1455 591 1623 626 λογιστικοῦ,
1642 592 1702 628 ἦτοι
1712 593 1771 625 ὁδὸς
1785 593 1860 628 λογι-

1067 636 1136 672 σμοῦ
1145 645 1152 653 ·
1163 637 1225 664 καθ’
1238 637 1398 673 Ἑλληνικὴν
1408 637 1436 664 δὲ
1447 637 1587 665 διάλεκτον
1597 636 1684 674 οἶμος
1692 639 1741 666 καὶ
1756 639 1861 666 κέλευ-

1066 684 1118 716 θος
1129 683 1146 718 ἡ
1158 683 1216 715 ὁδὸς
1228 683 1349 718 λέγεται,
1366 684 1380 710 ὃ
1394 683 1453 710 ἐστι
1469 683 1609 719 λογισμός.

1102 728 1155 763 μθ’.
1176 728 1241 755 Ἐπὶ
1265 728 1376 763 πλήθει
1397 729 1622 764 κατατρυφήσει
1638 729 1773 764 ειρήνης,
1787 730 1859 757 κατά

1066 776 1157 808 Δαϐἶδ,
1171 776 1200 807 ὃς
1213 776 1245 803 οὐ
1257 776 1392 811 λαμϐάνει
1403 777 1549 812 πρόσωπον
1562 776 1719 812 ἀνθρώπου,
1733 777 1781 803 καὶ
1797 776 1860 812 κρίη

1066 831 1119 849 νων
1135 821 1243 849 ἀδικίαν
1262 822 1291 848 ὲν
1309 822 1424 858 καρδίᾳ,
1445 823 1505 857 ἦτοι
1524 823 1632 857 μορφὰς
1653 823 1692 858 μὴ
1710 823 1861 858 λαμϐάνων

1066 868 1120 894 τῶν
1137 867 1265 903 πονηρῶν
1280 869 1455 902 πνευμάτων,
1467 868 1514 895 καὶ
1527 869 1570 895 διὰ
1583 868 1638 894 τῶν
1656 868 1770 904 μορφῶν
1785 867 1860 900 λογι-

228 903 387 952 peceatum:
401 921 454 942 nec
469 913 538 940 male
555 913 639 940 sentit
650 917 697 940 aut
710 912 815 948 judicat
827 912 855 938 in
869 916 939 939 terra
954 919 1014 939 eor-

1066 914 1180 949 ζόμενος
1195 913 1244 948 τὴν
1260 913 1408 949 ἁμαρτίαν,
1433 914 1480 940 καὶ
1495 914 1588 946 κακῶς
1603 903 1704 950 κρίνων
1716 913 1765 941 καὶ
1784 914 1860 940 δικά-

228 962 272 990 dis
283 961 337 994 sui,
350 968 412 989 cum
427 961 499 996 iusta
525 959 656 994 rependat
672 963 793 993 peccato.
811 957 916 984 Summi
941 958 1013 984 enim

226 1013 256 1036 et
270 1008 343 1036 docti
358 1007 452 1035 Patres
474 1007 503 1033 in
528 1005 671 1040 scripturis
695 998 842 1039 suis'ipsos
865 1004 1013 1036 daemonas,

227 1054 263 1082 ob
277 1053 455 1082 serendarum
462 1051 658 1087 cogitationum
667 1050 734 1082 vim,
747 1054 915 1077 vocaverunt
928 1049 1015 1076 homi-

227 1107 287 1128 nes.
297 1099 382 1135 Cujus
397 1097 505 1134 generis
519 1101 561 1124 est
574 1096 762 1132 Evangelium,
776 1095 803 1122 in
815 1104 869 1131 quo
882 1095 1014 1123 Dominus

226 1147 266 1175 ait
281 1146 431 1175 alnimicus
439 1145 516 1171 homo
528 1144 575 1171 hoc
586 1144 646 1178 {erit
656 1143 694 1175 ⁵⁹ς
711 1147 740 1169 et
753 1142 841 1169 tritico
855 1142 1014 1177 permiscuit

226 1192 342 1221 zizania.
355 1191 389 1220 Et
413 1191 477 1227 quia
500 1190 598 1218 talibus
626 1188 774 1223 nequitiam
794 1189 1014 1224 pe’rpetrantihus

227 1247 283 1268 non
315 1238 407 1267 statim
434 1237 612 1268 reluctamur,
640 1235 701 1262 ideo
730 1235 813 1262 etiam
840 1235 1014 1263 absumimur

225 1284 446 1322 cogitationibus.

263 1370 308 1399 50.
327 1370 426 1398 Mentis
435 1369 615 1398 attentionem
630 1369 858 1404 administraturi,
872 1369 894 1397 si
909 1374 1014 1404 tempe-

227 1417 323 1445 rantis
337 1416 520 1445 humilitatem
534 1420 671 1452 aptemus,
682 1420 708 1444 et
725 1415 897 1444 reluctationi
916 1415 1014 1451 junga-

227 1472 289 1492 mus
299 1464 496 1500 precationem,
513 1463 556 1492 via
571 1463 724 1491 intellectus
740 1468 814 1491 recte
835 1463 996 1490 inccdcmus
1006 1482 1013 1495 ,

227 1511 329 1538 donum
352 1510 444 1538 cordis
459 1509 545 1538 nostri
573 1510 712 1537 adorando
735 1514 763 1536 et
790 1513 886 1536 sancto
904 1508 1014 1535 nomine

226 1555 292 1584 Jesu
302 1555 414 1589 Christi,
426 1555 501 1583 velut
514 1555 640 1590 lampade
656 1555 735 1587 lucis,
751 1554 921 1587 decorantes,
934 1561 1015 1581 exor-
1027 1570 1050 1601 α

227 1604 338 1632 nantes,
348 1604 376 1627 et
392 1600 513 1635 nequitia
526 1604 718 1635 expurgantcs.
733 1598 782 1627 Sin
800 1599 964 1627 conﬁdimus
986 1598 1014 1626 in

229 1645 286 1672 sola
301 1646 481 1680 temperantia
495 1649 524 1672 et
538 1645 732 1672 observatione
745 1649 850 1677 nostra,
877 1645 969 1672 statim
986 1649 1016 1672 ut

230 1691 401 1726 impeliemur
440 1691 474 1718 ab
510 1691 653 1724 hostibus,
678 1698 839 1719 corruemus
871 1691 972 1724 eversi,
988 1695 1016 1718 et

228 1737 425 1773 cxpugnabunt
446 1745 498 1764 nos
513 1737 673 1772 deceptores
696 1737 734 1764 illi
765 1737 958 1771 versutissimi,
988 1741 1016 1765 et

229 1785 305 1811 hasta
320 1783 419 1816 valida,
448 1783 559 1811 nomine
581 1783 647 1811 Jesu
669 1783 772 1811 Christi
791 1788 927 1816 carentes,
957 1784 1017 1812 suis

229 1828 342 1861 retibus,
361 1836 459 1864 nempe
475 1828 599 1865 malignis
628 1828 883 1864 excogitationibus,
910 1828 1016 1856 facilius

227 1882 255 1902 et
268 1874 459 1902 vehementius
494 1881 546 1902 nos
579 1873 766 1901 informabnnt
791 1878 820 1901 et
847 1873 1013 1909 sigillabunt.

227 1920 308 1948 Solus
322 1919 396 1948 enim
414 1920 546 1947 colendus
560 1919 605 1947 ille
621 1919 737 1955 gladius,
754 1927 867 1952 nomen,
892 1919 1016 1955 inquam,

228 1963 346 1993 Jesn:in
362 1965 454 1993 stabili
471 1965 554 1993 corde
567 1965 668 2000 saepius
678 1965 830 1998 revolutus,
844 1969 935 2000 potest
948 1972 1015 1993 con-

229 2017 358 2047 torquere
370 2016 398 2039 et
422 2011 585 2039 abscindere
603 2011 673 2043 illos,
692 2011 820 2044 adurere,
835 2010 958 2046 inquam,
989 2015 1017 2039 et

227 2058 261 2085 ad
277 2058 394 2085 latebras
406 2065 514 2093 cogere,
525 2057 601 2084 velut
612 2056 682 2092 ignis
691 2058 830 2092 stipulam.
846 2057 1014 2091 Quinetiam,

228 2110 259 2130 re
273 2102 341 2131 satis
357 2106 421 2129 ante
435 2101 529 2130 oculos
543 2101 677 2136 subjecta,
697 2101 842 2129 certiorem
861 2101 926 2129 facit
942 2102 1016 2137 peri-

228 2146 365 2174 tissimum
375 2146 507 2174 certantis
521 2146 654 2180 animum,
668 2153 767 2182 nempe
782 2147 973 2175 auxiliatorem
988 2152 1017 2176 et

227 2191 460 2220 omnisillusionis
476 2191 619 2220 diabolicae
636 2197 812 2228 purgatorem
825 2201 886 2221 esse
907 2193 994 2222 Deum
1007 2203 1013 2221 :

227 2238 273 2268 cui
285 2237 387 2267 cedunt
397 2241 426 2266 et
441 2236 625 2273 subjiciuntur
639 2238 742 2266 omnia.

264 2372 308 2401 5t.
328 2370 528 2408 Temperantia:
538 2378 602 2399 vero
617 2378 688 2406 opus
697 2378 752 2399 non
768 2370 1015 2404 intermittendum,

227 2424 257 2447 et
270 2418 369 2446 animae
391 2425 528 2446 summum
556 2417 662 2445 lucrum
677 2420 704 2444 et
725 2417 941 2445 emolumentum
964 2422 1016 2451 est,

229 2465 385 2500 perspicere
392 2465 584 2501 cogitationum
593 2463 813 2500 imaginationes,
826 2471 887 2491 cum
898 2463 1017 2499 primum

230 2510 383 2537 formantur
422 2510 452 2538 in
478 2515 581 2538 mente.
615 2509 818 2538 Reluctationis
851 2514 942 2537 autem
976 2514 1019 2538 est

229 2554 437 2590 deprehendere
464 2559 492 2582 et
518 2555 641 2583 indicare
665 2555 871 2591 cogitationem,
887 2562 948 2590 qual
969 2562 1018 2590 per

229 2600 454 2637 imaginatiOnem
467 2600 507 2628 rei
520 2601 662 2636 cujusdam
674 2600 822 2633 sensibilis,
831 2608 923 2628 aerem
938 2608 1018 2629 men-
1048 2610 1052 2613 ·

230 2648 265 2676 tis
280 2650 382 2674 nostrae
393 2645 497 2681 ingredi
510 2647 615 2674 nititur.
632 2647 768 2675 Caeterum
783 2647 852 2674 nihil
867 2651 918 2680 est,
945 2647 1018 2682 quod

231 2697 287 2720 tam
302 2690 357 2718 cito
369 2691 524 2726 exstinguat
545 2695 572 2718 et
593 2691 724 2720 dissolvat
753 2699 862 2720 omnem
889 2692 1018 2719 adversa-

231 2738 336 2765 riorum
357 2737 577 2772 conceptionem,
603 2745 711 2765 omnem
741 2746 906 2771 sermonem,
937 2746 1018 2766 omne

231 2783 332 2816 visum,
349 2790 460 2811 omnem
478 2786 607 2816 statuam,
636 2790 713 2811 amne
730 2784 842 2818 idolum,
857 2789 885 2812 et
908 2792 1017 2812 omnem

263 2869 310 2899 "l
325 2871 394 2900 Tim.
410 2881 446 2904 ιν,
460 2873 483 2900 7.

1066 958 1121 991 ζων
1140 959 1168 985 ὲν
1184 959 1220 994 γῇ
1233 958 1281 993 τῆς
1297 958 1364 990 ἰδίας
1381 958 1495 994 καρδίας
1507 979 1514 991 ,
1528 959 1563 985 τὰ
1577 958 1669 985 δίκαια
1685 959 1718 994 τῇ
1736 957 1859 993 ἁμαρτίᾳ.

1065 1002 1153 1034 διδούς
1165 1011 1170 1018 ·
1187 1002 1349 1038 ἀνθρώπους
1361 1003 1416 1037 γὰρ
1428 1003 1475 1030 καὶ
1486 1003 1551 1034 τοὺς
1560 1004 1691 1039 δαίμονας
1703 1004 1728 1029 οἱ
1742 1003 1857 1038 μεγάλοι

1063 1056 1094 1074 τε
1105 1049 1152 1074 καὶ
1165 1049 1311 1083 γνωστικοὶ
1323 1049 1446 1084 Πατέρες
1459 1050 1488 1075 ὲν
1503 1050 1563 1080 ταῖς
1578 1050 1752 1084 συγγραφαῖς
1766 1048 1857 1075 αὐτῶν

1065 1094 1209 1127 ἐκάλεσαν,
1223 1094 1268 1121 διὰ
1280 1095 1310 1121 τὸ
1327 1095 1492 1129 λογιστικόν·
1503 1092 1558 1122 οἷόν
1576 1096 1650 1122 ἐστιν
1667 1095 1715 1122 καὶ
1731 1095 1761 1121 τὸ
1777 1095 1858 1129 εὐαγ-

1065 1139 1184 1173 γελικὺν,
1204 1139 1268 1166 ἔνθα
1281 1141 1363 1174 φησὶν
1375 1141 1388 1167 ὁ
1403 1140 1516 1176 Κύριος,
1530 1141 1571 1169 ὅτι
1600 1141 1735 1175 Πονηρὸς
1747 1140 1857 1174 ἄνθρω-

1065 1194 1123 1218 πος
1150 1184 1238 1212 τοῦτο
1258 1185 1384 1219 ἐποίησε
1396 1207 1403 1219 ,
1421 1186 1469 1213 καὶ
1494 1186 1534 1221 τῷ
1551 1187 1616 1222 σίτῳ
1634 1187 1681 1213 καὶ
1701 1186 1736 1212 τὰ
1751 1186 1858 1218 ζιζάνια

1065 1231 1221 1266 κατέμιξεν.
1235 1231 1292 1257 Οὐκ
1300 1230 1373 1258 ἔστιν
1384 1231 1545 1268 ἀντίρρησις
1554 1232 1623 1267 ταχὺ
1634 1232 1688 1258 ἀπὸ
1697 1232 1752 1258 τῶν
1766 1231 1858 1258 τοιού-

1064 1285 1118 1303 των
1136 1276 1167 1303 τὸ
1183 1276 1300 1312 πονηρόν
1313 1285 1319 1291 ·
1335 1276 1429 1303 τούτου
1445 1277 1477 1312 δὴ
1495 1278 1576 1313 χάριν
1595 1279 1642 1305 καὶ
1657 1277 1858 1305 καταναλισκό-

1066 1323 1136 1358 μεθα
1148 1322 1200 1349 ὑπὸ
1215 1320 1269 1349 τῶν
1280 1322 1429 1357 λογισμῶν.

1101 1372 1132 1397 v'.
1149 1369 1205 1396 Νοῦ
1220 1369 1357 1405 προσοχὴν
1372 1368 1522 1404 ἀρξάμενοι
1535 1369 1738 1402 πολιτεύεσθαι,
1760 1370 1784 1396 εἰ
1808 1369 1857 1404 μὲν

1065 1415 1238 1450 ἀρμόττομεν
1261 1413 1342 1450 νῆψει
1370 1414 1544 1448 censimum,
1573 1415 1619 1441 καὶ
1639 1416 1672 1450 τῇ
1696 1415 1858 1449 ἀντιρρήσει

1065 1461 1148 1496 εὐχὴν
1172 1460 1377 1495 συγκομῐσομεν
1389 1479 1397 1492 ,
1413 1460 1464 1495 τὴν
1481 1460 1540 1487 ὁδὸν
1564 1460 1613 1495 τῆς
1634 1460 1752 1493 διανοίας
1768 1459 1858 1492 καλῶς

1065 1506 1211 1542 ὀδεύσομεν
1235 1505 1331 1541 ὥσπερ
1357 1505 1427 1541 μετὰ
1444 1506 1586 1539 λαμπάδος
1607 1506 1696 1540 φωτὸς
1718 1506 1788 1541 μετὰ
1810 1505 1858 1532 τοῦ

1066 1552 1255 1589 προσκυνητοῦ
1283 1552 1330 1579 καὶ
1353 1551 1434 1586 ἁγίου
1458 1552 1591 1587 ὀνόματος
1617 1552 1708 1586 Ἰησοῦ
1726 1552 1858 1587 Χριστοῦ,

1067 1599 1113 1631 ¹μὸν
1123 1595 1197 1624 οἷκον
1208 1597 1287 1634 ἡμῶν
1303 1597 1351 1633 τῆς
1364 1597 1476 1633 καρδίας
1488 1598 1521 1625 ὲκ
1537 1598 1669 1633 πονηρίας
1680 1597 1860 1633 φιλοκαλοῦν-

1068 1644 1113 1676 τές
1130 1652 1161 1670 τε
1177 1643 1224 1670 καὶ
1235 1643 1457 1678 ἐκκαθαίροντες.
1472 1643 1505 1670 Εἰ
1515 1643 1543 1669 δὲ
1559 1643 1639 1678 μόνον
1650 1644 1679 1670 ἐν
1699 1643 1779 1678 νήψει
1790 1644 1858 1677 ἡμε-

1067 1689 1136 1725 τέρᾳ
1162 1688 1178 1724 ἢ
1201 1689 1320 1724 προσοχῇ
1347 1688 1542 1725 θαρρήσομεν,
1571 1688 1677 1724 ταχέως
1701 1688 1780 1723 παρὰ
1803 1687 1858 1714 τῶν

1068 1733 1173 1770 ἐχθρῶν
1201 1734 1353 1770 ὠθούμενοι
1375 1734 1580 1770 ἀνατραπέντες
1603 1734 1781 1769 πεσούμεθα,
1811 1733 1859 1760 καὶ

1069 1779 1272 1807 καταϐαλοῦσιν
1291 1780 1367 1815 ἡμᾶς
1389 1780 1415 1806 οῑ
1438 1779 1584 1815 δολομῆται
1611 1780 1659 1806 καὶ
1682 1779 1857 1811 δολιώτατοι,

1068 1825 1185 1856 καὶτοῖς
1208 1824 1427 1860 ἀμφιϐλήστροις
1451 1824 1542 1851 αὐτῶν
1563 1825 1623 1860 τοῖς
1636 1825 1765 1860 πονηροῖς
1780 1823 1859 1850 ὲνθυ-

1070 1869 1141 1905 μίοις
1154 1859 1287 1902 πλειόνως
1301 1859 1548 1906 ἐμπλακησόμεθα,
1560 1869 1576 1904 ῆ
1590 1859 1638 1896 καλ
1652 1868 1860 1904 σφραγισόμεθα

1069 1915 1190 1952 εὐχερῶς
1206 1917 1252 1943 ὑπ’
1275 1916 1376 1949 αὐτῶν,
1399 1916 1430 1942 τδ
1445 1915 1576 1951 κρατσὸν
1600 1916 1664 1951 δόρυ
1681 1915 1732 1942 οὐκ
1752 1914 1859 1950 ἔχοντες

1075 1962 1163 2000 Ἰησοῦ
1196 1961 1313 1999 Χριστοῦ
1342 1961 1438 1998 ὄνομα.
1462 1962 1552 1990 Μόνον
1577 1961 1632 1998 γὰρ
1656 1961 1687 1987 τὺ
1710 1960 1859 1995 σεϐάσμιον

1070 2010 1208 2045 φάσγανον
1218 2008 1296 2035 τοῦτο
1318 2009 1430 2041 πυκνῶς
1446 2008 1516 2043 ἀγαν
1530 2007 1718 2043 στρεφόμενον
1734 2007 1763 2034 έν
1780 2015 1858 2042 μονο-

1068 2055 1163 2091 τρόπῳ
1176 2054 1277 2090 καρδίᾳ.
1297 2052 1350 2081 οἵδε
1367 2054 1532 2090 συστρέφειν
1544 2054 1591 2081 καὶ
1604 2053 1788 2081 κατακόπτειν
1808 2052 1858 2079 αὺ-

1069 2100 1143 2132 τοῦς,
1175 2100 1359 2135 καταφλέγειν
1381 2109 1412 2127 τε
1441 2100 1489 2127 καὶ
1519 2099 1722 2135 ἀποκρύπτειν·
1747 2098 1792 2125 τδν
1810 2098 1860 2133 μὲν

1069 2147 1136 2173 ὡσεὶ
1151 2146 1218 2182 πῦρ,
1236 2148 1261 2179 οι
1280 2146 1309 2172 δὲ
1334 2146 1371 2179 ὼς
1384 2146 1522 2182 καλάμην.
1543 2145 1625 2173 Ἀλλά
1636 2145 1691 2181 γάρ
1703 2144 1750 2172 καὶ
1767 2145 1796 2172 ὲν
1815 2145 1860 2172 at-

1070 2191 1165 2227 σθήσει
1179 2192 1258 2227 ἱκανῇ
1277 2191 1338 2218 τότε
1360 2191 1490 2227 ὑπάρχει,
1510 2191 1645 2234 γνῳρίζον
1659 2191 1709 2227 τὴν
1726 2190 1773 2217 τοῦ
1787 2192 1861 2225 ἀγω-

1030 2241 1054 2270 D
1069 2237 1161 2265 νιστοῦ
1179 2237 1346 2273 πολύπειρον
1363 2237 1488 2274 καρδίαν,
1500 2238 1599 2273 ὅτιπερ
1612 2238 1645 2265 ὲκ
1663 2237 1754 2272 πάσης
1763 2237 1861 2272 δαιμο-

1070 2283 1129 2314 νίας
1142 2282 1291 2318 φαντασίας
1305 2282 1411 2318 βοηθῶν
1440 2282 1487 2310 καὶ
1516 2283 1656 2318 καθαίρων
1683 2282 1750 2314 Θεός
1769 2283 1857 2311 ὲστινς

1069 2325 1146 2363 ᾧτινι
1165 2330 1219 2357 πᾶν
1230 2329 1349 2363 ὑπείκει,
1365 2329 1414 2356 καὶ
1427 2329 1515 2357 πάντα
1532 2328 1728 2356 ὑποτέτακται.

1105 2378 1157 2402 va’.
1174 2375 1276 2411 Ἔργον
1290 2375 1336 2408 δὲ,
1350 2375 1456 2411 νήψεως
1471 2375 1532 2410 μὲν,
1549 2374 1724 2402 ἀδιάλειπτον
1742 2374 1790 2400 καὶ
1807 2373 1856 2408 τῆς

1070 2420 1160 2457 ψυχῆς
1169 2420 1262 2457 ὕνησις
1283 2422 1334 2448 καὶ
1346 2421 1444 2457 κέρδος
1459 2421 1532 2457 μέγα
1543 2441 1552 2454 ,
1569 2420 1601 2447 τὸ
1613 2420 1680 2455 ὁρᾷν
1696 2419 1778 2452 εὐθὺς
1794 2428 1861 2454 σχη-

1073 2467 1260 2503 ματιζομένας
1284 2467 1335 2499 τὰς
1354 2466 1409 2494 τῶν
1423 2466 1562 2502 λογισμῶν
1583 2466 1614 2492 ὲν
1633 2465 1672 2501 νῷ
1690 2465 1859 2500 φαντασίας⁹

1070 2513 1259 2550 ἀντιρρήσεως
1269 2513 1308 2546 δὲ,
1323 2513 1354 2540 τὺ
1367 2512 1517 2551 διελέγχειν
1531 2512 1578 2539 καὶ
1594 2511 1690 2547 δηλοῦν
1702 2511 1749 2538 τὸν
1761 2510 1863 2545 πειρώ-

1072 2567 1153 2595 μενον
1164 2559 1297 2586 εἰσελθεῖν
1310 2558 1441 2594 λογισμὸν
1455 2559 1485 2585 ιν
1500 2557 1540 2593 τῷ
1555 2557 1617 2594 ἀέρι
1632 2556 1680 2584 τοῦ
1694 2556 1753 2588 νοὸς
1770 2555 1850 2592 ἡμῶν

1070 2605 1116 2632 διὰ
1142 2606 1293 2640 φαντασίας
1316 2605 1449 2641 αἰσθητῆς
1475 2604 1549 2637 τινος
1574 2604 1756 2640 πράγματος·
1784 2602 1816 2629 τδ
1833 2601 1863 2628 δὲ

1072 2651 1202 2679 σόεννύον
1228 2651 1275 2679 καὶ
1297 2651 1405 2678 διαλύον
1425 2650 1480 2678 τῶν
1499 2650 1658 2678 ἀντιπάλων
1677 2648 1779 2681 εὐθέως
1807 2649 1864 2675 πᾶν

1071 2698 1173 2734 νόημα,
1191 2698 1279 2725 πάντα
1301 2697 1390 2732 λόγον,
1415 2698 1469 2724 πᾶν
1487 2696 1645 2732 φάντασμα,
1666 2696 1720 2722 πᾶν
1736 2694 1862 2730 ῐνδαλμα,

1072 2743 1127 2769 πᾶν
1149 2742 1275 2774 εἴδωλον,
1291 2742 1381 2768 πᾶσαν
1405 2741 1506 2778 στήλην
1531 2741 1664 2776 πονηρὰν,
1686 2740 1762 2766 ἐστὶν
1779 2739 1795 2774 ὴ
1815 2739 1863 2766 τοῦ

1072 2788 1174 2824 Κυρίου
1192 2788 1345 2824 ἐπίκλησις.
1368 2787 1423 2815 Καὶ
1443 2787 1525 2822 ἡμεῖς
1537 2787 1591 2822 γὰρ
1606 2786 1683 2814 αὐτοὶ
1697 2786 1727 2812 ὲν
1742 2784 1780 2819 νῷ
1803 2784 1861 2820 βλέ-

526 2872 546 2888 ⁶⁸
563 2872 631 2899 Psal.
646 2880 734 2906 xxxvi,
757 2873 796 2899 ll.
836 2874 858 2889 ἰ’
876 2873 969 2901 Matth.
985 2882 1042 2907 xm,
1059 2875 1105 2902 ‘28.
