2069 3147
214 187 281 218 [529

568 189 616 224 DE
638 189 915 220 TEMPERANTIA
934 190 980 219 ET

1048 190 1179 221 ElTUTE.
1201 188 1440 222 -ἘΕΝΤυΒῐΑ
1459 192 1501 222 ΙΙ.

1772 191 1841 226 1530

210 251 298 277 πθμεν
314 241 364 277 τὴν
384 241 457 274 κατὰ
476 242 577 278 κράτος
595 242 685 270 αὐτῶν
709 240 813 280 ἧτταν,
828 243 878 279 τὴν
895 244 939 271 διὰ
953 245 997 270 τοῦ

1052 244 1200 278 reprobum
1216 244 1335 277 titulum,
1351 252 1434 280 quam
1444 245 1582 273 invocatio
1599 245 1718 275 Domini.
1729 248 1769 275 Ae
1788 255 1841 276 nos

216 289 304 325 Ἰησοῦ
327 290 374 317 τοῦ
386 289 507 326 μεγάλου
529 290 597 317 Θεοῦ
616 290 706 326 ἡμῶν,
721 291 769 318 καὶ
786 290 835 326 τὴν
849 290 932 326 ἡμῶν
945 290 1000 318 τῶν

209 337 344 365 ταπεινῶν
354 337 402 365 καὶ
418 336 534 364 εὐτελῶν
549 336 597 364 καὶ
610 337 715 373 ἀγρίων
728 336 877 374 ἐκδίκησιν.

245 469 294 504 νβ’.
327 469 389 498 ὀτι
410 469 512 503 πάντες
531 469 557 497 οι
571 469 696 505 λογισμοὶ
716 469 793 497 οὐδὲν
812 470 907 507 ἔτερόν
930 470 999 497 εἶσιν

211 514 266 542 ἀλλ’
276 514 294 551 ἦ
305 515 452 550 φαντασίαι
468 515 548 551 μόναι
566 515 699 551 αἰσθητῆς
708 516 756 542 καὶ
773 515 915 551 κοσμικῶν
928 524 999 551 πρα-

210 561 334 598 γμάτων,
347 562 372 588 οι
384 562 476 589 πολλοὶ
484 562 646 598 ἀγνοοῦμεν.
657 562 744 598 Εἴπερ
753 562 781 589 δὲ
792 561 954 597 χρονισομεν
962 562 999 588 -ἑν

209 606 276 642 εὐχῇ
294 606 435 641 νήφοντες,
444 607 585 642 στερίσκει
603 607 653 643 μὲν
667 606 734 642 εὐχὴ
747 606 795 643 τὴν
810 606 929 634 διάνοιαν
946 606 998 634 πά-

211 659 261 687 σης
277 651 394 684 ὑλώδους
407 651 560 686 φαντασίας
570 652 708 688 λογισμῶν
717 652 857 687 ῥυπαρῶν·
870 652 998 688 γνωρίζει

210 695 238 722 δὲ
249 694 320 730 αὐτὴ
343 696 391 723 καὶ
404 697 464 728 τοὺς
473 696 570 731 λόγους
581 697 636 724 τῶν
652 697 801 732 πολεμίων,
819 697 866 724 καὶ
880 697 911 723 τὺ
927 697 998 732 μέγα

210 739 304 776 κέρδος
321 740 405 776 εὐχῆς
413 749 441 767 τε
456 742 503 768 καὶ
518 741 626 777 νήψεως
637 750 645 758 ι
658 742 744 776 Πλὴν
757 742 819 775 τοῖς
833 742 998 777 ὀφθαλμοῖς

209 793 268 813 σου
289 787 504 822 κατανοήσεις,
526 787 576 814 καί
591 788 797 816 ἀνταπόδοσιν
816 787 997 823 ἁμαρτωλῶν

209 834 311 868 νοητῶν
326 834 429 869 νοητῶς
440 835 488 861 καὶ
502 835 583 867 αὺτδς
593 834 625 861 σὺ
632 835 710 869 ὄψει,
736 835 783 862 καὶ
808 835 995 871 κατανοήσεις,

209 881 277 916 φησὶ
299 880 381 907 Δασὶδ
401 882 415 907 ὁ
436 880 508 914 θεῖος
543 881 674 917 μελῳδὸς.

1051 289 1162 324 quidem
1179 290 1230 325 ipsi
1246 290 1433 326 conspicimus
1445 290 1473 318 in
1487 291 1590 324 animo,
1606 291 1641 320 de
1651 291 1712 325 illis,
1741 298 1839 328 poten-

1051 335 1087 362 tia
1094 334 1161 364 Iesu
1171 337 1270 364 summi
1287 336 1336 365 Dei
1350 337 1450 371 nostri,
1463 341 1522 364 tum
1534 338 1676 366 victoriam
1691 338 1762 371 dari,
1781 343 1839 367 tum

1049 386 1183 414 nostram,
1203 382 1250 417 qui
1263 382 1403 417 humiles,
1436 384 1532 418 exiles,
1558 388 1587 412 et
1600 384 1710 413 inutiles
1733 392 1838 419 sumus,

1050 427 1182 456 ultionem
1195 429 1277 456 sumi.

1086 473 1128 501 52.
1148 473 1308 509 ignoramus
1335 475 1459 511 plerique
1496 477 1640 505 universas
1661 478 1840 513 cogitationes

1048 518 1118 546 nihil
1131 519 1204 547 aliud
1228 527 1288 548 esse
1318 525 1501 557 praeterquam
1531 523 1604 550 solas
1631 523 1840 559 imginationes

1049 564 1194 592 sensilium
1207 569 1236 593 et
1260 566 1462 594 mundanarum
1479 575 1581 596 rerum.
1604 568 1684 601 Quod
1708 569 1731 596 si
1753 569 1839 597 sobrii

1049 611 1374 647 precibusimmoremur,
1392 614 1511 649 precatio
1523 615 1612 650 privat
1630 617 1750 643 animum
1764 616 1840 644 omni

1049 665 1141 685 crassa
1179 659 1351 686 sordidarum
1393 661 1592 695 cogitationum
1631 661 1839 698 imaginatione.

1049 700 1211 735 Pcrspicuas
1228 701 1311 729 etiam
1322 702 1378 736 ipsa
1392 702 1458 730 facit
1469 703 1589 736 hostium
1605 709 1695 732 artes.
1706 709 1734 732 ct
1746 704 1840 732 decla-

1049 751 1101 778 rat,
1116 745 1213 781 ingens
1229 754 1261 774 ex
1274 747 1402 782 precibus
1414 752 1442 775 et
1453 749 1632 784 temperantia
1644 758 1749 777 rurrum
1763 751 1838 778 oriri.

1050 790 1234 818 Verumtamen
1245 792 1327 819 oculis
1343 793 1393 819 tuis
1406 794 1593 826 considerabis,
1604 799 1628 822 et
1640 795 1838 822 renibutionem

1048 841 1215 871 peccatorum
1228 837 1389 872 spiritalium
1406 838 1498 866 animo
1510 840 1590 866 etiam
1603 844 1631 866 tu
1643 840 1701 874 ipse
1713 840 1808 867 videbis
1819 840 1839 873 ',

1049 886 1077 909 et
1091 881 1385 917 considerabis,inquit
1398 883 1482 910 David
1496 884 1648 910 modulator
1665 884 1783 912 divinus.

243 925 294 961 νγ’.
314 926 576 963 Μνημονεύσωμεν,
599 929 623 955 εἰ
650 927 773 961 δυνατὸν,
798 928 845 955 τοῦ
883 920 997 956 θανάτου

1085 927 1129 955 55.
1149 926 1321 962 Perpetuam,
1334 927 1358 954 si
1384 928 1440 955 ﬁeri
1457 932 1555 962 potest,
1582 929 1678 956 mortis
1701 933 1839 963 gestemus

208 972 390 1005 ἀδιαλείπτως
399 981 406 988 ·
420 974 454 1000 δι’
466 971 500 1009 ἦς
516 974 624 1009 μνήμης
634 974 782 1010 φροντίδων
801 974 930 1006 ἀπόθεσις
944 982 997 1009 μα-

208 1018 361 1053 ταιοτήτων
376 1027 406 1045 τε
420 1018 450 1045 ὲν
463 1019 529 1054 ἡμῖν
545 1020 688 1053 γεννᾶται,
707 1020 814 1054 φυλακή
828 1028 858 1046 τε
872 1019 930 1050 νοὸς
949 1019 997 1046 καὶ

208 1063 336 1099 διηνεκὴς
351 1063 446 1099 δέησις
456 1071 462 1077 ·
474 1063 665 1099 ἀπροσπάθεια
685 1064 712 1090 δὲ
729 1064 776 1090 τοῦ
790 1063 924 1098 σώματος,
939 1062 997 1097 βδέ-

208 1109 283 1142 λυξις
308 1110 456 1145 ἁμαρτίας,
472 1109 518 1137 καὶ
535 1110 638 1145 σχεδὸν,
655 1111 678 1136 εἰ
699 1110 740 1136 δεῖ
760 1109 876 1143 τάληθὲς
897 1108 996 1140 εἰπεῖν,

208 1155 285 1181 πᾶσα
311 1154 396 1190 ἁρετὴ
421 1154 528 1189 ἄγουσα
553 1155 585 1181 ἐκ
609 1154 712 1188 ταύτης
750 1152 932 1185 ἑκϐλύζεται·
956 1153 996 1179 διὸ

207 1201 246 1233 ὡς
269 1203 305 1238 τῇ
320 1201 375 1238 [δίᾳ
394 1203 475 1237 πνοῇ,
497 1203 521 1228 εἱ
535 1202 657 1235 δυνατὸν,
675 1200 714 1236 τῷ
734 1200 877 1237 πράγματι
892 1199 997 1236 χρησὼ-

210 1245 290 1281 μεθα.

243 1334 289 1362 νᾶ.
313 1334 422 1370 Καρδία
443 1333 591 1367 ξενωϐεἰσα
620 1334 796 1370 φαντασιῶν,
818 1335 918 1366 τελέως
931 1334 996 1370 νοή-

209 1388 284 1415 ματα
307 1379 415 1412 τέξεται
445 1380 527 1415 μέσον
544 1380 631 1415 αὐτῆς
653 1381 807 1417 σκιρτῶντα
824 1381 884 1408 Θεῖά
898 1390 926 1408 τε
948 1381 996 1408 καὶ

208 1425 396 1462 μυστηριώδη,
409 1425 441 1452 ὃν
450 1426 553 1460 τρόπον
569 1426 715 1462 σκιρτῶσιν
733 1426 835 1462 ἰχθύες,
851 1426 898 1453 καὶ
915 1427 997 1460 ἐγκυ-

208 1472 321 1499 6ιστῶσι
332 1472 456 1506 δελφῖνες
470 1472 645 1508 γαληνιώσης
659 1472 812 1508 θαλάσσης
828 1472 876 1499 καλ¹
890 1472 996 1508 ῥιπίζε-

207 1526 253 1544 ται
281 1517 330 1552 μεν
353 1517 477 1545 θάλασσα
494 1518 547 1544 ὑπὸ
569 1518 671 1552 λεπτῆς
696 1517 792 1552 αὔρας.
810 1518 946 1550 Ἀϐυσσος
967 1517 996 1545 δὲ

208 1564 320 1600 καρδῑας
337 1564 390 1591 ὑπὸ
403 1563 562 1598 Πνεύματος
577 1564 666 1598 ἁγίου.
679 1564 743 1591 Ὅτι
757 1564 801 1597 δὲ,
821 1563 996 1599 φησὶν,ἐστὲ

1048 973 1290 1008 memoriam:qua
1317 981 1455 1006 curarum,
1471 974 1622 1001 vanitatum
1651 974 1786 1007 omnium,
1811 979 1840 1001 ct

1047 1018 1215 1053 reliquorum
1229 1027 1288 1054 quae
1305 1024 1369 1046 sunt
1383 1019 1411 1046 in
1432 1019 1523 1052 nobis,
1536 1020 1672 1055 depositio
1696 1020 1836 1047 nascitur:

1047 1065 1221 1092 conservatio
1253 1065 1336 1092 etiam
1362 1065 1485 1098 mentis,
1512 1069 1540 1093 ct
1565 1066 1676 1093 assidua
1697 1066 1837 1101 precatio,

1047 1109 1177 1137 alienatio
1193 1110 1258 1137 item
1272 1110 1305 1137 ab
1320 1110 1394 1137 omni
1414 1111 1536 1146 corporis
1564 1111 1674 1145 aii'ectu,
1687 1113 1838 1140 exsecratio

1047 1156 1162 1191 peccati,
1179 1164 1211 1183 ac
1225 1157 1434 1191 propemodum,
1455 1157 1477 1183 si
1495 1164 1589 1185 verum
1609 1158 1700 1185 dicere
1719 1163 1836 1193 oportet,

1047 1201 1135 1228 virtus
1149 1201 1240 1228 omnis
1257 1209 1291 1229 ex
1305 1209 1337 1229 ea
1355 1202 1485 1236 prodiens
1505 1203 1630 1230 scaturit.
1653 1203 1836 1236 Quamobrem

1057 1253 1106 1280 pso
1121 1245 1205 1279 facto,
1224 1251 1352 1282 tanquam
1366 1247 1478 1282 propria
1493 1247 1652 1283 spiratione,
1666 1248 1690 1275 si
1714 1248 1770 1275 ﬁeri
1786 1256 1836 1283 po-

1049 1296 1111 1324 test,
1129 1296 1240 1319 utamur
1253 1300 1296 1319 ea.

1040 1363 1052 1375 .
1083 1337 1126 1364 54.
1147 1337 1223 1366 Mens
1237 1338 1332 1372 procul
1344 1337 1379 1366 ab
1390 1337 1564 1366 illusionibus
1577 1338 1705 1372 alienata,
1723 1340 1834 1368 tandem

1048 1383 1154 1411 divinas
1178 1388 1207 1411 et
1233 1385 1367 1420 mysteriis
1393 1385 1490 1420 plenas
1516 1386 1710 1421 conceptiones
1735 1387 1833 1421 pariet,

1047 1429 1186 1456 exsultans
1205 1429 1232 1456 in
1260 1431 1350 1458 medio
1364 1431 1415 1464 sui,
1435 1432 1664 1466 quemadmodum
1690 1433 1836 1466 tranquillo

1047 1474 1115 1502 mari
1134 1475 1261 1503 exsiliunt
1285 1475 1384 1511 pisces,
1413 1481 1442 1509 et
1467 1477 1585 1504 demisso
1611 1477 1700 1512 capite
1714 1477 1837 1512 delphini

1047 1520 1212 1548 subsultant.
1240 1520 1272 1547 Et
1301 1521 1352 1548 levi
1372 1522 1483 1556 quidem
1500 1529 1565 1549 aura
1582 1522 1712 1558 perﬂatur
1736 1531 1810 1551 mare
1827 1532 1834 1550 :

1047 1565 1160 1600 abyssus
1176 1571 1266 1593 autem
1278 1566 1378 1600 cordis,
1397 1567 1499 1602 Spiritu
1517 1572 1622 1597 sancto.
1642 1567 1774 1600 Quoniam
1788 1577 1836 1596 au-

206 1599 275 1641 ulol,
294 1609 510 1643 ἐξαπέστειλεν
527 1612 545 1637 d
565 1610 635 1643 Θεὸς
654 1610 688 1637 τὸ
711 1609 832 1645 Πνεῦμα
850 1610 904 1637 τοῦ
927 1609 996 1637 Υίοῦ

1048 1599 1099 1638 mh
1115 1612 1187 1644 eatis,
1203 1612 1250 1645 ait,
1265 1613 1315 1647 ﬁlii
1332 1612 1389 1645 Dei,
1402 1599 1472 1640 ηἱίεει
1487 1613 1558 1641 Deus
1571 1599 1700 1648 Spiritum
1717 1613 1782 1641 Filii
1795 1615 1836 1641 sui

208 1656 310 1690 αὑτοῦ,
327 1657 362 1684 ἐν
381 1656 446 1690 ταῖς
463 1657 598 1691 καρδίαις
615 1656 699 1692 ὑμῶν
721 1656 845 1692 κράζον,
865 1656 962 1690 ’A6‘6d,
980 1657 996 1684 ὀ

208 1701 317 1737 Πατήρ.

242 1750 287 1775 νε’.
308 1748 456 1784 ’Δηρῆσει
473 1748 521 1775 καὶ
534 1748 686 1785 διχονοήσει
701 1749 756 1780 πᾶς
773 1748 891 1784 μοναχδς
912 1756 997 1775 πνευ-

1047 1656 1075 1683 in
1091 1656 1170 1683 corda
1187 1661 1284 1691 vestra,
1297 1657 1467 1691 clamantem,
1481 1657 1566 1693 Abba,
1583 1657 1665 1685 Pater
1673 1659 1694 1687 '.

1082 1742 1126 1770 55.
1147 1742 1185 1770 De
1201 1751 1284 1778 opere
1298 1743 1411 1779 spiritali
1429 1745 1577 1779 haesitabit,
1593 1745 1666 1773 etab
1684 1753 1717 1773 eo
1731 1745 1836 1774 alienus

207 1792 322 1828 ματικοΰ
346 1792 438 1829 ἔργου,
464 1793 517 1830 πρδ
540 1794 649 1829 νήψεως
669 1793 715 1820 νοῦ
738 1793 880 1826 λαῦέσθαι,
907 1793 923 1830 ἢ
946 1793 996 1820 οὐκ

1048 1788 1099 1816 erit
1112 1789 1200 1816 omnis
1219 1790 1378 1824 monachus,
1396 1790 1441 1826 qui
1458 1791 1664 1826 temperantiam
1679 1791 1763 1818 animi
1773 1797 1837 1820 ante

206 1838 283 1871 εἰδὼς
298 1839 347 1874 μὲν
357 1839 388 1866 τὺ
394 1839 496 1876 ταύτης
507 1840 616 1874 κάλλος,
627 1840 644 1876 ἢ
660 1840 737 1872 εἱδῶς
754 1840 814 1876 μὲν,
824 1840 857 1866 δι’
866 1839 996 1875 ἀμελείας

1048 1843 1101 1863 non
1113 1835 1227 1871 adeptus
1242 1836 1333 1869 fuerit,
1349 1841 1396 1864 aut
1410 1837 1573 1872 ignoraverit
1584 1838 1645 1871 ejus
1657 1837 1833 1872 dignitatem:

205 1884 234 1911 δὲ
251 1884 289 1920 μὴ
301 1885 460 1920 δυνάμενος,
471 1887 523 1921 τῆς
537 1886 566 1912 δὲ
580 1886 697 1922 ἀπορίας
708 1886 902 1921 ἁναμφιὸόλως
911 1885 996 1920 λυθή-

1048 1884 1093 1907 aut
1111 1880 1203 1908 scierit
1218 1881 1339 1916 quidem,
1359 1881 1406 1909 sed
1422 1882 1545 1909 socordia
1569 1881 1656 1909 victus
1681 1889 1740 1908 eam
1756 1889 1836 1908 exer-

205 1939 294 1963 σεται,
323 1931 383 1962 νοὸς
408 1931 524 1966 τήρησιν
551 1931 660 1963 ἐπιϐὰς,
684 1930 701 1966 ἧ
723 1932 780 1957 ἔστι
807 1930 854 1957 καὶ
885 1930 996 1964 λέγεται

1048 1931 1108 1952 cere
1129 1932 1182 1952 non
1200 1925 1296 1959 possit.
1313 1925 1370 1958 Qua
1383 1926 1478 1960 procul
1493 1925 1576 1952 dubio
1588 1925 1757 1952 dubitatione
1772 1926 1836 1953 libe-

206 1976 345 2011 πρακτικὴ
370 1975 515 2011 φιλοσοφία
538 1975 607 2008 νοὸς,
623 1976 661 2008 ὡς
682 1976 733 2011 τὴν
752 1975 812 2002 ὁδὸν
832 1975 957 2010 εὑρηκὼς
977 1972 995 2012 ᾖ

1048 1969 1160 2002 rabitur,
1172 1970 1217 1997 ubi
1227 1971 1328 1998 mentis
1338 1970 1559 1998 observationem
1575 1978 1721 2006 aggressus
1736 1970 1832 1997 fuerit:

205 2019 291 2055 εἶπεν,
314 2021 387 2057 Ἐγώ
407 2023 466 2058 ειμι
485 2022 505 2057 ἠ
519 2021 599 2055 ὁδὸς,
617 2021 666 2048 καὶ
684 2021 703 2056 ἠ
716 2021 896 2054 ἀνάστασις,
911 2021 960 2048 καὶ
978 2022 996 2057 ἠ

1048 2023 1106 2050 qua:
1120 2019 1148 2042 et
1166 2020 1207 2043 est
1232 2020 1261 2043 et
1286 2015 1387 2043 dicitur
1410 2015 1582 2051 philosophia
1605 2015 1706 2043 mentis
1722 2016 1810 2043 activa
1827 2027 1834 2043 ;

204 2067 272 2102 ζωή,
1045 2060 1272 2095 quemadmodum
1284 2061 1353 2089 viam
1366 2061 1521 2096 appellavit,
1541 2062 1588 2097 qui
1600 2061 1686 2089 dixit:
1702 2061 1758 2096 Ego
1775 2069 1833 2088 sum

1044 2107 1098 2140 cia,
1113 2108 1278 2140 resurrectio,
1292 2111 1316 2134 et
1331 2108 1383 2134 vita
1393 2108 1412 2134 '.

239 2156 293 2189 νς·’.
306 2155 392 2184 Πάλιν
402 2153 480 2189 αὖθις
488 2156 623 2192 ἀπορήσει
634 2156 704 2191 δρῶν
714 2155 833 2184 ἄϐυσσον
841 2156 991 2192 λογισμῶν,

1080 2153 1125 2181 56.
1146 2155 1240 2182 Denuo
1260 2154 1407 2188 haesitabit,
1424 2154 1568 2183 attendens
1588 2154 1714 2190 abyssum
1731 2154 1836 2190 cogita-

204 2200 253 2228 καὶ
277 2201 380 2236 πλῆθος
396 2201 502 2236 νηπίων
526 2201 718 2234 Βαϐυλωνίων,
733 2201 801 2228 ἀλλὰ
826 2202 873 2228 καὶ
890 2201 993 2238 ταύτην

1048 2200 1160 2233 tionum,
1174 2205 1202 2228 et
1215 2201 1416 2229 multitudinem
1429 2201 1603 2236 parvulorum
1614 2201 1836 2236 Babyloniorum.

203 2246 264 2273 λύει
271 2246 321 2282 τὴν
335 2247 452 2282 ἀπορίαν
465 2247 595 2283 Χριστδς,
606 2248 663 2282 εἴγε
674 2249 707 2284 τῇ
719 2248 797 2284 βάσει
810 2248 859 2283 τῆς
873 2248 993 2280 διανοίας

1048 2245 1099 2274 Sed
1115 2247 1187 2275 hanc
1202 2247 1282 2274 etiam
1294 2247 1497 2275 haesitationem
1514 2247 1596 2276 solvit
1607 2247 1743 2279 Christus,
1760 2247 1839 2274 dum,

203 2293 335 2327 διηνεκῶς
352 2292 396 2320 ἔτ’
411 2293 491 2319 αὐτὸν
503 2293 646 2329 ίστάμεθα.
660 2294 701 2322 Τὰ
716 2295 745 2321 δὲ
759 2295 846 2322 πάντα
865 2294 992 2322 Βαϐυλὼ-

1048 2293 1125 2321 modo
1141 2293 1167 2320 ei
1184 2293 1260 2321 velut
1272 2294 1356 2320 animi
1376 2293 1555 2321 fundamento
1569 2293 1745 2321 continenter.
1763 2292 1837 2319 inni-

204 2346 248 2365 νια
273 2338 359 2373 νήπια
380 2343 409 2365 η
431 2339 465 2374 τῇ
486 2339 576 2375 πέτρᾳ
597 2339 684 2376 ταύτῃ
705 2340 879 2376 ὲδαφιοῦντες
893 2342 993 2369 ἐναπο-

1048 2343 1144 2366 tamur.
1167 2338 1313 2366 Universos
1326 2342 1416 2366 autem
1431 2338 1591 2375 Babylonios
1606 2337 1753 2365 infantulos
1772 2337 1838 2365 huic

204 2383 340 2420 κρούομεν
351 2383 609 2420 πιηροῦντες,κατὰ
623 2385 654 2411 τὸ
669 2385 770 2420 λόγιον,
780 2386 831 2422 τὴν
845 2386 993 2422 ἐπιθυμίαν

1048 2389 1130 2420 μευ-ω
1156 2389 1285 2420 tanquam
1312 2385 1468 2419 pavimento
1495 2384 1643 2416 allidimus,
1677 2383 1836 2417 implentes,

204 2430 284 2466 ἡμῶν
292 2431 322 2462 ἐξ
335 2430 437 2458 αὔων.
449 2431 501 2464 ὀς
512 2431 578 2466 τὰρ,
593 2432 672 2467 φησι,
687 2433 839 2467 φυλάσσει
849 2432 991 2467 ἐντολὴν,

1048 2431 1120 2466 iuxta
1133 2431 1282 2466 eloquium,
1296 2431 1463 2459 desiderium
1476 2434 1600 2458 nostrum
1614 2437 1646 2457 ex
1666 2429 1733 2464 ipsis
1746 2429 1767 2456 ι.
1783 2429 1835 2460 Qui

203 2478 240 2504 οὐ
262 2476 408 2512 γνώσεται
425 2476 509 2512 ῥῆμα
527 2478 680 2512 πονηρόν-ο
707 2477 797 2514 χωρὶς
816 2479 872 2514 τὰρ
900 2478 992 2514 ἐμοῦ,

1048 2477 1125 2510 enim,
1147 2477 1246 2512 inquit,
1268 2478 1381 2505 custodit
1409 2481 1580 2512 praeceptum,
1609 2484 1661 2503 non
1685 2477 1836 2511 experietur

203 2523 268 2559 ἔφη,
279 2524 316 2551 οὐ
330 2523 464 2551 δύνασθε
479 2523 576 2551 ποιεῖν
590 2523 691 2552 οὐδέν.

1048 2523 1191 2559 quidquam
1205 2523 1270 2551 mali
1280 2524 1301 2550 ⁵.
1317 2522 1385 2556 Quia
1397 2523 1452 2550 sine
1466 2530 1518 2555 me,
1532 2521 1582 2556 ait,
1597 2521 1663 2549 nihil
1672 2522 1778 2556 potestis
1792 2522 1834 2557 ία-

1047 2577 1104 2596 cere
1120 2569 1141 2596 '.

237 2609 288 2642 νζ’.
303 2606 386 2642 Οὗτος
401 2609 528 2646 ἀληθινδς
541 2611 579 2647 τῷ
597 2610 654 2638 ὄντι
673 2612 799 2648 μοναχὸς,
812 2612 827 2639 δ
838 2612 918 2648 νῆψιν
925 2621 992 2640 κατ·-

1081 2614 1126 2642 57.
1144 2613 1194 2642 ilic
1208 2613 1331 2650 profecto
1351 2621 1433 2641 verus
1445 2616 1491 2641 est
1510 2612 1672 2646 monachus,
1696 2612 1742 2648 qui
1760 2617 1834 2641 recte

203 2654 306 2690 ορθῶν·
321 2655 369 2682 καὶ
381 2651 457 2688 οὗτος
473 2656 751 2693 ἀληθινὸςίνηφάλιος,
765 2658 780 2684 ὁ
796 2658 826 2685 ὲν
840 2658 941 2694 καρδίᾳ.
952 2657 990 2686 ὢν

1048 2660 1254 2695 temperantiam
1271 2664 1394 2693 exercet;
1411 2663 1441 2687 et
1454 2658 1499 2686 hic
1513 2665 1578 2686 vere
1600 2662 1756 2694 temperans
1779 2663 1832 2692 cst,

203 2702 331 2737 μοναχός.

1048 2705 1090 2740 qui
1103 2705 1255 2732 monachus
1269 2709 1310 2733 est
1325 2705 1427 2732 animo.

237 2750 290 2783 νην.
312 2748 584 2783 Συμπαρεκτείνεται
608 2749 764 2784 ἀνθρώποις
784 2750 798 2776 ὁ
815 2750 872 2785 βίος
893 2750 922 2776 ὲν
935 2750 989 2777 ἐνι-

1078 2751 1124 2778 58.
1146 2750 1205 2778 Vita
1221 2751 1362 2778 hominum
1376 2749 1559 2786 protenditur,
1578 2757 1627 2785 per
1641 2756 1739 2782 annos,
1754 2754 1831 2775 mcu-

201 2794 303 2826 atno‘k,
321 2794 350 2820 ὲν
367 2794 462 2830 μησὶν,
478 2795 507 2821 ὲν
530 2795 676 2830 ἑϐδομάσιν
688 2797 733 2830 ,ἐν
750 2805 779 2823 τε
792 2797 921 2832 ἡμέραις,
940 2797 988 2823 καὶ

1048 2802 1097 2828 ses,
1111 2795 1305 2829 hebdomadas,
1321 2796 1388 2829 dies,
1407 2795 1498 2827 horas,
1515 2799 1620 2827 noctes,
1641 2799 1669 2822 et
1693 2799 1830 2822 momenta

240 2893 249 2911 ι
261 2893 332 2922 Psal.
351 2903 392 2928 xc,
408 2879 436 2923 8i
473 2896 483 2911 '
500 2897 585 2924 Galat.
603 2905 640 2929 IV,
655 2896 682 2923 6.
711 2897 719 2913 '
733 2896 812 2925 Joan.
829 2905 868 2931 xi,
886 2896 931 2924 25.
971 2897 980 2913 ⁵
995 2897 1065 2925 Psal.
1082 2904 1187 2931 cxxxn,
1206 2897 1231 2924 5.
1271 2899 1280 2913 "
1295 2897 1378 2925 Eccli.
1396 2905 1453 2932 vui,
1467 2898 1492 2925 5.
1533 2899 1542 2913 ⁵
1555 2896 1632 2924 Joan.
1647 2904 1692 2928 xv,
1709 2895 1736 2922 5.
