2069 3147
207 179 275 214 1535

803 183 985 213 lIESYCHII
1006 183 1244 213 PRESBYTERI

1776 178 1845 212 1.536

241 236 286 264 70.
307 233 355 264 Va:
379 235 503 264 interiori
528 235 644 269 homini,
675 241 786 272 propter
821 238 997 265 exteriorem.

1089 236 1120 265 o'.
1139 237 1208 264 Οὐαὶ
1224 237 1270 264 τὺν
1284 236 1339 263 ἔσω
1355 236 1408 264 ἀπὸ
1421 237 1474 263 τῶν
1484 232 1552 269 ἔξω·
1570 235 1676 270 σφόδρα.
1689 234 1745 269 γὰρ
1757 235 1846 271 λυπηυ

204 281 321 311 Gravem
338 283 413 311 enim
432 281 586 309 molestiam
609 282 735 309 internus
755 283 838 311 homo
854 283 999 311 contrahet

205 329 241 356 ab
264 329 385 356 extemis
407 328 543 360 sensibus,
563 333 620 355 tum
648 329 693 356 ille
722 330 845 357 molestia
875 329 999 363 allectus,

205 375 318 410 flagellis
331 375 470 410 castigabi‘
487 382 546 402 eos.
557 374 608 408 Qui
622 380 766 403 exsecutus
775 381 817 403 est
831 377 902 411 quod
919 376 1001 404 habet

207 421 310 455 littera,
324 421 380 455 jam
400 421 477 448 novit
494 421 566 456 quod
583 422 750 449 theoremate
763 423 929 450 continetur.

245 478 289 506 71.
309 477 350 511 Si.
380 486 414 506 ex
438 479 574 506 sententia
602 479 724 511 Patrum,
757 480 872 507 interior
908 485 1002 508 noster

209 523 292 552 homo
305 525 340 552 sit
355 529 522 560 temperans,
544 525 625 553 etiam
647 525 810 553 exteriorem
830 531 919 561 potest
934 535 1001 554 con-

209 577 329 597 servare.
345 569 481 598 Caeterum
504 579 553 597 nos
573 576 600 598 et
620 571 752 598 malorum
777 571 921 599 effectores
946 572 1001 599 dae-

211 623 316 647 mones.
341 616 421 643 ambo
441 616 522 644 simul
547 621 738 651 perpetrantus
761 622 882 651 peccata.
904 618 942 645 Ac
975 617 1001 644 hi

209 660 321 694 quidem
338 659 365 686 in
387 660 599 695 cogitationibus
620 659 752 687 duntaxat
765 661 822 688 sive
838 661 1002 695 descriptio-

208 706 292 733 nibus
311 706 506 741 imaginatoriis
527 714 575 740 pro
595 706 710 733 arbitrio
733 706 852 734 formant
866 707 894 734 in
910 707 1002 734 animo

212 755 374 786 peceatum:
398 759 449 779 nos
474 756 564 778 autem
588 756 614 778 et
635 752 847 787 cogitationibus
871 752 955 784 intus,
975 757 1002 779 et

211 800 289 824 extra
304 797 434 832 operibus
448 797 523 832 ipsis.
544 797 611 824 Nam
630 805 692 825 cum
710 797 889 825 crassitudine
905 804 1002 831 corpo-

213 842 251 870 ris
266 842 406 870 dtemones
425 847 546 874 careant.
569 844 783 879 cogitationibus
804 843 878 875 solis,
899 842 1003 869 machi-

213 888 324 915 natione
347 893 429 923 atque
443 889 677 918 circumventione
689 890 815 917 nituntur
826 910 832 921 ,
849 894 876 916 et
892 888 1003 924 perinde

1053 283 1166 319 θήσεται
1179 284 1194 310 ὀ
1209 282 1282 310 ἔνδον
1303 282 1447 319 ἄνθρωπος
1462 281 1516 310 ἀπὸ
1533 281 1589 308 τῶν
1614 280 1666 312 ἔξω
1678 281 1845 316 αισθήσεωθ.

1053 329 1108 356 Καὶ
1133 328 1266 364 λυπηθεὶς
1289 326 1366 360 οὗτος
1392 327 1503 364 μάστιξι
1533 328 1666 362 χρήσεται
1695 326 1769 353 κατὰ
1792 326 1848 353 τῶν

1053 376 1106 410 ἔξω
1131 375 1298 411 αἰσθήσεων.
1326 375 1356 402 ’0
1381 374 1490 410 πράξας
1516 373 1547 400 τὸ
1571 373 1602 400 ὲν
1624 373 1663 408 τῷ
1687 373 1846 408 γράμματι,

1054 421 1105 457 ἤδη
1118 421 1225 455 ἐπέγνω
1245 420 1276 447 τὸ
1293 421 1323 447 ἐν
1338 420 1377 455 τῷ
1389 419 1559 455 θεωρήματι.

1054 510 1058 512 γ
1089 480 1139 505 οα’.
1164 477 1227 504 Ἐὰν
1244 478 1257 503 ὁ
1270 475 1324 502 ἔσω
1337 474 1416 512 ἡμῶν
1434 474 1580 510 ἄνθρωπος
1595 473 1666 500 κατὰ
1681 472 1744 504 τοὺς
1759 473 1845 500 Πατὲ-

1055 532 1108 558 ρας
1119 523 1212 558 νήφει,
1227 522 1339 553 δυνατός
1353 522 1411 548 ἐστι
1426 520 1542 555 φυλάξαι
1563 519 1612 546 καὶ
1633 519 1679 546 τὸν
1698 519 1761 552 ἔξω,
1776 519 1847 554 πλὴν

1053 570 1094 596 ὃτι
1105 570 1183 604 ἡμεῖς
1193 577 1223 595 τε
1236 568 1284 595 καὶ
1297 569 1320 594 οἱ
1329 576 1396 594 κακε
1402 567 1500 602 ργάται
1515 566 1642 600 δαίμονες
1651 565 1751 596 κοινῶς
1763 565 1847 599 ἄμφω

1054 614 1275 650 διαπραττόμεθα
1297 613 1346 645 τὰς
1364 612 1512 648 ἁμαρτίας.
1535 612 1591 638 Καὶ
1606 611 1631 636 οἰ
1655 611 1705 646 μὲν
1725 611 1754 637 εν
1774 610 1846 644 λογι-

1056 662 1133 695 σμοῖς
1151 659 1243 694 μόνον,
1259 659 1319 694 ἢτοι
1335 659 1363 685 ὲν
1379 657 1577 693 φαντασιὼδεσι
1603 656 1776 691 ζωγραφίαις
1788 657 1847 683 δια-

1056 705 1270 741 σχηματίζουσιν
1287 705 1316 731 tv
1331 704 1379 740 νῷ,
1395 704 1433 736 ὡς
1451 703 1611 739 βούλονται,
1625 703 1676 738 τὴν
1692 703 1847 738 ἁμαρτίαν·

1055 753 1135 786 ἡμεῖς
1148 752 1175 778 δὲ
1191 752 1237 778 καὶ
1247 751 1291 778 διὰ
1306 751 1448 786 λογισμῶν
1459 749 1566 776 ἔνδοθεν
1575 749 1622 776 καὶ
1633 749 1668 776 δι’
1680 749 1771 784 ἔργων
1783 749 1848 781 ἔξω·

1061 799 1120 828 οεν’
1138 800 1292 835 παχύτητος
1311 799 1364 835 γὰρ
1381 799 1516 834 σωμάτων
1529 797 1696 834 ἀποροῦντες
1712 798 1737 824 οἱ
1751 797 1849 833 δαίμο-

1055 855 1110 878 νες,
1125 846 1169 872 διὰ
1183 845 1324 880 λογισμῶν
1344 844 1424 880 μόνον
1441 843 1489 870 καὶ
1501 843 1643 879 δολιότητα
1658 843 1706 869 καὶ
1722 842 1847 878 ἀπάτην,

1056 893 1104 920 καὶ
1127 892 1166 924 ὡς
1188 892 1282 923 αὐτοῖς
1303 889 1465 926 προξενοῦσι
1487 889 1535 916 καὶ
1557 890 1624 924 ἡμῖν
1647 889 1698 924 τὴν
1724 889 1848 917 κόλασιν.

213 933 293 961 nobis
308 942 340 961 ac
359 934 412 962 sibi
439 941 588 969 procurant
605 936 779 970 supplicium.
803 934 882 967 Quod
903 935 924 962 si
945 933 1004 961 cxi-

1062 939 1088 966 Ei
1100 938 1154 974 γὰρ
1168 937 1323 973 παχύτητος
1342 936 1477 971 σωμάτων
1495 936 1533 971 μὴ
1547 935 1740 970 ὲστερίσκοντο
1754 936 1778 961 οἰ
1788 934 1848 961 ἀλι-

214 977 293 1006 liales
307 979 345 1006 illi
360 979 439 1007 molis
449 988 588 1015 corporeae
603 989 656 1008 non
672 985 763 1009 essent
776 985 911 1015 expertes,
925 981 1005 1007 etiam

214 1024 293 1051 laetis
319 1024 386 1059 ipsis
416 1033 530 1060 peccare
555 1034 610 1053 non
635 1027 818 1054 desinerent:
844 1030 874 1052 ut
900 1026 945 1060 qui
973 1024 1006 1052 ad

214 1069 298 1104 impie
324 1070 458 1106 agendum
487 1075 609 1106 paratam
639 1079 747 1106 semper
779 1074 888 1099 servent
916 1071 1007 1098 inten-

218 1114 332 1142 tionem.

251 1161 296 1188 72.
317 1161 381 1188 Sola
397 1162 520 1197 precatio
541 1163 660 1197 perimit,
684 1167 712 1190 et
732 1163 759 1189 in
774 1162 894 1190 cinerem
911 1162 1009 1198 redigit

215 1215 311 1236 eorum
325 1207 456 1235 fraudes:
475 1215 573 1242 nempe
593 1207 673 1236 Iesus
694 1208 764 1235 Deus
782 1212 809 1234 et
829 1207 875 1235 Dei
893 1207 977 1234 Filius
993 1215 1007 1234 a

217 1254 297 1282 nobis
322 1254 496 1281 continenter
520 1258 548 1281 et
567 1254 626 1281 sine
650 1253 822 1280 haesitatione
842 1253 1007 1280 invocatus:

217 1298 264 1333 qui
279 1305 390 1333 prorsus
401 1297 441 1324 eis
454 1305 508 1324 non
521 1297 664 1332 permittit,
683 1301 712 1323 ut
727 1297 770 1324 vel
791 1296 897 1323 initium
916 1297 1009 1324 incur-

217 1343 304 1371 sionis
322 1351 378 1370 sua:
394 1343 487 1378 (quam
502 1343 584 1370 etiam
606 1343 815 1378 impressionem
837 1343 1011 1377 vocant),aut

218 1388 334 1416 formam
350 1388 548 1416 subostendant
564 1388 647 1415 menti
664 1388 692 1415 in
704 1388 815 1423 speculo
830 1387 984 1415 intellectus
1002 1396 1008 1414 ε

219 1433 263 1460 vel
276 1433 409 1468 quosdam
427 1440 570 1461 sermones
589 1432 707 1460 habeant
719 1440 781 1460 cum
798 1433 891 1460 corde.
914 1431 1011 1459 Forma

220 1485 302 1512 porro
324 1477 502 1509 daemoniaca,
523 1485 583 1512 qua:
606 1477 695 1504 nullas
718 1477 798 1504 habet
815 1477 886 1504 vires
910 1477 938 1504 in
954 1484 1011 1510 cor,

219 1523 274 1551 erit
283 1523 366 1551 etiam
381 1531 467 1551 vacua
490 1523 710 1557 cogitationibus,
732 1527 762 1550 ut
782 1523 901 1551 diximus
924 1531 931 1549 :
949 1523 1013 1558 quia

219 1569 430 1604 cogitationibus
446 1569 680 1596 intercedentibus
695 1569 814 1596 animam
829 1569 897 1596 clam
912 1569 1012 1604 alloqui

220 1614 303 1647 solet,
319 1619 348 1642 et
361 1614 478 1642 edocere
491 1614 565 1641 vitia.

257 1669 303 1696 73.
333 1669 516 1702 Quamobrem
548 1669 720 1696 assiduarum
753 1677 864 1705 precum
899 1669 1012 1702 auxilio,

222 1719 355 1750 purgatur
381 1721 427 1741 aer
449 1715 548 1742 mentis
570 1720 670 1743 nostra:
693 1716 797 1743 nebulis
824 1716 960 1748 obscuris,
987 1719 1015 1743 et

223 1760 314 1788 ventis
346 1759 574 1794 nequissimorum
605 1761 760 1795 spirituum.
797 1760 895 1788 Mentis
924 1766 1014 1788 autem

224 1813 289 1832 aere
304 1809 426 1840 purgato,
443 1811 496 1831 non
513 1809 611 1840 potest,
628 1805 726 1840 inquit,
743 1805 769 1832 ei
786 1813 841 1832 non
861 1805 952 1832 lucere
974 1805 1015 1832 di-

226 1850 319 1878 vinum
335 1849 398 1878 Jesu
419 1850 509 1876 lumen
530 1859 536 1877 :
561 1850 640 1877 modo
658 1858 692 1877 ne
714 1858 781 1877 vana
808 1850 903 1885 gloria,
921 1857 1016 1884 super-

225 1897 270 1924 bia
290 1901 318 1924 et
341 1896 524 1924 ostentatione
556 1896 642 1923 simus
664 1896 760 1928 inflati,
786 1901 814 1923 et
842 1895 957 1923 leviores
982 1896 1016 1923 ad

226 1944 360 1980 captanda
377 1952 438 1980 quae
450 1949 515 1972 sunt
533 1944 816 1979 incomprehensibilia
834 1953 840 1970 :
862 1950 889 1971 et
903 1944 935 1971 ab
951 1943 1016 1972 Jesu

226 1990 395 2026 reperiamur
419 1997 474 2017 non
494 1997 554 2018 esse
581 1990 760 2025 opitulatione
785 1990 870 2025 digni,
891 1997 925 2017 eo
945 1989 1016 2027 quod

226 2035 353 2062 Christus
370 2034 452 2062 index
467 2034 628 2062 humilitatis
641 2034 730 2062 oderit
747 2034 810 2061 vilia
826 2034 881 2061 illa.

262 2091 306 2118 7t.
328 2090 428 2118 Demus
449 2097 514 2125 ergo
531 2090 599 2117 colla
623 2090 731 2118 duobus
756 2090 827 2122 istis,
851 2090 967 2118 orationi
991 2096 1019 2120 et

229 2135 375 2163 humilitati
397 2142 404 2161 :
429 2142 490 2169 quae
521 2135 643 2162 adhibita
671 2135 849 2171 temperantia
878 2139 943 2163 sunt
969 2136 1019 2164 ad-

228 2188 325 2209 versus
351 2180 488 2208 daemones
522 2185 646 2213 armata,
674 2181 787 2216 perinde
816 2189 848 2209 ac
876 2181 1020 2210 ﬂammeus

228 2227 312 2254 ensis.
336 2225 461 2259 Quandiu
488 2226 562 2253 enim
590 2226 629 2254 sic
649 2234 772 2262 agemus,
795 2227 907 2263 singulis
923 2227 1020 2255 diebus

1057 985 1157 1019 τήριοι,
1176 983 1229 1010 οὐδ’
1244 982 1277 1010 ἂν
1291 982 1338 1009 καὶ
1352 981 1385 1008 δι’
1402 980 1490 1016 ἔργων
1513 981 1682 1016 ἁμαρτάνειν
1705 979 1848 1013 ἐπαύοντο,

1058 1029 1170 1064 ἑτοίμην
1190 1028 1230 1059 εἰς
1252 1027 1282 1054 τὸ
1301 1026 1412 1054 ἀσεϐεῖν
1430 1026 1480 1062 τὴν
1506 1026 1669 1061 προαίρεσιν
1689 1026 1732 1053 ἀεὶ
1750 1025 1850 1052 διασώ-

1060 1074 1162 1107 ζοντες.

1095 1164 1144 1199 οβ’.
1157 1163 1231 1198 Εὑχὴ
1243 1163 1271 1189 δὲ
1288 1161 1477 1197 μονολόγιστος
1490 1160 1590 1188 κτείνει
1605 1169 1634 1187 τε
1651 1161 1698 1186 καὶ
1721 1159 1850 1195 ἐκτεφροῖ

1060 1211 1108 1242 τὰς
1124 1209 1215 1237 αὐτῶν
1235 1210 1353 1240 ἀπάτας.
1369 1208 1401 1235 δι’
1415 1207 1496 1242 ἡμῶν
1521 1205 1766 1241 παρακαλούμενος
1796 1205 1850 1240 ’1η-

1062 1255 1124 1287 σοῦς
1135 1256 1150 1281 ὁ
1166 1255 1231 1287 Θεὸς
1254 1255 1302 1282 καὶ
1316 1253 1385 1281 Θεοῦ
1399 1253 1474 1285 Υἰὺς,
1490 1251 1610 1287 συνεχῶς
1622 1251 1651 1279 δὲ
1670 1251 1716 1278 καὶ
1732 1251 1849 1283 ἀόκνως,

1063 1301 1125 1337 μηδ’
1142 1301 1211 1333 ὅλως
1226 1300 1401 1336 παραχωρῶν
1421 1299 1538 1331 τούτοις,
1552 1298 1615 1325 οὕτε
1630 1297 1681 1333 τὴν
1696 1297 1784 1332 ἀρχὴν
1801 1297 1851 1331 τῆς

1062 1347 1200 1382 εἰσϐολῆς,
1217 1347 1250 1382 ἣν
1263 1347 1295 1381 δὴ
1313 1346 1361 1373 καὶ
1375 1345 1531 1382 προσϐολὴν
1552 1344 1692 1375 καλοῦσιν,
1709 1343 1850 1375 ὑποδεῖξαι

1062 1394 1101 1430 τῷ
1120 1394 1157 1430 νῷ
1171 1395 1199 1420 ὲν
1219 1394 1367 1428 κατόπτρῳ
1379 1393 1429 1427 τῆς
1447 1391 1578 1423 διανοίας,
1598 1391 1629 1417 οὐ
1654 1390 1772 1425 μορφὴν,
1787 1388 1850 1416 οὔτε

1065 1440 1118 1476 μὴν
1133 1439 1228 1473 λόγους
1252 1438 1327 1470 τινὰς
1344 1437 1462 1472 λαλῆσαι
1483 1438 1518 1473 τῇ
1534 1435 1645 1471 καρδίᾳ.
1663 1434 1852 1470 Δαιμονιιὶιδης

1063 1486 1090 1514 δὲ
1115 1485 1207 1521 μορφὴ
1233 1484 1270 1520 μὴ
1288 1483 1447 1510 είσδύνουσα
1466 1483 1495 1510 ἐν
1514 1482 1624 1518 καρδίᾳ,
1634 1481 1682 1508 καὶ
1700 1480 1852 1515 λογισμῶν,

1063 1531 1100 1562 ὡς
1120 1530 1236 1565 ἔφημεν,
1257 1528 1324 1564 κενὴ
1340 1528 1430 1560 ἔσται,
1451 1528 1492 1554 ὅτι
1511 1528 1544 1562 τῇ
1561 1526 1635 1562 ψυχῇ
1650 1526 1694 1553 διὰ
1714 1525 1854 1560 λογισμῶν

1064 1575 1167 1610 ὁμιλεῖν
1197 1583 1227 1601 τε
1249 1573 1296 1601 καὶ
1315 1573 1486 1601 ἐκδιδάσκειν
1505 1573 1556 1608 τὴν
1585 1571 1687 1600 κακίαν
1703 1570 1764 1603 ἔθος
1782 1570 1852 1606 αὐτῇ

1028 1609 1049 1639 C
1065 1609 1228 1656 λεληθότως.

1099 1681 1147 1712 ογ’.
1168 1676 1213 1709 Ἐξ
1228 1676 1312 1711 εὐχῆς
1327 1673 1373 1702 οῦν
1388 1675 1519 1710 συνεχοῦς
1533 1673 1682 1709 καθαρεύει
1697 1673 1712 1700 ὸ
1733 1672 1789 1708 ἀὴρ
1805 1673 1855 1706 τῆς

1064 1723 1185 1753 διανοίας
1202 1723 1235 1748 ἐκ
1252 1721 1341 1756 νεφῶν
1365 1720 1521 1753 σκοτεινῶν,
1544 1720 1575 1752 ἐξ
1597 1719 1706 1754 ἀνέμων
1730 1717 1854 1752 πνευμά-

1065 1776 1120 1794 των
1137 1765 1341 1802 πονηροτάτων.
1356 1765 1564 1801 Καθαρεύοντος
1574 1765 1604 1791 δὲ
1614 1764 1661 1791 τοῦ
1676 1764 1727 1799 τῆς
1740 1762 1855 1798 καρδίας

1066 1813 1160 1848 ἀέρος,
1171 1812 1330 1839 ἀνένδεκτον
1347 1811 1385 1847 μὴ
1399 1811 1518 1847 λάμπειν
1534 1811 1617 1846 φησὶν
1629 1809 1705 1845 αὐτῷ
1719 1809 1750 1836 τὸ
1765 1809 1856 1835 θεῑκὸν

1067 1859 1125 1894 φῶς
1144 1858 1242 1895 Ἰησοῦ,
1264 1860 1289 1886 εί
1309 1859 1389 1894 μήτοι
1408 1866 1440 1893 γε
1457 1858 1511 1885 ὑπὸ
1531 1857 1686 1890 κενοδοξίας
1704 1856 1752 1883 καὶ
1769 1855 1856 1890 τύφου

1067 1906 1115 1932 καὶ
1129 1905 1320 1940 φανητιασμοῦ
1348 1904 1510 1940 φυσώμεθα,
1532 1903 1579 1931 καὶ
1604 1902 1793 1938 κουφιζόμεθα
1816 1903 1856 1932 εἰς

1067 1949 1102 1977 τὰ
1119 1951 1249 1986 ἀκίχητα,
1265 1950 1313 1977 καὶ
1326 1949 1476 1985 ἁϐοήθητοι
1487 1949 1556 1985 πρὸς
1574 1948 1662 1985 Ἰησοῦ
1673 1947 1857 1984 εὑρισκόμεθα

1068 1997 1156 2030 αὐτοὶ,
1173 1997 1212 2032 τῷ
1228 1997 1318 2032 μισεῖν
1342 1995 1387 2023 τὸν
1411 1995 1528 2031 Χριστὸν
1551 1995 1586 2023 τὰ
1602 1995 1727 2028 τοιαῦτα,
1742 1994 1789 2021 τὸν
1806 1993 1857 2027 τῆς

1068 2042 1261 2073 ταπεινώσεως
1275 2041 1450 2077 ὑποδείκτην.

1104 2095 1150 2123 οδ¹.
1173 2095 1313 2131 Ἐχώμεθα
1328 2096 1420 2124 τοίνυν
1436 2096 1519 2132 εὐχῆς
1537 2096 1585 2123 καὶ
1600 2096 1794 2128 ταπεινώσεως
1804 2095 1859 2122 τῶν

1070 2139 1116 2167 δύο
1137 2139 1251 2173 τούτων,
1269 2140 1349 2168 ἅτινα
1372 2140 1443 2168 κατὰ
1464 2140 1600 2175 δαιμόνων
1616 2140 1666 2168 σὺν
1685 2140 1766 2175 νήψει
1781 2140 1857 2166 ὁπλί-

1070 2185 1173 2218 ζονται,
1183 2183 1230 2213 οἷα
1241 2186 1366 2222 μάχαιρα
1377 2187 1505 2221 φλόγινος
1514 2195 1522 2202 ’
1535 2186 1626 2219 ἔξεστι
1638 2186 1692 2222 γὰρ
1706 2187 1774 2222 ἡμῖν
1787 2186 1860 2213 οὓτω

1071 2239 1104 2266 γε
1120 2231 1228 2258 ποιοῦσι
1248 2232 1308 2259 καθ’
1324 2232 1432 2267 ἡμέραν
1452 2233 1499 2259 καὶ
1523 2232 1585 2259 καθ’
1607 2232 1683 2268 ῶραν
1703 2232 1860 2268 καρδωκῶς

228 2277 257 2300 et
270 2271 344 2300 horis
356 2271 421 2304 laeti,
436 2271 582 2307 mysticum
596 2271 696 2300 festum
711 2271 803 2300 animo
817 2272 956 2300 celebrare
973 2280 1011 2308 po

1071 2276 1209 2313 μυστικῶς
1226 2277 1388 2312 γηθομὲνοις
1407 2277 1556 2312 ἑορτάζειν.

230 2318 355 2346 terimus.

265 2375 309 2402 τε.
328 2375 395 2403 Octo
415 2374 601 2411 generaliores
623 2373 730 2402 vitiosae
748 2374 936 2410 cogitationes,
957 2382 1019 2410 qua:

230 2420 422 2456 cogitationem
435 2428 546 2449 omnem
568 2420 799 2455 complectantur,
820 2424 849 2447 et
866 2420 938 2447 unde
950 2428 1020 2447 cun-

231 2469 282 2493 cta
301 2470 449 2492 nascuntur
472 2465 712 2501 (quemadmodum
731 2472 766 2493 ex
784 2464 850 2493 Jove
862 2469 890 2492 et
911 2465 1019 2493 lunone

231 2511 322 2539 omnis
346 2513 452 2540 daemon
477 2513 678 2545 exsecrandus,
705 2513 774 2541 deus
796 2512 963 2546 Graecorum.
989 2517 1021 2540 ut

233 2557 325 2585 ferunt
341 2558 448 2586 illorum
479 2558 600 2594 fabulae).
616 2566 713 2586 omnes
748 2559 864 2587 redeunt
891 2559 926 2586 ad
947 2559 1021 2587 foros

232 2602 327 2631 animi.
343 2603 408 2636 Qure
424 2612 486 2632 cum
497 2604 654 2632 invenerint
668 2608 789 2632 mentem
803 2604 924 2632 custodia
936 2604 1022 2632 desti~

234 2653 331 2681 tutam,
345 2649 480 2686 sigillatim
492 2650 694 2685 ingrediuntur,
705 2658 755 2678 suo
761 2658 875 2685 quaeque
888 2653 1020 2685 tempore.

233 2694 407 2732 Quaecunque
421 2697 507 2729 enim,
521 2695 628 2723 illarum
645 2701 717 2728 octo,
730 2697 857 2732 cogitatio
867 2697 1021 2725 ascendens

235 2740 263 2768 in
276 2741 407 2775 animum,
421 2741 607 2769 introduxerit
621 2742 780 2774 exercitum,
796 2750 896 2778 nempe
912 2749 1020 2779 gregem

234 2787 416 2815 obscenarum
443 2786 649 2823 cogitationum,
666 2795 708 2820 ea,
729 2788 905 2816 obtcnebrata
920 2793 1022 2822 mente,

236 2837 367 2869 provocat
387 2841 494 2870 corpus,
514 2841 646 2863 conversa
661 2834 693 2862 ad
708 2842 790 2870 opera
811 2835 899 2870 turpia
923 2842 1023 2870 perpe-

239 2877 346 2906 tranda.

1100 2380 1152 2405 σε’.
1165 2377 1198 2404 Οἱ
1209 2376 1281 2404 ὀκτὼ
1306 2376 1486 2409 γενικώτατοι
1501 2377 1552 2413 τῆς
1561 2377 1662 2410 κακίας
1679 2377 1816 2413 λογισμοὶ,
1829 2377 1858 2404 ἐν

1069 2421 1111 2456 οἷς
1125 2423 1284 2460 περιέχεται
1296 2424 1352 2455 πᾶς
1372 2423 1513 2459 λογισμὸς,
1529 2423 1576 2451 καὶ
1587 2424 1617 2458 ἐξ
1637 2420 1675 2451 ὧν
1698 2424 1797 2455 πάντες
1809 2422 1859 2458 τήν

1069 2469 1177 2504 γένεσιν
1188 2469 1296 2504 ἔχουσιν
1307 2468 1356 2503 (ὡς
1368 2469 1400 2495 ὲκ
1408 2469 1457 2504 τῆς
1468 2469 1559 2504 Ἥρας
1567 2472 1601 2497 ’τε
1611 2468 1660 2495 καὶ
1673 2468 1721 2495 τοῦ
1731 2469 1793 2500 Διδς
1805 2468 1858 2500 πᾶς

1069 2514 1176 2549 δαίμων
1191 2512 1293 2549 ἐναγὴς
1309 2511 1368 2544 Θεὸς
1382 2513 1505 2548 Δαναῶν,
1521 2514 1591 2541 κατὰ
1603 2514 1666 2545 τοὺς
1680 2513 1793 2540 ἐκείνων
1807 2513 1858 2548 μύ-

1071 2559 1156 2594 θους),
1169 2559 1269 2591 πάντες
1283 2559 1446 2595 ἁνέρχονται
1465 2560 1495 2586 ὲν
1509 2559 1581 2595 πύλῃ
1602 2559 1713 2596 καρδίας
1725 2580 1732 2592 ,
1752 2560 1800 2587 καὶ
1814 2560 1860 2586 τὸν

1071 2604 1136 2633 νοῦν
1154 2604 1281 2641 εὑρόντος
1305 2604 1471 2639 ἀφύλακτον,
1488 2603 1529 2638 εἷς
1548 2606 1610 2632 καθ’
1629 2602 1671 2637 εἷς
1688 2605 1859 2641 εἰσέρχονται

1072 2652 1102 2679 ὲν
1118 2650 1175 2686 ἰδίῳ
1189 2650 1288 2686 καιρῷ.
1304 2650 1450 2685 Ὁπότερος
1462 2650 1517 2685 γὰρ
1531 2650 1587 2678 τῶν
1600 2650 1672 2678 ὀκτὼ
1684 2650 1860 2686 διαλογισμὸς

1072 2695 1176 2727 ᾁναὸὰς
1191 2695 1222 2722 ὲν
1239 2694 1338 2730 καρδίᾳ
1358 2694 1468 2731 εἰσέλθῃ
1489 2694 1575 2730 ltrpr
1587 2693 1728 2729 λογισμῶν
1739 2693 1860 2728 αἰσχρῶν

1073 2743 1201 2778 φάλαγγα
1222 2741 1389 2775 εἰσαγαγεῖν,
1410 2741 1459 2768 καὶ
1477 2741 1549 2768 οὕτω
1567 2741 1613 2768 τὸν
1636 2740 1700 2768 νοῦν
1717 2739 1858 2770 σκοτίσας,

1074 2787 1186 2814 ἐκκαλεί
1198 2787 1228 2813 τὸ
1244 2786 1332 2821 σῶμα,
1350 2786 1518 2822 τρεπόμενος
1534 2786 1575 2818 εἰς
1588 2784 1724 2822 ἐργασίαν
1737 2783 1860 2820 αἰσχρῶν

1077 2834 1208 2870 πράξεων.
