2069 3147
221 180 287 213 ί537

590 180 639 211 DE
653 179 929 210 TEMPEBANTIA
945 180 992 209 ET
1014 179 1194 210 VlllTUTE.
1215 193 1248 196 —
1266 180 1460 210 CENTURIA
1480 181 1522 213 Il.

1789 180 1857 213 1538

252 235 306 268 ος’.
326 235 356 261 '0
367 235 456 261 τοίνυν
470 235 519 270 τὴν
535 235 658 271 κεφαλὴν
674 236 767 271 τηρῶν
783 236 833 270 τὴν
849 235 896 262 τοῦ
909 235 1008 270 ὄφεως.

1097 234 1142 262 76.
1163 234 1336 270 Quapropter
1353 235 1399 270 qui
1415 241 1497 270 caput
1511 236 1646 271 serpentis
1658 237 1856 271 observaverit,

217 283 266 310 καὶ
285 282 319 308 δι’
334 282 522 317 ἀντιρρήσεως
541 281 700 317 θυμοειδοῦς
719 281 884 317 δακεθὺμοις
904 282 1008 317 ῥήμασι

217 327 369 364 χρώμενος,
384 327 438 359 πὺξ
460 327 550 362 βαλὼν
564 328 672 363 δείματι
695 328 889 363 ἀπεκρούσατο
901 327 946 354 τδν
961 336 1008 354 πο-

219 374 310 410 λέμιον
325 373 349 409 (ὃ
366 373 414 400 καὶ
430 373 477 400 νῦν
492 383 533 406 τις
546 374 625 405 ἄλλος
637 372 671 409 ἦν
683 375 809 409 κοπιῶν),
822 374 941 409 Πρῶτος
950 373 1009 400 τῶν

218 419 341 454 καρπῶν
368 419 543 454 μεταλάϐοι,
566 420 603 453 ὡς
630 420 703 447 δοκεῖ
734 420 843 456 Παύλῳ.
868 420 897 447 ’0
919 420 1009 447 τοίνυν

220 466 290 492 θλῶν
302 465 351 501 τὴν
364 465 460 501 χάραν,
481 465 600 500 ιξὲφυγι
614 466 662 493 καΧ
679 466 794 498 πολλοὺς
813 466 949 501 πονηροὺς
965 465 1009 493 λο-

219 511 337 547 γισμοὺς
360 510 408 538 καί
433 510 503 547 ἔργα
529 512 712 548 πονηρότερα,
736 512 783 539 καὶ
805 512 866 539 τότε
886 512 1010 548 διαμένει

220 557 378 593 ἀκύμαντος
393 558 409 593 ἡ
426 557 543 591 διάνοια,
560 558 608 585 τοῦ
626 558 694 585 Θεοῦ
717 558 938 594 ἁπεκδεχομένου
960 557 1010 592 τὴν

220 605 306 641 αὐτῆς
318 604 484 641 ἐγρήγορσιν
496 605 536 637 εἰς
550 605 613 637 τοὺς
624 604 782 640 λογισμοὺς,
795 605 843 632 καὶ
853 605 1013 640 ἀντιδωρου-

222 652 302 687 μένου
318 650 387 686 αὐτῇ
404 650 516 684 εἰδέναι,
539 650 599 683 πῶς
616 651 657 678 δεῖ
677 651 873 687 περιγενισθαι
884 651 948 683 τοὺς
963 650 1012 677 ἀν-

220 697 414 729 τιπαλαίοντας
426 697 523 733 αὐτὴν,
537 697 584 724 καὶ
592 697 666 729 ὅπως
677 697 730 733 χρὴ
746 697 926 732 καθαίρεσθαι
941 698 1013 724 κατὰ

221 742 321 778 μικρὸν
342 742 393 777 τὴν
416 742 541 778 καρδίαν,
568 743 601 769 ἐκ
624 742 764 777 λογισμῶν
786 742 949 770 κοινούντων
965 742 1013 769 καὶ

222 789 383 824 μιαινόντων
396 789 442 816 τδν
458 788 532 820 ma.
545 789 704 825 ἄνθρωπον,
719 789 758 821 ὥς
776 797 859 824 φησιν
873 790 888 815 ὁ
899 788 1012 824 Κύριος,

227 836 278 863 Ἐκ
295 835 349 870 τῆς
368 835 494 870 καρδίας
514 836 691 872 ἐξέρχονται
709 827 900 872 διαλογισμοὶ
918 843 1013 871 πονη-

219 881 278 916 ροὶ,
290 881 436 916 πορνεῖαι,
446 881 589 917 μοιχεῖαι,
601 881 725 910 κάκεῖνά
734 882 794 909 sim
806 882 842 909 τὰ
852 881 1014 910 κοινοῦντα

221 928 273 954 τὸν
288 927 458 961 ἄνθρωπον.
747 937 766 960 ’,τ

257 972 306 1005 σε’.
325 974 428 1005 Ὄντως
439 973 494 1010 ἄρα
507 973 618 1001 δύναται
629 973 703 1010 ψυχὴ
716 974 748 1007 ὲν
766 974 862 1010 Κυρὲῳ
870 973 966 1007 στῆναι
980 975 1014 1009 τῇ

223 1020 323 1054 ἑαυτῆς
340 1019 478 1056 εὐμορφίᾳ
494 1021 541 1047 καὶ
557 1021 707 1056 ὡραιότητι
716 1021 765 1058 καὶ
778 1021 918 1057 εὐθύτητι,
932 1021 970 1052 ὡς
985 1021 1016 1054 ἐξ

223 1066 310 1101 ἀρχῆς
325 1066 393 1102 πρὸς
407 1066 475 1093 Θεοῦ
489 1067 601 1102 ἐκτίσθη
619 1066 679 1094 λίαν
695 1067 778 1104 καλή
792 1076 822 1094 τε
837 1067 885 1095 καὶ
912 1066 1015 1099 εὐθεῖα,

223 1111 314 1144 καθώς
333 1120 416 1148 φησιν
430 1113 444 1139 ό
461 1112 547 1147 μέγας
563 1112 611 1139 τοῦ
641 1113 744 1148 Κυρίου
756 1113 891 1148 Δθεράπων
915 1112 1016 1140 Ἀντὼ

220 1166 289 1190 νιος,
302 1157 351 1192 τῆς
364 1157 454 1193 ψυχῆς
468 1157 498 1184 τὸ
506 1157 602 1193 νοερὸν
618 1158 690 1186 κατὰ
703 1158 786 1194 φύσιν
801 1159 917 1194 ἑκούσης
931 1159 1016 1194 ἀρετῇ

224 1203 379 1230 συνίσταται
391 1212 398 1219 ·
413 1205 461 1230 καὶ
469 1203 549 1231 πάλιν
561 1202 622 1230 εἷπε
632 1210 639 1218 ⁸
650 1204 686 1231 Τὸ
697 1205 751 1240 γὰρ
764 1204 873 1235 εὐθεῖαν
885 1202 955 1232 εἷναι
966 1205 1018 1240 τὴν

223 1243 323 1283 ψυχὴν,
337 1247 418 1274 τοῦτό
436 1249 495 1275 ἐστι
520 1249 552 1275 τὸ
573 1249 645 1276 κατὰ
664 1249 747 1284 φύσιν
767 1250 863 1285 νοερὸν
887 1250 956 1286 αὐτῇ
978 1250 1017 1282 ὡς

224 1293 340 1329 ἐκτίσθη
351 1301 358 1309 ·
376 1293 424 1321 καὶ
439 1293 499 1329 μετ’
513 1294 591 1330 ὀλίγα
605 1292 683 1327 αὖθίς
698 1295 1017 1331 φησι⁶1ίαθαρεύσωμεν

224 1339 274 1374 τὴν
291 1339 423 1368 διάνοιαν.
446 1339 517 1375 Ἐγὼ
543 1340 597 1376 γὰρ
619 1341 741 1368 πιστεύω
754 1342 795 1368 ὅτι
819 1341 1018 1378 καθαρεύσασα

224 1385 297 1422 ψυχὴ
312 1387 482 1423 πανταχόθεν
495 1388 543 1415 καὶ
567 1389 638 1416 κατὰ
657 1388 738 1427 φύσιν
759 1389 869 1417 ἑστῶτα
880 1410 888 1422 ,
906 1389 1017 1417 δύναται

223 1433 365 1469 διορατικὴ
381 1434 514 1470 γενομένη
531 1434 644 1462 πλείονα
671 1435 718 1462 καὶ
734 1436 892 1470 μακρότερα
907 1435 1018 1470 βλέπειν

224 1478 278 1506 τῶν
290 1479 444 1515 δαιμόνων,
465 1479 566 1515 ἔχουσα
591 1481 637 1508 τὸν
667 1481 895 1508 ἀποκαλύπτοντα
915 1481 1018 1516 Κύριον

224 1525 293 1561 αὐτῇ
304 1534 311 1542 ο
328 1526 392 1554 τάδε
421 1527 504 1562 φησὶν
518 1527 532 1554 6
548 1525 654 1559 κλεινὺέ
673 1526 827 1558 “Δντώνιο;,
843 1526 882 1558 ὥς
898 1535 981 1563 φησιν
1003 1528 1018 1554 6

227 1571 314 1608 μέγας
337 1571 498 1605 ’Δθανάσιος
510 1573 540 1600 ἐν
555 1573 593 1609 τῷ
607 1572 671 1608 περὶ
693 1572 838 1600 Ἀντωνίου
852 1572 917 1608 Βίῳ.

262 1707 312 1742 (ιη’.
328 1703 385 1738 Πᾶς
412 1704 540 1741 λογισμὸς
555 1705 691 1740 φαντασία
705 1705 734 1732 ἐν
753 1705 792 1741 νῷ
807 1704 932 1741 αἰσθήσει
947 1705 1019 1738 τινὸς

228 1750 391 1786 πράγματος
399 1759 407 1767 ο
418 1750 480 1783 νοῦς
488 1750 543 1786 γὰρ
551 1750 588 1777 ὢν
601 1751 615 1778 ὁ
633 1750 775 1786 Ἀσσύριος
788 1750 840 1777 οὐκ
853 1749 940 1782 ἄλλως
949 1750 1020 1778 ἁπα-

228 1797 278 1832 τᾷν
291 1796 423 1832 ὲξισχύει,
444 1798 468 1824 εί
487 1797 525 1833 μὴ
543 1797 674 1833 χρήσεται
701 1798 758 1829 τοῖς
784 1796 849 1832 παρ’
867 1796 946 1832 ἡμῶν
977 1798 1020 1823 αἰ-

229 1842 337 1880 σθητοῖς
348 1844 396 1871 καὶ
411 1843 566 1880 συνήθεσιν.

265 1933 312 1961 οϐ’.
334 1933 378 1964 Ὠς
396 1933 426 1959 οὺ
442 1932 552 1960 δυνατὸν
567 1932 622 1967 ἄρα
632 1931 713 1966 ὄρνεα
728 1931 838 1958 διώκειν
850 1932 924 1966 ἡμᾶς
939 1932 967 1957 ιν
980 1931 1019 1966 τῷ

229 1980 291 2015 ἀέρι
303 1979 429 2015 πτερωτὰ
439 1978 520 2009 ὄντας
532 1975 704 2012 ἀνθρώπους,
715 1976 732 2012 ἢ
748 1975 912 2003 ἁνίπτασθαι
925 1975 1020 2011 ὥσπερ

230 2025 355 2058 κάκεῖνα,
369 2023 448 2050 τοῦτο
462 2023 512 2058 τῆς
528 2022 607 2058 ἡμῶν
634 2021 743 2056 φύσεως
763 2021 814 2048 οὐκ
827 2020 957 2056 ἐχούσης⁹
972 2019 1019 2047 οὗ-

230 2079 283 2102 τως
293 2070 324 2097 οὒ
341 2069 452 2097 δυνατὸν
481 2069 629 2105 λογισμοὺς
644 2068 818 2105 αὐτομάτους
832 2069 1020 2105 δαιμονιώδεις

231 2116 422 2152 περιγενέσθαι
434 2115 519 2152 χωρὶς
534 2115 617 2151 εὐχῆς
630 2115 767 2151 νηπτικῖκ
788 2113 891 2150 συχνῆς
901 2134 908 2146 ,
926 2114 942 2150 ἢ
957 2115 1020 2141 ἁτε-

229 2164 284 2196 νῶς
295 2164 364 2199 ἄγαν
379 2163 447 2199 πρὸς
460 2163 527 2190 Θεὸν
535 2163 613 2198 ὄμμα
624 2162 670 2190 νοῦ
682 2161 822 2198 νήχεσθαι.
833 2162 864 2188 Et
877 2160 905 2188 δὲ
912 2159 954 2194 οὒ,
968 2161 1020 2196 γῆν

230 2209 369 2246 θραύσεις.

265 2257 302 2282 π’.
320 2254 470 2289 Ειὰληθῶς
489 2253 545 2289 ἄρα
570 2253 728 2289 περιϐαλεῖν
748 2253 865 2290 αἰσχύνῃ
886 2253 951 2286 τοὺς
977 2252 1022 2279 λο-
1038 2251 1062 2280 D

230 2299 346 2334 γισμοὺς
360 2299 458 2333 θέλεις,
477 2299 522 2326 καὶ
539 2299 687 2335 ἡσυχάζειν
712 2299 844 2335 εὐμενῶς,
860 2299 908 2326 καὶ
923 2299 1019 2334 νήφειν

229 2346 262 2381 τῇ
277 2345 378 2380 καρδίᾳ
407 2344 476 2379 μετὰ
505 2343 642 2377 εὐκολίας,
663 2343 750 2379 Ἰησοῦ
771 2344 837 2379 εὐχὴ
862 2343 1020 2379 κολληθήτω

232 2391 264 2425 σῇ
290 2391 370 2425 πνοῇ,
397 2389 445 2416 καὶ
472 2389 502 2417 ἐν
526 2388 631 2424 ὀλίγαις
658 2389 778 2425 ἡμέραις
792 2388 936 2423 γινόμενον
960 2387 1020 2423 ὕψει

230 2444 317 2463 τουτο.

266 2482 323 2510 πα’.
345 2482 390 2514 Ὠς
400 2482 454 2518 γὰρ
469 2482 498 2509 ἐν
513 2482 576 2517 ἀέρι
593 2481 747 2517 γράμματα
761 2481 791 2508 οὺ
819 2481 930 2508 δυνατὸν
953 2489 1022 2517 γρα⁴

232 2528 332 2564 φῆναι·
353 2528 394 2555 δεῖ
405 2528 460 2564 γὰρ
473 2527 545 2555 αὐτὰ
557 2528 598 2559 εῐς
621 2536 648 2555 τι
665 2528 745 2563 σῶμα
763 2527 925 2563 στήσασθαι,
946 2527 1021 2559 ὅπως

231 2574 264 2602 ἂν
277 2574 376 2612 διαρκῆ
393 2574 547 2607 σώζωνται·
556 2573 628 2601 οὕτω
638 2582 671 2608 γε
681 2575 715 2610 τῇ
727 2574 837 2610 κοπηρᾷ
849 2573 929 2609 νήψει
942 2574 958 2610 ἡ
963 2573 1021 2609 μῶν

230 2621 265 2656 τῇ
278 2621 346 2656 εὐχῇ
366 2619 456 2655 Ἰησοῦ
474 2619 594 2655 Χριστοῦ
614 2619 806 2654 κολληθῶμιν,
825 2620 867 2646 ἶνα
881 2621 896 2655 ἡ
911 2620 961 2655 τῆς
974 2628 1022 2655 νη-

233 2667 396 2701 φαλιὸτητος
412 2665 556 2701 πάγκαλος
569 2665 666 2701 ἀρετὴ,
680 2665 794 2701 διαρκὴς
811 2666 860 2692 σὺν
875 2666 951 2702 αὺτῷ
963 2665 1021 2692 δια-

235 2711 315 2747 μένῃ,
345 2710 393 2738 καὶ
411 2711 445 2738 δι’
467 2710 548 2738 αὐτοῦ
569 2710 636 2746 ἡμῖν
671 2711 712 2742 είς
749 2709 836 2737 αἰῶνα
861 2709 1023 2746 διατηρῆται

233 2757 425 2794 ἀναφαίρετος.

271 2803 327 2840 πβ’.
342 2804 460 2831 Κύλισον
484 2803 531 2830 ἐπὶ
546 2802 648 2840 Κύριον
664 2804 699 2831 τὰ
716 2803 785 2839 ἔργα
801 2811 860 2837 σου,
879 2803 926 2830 καὶ
938 2802 1022 2840 εὑρή-

273 2895 297 2913 “
309 2893 331 2923 ιι
346 2893 417 2922 Tim.
434 2901 465 2926 It,
476 2893 502 2921 6.
543 2893 563 2910 "’
574 2892 669 2920 Matth.
681 2901 726 2926 xv,
740 2892 783 2926 f9,
796 2893 842 2920 ‘20.

1059 285 1087 308 et
1103 281 1235 308 iracunde
1255 281 1427 314 reluctando,
1448 281 1540 309 verbis
1557 282 1688 310 animasis
1713 289 1790 317 usus,
1813 285 1856 311 in-

1057 325 1132 361 jecto
1154 326 1292 361 pugnain
1314 326 1410 354 faciem
1437 327 1586 362 pulsaverit
1611 328 1717 355 hostem
1742 329 1781 362 {in
1803 337 1858 364 quo

1060 370 1140 398 modo
1156 371 1292 406 quispiam
1304 371 1374 399 alius
1393 371 1547 407 laborabat)
1564 371 1670 400 Primus
1683 375 1715 400 de
1729 374 1858 408 fructibus

1060 417 1194 451 percipere
1209 417 1293 449 debet,
1311 421 1342 444 ut
1363 417 1452 452 placet
1472 418 1558 446 Paulo
1576 419 1609 446 “.
1632 419 1685 452 Qui
1702 427 1769 455 ergo
1789 428 1858 448 con-

1061 462 1153 489 tundit
1167 466 1258 497 caput,
1278 462 1302 490 is
1315 467 1344 490 et
1358 463 1460 490 multas
1481 463 1663 500 cogitationes
1683 473 1782 500 pravas
1798 467 1858 494 evi—

1062 511 1110 540 tat,
1132 512 1159 534 et
1175 515 1260 542 opera
1291 507 1395 543 pejora.
1422 508 1519 544 Fitque
1543 514 1612 544 tum,
1638 515 1669 538 ut
1696 512 1859 546 tranquillus

1062 556 1221 587 permaneat
1242 553 1351 581 animus
1371 563 1378 581 :
1403 554 1483 589 cujus
1509 555 1704 584 excitationem
1727 556 1859 585 adversus

1062 600 1242 636 cogitationes
1265 601 1364 636 probat
1383 601 1465 636 Deus,
1496 607 1525 630 et
1550 604 1747 632 remunerandi
1776 612 1859 632 causa

1062 647 1140 675 docet
1168 655 1243 680 eum,
1265 655 1321 683 quo
1344 653 1425 684 pacto
1458 648 1652 685 impugnantes
1673 658 1704 678 se
1727 659 1860 686 superare

1063 698 1147 729 queat
1161 703 1168 721 :
1184 697 1213 721 et
1230 701 1284 729 qua
1304 695 1412 723 ratione
1426 703 1476 723 cor
1494 696 1625 731 paulatim
1641 703 1759 733 purgare
1775 705 1860 733 opor-

1066 744 1121 768 teat
1139 739 1351 776 cogitationibus
1373 741 1577 771 maculantibus
1596 746 1624 770 et
1650 743 1860 772 inquinantibus

1065 786 1223 814 interiorem
1254 786 1406 819 hominem,
1432 787 1505 815 sicut
1549 792 1589 816 ait
1623 788 1756 817 Dominus
1785 798 1792 817 :
1820 789 1861 817 De

1066 833 1142 860 corde
1171 836 1264 860 munt
1299 833 1472 868 cogitationes
1504 833 1595 868 male,
1628 835 1772 868 adulteria,
1804 837 1860 871 [or-

1066 878 1212 906 nicationes
1239 887 1249 905 :
1277 883 1301 906 et
1325 879 1380 906 [nec
1403 884 1465 906 sunt
1490 887 1550 914 qui:
1572 881 1745 915 coinquinant
1774 882 1860 909 [sonti-

1067 932 1126 952 nem
1149 925 1182 953 ¹⁷.

1103 971 1146 998 77.
1160 971 1217 1000 flac
1235 971 1329 1007 itaque
1352 971 1460 1000 ratione
1476 975 1568 1007 potest
1580 971 1671 999 anima
1694 978 1743 1006 per
1766 970 1859 999 Domi-

1067 1024 1132 1044 num
1160 1017 1279 1046 retinere
1290 1025 1367 1046 suam
1382 1018 1471 1053 ipsius
1497 1022 1683 1052 venustatem,
1700 1018 1859 1053 pulchritu-

1068 1063 1161 1091 dinem
1185 1069 1214 1091 et
1237 1064 1442 1098 rectitudinem,
1473 1064 1544 1092 sicut
1566 1064 1645 1092 initio
1657 1069 1748 1092 creata
1762 1068 1804 1092 est
1827 1064 1859 1092 ad

1067 1109 1275 1137 similitudinem
1287 1109 1346 1143 Dei,
1365 1110 1445 1138 valde
1464 1110 1589 1145 speciosa
1605 1115 1633 1138 et
1649 1115 1736 1144 recta,
1752 1115 1784 1138 ut
1815 1111 1860 1138 ln-

1067 1155 1126 1190 quit
1141 1163 1256 1191 magnus
1273 1155 1381 1184 Domini
1395 1164 1492 1184 servus
1502 1156 1650 1189 Antonius,
1666 1157 1775 1190 animae,
1799 1164 1862 1192 quae

1067 1202 1218 1230 secundum
1229 1206 1353 1230 naturam
1375 1203 1488 1239 regitur,
1503 1203 1545 1230 vis
1573 1203 1739 1231 intellectiva
1752 1208 1860 1231 constat

1068 1248 1179 1276 virtute.
1196 1249 1228 1276 Et
1239 1249 1339 1276 iterum
1349 1249 1430 1282 dixit,
1447 1248 1559 1276 Rectam
1577 1257 1638 1278 esse
1651 1250 1782 1283 animam,
1809 1250 1862 1278 hoc

1068 1298 1121 1326 est,
1139 1294 1226 1329 ipsan
1247 1294 1350 1322 habere
1364 1294 1524 1323 facultatem
1548 1294 1744 1323 intellectivam
1756 1300 1862 1324 natura:

1068 1345 1292 1374 consentaneam,
1308 1341 1348 1368 uti
1358 1345 1448 1368 creata
1465 1347 1518 1369 est.
1532 1341 1565 1369 Et
1587 1342 1692 1375 statim,
1712 1342 1808 1377 paucis
1819 1341 1862 1369 ln-

1068 1386 1202 1421 terjectis,
1224 1386 1262 1414 ait
1281 1395 1288 1413 :
1305 1387 1423 1423 Purgato
1446 1387 1545 1424 ‘simus
1574 1387 1676 1415 animo.
1706 1387 1763 1423 Ego
1786 1387 1860 1415 enim

1069 1432 1151 1460 credo
1165 1433 1295 1465 animam,
1313 1440 1478 1468 quacunque
1492 1437 1570 1468 parte
1589 1437 1742 1469 purgatam,
1760 1437 1788 1460 et
1808 1440 1860 1460 na-

1070 1480 1130 1503 tura
1144 1484 1196 1504 sua
1215 1482 1398 1510 constantem.
1408 1485 1499 1512 posse,
1515 1477 1702 1513 perspicacem
1720 1478 1857 1510 etl'ectam,

1068 1523 1174 1550 acutius
1187 1527 1216 1550 et
1226 1523 1373 1550 remotiora
1384 1523 1487 1556 videre,
1501 1530 1582 1558 quam
1591 1523 1698 1558 possint
1709 1522 1858 1557 daemones,

1070 1567 1171 1602 quippe
1185 1575 1246 1602 qua:
1261 1568 1405 1595 Dominum
1421 1567 1473 1596 sibi
1491 1568 1660 1596 revelantem
1673 1567 1782 1600 habeat,
1793 1568 1858 1596 Hac

1071 1611 1138 1640 dicit
1153 1612 1269 1648 inclytus
1278 1612 1426 1647 Antonius,
1444 1617 1556 1642 auctore
1570 1613 1723 1641 Athanasio
1746 1621 1858 1649 magno,

1069 1657 1098 1685 in
1110 1657 1172 1686 Vita
1188 1658 1311 1685 Antonii.

1106 1703 1149 1730 78.
1166 1702 1276 1735 Quavis
1291 1703 1419 1739 cogitatio
1431 1707 1474 1731 est
1484 1702 1643 1739 imaginatio
1655 1711 1717 1739 quae
1729 1703 1817 1731 oritur
1832 1704 1859 1731 in

1070 1752 1161 1776 mente
1176 1756 1208 1776 ex
1226 1750 1401 1785 perceptione
1429 1749 1558 1778 sensitiva
1571 1750 1610 1778 rei
1620 1750 1773 1786 cujusdam.
1791 1750 1860 1778 Cum

1070 1794 1144 1821 enim
1158 1793 1283 1829 Assyrius
1295 1795 1330 1822 sit
1338 1795 1460 1830 spiritus,
1477 1803 1533 1823 non
1557 1800 1649 1830 potest
1658 1796 1740 1823 aliter
1751 1796 1858 1830 fallere,

1070 1847 1151 1874 quam
1163 1840 1186 1866 si
1205 1845 1298 1867 utatur
1310 1841 1343 1868 iis
1354 1849 1415 1875 quae
1431 1847 1496 1869 sunt
1510 1841 1614 1869 nostris
1621 1841 1747 1869 sensibus
1762 1846 1791 1869 et
1800 1849 1860 1869 mo-

1071 1886 1146 1913 ribus
1159 1886 1311 1913 familiaria.

1107 1932 1149 1958 79.
1167 1931 1271 1963 Utnos,
1281 1932 1326 1967 qui
1342 1939 1437 1959 sumus
1454 1932 1589 1964 homines,
1601 1940 1666 1961 aves
1675 1939 1704 1960 'm
1716 1940 1781 1960 aere
1809 1941 1861 1961 vo-

1070 1976 1158 2004 lantcs
1171 1978 1278 2012 assequi
1295 1985 1351 2004 non
1380 1985 1536 2013 possumus,
1552 1984 1610 2010 aut,
1629 1977 1861 2014 quemadmodum

1070 2022 1132 2056 illae,
1148 2030 1258 2050 sursum
1274 2023 1376 2056 volare,
1394 2031 1456 2051 cum
1474 2024 1544 2052 hanc
1561 2024 1615 2052 viui
1646 2029 1742 2053 natura
1766 2030 1860 2053 nostra

1069 2077 1125 2097 non
1152 2070 1278 2099 habeat:
1308 2070 1344 2098 ita
1382 2071 1442 2099 sine
1471 2071 1606 2106 frequenti
1622 2075 1650 2098 et
1674 2073 1862 2107 temperantia

1070 2115 1150 2151 plena
1164 2115 1298 2148 oratione,
1310 2121 1358 2143 aut
1374 2116 1529 2144 vehementi
1552 2117 1694 2145 oculorum
1707 2118 1809 2146 mentis
1833 2118 1861 2145 in

1071 2161 1156 2189 Deum
1176 2162 1338 2195 intentione,
1367 2170 1422 2190 non
1436 2168 1515 2198 potes
1543 2163 1670 2191 fortuitas
1683 2164 1862 2199 cogitationes

1070 2208 1220 2236 diabolicas
1235 2217 1365 2244 superare
1379 2219 1386 2237 :
1407 2209 1450 2237 sin
1471 2209 1574 2242 minus,
1589 2214 1691 2237 terram
1707 2209 1799 2238 feries.

1109 2254 1152 2282 80.
1169 2254 1294 2283 Profecto
1305 2255 1329 2282 si
1342 2260 1406 2282 vere
1422 2255 1500 2290 cupis
1519 2255 1630 2290 cingere
1644 2255 1750 2290 pudore
1783 2254 1858 2290 cogi-

1073 2299 1200 2330 tationes.
1217 2304 1245 2326 et
1260 2307 1307 2327 eas
1322 2299 1438 2335 benigne
1467 2306 1643 2335 componere,
1664 2304 1861 2335 temperantem

1073 2344 1154 2371 etiam
1165 2344 1288 2372 animum
1299 2344 1378 2372 facile
1402 2352 1571 2380 comparare,
1610 2345 1766 2380 deprecatio
1796 2345 1861 2372 Jesu

1073 2390 1211 2418 adhaereat
1225 2390 1367 2425 spirationi
1383 2395 1436 2418 tum
1449 2395 1494 2418 :et
1513 2391 1565 2418 hoc
1584 2391 1655 2418 intra
1670 2397 1773 2426 paucos
1800 2391 1861 2418 dies

1074 2435 1132 2464 ﬁeri
1145 2436 1305 2472 perspicies.

1107 2481 1153 2510 8t.
1169 2482 1396 2511 Utenimtitterse
1410 2483 1494 2512 scribi
1508 2488 1650 2519 nequeunt
1678 2483 1706 2510 in
1725 2490 1800 2516 aere.
1827 2490 1861 2511 eo

1072 2527 1146 2562 quod
1165 2527 1193 2554 in
1205 2535 1321 2563 corpore
1333 2528 1452 2563 quodam
1460 2535 1574 2556 necesse
1589 2528 1692 2556 habent
1712 2528 1862 2555 subsistere

1073 2573 1250 2601 utduratura:
1268 2577 1414 2601 serventur
1429 2581 1436 2600 :
1449 2573 1488 2601 ita
1513 2581 1563 2609 per
1581 2573 1744 2601 laboriosam
1754 2576 1862 2608 tempe.

1074 2620 1192 2647 rantiam
1207 2625 1330 2647 nostram
1343 2619 1494 2655 precationi
1507 2619 1574 2647 Jesu
1600 2619 1702 2646 Christi
1726 2618 1862 2646 inhaereat.
1881 2648 1883 2651 ι

1073 2673 1135 2694 mus
1149 2675 1156 2693 :
1170 2670 1200 2693 ut
1211 2666 1340 2701 praeclara
1349 2666 1436 2694 virtus
1447 2665 1636 2701 temperantia
1647 2672 1710 2693 cum
1727 2664 1788 2700 ipso
1797 2671 1862 2698 per-

1073 2712 1154 2739 duret
1166 2715 1195 2739 et
1214 2716 1331 2744 maneat,
1348 2716 1376 2740 et
1387 2719 1436 2747 per
1457 2712 1548 2747 ipsum
1574 2711 1656 2740 nobis
1684 2713 1863 2738 conservetur

1074 2757 1101 2785 in
1113 2757 1221 2791 saecula,
1239 2758 1305 2786 ades
1324 2763 1355 2785 ut
1367 2757 1468 2785 auferri
1485 2765 1539 2786 non
1550 2757 1647 2793 possit.

1110 2802 1154 2831 82.
1172 2803 1254 2832 Versa
1283 2803 1321 2844 in.
1336 2803 1482 2832 Dominum
1510 2811 1594 2839 opera
1620 2807 1677 2836 tua,
1690 2805 1719 2831 et
1738 2800 1862 2830 invenies
