2069 3147
225 186 293 219 1543

825 180 1004 213 lIESYCI-lll
1019 179 1258 212 PRESBYTEBI

1793 181 1858 220 li“

226 241 350 274 Domina,
367 240 512 275 intelligent
529 240 678 270 ceritatem,
703 244 728 265 et
754 238 798 273 qui
813 237 901 272 ﬁdeles
913 241 973 264 sunt
989 236 1010 262 in

1068 236 1244 270 πεποιθότες
1261 236 1310 262 ἐπὶ
1326 237 1446 271 Κύριον,
1477 237 1670 272 συνήσουσιν
1693 236 1842 272 ἀλήθειαν
1852 246 1860 253 ⁸

222 287 372 320 dilectione,
393 286 583 320 permanebunt
607 285 634 312 in
650 293 679 312 ιο
695 284 728 312 ’⁸.
741 283 792 312 Cui
808 283 893 320 gloria
914 283 941 310 in
961 290 1013 310 sae-

222 334 293 362 cula.
309 333 406 360 Amen.

258 376 541 406 96.~Pra:eedentibus
557 377 667 412 quidem
692 376 875 409 sermonibus,
889 383 959 410 quos
986 375 1014 403 in

222 424 311 459 prima
320 428 348 450 et
359 424 480 451 secunda
491 423 625 451 centuriis
637 423 795 455 habuimus,
814 427 948 458 quantum
961 421 1014 449 cla-

221 469 373 498 borandum
392 469 438 502 sit,
454 477 504 505 pro
516 477 591 497 sacra
607 469 707 496 mentis
718 468 809 503 quiete
820 468 1012 503 comparanda,

221 515 441 550 descripsimus:
480 522 534 542 non
562 515 638 542 velut
651 514 751 550 ingenii
765 514 855 541 nostri
879 514 1014 541 culturam

220 561 318 593 solam,
335 561 382 588 sed
398 568 569 596 quaecunque
592 559 678 588 divini
694 567 836 588 sermones
847 559 958 587 Patrum
971 559 1015 586 di-

221 607 286 635 vina
314 607 482 642 sapientium
511 614 562 634 nos
584 606 683 634 docent
706 606 740 634 de
761 606 881 641 puritate
901 606 1013 634 mentis.

220 653 281 681 Jam
291 661 368 684 vero,
382 653 427 680 ubi
443 653 536 687 paucis
551 652 651 685 verbis,
664 652 754 687 quoad
776 652 834 680 ﬁeri
849 657 951 687 potest,
965 652 1014 679 de—

222 698 467 726 monstraverimus
494 702 628 732 quantunt
657 697 760 724 oriatur
777 697 883 725 lucrum
898 705 933 725 ex
946 705 1014 726 cott-

221 743 336 771 servatic
343 750 377 770 ue
388 747 498 773 mentis.
512 742 593 769 linem
606 741 715 770 dicendi
733 741 877 770 faciemus.

257 788 302 816 97.
317 788 397 822 Quod
410 791 546 823 superest,
570 788 714 819 adesdum,
730 788 888 824 quicunque
917 788 1014 823 fueris,

222 840 251 863 et
270 843 386 871 sequere
410 843 464 866 me,
495 834 528 862 ad
551 834 764 869 Contingendam
784 834 891 862 beatam
914 835 1015 862 mentis

222 879 470 912 conservationem,
485 882 619 913 exoptans
636 878 662 904 in
678 877 776 912 spiritu
788 877 847 905 dies
862 878 955 905 videre
965 878 1015 906 b0-

221 933 272 954 nos
288 934 295 952 :
321 929 348 953 et
368 924 472 952 docebo
491 928 517 951 te
542 923 570 950 in
588 924 704 950 Domino
722 924 901 960 conspicuam
916 931 1013 959 opera-

222 970 325 1000 tiOnem
342 976 369 998 et
384 969 624 998 conversationem
645 970 810 1005 spiritalium
832 974 1012 1006 potestatum.

257 1016 302 1044 98.
317 1015 451 1048 Quoniam
463 1015 552 1050 angeli
568 1015 641 1042 nulla
655 1015 800 1050 capientur
811 1015 938 1043 satietate
951 1016 1012 1044 lau-

222 1061 305 1090 dandi
318 1061 466 1094 Creatoris,
477 1069 569 1096 neque
585 1068 663 1088 mens
678 1061 848 1089 decertandi.
867 1061 901 1088 Et
914 1069 1012 1097 quem-

221 1108 367 1136 admodum
382 1107 419 1134 illi
432 1107 555 1142 eorporis
576 1112 703 1143 expertes
727 1107 763 1135 de
779 1107 840 1135 cibo
855 1107 924 1135 nihil
947 1112 1014 1136 sunt

222 1154 330 1182 solliciti
345 1163 351 1180 :
365 1153 452 1186 italii,
467 1153 532 1181 licet
556 1161 670 1189 corpore
690 1153 809 1189 praediti,
836 1161 893 1182 non
916 1159 1015 1182 curant

221 1206 324 1231 escam,
339 1198 420 1226 modo
434 1198 462 1225 in
473 1198 572 1226 eretum
590 1198 767 1234 tranquillum
792 1199 903 1227 animus
919 1199 1014 1236 ingre-

223 1244 323 1271 diatur.

258 1289 302 1316 99.
328 1288 387 1321 Quo
409 1289 489 1324 igitur
508 1289 589 1316 modo
616 1297 743 1324 supernae
765 1294 916 1325 potestates
939 1291 1013 1319 nulla

222 1338 351 1362 tenentur
362 1342 425 1361 cura
455 1335 634 1369 pecuniarum
658 1340 705 1363 aut
732 1335 958 1371 possessionum:
975 1331 1012 1364 ita

221 1380 268 1415 qui
281 1379 464 1415 perspicacem
480 1380 579 1407 anima:
606 1380 761 1408 facultatem
775 1387 971 1418 expurgarunt,
986 1387 1014 1410 ct

220 1431 417 1460 compararunt
431 1425 554 1453 habitum
568 1426 687 1459 virtutis.
715 1427 788 1455 haud
803 1432 914 1461 curant,
928 1435 1011 1464 quam

221 1471 293 1498 male
307 1475 486 1506 torqueantur
501 1479 516 1498 a
530 1471 670 1506 spiritibus
690 1472 876 1507 nequissimis.
902 1474 936 1501 Et
957 1480 1013 1508 quo

219 1517 303 1545 modo
325 1522 426 1544 norunt
439 1517 491 1544 ill-.c
512 1517 622 1545 divitias
653 1519 832 1553 promotionis
856 1519 883 1546 in
902 1519 986 1546 Deum
1004 1527 1011 1546 :

220 1560 263 1600 sic
275 1567 304 1589 et
318 1562 346 1588 hi
360 1567 533 1597 perspectum
545 1563 647 1591 habent
662 1570 783 1592 amorem
800 1563 827 1590 in
839 1563 1011 1598 Deum,nec-

219 1614 278 1635 non
296 1607 480 1635 intensionem
499 1612 526 1634 et
549 1608 738 1636 ascensionem
762 1609 917 1637 dilectionis
947 1617 1012 1645 erga

221 1653 330 1681 Numen
348 1652 482 1680 divinum.
500 1654 653 1686 Quinetiam
669 1655 801 1682 amatoria
821 1661 847 1682 et
857 1655 1013 1691 inexplebili

221 1698 384 1725 ascensione
401 1698 519 1730 dilatati,
533 1699 568 1725 ob
583 1704 693 1734 gustum
707 1701 832 1728 divinum
854 1706 882 1728 cl
905 1702 1013 1730 deside-

222 1743 293 1769 rium
307 1742 334 1769 in
350 1750 465 1769 ext-essu
484 1744 615 1778 positum,
627 1753 682 1771 non
695 1747 857 1780 subsistent,
875 1747 965 1775 donec
978 1747 1013 1775 ad

223 1788 368 1824 Seraphim
393 1789 576 1823 perveniant:
594 1798 684 1825 neque
715 1791 926 1827 l‘aligabuntura
955 1793 1013 1821 dili-

222 1835 296 1870 genti
312 1835 503 1862 observatione
514 1836 621 1870 mentis,
630 1841 656 1864 ct
668 1838 831 1866 esaltatione
840 1839 1011 1874 charissima,

222 1881 311 1908 donec
328 1881 417 1916 angeli
442 1880 508 1908 fiant
530 1890 578 1916 per
598 1882 691 1910 lesum
709 1884 848 1912 Christum
865 1884 1011 1915 Dominum

222 1931 358 1954 nostrum.

257 1971 319 1999 l00.
334 1971 393 1998 Non
415 1977 457 1999 est
479 1981 627 2007 venenum,
652 1976 725 2010 quod
748 1982 859 2012 superet
875 1986 1011 2007 venenum

220 2018 322 2053 aspidis
337 2023 364 2045 ct
376 2019 514 2046 basilisci:
532 2028 623 2055 neque
648 2022 732 2049 ullum
745 2027 788 2050 est
807 2023 914 2056 vitium.
938 2026 1011 2061 quod

220 2063 473 2099 νίηεσιφιλαυτίας
488 2066 595 2094 vitium.
616 2067 733 2097 Fructus
752 2078 837 2104 porro
872 2071 1011 2106 philautiae

221 2107 307 2135 habes
339 2116 388 2143 per
421 2110 544 2137 omnium
572 2119 619 2138 ora
635 2113 781 2140 volitantes
801 2123 807 2141 :
824 2115 869 2149 qui
885 2121 950 2143 sunt
962 2117 1009 2145 hi:

220 2151 315 2180 laudes
334 2154 375 2180 sui
389 2155 415 2180 in
431 2155 522 2183 animo
534 2156 660 2189 latentes,
674 2167 764 2186 rerum
781 2161 902 2188 omnium
913 2162 1010 2197 displi-

218 2198 320 2230 centia,
337 2200 440 2226 ventris
456 2201 603 2236 ingluvies,
617 2209 754 2238 stuprum,
773 2213 842 2233 vana
868 2207 967 2241 gloria,
981 2213 1010 2236 et

1063 281 1113 308 καὶ
1129 282 1157 308 οι
1171 282 1271 308 πιστοὶ
1298 282 1333 309 ἐν
1343 282 1445 318 ἀγάπῃ
1465 282 1694 318 προσμενοῦσιν
1717 283 1812 317 αὐτῷ.
1826 280 1862 320 Ὅ

1064 329 1081 364 ἡ
1092 328 1156 360 δόξα
1169 329 1209 360 εἰς
1224 329 1287 360 τοὺς
1300 329 1412 361 αἰῶνας.
1426 330 1523 364 ’Δμήν.

1101 377 1159 408 ια’.
1172 375 1218 401 Ἐν
1237 375 1288 410 μὲν
1300 376 1358 407 τοῖς
1367 375 1479 402 ὄπισθεν
1490 375 1579 409 λόγοις
1590 376 1647 407 τοῖς
1659 375 1690 402 ὲν
1708 375 1805 411 πρώτῃ
1815 376 1862 403 καὶ

1063 419 1180 456 δευτέρᾳ
1203 419 1380 451 ἑκατοντάδι,
1412 419 1476 450 τοὺς
1498 419 1548 455 τῆς
1577 419 1654 455 ιερᾶς
1671 418 1716 445 νοῦ
1745 418 1862 454 ἡσυχίας

1064 466 1163 498 πόνους
1178 465 1375 501 συνετάξαμεν,
1401 465 1463 500 οὐχὶ
1479 464 1614 501 γεώργιον
1627 464 1680 500 τῆς
1702 464 1773 500 ὲμῆς
1802 463 1863 491 δια-

1065 513 1140 545 νοίας
1151 512 1245 548 μόνον,
1262 512 1320 539 ἀλλ’
1332 512 1405 549 ἅπερ
1419 511 1468 539 καὶ
1478 512 1502 538 oi
1517 511 1573 538 τῶν
1587 510 1729 546 θεοσόφων
1739 506 1862 547 Πατιρες

1063 559 1237 587 διδάσκουσιν
1250 559 1324 595 ἡμᾶς
1338 559 1405 586 θεῖοι
1418 559 1494 593 λόγοι
1508 559 1573 595 περὶ
1587 557 1634 586 νοῦ
1660 558 1860 595 καθαρότητος.

1064 606 1120 634 Νῦν
1132 606 1161 633 δὲ
1177 606 1266 642 μικρὰ
1282 605 1405 637 εἰπόντες
1415 606 1478 633 ὅσον
1493 605 1578 638 δεῖξαι
1593 604 1624 632 τὺ
1640 605 1738 642 κέρδος
1749 605 1801 642 τῆς
1813 605 1862 632 τοῦ

1065 652 1110 679 νοῦ
1122 651 1258 688 φυλακῆς,
1271 651 1319 679 τοῦ
1332 651 1423 686 λέγειν
1434 650 1610 687 παυσόμιθα.

1100 788 1155 822 ιτζν.
1167 787 1254 824 Δεῦρο
1265 788 1298 824 δὴ
1311 787 1405 815 λοιπὸν
1415 786 1559 816 ἀκολούθει
1571 795 1617 823 μοι
1630 786 1700 824 πρδς
1721 787 1774 823 τὴν
1798 795 1862 814 συν-

1064 833 1163 868 άφειαν
1189 834 1238 869 τῆς
1268 833 1406 869 μακαρίας
1421 833 1467 859 τοῦ
1496 832 1542 860 νοῦ
1566 832 1722 868 τηρήσεως,
1740 832 1815 864 ὅστις
1827 831 1861 859 ἂν

1064 880 1134 915 εἴης,
1153 878 1200 906 καὶ
1214 879 1354 906 ἐπιποθῶν
1377 880 1407 905 ὲν
1423 878 1562 914 πνεύματι
1576 878 1685 914 ἡμέρας
1713 877 1777 904 ίδεῐν
1792 878 1861 911 ἀγα-

1030 910 1051 938 B
1065 910 1189 958 θὰςξκαὶ
1201 927 1229 953 ὲν
1242 925 1339 961 Κυρίῳ
1353 925 1452 958 διδάξω
1513 910 1658 960 optauequ
1669 923 1805 960 ἐργασίαν
1812 910 1861 950 καὶ

1064 972 1202 1000 πολιτείαν
1218 972 1318 1008 νοερῶν
1331 972 1481 1007 δυνάμεων.

1101 1021 1156 1054 [ιη’.
1176 1018 1214 1046 οὐ
1228 1018 1283 1053 γὰρ
1297 1017 1512 1053 κορεσθήσονται
1523 1015 1636 1050 ἄγγελοι
1651 1015 1800 1052 ὑμνοῦντες
1814 1015 1859 1042 τὸν

1065 1065 1194 1100 Ποιητὴν,
1203 1063 1266 1092 οὔτε
1279 1063 1340 1096 νοῦς
1355 1062 1546 1099 ἁμιλλώμενος
1555 1071 1562 1078 ο
1577 1062 1624 1089 καὶ
1636 1061 1732 1097 ὥσπερ
1746 1062 1772 1088 oi
1782 1061 1860 1089 ᾶῦὶοι

1063 1111 1094 1137 οὺ
1111 1109 1282 1146 φροντίζουσι
1295 1109 1359 1144 περὶ
1374 1108 1488 1143 τροφῆς,
1499 1106 1587 1139 οὓτως
1601 1107 1662 1134 οὐδὲ
1676 1104 1750 1135 οὗτοι
1768 1107 1794 1134 ol
1817 1107 1865 1133 ιν-

1065 1157 1125 1184 υλοι
1141 1157 1227 1192 αὐτῆς
1261 1155 1462 1192 φροντίζουσιν,
1478 1153 1536 1189 εῐγε
1560 1155 1589 1182 ὲν
1606 1153 1715 1190 οὐρανῷ
1740 1153 1858 1190 ἡσυχίας

1065 1202 1128 1236 νοῦς
1141 1201 1340 1230 εἰσελεύσεται.

1101 1289 1154 1323 ιιθο.
1174 1288 1280 1324 ’Ὠσπερ
1299 1287 1346 1315 οῦν
1366 1288 1393 1314 al
1411 1287 1467 1315 ἄνω
1481 1287 1612 1322 δυνάμεις
1626 1286 1657 1314 οὐ
1683 1287 1856 1323 φροντίζουσι

1064 1336 1214 1372 χρημάτων
1228 1335 1244 1371 ἢ
1261 1335 1420 1370 κτημάτων,
1441 1333 1528 1365 οὕτως
1542 1333 1605 1360 οὔτε
1619 1333 1644 1360 οἱ
1657 1333 1688 1360 τδ
1701 1333 1751 1368 τῆς
1767 1333 1856 1368 ψυχῆς

1063 1379 1175 1406 ὸπτικδν
1188 1379 1402 1414 ἐκκαθάραντες,
1411 1379 1441 1404 ὲν
1457 1378 1512 1412 ἕξει
1521 1379 1570 1414 τῆς
1582 1378 1684 1414 ἀρετῆς
1699 1378 1855 1413 γενόμενοι,

1063 1426 1094 1453 οὐ
1108 1425 1309 1461 μεριμνήσουσι
1324 1424 1390 1459 περὶ
1403 1424 1552 1456 κακώσεως
1568 1425 1623 1451 τῶν
1636 1423 1764 1460 πονηρῶν
1774 1432 1856 1451 πνευ-

1066 1472 1170 1508 μάτων.
1187 1471 1244 1498 Καὶ
1258 1471 1295 1503 ὼς
1312 1471 1426 1503 ἐκείνοις
1441 1470 1557 1507 φανερὸς
1577 1470 1627 1505 τῆς
1644 1471 1685 1502 είς
1709 1470 1777 1497 Θεὸν
1789 1478 1858 1505 προσ

1065 1518 1153 1554 κοπῆς
1166 1519 1180 1545 ὁ
1194 1518 1319 1550 πλοῦτος,
1338 1517 1408 1544 οὕτω
1428 1518 1476 1543 καὶ
1492 1519 1548 1550 τοῖς
1560 1518 1695 1549 τοιούτοις
1708 1518 1722 1544 ὁ
1733 1517 1774 1549 εις
1788 1516 1857 1545 Θεὸν

1065 1564 1180 1600 φανερὸς
1195 1563 1275 1600 ἔρως,
1300 1564 1349 1590 καὶ
1364 1564 1381 1599 ἡ
1405 1563 1455 1598 τῆς
1485 1564 1595 1599 ἀγάπης
1610 1563 1660 1599 τῆς
1674 1563 1715 1595 εις
1726 1563 1757 1590 τὸ
1778 1562 1857 1590 Θετον

1064 1610 1183 1642 ἀτένισις
1198 1619 1227 1636 τε
1240 1610 1288 1638 καὶ
1301 1609 1431 1641 ἀνάϐασις
1440 1618 1446 1625 ·
1463 1609 1504 1636 ἐτι
1514 1610 1543 1636 δὲ
1553 1609 1694 1645 ἐρωτικῶς
1707 1609 1754 1636 καὶ
1766 1608 1857 1644 ἀπλή-
1914 1615 1919 1623 ί

1065 1664 1135 1688 στως
1148 1658 1181 1692 τῇ
1194 1656 1327 1684 ἀναὸάσει
1355 1656 1576 1691 ὲπεκτεινόμενοι
1595 1656 1627 1682 ὲκ
1644 1655 1766 1690 γεύσεως
1782 1654 1856 1682 θείου

1063 1703 1111 1729 καὶ
1127 1701 1289 1729 ὲκστατικοῦ
1307 1702 1401 1735 πόθου,
1419 1702 1450 1729 οὐ
1464 1701 1644 1736 σταθήσονται
1661 1701 1745 1737 μέχρι
1758 1700 1794 1728 τὰ
1804 1700 1855 1728 Σι-

1064 1748 1155 1784 ραφὶμ
1166 1747 1326 1783 φθάσουσιν,
1351 1748 1413 1774 οὐδὲ
1430 1747 1593 1774 κοπιὰσουσι
1615 1747 1665 1783 τῆς
1679 1748 1727 1775 τοῦ
1749 1747 1797 1774 νοῦ
1811 1748 1858 1784 vi;—

1062 1793 1147 1828 ψεως,
1165 1793 1212 1820 καὶ
1229 1793 1365 1829 ἐρωτικῆς
1385 1793 1527 1828 ὑψώσεως,
1558 1793 1656 1828 μέχρις
1687 1793 1720 1820 ἂν
1742 1793 1854 1829 ἄγγελοι

1062 1838 1196 1872 γένωνται
1212 1839 1241 1865 ἐν
1255 1838 1366 1874 Χριστῷ
1380 1837 1466 1874 Ἰησοῦ
1481 1838 1520 1874 τῷ
1533 1838 1628 1874 Κυρίῳ
1639 1838 1730 1874 ἡμῶν.

1096 1977 1129 2009 ρ’.
1144 1974 1202 2001 Οὐκ
1211 1974 1288 2002 ἐστιν
1299 1973 1338 2007 ἰὸς
1354 1974 1425 2011 ὑπὲρ
1440 1975 1478 2002 ίδν
1488 1975 1609 2003 ἀσπίδιον
1624 1975 1671 2002 καὶ
1683 1974 1853 2010 βασιλίσκου,

1061 2021 1110 2048 καὶ
1121 2022 1171 2049 οὐκ
1184 2022 1242 2048 ἔστι
1258 2022 1343 2049 κακία
1358 2022 1428 2059 ὑπὲρ
1442 2023 1542 2050 κακίαν
1559 2022 1809 2058 φιλαυτίας.Τέκνα
1825 2022 1854 2049 δι

1061 2067 1207 2102 φιλαυτίας
1219 2067 1292 2103 ἔχεις
1306 2068 1454 2103 πετόμενα,
1468 2068 1487 2096 ἆ
1514 2069 1568 2096 είσι
1585 2069 1647 2095 τάδε
1659 2077 1667 2084 ο
1693 2068 1800 2095 ἔπαινοι
1823 2069 1854 2094 ὲν

1061 2115 1168 2150 καρδίᾳ,
1184 2115 1366 2150 ἀπαρέσκεια,
1382 2115 1589 2151 γαστριμαργία
1601 2135 1608 2147 ,
1635 2115 1758 2150 πορνεία,
1773 2123 1851 2142 κενο-

1060 2160 1146 2194 δοξία,
1160 2161 1233 2196 καὶή
1247 2161 1363 2196 κορωνὶς
1391 2161 1500 2188 πάντων
1516 2161 1700 2197 ὑπερηφανία,
1715 2161 1777 2196 ἣτις
1803 2170 1853 2193 κατ

1060 2207 1167 2241 τασπᾷν
1183 2206 1339 2239 ἐπίσταται,
1356 2207 1406 2233 οὐκ
1430 2206 1593 2243 ἀνθρώπους
1614 2208 1704 2243 μόνοι,
1721 2207 1790 2234 ἀλλὰ
1803 2208 1852 2234 καὶ

217 2243 341 2271 omnium
355 2251 449 2272 vertex
465 2247 590 2281 superbia
607 2257 613 2275 :
634 2256 694 2283 qua:
710 2250 822 2284 quidem
837 2252 914 2279 novit
928 2261 1007 2280 ecus-

217 2288 250 2299 θξ.
288 2297 315 2299 _,,
325 2298 330 2299 γ
343 2290 371 2299 ,Il
381 2297 385 2299 .
555 2292 560 2299 I
626 2293 632 2299 ι
692 2295 697 2299 -
813 2296 818 2299 .
861 2297 865 2299 .

1061 2252 1194 2286 ἀγγέλους
1208 2251 1237 2284 ἐξ
1251 2253 1386 2288 οὐρανῶν,
1415 2253 1461 2280 καὶ
1485 2253 1568 2288 ζόφον
1592 2254 1654 2281 ἀντὶ
1669 2254 1757 2288 φωτὸς
1772 2263 1852 2289 περι-

217 2288 252 2317 iis
284 2290 422 2325 expellere
435 2299 490 2318 non
521 2292 609 2320 solum
626 2293 761 2328 homines,
772 2296 820 2324 sed
831 2297 913 2324 etiam
922 2306 1007 2334 ange-

217 2332 270 2368 los,
282 2341 310 2364 et
334 2336 475 2372 caliginem
492 2346 541 2373 pro
570 2339 628 2366 luce
656 2340 812 2369 obtrudere.
835 2341 897 2371 lizec
916 2345 949 2372 ad
962 2332 1008 2373 ite

215 2381 324 2413 scribit,
353 2382 504 2416 Theodule,
526 2383 571 2419 qui
608 2386 818 2421 cognominatur
843 2387 1005 2425 Hesychius,

216 2425 281 2454 licet
301 2429 489 2463 operationem
517 2430 603 2466 ipsam
638 2432 673 2460 sit
697 2434 847 2462 ementitus
869 2446 875 2463 :
899 2442 926 2464 at
950 2446 1006 2466 non

215 2473 329 2499 omnino
357 2473 481 2506 fortasse,
511 2481 646 2510 quatenus
665 2478 769 2506 scilicet
782 2480 855 2509 Deus
882 2482 1003 2512 donavit.

216 2516 269 2550 Qui
284 2517 310 2544 in
328 2517 419 2552 Patre,
440 2524 466 2547 et
481 2520 559 2554 Filio,
576 2527 603 2550 et
619 2523 722 2558 Spiritu
732 2530 828 2553 saneto
840 2527 966 2555 laudatur
978 2534 1006 2557 ct

215 2562 392 2598 gloriﬁcatur,
408 2573 423 2593 a
441 2567 565 2595 rationali
577 2574 675 2596 natura
696 2571 856 2606 angelorum
872 2573 1004 2601 ethom-i-

215 2616 292 2642 num,
307 2617 415 2637 necnon
432 2611 465 2639 ab
484 2613 612 2641 universa
629 2620 765 2650 creatura,
789 2625 869 2652 quam
884 2618 1003 2647 labrica-

214 2654 254 2682 vit
271 2662 372 2683 arcana
389 2656 518 2690 Trinitas,
536 2667 608 2687 unus
617 2661 698 2689 Deus.
713 2662 797 2698 Cujus
806 2671 921 2699 regnum
933 2672 1004 2700 pre-

213 2700 317 2728 clarum
335 2701 439 2728 utinam
450 2706 478 2729 et
492 2710 543 2731 nos
568 2711 778 2741 consequamur,
793 2709 921 2743 precibus
949 2718 1000 2745 pu-

1060 2297 1179 2325 6άλλειν.
1192 2298 1285 2325 Ταῦτά
1297 2307 1350 2332 σοι,
1361 2298 1503 2331 Θεόδουλε,
1515 2299 1529 2325 ό
1550 2299 1665 2335 ἡσυχίας
1678 2298 1850 2334 φερώνυμος,

1058 2345 1083 2370 ει
1097 2344 1145 2370 καὶ
1159 2345 1210 2380 τῆς
1228 2344 1351 2380 πράξεως
1364 2345 1531 2380 διέψευσται,
1550 2345 1610 2372 ἀλλ’
1627 2344 1694 2377 ἴσως
1718 2345 1766 2381 οὐχ
1777 2346 1849 2377 ὅλον,

1057 2390 1116 2417 ἀλλ’
1130 2390 1144 2417 ὃ
1157 2390 1223 2422 Θεὸς
1235 2390 1350 2418 δέδωκεν
1366 2391 1380 2419 ὀ
1395 2391 1424 2418 ὲν
1443 2391 1542 2427 Ila-cpi,
1561 2391 1609 2418 καὶ
1628 2391 1696 2426 Υίῷ,
1719 2393 1767 2419 καὶ
1778 2392 1850 2428 ἁγίῳ

1058 2435 1200 2472 Πνεύματι
1212 2435 1370 2471 αἰνούμενός
1381 2444 1412 2462 τε
1425 2436 1659 2472 καὶδοξαζόμενος
1675 2437 1728 2464 ὑπὸ
1743 2437 1792 2472 τῆς
1803 2436 1849 2464 λο-

1059 2482 1142 2517 γικῆς
1157 2481 1274 2516 φύσεως,
1286 2482 1410 2517 ἀγγέλων
1426 2491 1456 2509 τε
1472 2482 1520 2509 καὶ
1530 2483 1684 2519 ἀνθρώπων
1696 2483 1745 2510 καὶ
1758 2483 1849 2519 πάσης

1059 2529 1185 2560 κτίσεως,
1201 2530 1235 2564 ἣν
1249 2530 1265 2564 ἡ
1278 2528 1398 2564 ᾶρῥητος
1409 2529 1495 2564 Τριὰς
1512 2529 1762 2565 δεδημιούργηκεν·
1779 2531 1793 2556 ὁ
1806 2528 1850 2563 εἷς

1057 2574 1135 2607 Θεὸς,
1149 2572 1181 2602 οῦ
1188 2574 1237 2601 καὶ
1254 2576 1336 2610 ἡμεῖς
1347 2576 1397 2610 τῆς
1412 2575 1543 2611 λαμπρᾶς
1567 2575 1726 2611 βασιλείας,
1753 2567 1848 2610 εὐχαῖς

1055 2620 1105 2655 τῆς
1129 2621 1285 2656 ὑπεράγνου
1306 2621 1440 2649 Θεοτόκου
1454 2620 1594 2656 τύχοιμεν,
1611 2621 1660 2648 καὶ
1677 2621 1770 2656 εὐχαῖς
1791 2620 1848 2648 τῶν

1055 2665 1136 2693 ὁσίων
1153 2665 1283 2702 Ιιατέρων
1301 2666 1379 2702 ἡμῶν
1391 2674 1397 2681 ·
1409 2662 1431 2700 ᾧ
1442 2665 1503 2702 Θεῷ
1513 2667 1637 2702 ἅχιχήτῳ
1651 2666 1715 2699 δόξα
1725 2665 1846 2698 αίώνιος.

1059 2711 1156 2748 Ἀμήν.

179 2752 184 2760 ⁸
209 2745 327 2820 ῗεδὶωω
345 2746 478 2782 Deiparze,
508 2753 720 2787 sanctorumque
750 2751 862 2782 Patrum
890 2760 1060 2787 nostrorum.
1072 2745 1128 2788 cui
1150 2759 1208 2788 Deo
1233 2759 1502 2797 inconprehensibili
1534 2762 1620 2798 gloria
1664 2761 1843 2823 sqmpltena.

235 2800 308 2821 men.

209 2791 308 2821 Lmen.

193 2896 197 2909 ι
245 2875 266 2891 ¹¹
284 2881 350 2918 Sap.
362 2889 403 2917 ιιι,
420 2883 448 2914 9.
