2069 3147
199 185 267 218 1545

203 262 690 276 W

770 185 800 216 s.
821 185 982 215 LONGINI
1003 184 1247 217 MARTYRIUM.
1279 225 1284 230 _
1670 180 1677 189 ’
1762 166 1838 213 me

1384 259 1832 273 r—_.___‘———-——_____.‘

605 347 962 412 EJUSDEM
1037 346 1420 411 HESYCHII

327 475 692 521 MABTYRIUM
729 473 937 520 SANCTI
967 472 1227 519 LONGINI
1268 474 1703 521 CENTURIONIS.

203 609 522 649 Topgfzwﬁfliovzlov
531 610 700 649 ιῇᾳρτύριιζν
707 610 761 649 τοῦ
778 609 864 649 ᾴγίου
881 609 933 649 aeui
942 609 990 636 ἐν-

1046 609 1168 649 ΕῙιιδςιεηι
1181 608 1304 649 Hesyc/n'i
1315 609 1473 649 martyrium
1485 609 1570 649 sancti
1587 617 1625 649 ac_
1634 609 1744 649 illustris
1757 608 1835 649 0]ῃὶ-

234 646 327 677 δόεου
339 644 488 679 μάρτυρος
498 645 552 672 τοῦ
560 645 688 678 Χριστοῦ
696 645 843 679 Λογτίνου
855 644 908 671 τοῦ
920 645 990 671 ἐκα-

233 680 400 715 τοντὰρχου
411 679 464 706 τοῦ
479 680 514 706 ἐν
528 679 567 712 τῷ
582 679 702 715 σταυρῷ
714 680 767 707 τοῦ
783 680 895 715 Κυρίου
906 679 992 714 ἡμῶν

241 715 343 755 Ἰησοῦ
357 714 497 748 Χριστοῦ,
512 715 561 741 καὶ
581 714 641 741 τῶν
655 715 716 742 σὺν
729 714 809 747 αὐτῷ
829 714 884 742 δύο
899 723 991 749 στρα-

234 758 357 777 τιωτων.

1081 645 1114 671 sti
1132 644 1257 679 martyris
1274 643 1385 679 Longini
1403 644 1562 670 centurionis
1581 645 1625 679 qui
1642 645 1765 679 cruri/iro
1782 644 1835 671 Do-

1080 680 1152 706 mino
1169 678 1257 706 nolstro
1271 678 1332 706 Jesu
1355 679 1459 705 Christo
1481 678 1596 714 prmens
1617 678 1717 714 astitit,
1735 687 1835 707 necnon

1077 722 1137 741 cum
1154 723 1183 742 eo
1198 715 1309 741 duorum
1325 714 1449 741 militum.

263 809 301 832 Ex
312 809 478 838 ntanuscrtpto
490 806 574 832 codice
588 806 708 833 Vaticana
717 814 742 833 η.
755 806 824 837 1190,
837 806 880 840 fol.
892 807 947 838 H7,
959 806 1060 832 edidere
1071 806 1247 831 BOLLANDlANL
1264 804 1318 830 Act.
1330 804 1414 829 Sanct.
1427 805 1497 829 Mart.
1512 807 1529 829 t.
1545 805 1573 835 ll,
1584 812 1640 838 pag.
1652 806 1707 836 586,
1718 805 1773 830 756.

236 865 269 888 α’.
292 860 392 888 Πολλαὶ
405 860 459 887 τῶν
473 861 620 896 μαρτύρων
633 862 661 887 αἱ
675 861 843 897 συγγραφαί.
856 861 989 894 Καθάπερ

199 908 254 942 γὰρ
267 908 295 934 αἱ
308 907 361 933 τῶν
373 906 527 942 ζωγράφων
542 907 656 939 εἰκόνες,
667 907 743 939 τινὰς
757 907 923 943 μιμούμεναι
934 907 990 934 τῶν

201 952 305 979 πόλεων
320 951 405 985 ὄψεις.
422 951 470 978 καὶ
484 951 589 986 μεγέθη
606 950 737 986 πύργων,
754 953 801 978 καὶ
818 953 925 988 μορφὰς
943 953 990 979 ὡδ-

200 998 271 1034 δρῶν
287 998 334 1024 καὶ
350 997 498 1031 γυναικῶν,
517 997 581 1023 ποτὲ
603 997 632 1023 δὲ
648 997 721 1029 νέας,
738 998 804 1024 ποτὲ
822 999 850 1024 δὲ
869 998 991 1033 πρεσϐυ-

200 1044 289 1075 τικὰς,
304 1043 368 1069 ποτὲ
384 1042 411 1069 δὲ
431 1043 584 1077 βασιλικὰς,
601 1044 666 1070 ποτὲ
681 1044 709 1070 δὲ
723 1044 872 1079 νυμφικὰς,
887 1045 953 1072 ποτὲ
962 1044 991 1072 δὲ

201 1087 367 1122 σκυθρωπὰς
377 1108 384 1120 ,
400 1087 446 1114 καί
464 1096 528 1114 ποτε
544 1090 704 1124 περιχαρεῖς
717 1089 885 1117 δεικνύονται
895 1098 902 1105 ·
920 1089 992 1116 οὕτω

201 1134 248 1158 καὶ
263 1133 287 1159 οὶ
301 1133 355 1159 τῶν
371 1133 548 1168 μαρτυρικῶν
564 1133 677 1168 ἀγώνων
691 1135 754 1166 τοὺς
768 1135 863 1170 λόγους
883 1136 991 1171 ιστορή-

202 1186 309 1210 σαντες,
326 1179 356 1205 τὺ
369 1179 483 1215 στερρὸν
505 1179 555 1214 τῆς
571 1180 674 1216 ψυχῆς,
690 1181 738 1207 καὶ¹
761 1181 806 1208 τὺν
832 1182 932 1216 τρόπον
945 1183 992 1209 τὸν

201 1224 333 1258 ἀνδρεῖον,
350 1226 397 1251 καὶ
415 1226 465 1261 τὴν
482 1227 510 1253 ὲν
524 1228 579 1258 τοῖς
597 1227 693 1258 δεινοῖς
710 1228 882 1263 παράστασιν
893 1248 901 1261 ,
922 1228 993 1263 ἄφο-

201 1270 248 1296 ὃον
271 1271 317 1296 καὶ
342 1270 474 1306 εὔτολμον
487 1293 494 1305 ,
510 1273 557 1299 καὶ
572 1273 782 1308 ἀκατάπληκτον
795 1293 802 1305 ,
822 1273 869 1300 καὶ
885 1273 934 1309 τὴν
959 1275 993 1301 ὲκ

201 1316 321 1351 Χριστοῦ
355 1317 516 1352 συμμαχίαν
544 1318 613 1352 πρὸς
635 1319 735 1351 αὐτοὺς
760 1318 991 1352 καταϐαίνουσαν,

202 1362 267 1390 ποτὲ
286 1363 334 1398 μὲν
347 1362 377 1389 τὸ
393 1363 495 1398 πλῆθος
510 1364 563 1391 τῶν
580 1365 712 1400 σημείων,
725 1365 790 1392 ποτὲ
804 1366 832 1392 δὲ
849 1365 894 1392 τὸν
910 1366 993 1394 πλοῦ-

201 1417 247 1435 τον
263 1409 293 1435 ὲν
304 1409 359 1440 τοῖς
375 1408 465 1443 λόγοις
482 1409 533 1444 τῆς
548 1411 660 1445 χάριτος
673 1411 913 1447 ὁμολογουμένην,
932 1413 994 1445 ταῖς

203 1455 299 1486 ἀκοαῖς
314 1455 523 1489 ἐμφανίζουσιν.
540 1456 673 1490 Λογγίνου
690 1456 718 1482 ὁὲ
739 1456 793 1492 ἄρα
816 1458 926 1493 γραφὴν
949 1466 995 1484 σο-

204 1502 255 1537 φοῦ
273 1511 302 1529 τε
318 1503 365 1529 καὶ
379 1502 517 1538 ἀνδρείου,
538 1503 685 1539 ἐξαιρέτως
705 1504 755 1539 τῆς
777 1504 847 1539 ὑπὲρ
863 1503 910 1531 τοῦ
925 1505 995 1540 Χρι-

205 1547 269 1575 στοῦ
285 1548 440 1584 μαρτυρίας
450 1568 458 1581 ,
472 1547 505 1584 ἧς
521 1549 623 1584 ἤρξατο
636 1549 805 1585 ὁμολογήσας
818 1550 900 1577 αὑτὸν
910 1569 918 1582 ,
936 1550 995 1582 πῶς

204 1593 324 1627 ἐπαξίως
342 1593 541 1630 ίστορήσαιμι;

242 1684 274 1719 β’.
288 1685 353 1711 Ὀτε
366 1684 420 1720 γὰρ
434 1685 474 1720 τῷ
486 1685 560 1720 φόϐῳ
576 1685 719 1721 συγχυθεὶς
735 1686 903 1722 ὲξηρνήσατο
915 1687 997 1714 αὐτὸν

205 1731 266 1763 ὅλος
282 1733 296 1759 ὁ
310 1732 390 1767 χορὸς
404 1732 459 1758 τῶν
475 1732 632 1758 ἀποστόλων
642 1741 649 1747 ·
666 1731 749 1766 χωλοὶ
763 1732 791 1759 δὲ
811 1732 858 1764 οὓς
874 1733 996 1769 ἡγειρεν,

155 1795 164 1802 .
205 1778 301 1812 τυφλοί
314 1787 343 1804 τε
356 1777 402 1810 οὓς
413 1778 556 1813 ἐφώτισεν,
569 1778 664 1814 λεπροί
674 1787 705 1806 τε
721 1778 780 1814 μετ’
790 1778 880 1806 αὐτῶν
890 1779 936 1812 οὓς
947 1779 998 1815 τῆς

207 1823 367 1850 πολυτίλτου
388 1824 469 1859 δορᾶς
488 1824 535 1851 καὶ
555 1825 605 1860 τῆς
627 1824 728 1861 σαρκὸς
745 1824 800 1852 τῶν
817 1825 998 1861 μωμημάτων

207 1869 405 1904 ἠλευθέρωσεν,
420 1870 468 1896 καὶ
490 1870 566 1896 ἄλλοι
586 1867 623 1897 ὧν
645 1871 695 1902 τὰς
717 1871 860 1906 συμφορὰς
879 1870 998 1898 ἔπαυσεν

209 1915 256 1942 καὶ
267 1915 315 1946 τὰς
327 1915 421 1945 νόσους
433 1913 564 1948 ἐχάλασεν
576 1914 625 1949 (1),
634 1915 681 1940 καὶ
693 1915 761 1952 πρὸς
773 1914 803 1940 τὸ
814 1917 937 1950 κρεῖττον
948 1915 999 1949 τὴν

207 1961 308 1995 γνῶσιν
319 1960 529 1995 μετεσκεύασεν,
539 1956 612 1986 οὗτοι
624 1960 724 1991 πάντες
736 1960 804 1995 πρὸς
815 1960 845 1986 τὸ
854 1960 945 1995 δρᾶμα
952 1961 997 1987 τοῦ

1080 860 1106 886 L
1141 859 1233 886 Multa:
1263 859 1400 893 variaeque
1429 863 1494 886 sunt
1523 858 1645 886 historia:
1674 865 1834 895 martyrum.

1043 905 1279 939 Quemadmodum
1294 905 1369 932 enim
1388 905 1537 932 elaboratm
1552 913 1567 932 a
1585 905 1736 940 pictoribus
1754 906 1835 932 tabu~

1044 953 1087 986 lae,
1104 953 1131 980 in
1158 952 1258 988 quibus
1283 952 1391 978 urbium
1417 952 1617 979 adumbrantur
1643 952 1792 987 imagines.
1808 956 1837 979 et

1044 998 1246 1034 magnitudines
1266 998 1382 1024 turrium
1397 997 1537 1030 exhibent,
1556 1002 1584 1025 et
1597 997 1698 1025 formas
1715 998 1835 1025 virorum

1044 1048 1126 1078 atque
1139 1043 1297 1074 mulierum,
1312 1043 1380 1070 alias
1402 1042 1512 1077 quidem
1539 1043 1642 1070 seniles
1666 1048 1713 1071 aut
1737 1044 1835 1080 regias,

1045 1089 1112 1116 alias
1136 1089 1271 1124 iuveniles
1285 1089 1328 1116 vel
1344 1089 1474 1124 plebeias,
1494 1089 1588 1117 tristes
1603 1089 1669 1116 alias
1682 1090 1724 1117 vel
1745 1089 1837 1117 fronte

1043 1140 1138 1161 serena
1153 1133 1253 1160 hilares
1267 1138 1487 1168 repraesentant,
1503 1134 1543 1161 sic
1560 1138 1594 1161 et-
1607 1134 1654 1168 qui
1675 1135 1835 1170 martyrico-

1043 1188 1103 1207 rum
1122 1179 1300 1207 certaminum
1319 1188 1459 1208 sermones
1471 1181 1651 1208 conscribqu
1662 1201 1669 1213 ,
1686 1181 1836 1209 inasculam

1043 1225 1172 1252 virtutem
1188 1229 1215 1252 et
1229 1225 1314 1252 robur
1331 1225 1427 1258 animi,
1442 1225 1469 1252 in
1483 1226 1560 1253 duris
1569 1230 1653 1261 atque
1668 1227 1771 1261 asperis
1785 1227 1837 1254 im-

1044 1271 1218 1306 perterritum
1234 1271 1419 1306 ﬁdentemque
1442 1279 1471 1298 se
1493 1271 1649 1299 exhibentis
1667 1280 1780 1300 necesse
1795 1277 1836 1300 est

1010 1338 1031 1365 Β
1046 1317 1178 1344 audituris
1194 1317 1370 1344 manifestent
1387 1326 1393 1344 ε
1409 1325 1518 1345 necnon
1531 1318 1633 1345 Christi
1649 1326 1710 1346 cum
1724 1319 1836 1346 athletis

1045 1363 1103 1390 Suis
1126 1363 1257 1390 certantis
1284 1364 1457 1398 praesentiam
1485 1363 1574 1398 palam
1600 1364 1834 1399 cognoscendam,

1044 1417 1128 1443 seque
1144 1409 1224 1436 modo
1242 1417 1291 1443 per
1305 1409 1443 1444 signorum
1458 1410 1659 1437 admirabilium
1682 1410 1835 1438 multitudi-

1044 1462 1118 1486 nem,
1133 1455 1214 1482 modo
1231 1462 1279 1489 per
1294 1455 1461 1482 afﬂuentiam
1485 1455 1513 1481 in
1532 1455 1622 1482 verbis
1637 1456 1731 1490 gratia:
1746 1457 1835 1483 mani-

1043 1500 1197 1528 festantem.
1217 1500 1329 1536 Longini
1348 1508 1412 1528 vero
1429 1501 1560 1536 sapientis
1572 1501 1674 1536 pariter
1694 1509 1728 1529 ac
1753 1510 1836 1537 gene-

1045 1547 1101 1574 rosi
1119 1546 1362 1581 historiam,atque
1377 1547 1511 1581 imprimis
1525 1546 1630 1573 illustre
1640 1547 1700 1581 ejus
1713 1547 1746 1574 de
1756 1547 1836 1574 Chri-

1046 1597 1089 1620 sto
1101 1593 1298 1625 testimonium,
1313 1601 1327 1619 a
1341 1600 1394 1627 quo
1411 1593 1494 1620 Deum
1507 1592 1642 1620 conﬁtens
1656 1596 1698 1619 est
1711 1600 1836 1626 exorsus,

1046 1639 1091 1673 qui
1109 1643 1203 1673 potero
1219 1639 1300 1674 digne
1316 1638 1470 1668 eturrare?

1084 1684 1112 1711 2.
1134 1684 1238 1711 Etenim
1257 1692 1319 1711 cum
1345 1690 1418 1711 metu
1443 1684 1576 1712 confusus
1604 1684 1751 1712 universus
1770 1693 1838 1721 apo-

1048 1730 1179 1757 stolorum
1199 1731 1300 1758 chorus
1311 1739 1374 1758 eum
1393 1731 1435 1758 vel
1453 1735 1579 1766 negasset
1592 1731 1634 1758 vel
1649 1732 1814 1758 deseruissut
1830 1741 1837 1759 :

1048 1785 1109 1804 cum
1123 1777 1206 1804 erecti
1220 1777 1248 1804 in
1265 1777 1348 1812 pedes
1363 1777 1464 1809 claudi,
1480 1777 1589 1804 videndi
1603 1777 1732 1805 facultate
1745 1777 1839 1804 donati

1048 1823 1123 1856 caeci,
1141 1823 1240 1858 leprosi
1266 1831 1280 1850 a
1307 1823 1451 1850 n'iaculosm
1472 1822 1543 1849 cutis
1564 1822 1764 1856 deﬂuentisque
1791 1829 1840 1856 per

1048 1873 1170 1896 ramenta
1187 1869 1277 1896 carnis
1290 1868 1462 1895 immunditia
1477 1868 1596 1903 purga'i,
1611 1867 1713 1902 aliique
1728 1867 1809 1895 soluti
1823 1875 1840 1894 a

1050 1915 1179 1947 miseriis,
1195 1914 1301 1941 liberati
1316 1922 1330 1940 a
1347 1913 1460 1945 morbis,
1477 1914 1522 1948 qui
1539 1913 1637 1940 melius
1654 1913 1746 1947 utique
1760 1921 1841 1940 nosse

1050 1967 1112 1987 eum
1128 1963 1272 1994 poterant,
1288 1960 1322 1986 ad
1338 1959 1427 1987 crucis
1445 1959 1626 1993 obstupefacti
1641 1959 1840 1994 spectaculum,

210 2007 328 2042 σταυροῦ
351 2006 587 2040 καταπλαγέντες,
602 2006 735 2041 χειμῶνος
756 2006 854 2041 μεστὸν
869 2006 1000 2040 ναυάγιον

1052 2006 1125 2033 velut
1138 2010 1297 2040 tempestate
1312 2005 1418 2040 appulsi
1430 2005 1463 2032 ad
1479 2005 1606 2040 scopulos
1621 2010 1752 2038 rectores,
1765 2005 1841 2033 tri~te

207 2054 375 2089 ὑπέμειναν·
391 2053 408 2087 ή
429 2051 561 2088 ὁμολογία
578 2052 607 2078 δὲ
621 2051 670 2078 τοῦ
683 2051 775 2087 τιμίου
791 2053 839 2078 καὶ
854 2051 999 2084 θεοσεὸοῦς

213 2100 427 2135 Ἐκατοντάρχου
443 2098 576 2133 Λογγίνου
594 2098 719 2133 ὑπῆρχεν
734 2099 774 2129 εἰς
788 2097 837 2129 τὰς
850 2097 935 2129 ἀκοὰς
948 2098 1000 2133 τῆς

209 2145 327 2180 ματαίας
352 2146 397 2171 καὶ
419 2144 562 2179 ἀπατηλῆς
590 2144 754 2179 Συναγωγῆς
776 2142 831 2170 τῶν
851 2142 998 2176 Ἰουδαίων,

207 2191 251 2217 ὅτε
275 2190 377 2224 ἔλεγεν,
388 2188 518 2222 Ἀληθῶς
536 2187 610 2214 Θεοῦ
628 2188 694 2220 Υἱός
709 2187 794 2214 ἐστιν
809 2184 909 2220 οὗτος.
929 2186 999 2214 Οὔτε

208 2236 263 2270 γὰρ
279 2235 394 2262 Πιλάτον
409 2235 479 2262 κατὰ
488 2234 535 2260 τοῦ
551 2233 670 2268 Χριστοῦ
689 2232 900 2268 μεμισθωμένον
913 2232 998 2268 ῂσχύ-

209 2288 281 2312 νετο,
301 2279 363 2306 οὗτε
382 2279 421 2314 μὴ
436 2279 518 2314 φὸσον
533 2278 662 2305 τοσούτου
678 2279 764 2314 δήμου
778 2279 874 2310 ἐδεῖτο,
891 2278 998 2314 ἢὲνάρ-

209 2333 294 2360 κησεν
319 2324 350 2350 τὸ
377 2324 481 2359 πλῆθος
499 2324 553 2350 τῶν
569 2323 691 2359 ἀπείρων
719 2323 856 2358 μυριάδων
874 2323 996 2351 ἐκείνων.

208 2369 358 2405 Τοιγαροῦν
371 2369 419 2396 καὶ
433 2369 594 2405 [ὑμνείσθω]
615 2369 662 2396 καὶ
676 2369 823 2404 γραφέσθω
837 2370 852 2404 ἠ
867 2369 997 2405 καλλίστη

207 2415 320 2450 ἄθλησις
332 2413 424 2447 αὐτοῦ,
438 2414 471 2449 ἢν
485 2414 533 2440 καὶ
547 2415 572 2441 οί
586 2414 632 2441 ἀπ’
648 2414 735 2449 ἀρχῆς
748 2414 881 2440 αὐτόπται
901 2414 998 2449 διηγή-

209 2470 299 2493 σαντο,
323 2461 370 2488 καὶ
392 2462 424 2497 τῇ
451 2460 519 2495 μετὰ
538 2460 625 2497 ταύτῃ
645 2461 726 2495 γενεᾷ
748 2460 926 2495 παρέδωκαν,
944 2460 999 2487 ἀπ’

208 2507 316 2543 ἐκείνης
334 2507 361 2533 δὲ
376 2509 416 2539 είς
428 2507 458 2533 τὸ
468 2507 532 2541 ἐξῆς
547 2507 591 2534 καὶ
614 2506 685 2533 οὕτω
707 2507 803 2541 μέχρις
819 2507 895 2542 ἡμῶν
912 2515 996 2534 κατα-

208 2552 304 2584 ῦάντες
319 2553 344 2580 οι
356 2553 405 2588 τῆς
418 2553 551 2587 Λογγίνου
566 2553 719 2588 μαρτυρῖας
737 2553 821 2586 λόγοι,
837 2553 873 2585 ὡς
889 2562 996 2590 μαργα-

244 2609 253 2625 ¹
273 2609 370 2636 Matth.
384 2616 468 2642 uvn,
485 2609 531 2637 5i.

1051 2060 1108 2080 sum
1121 2052 1183 2079 ﬁdei
1199 2051 1290 2079 fecere
1308 2051 1479 2087 naufragium
1499 2060 1504 2078 :
1524 2058 1587 2078 tunc
1599 2052 1747 2079 venerandi
1760 2052 1841 2086 hujus

1051 2098 1225 2134 religiosiqne
1240 2098 1412 2126 centurionis
1427 2097 1563 2125 confessio
1579 2098 1692 2124 auribus
1706 2106 1784 2125 vana:
1799 2103 1841 2124 at-

1050 2153 1103 2180 que
1119 2145 1223 2173 fallacis
1235 2152 1378 2181 synagoga:
1394 2144 1516 2171 insonuit
1534 2152 1543 2170 :
1564 2143 1627 2171 Vere
1644 2144 1729 2170 Filius
1745 2144 1790 2170 Dei
1805 2148 1840 2171 est

1049 2192 1127 2219 iste“.
1149 2191 1252 2226 Nempe
1276 2198 1327 2218 nec
1352 2190 1469 2217 Pilatum
1488 2191 1624 2217 reveritus
1645 2193 1688 2217 est
1710 2190 1841 2217 adversus

1050 2238 1150 2266 rhristi
1163 2237 1348 2264 innocentiam
1365 2237 1492 2264 mercede
1507 2237 1672 2263 conductum
1688 2236 1738 2271 (u),
1753 2243 1842 2270 neque

1047 2283 1172 2310 extimuit
1198 2287 1251 2310 tam
1278 2290 1450 2309 numerosam
1476 2282 1697 2314 multitudinem,
1738 2282 1780 2308 vel
1809 2282 1841 2307 ad

1029 2332 1226 2363 ,conspectum
1257 2327 1426 2354 infinitarum
1459 2326 1657 2361 propemodum
1691 2326 1842 2361 myriadum

1051 2373 1199 2407 obtorpuit.
1218 2372 1319 2406 Quidni
1343 2379 1407 2408 ergo
1432 2372 1559 2398 laudibus
1575 2371 1715 2403 efferatur,
1732 2377 1758 2398 et
1774 2373 1842 2398 seri-

1050 2419 1104 2453 ptis
1119 2419 1271 2446 celebretur
1287 2417 1504 2452 pulcherrimum
1520 2417 1580 2452 ejus
1590 2417 1753 2444 certamen?
1764 2416 1841 2450 Quod

1052 2464 1096 2499 qui
1111 2465 1237 2491 viderunt
1254 2464 1288 2491 ab
1303 2464 1381 2490 initio
1396 2469 1568 2495 enarrantes,
1585 2462 1613 2489 in
1628 2463 1745 2490 futuram
1763 2470 1842 2497 gene-

1051 2510 1183 2537 rationem
1209 2510 1415 2537 memorandum
1439 2510 1628 2543 tradiderunt;
1651 2509 1693 2536 ab
1712 2509 1755 2536 illa
1778 2515 1841 2536 vero

1052 2555 1180 2590 deinceps
1197 2555 1230 2583 ad
1244 2560 1367 2590 posteros
1381 2560 1462 2590 atque
1479 2556 1515 2583 ita
1530 2556 1563 2583 ad
1577 2563 1628 2583 nos
1643 2561 1728 2590 usque
1744 2547 1856 2590 perve-'

984 2654 1101 2685 NOT/E.

244 2702 281 2736 (l)
303 2702 352 2729 Ms.
367 2702 524 2736 ὲσχόνευσε·
538 2702 610 2736 quod
621 2701 683 2735 quia
696 2701 818 2728 Grzecum
828 2705 934 2737 nonest
948 2709 999 2728 nec
1015 2705 1036 2731 ι»
1051 2703 1152 2731 Christi
1167 2708 1257 2731 tamen
1274 2705 1478 2732 damnationem
1493 2705 1530 2732 ab
1542 2712 1577 2732 eo
1602 2708 1734 2732 extortam
1755 2702 1840 2737 magis

207 2737 271 2764 alibi
289 2737 425 2772 reperitur
439 2737 579 2763 immulavi
599 2747 605 2764 :
619 2737 688 2763 forte
696 2737 843 2772 1egendum
857 2736 908 2762 fuit
919 2737 998 2771 ἐσχό-

207 2771 407 2807 λευσεν,⁷ιιιιιιςὶ
433 2772 511 2798 otiari
536 2772 678 2808 {ecfused
700 2779 789 2808 neque
813 2771 882 2797 hanc
898 2779 998 2808 vocem

207 2808 306 2841 reperi,
327 2806 445 2834 radicem
459 2806 548 2833 tamen
565 2806 684 2834 Cra-cam
701 2806 832 2833 habemus
850 2806 922 2833 unde
940 2806 997 2832 for-

206 2842 274 2869 mari
290 2842 386 2877 possit.

243 2877 281 2913 (rt)
290 2876 361 2913 Non
373 2880 432 2903 erat
441 2876 493 2904 hoc
505 2876 615 2913 quidem
626 2884 641 2903 a
654 2876 730 2913 Pilati
744 2876 853 2913 ingenio
864 2876 994 2908 alienum,

208 2911 288 2947 quem
317 2911 427 2939 solitum
458 2911 608 2939 sententias
635 2911 754 2939 vendere
776 2911 853 2939 Philo
875 2912 993 2939 scribit:

264 2993 267 2997 _
313 2958 452 2989 PATROL.
472 2956 532 2988 Gn.
548 2956 662 2988 XCIII.

1053 2743 1127 2766 metu
1142 2740 1271 2767 concitati
1289 2741 1315 2767 in
1333 2741 1494 2768 seditionem
1522 2741 1611 2775 populi
1633 2747 1712 2774 quam
1729 2738 1781 2764 alio
1796 2745 1840 2764 re-

1050 2779 1144 2811 spectu
1162 2775 1215 2811 ullo
1231 2776 1332 2803 scimus
1351 2784 1382 2802 ex
1399 2774 1556 2811 evangelise
1581 2780 1655 2802 textu
1674 2783 1679 2800 :
1696 2774 1839 2811 pecuniam

1049 2809 1227 2836 nihilmninus
1242 2811 1329 2838 eidem
1344 2808 1483 2838 decretum
1500 2819 1571 2841 esse.
1588 2815 1617 2837 ut
1630 2808 1839 2836 resurrectionis

1048 2845 1207 2879 mysterium
1223 2851 1363 2879 pateretur
1377 2847 1528 2875 obscurari.
1545 2846 1613 2872 satis
1629 2844 1750 2870 indit-ant
1767 2843 1838 2877 apud

1047 2877 1203 2914 Manlia-um
1224 2877 1324 2911 Juda-i,
1342 2881 1457 2908 fidenter
1474 2881 1605 2908 militibus
1620 2879 1811 2914 promittentes
1829 2894 1836 2911 ε

1050 2922 1060 2939 ι
1073 2913 1127 2942 Nos
1139 2916 1314 2944 suadebimus
1324 2915 1446 2950 Praesidi,
1462 2921 1490 2944 et
1502 2924 1612 2944 Securos
1621 2913 1668 2941 vos
1679 2914 1834 2947 faciemus,

1660 2961 1700 2990 Ιι9
