2069 3147
223 196 292 228 i549

795 198 825 227 S.
842 197 1004 228 LONGINI
1024 197 1265 228 MARTYRIUM.

1777 194 1843 226 1550

224 260 322 287 ρωσεν.
339 251 410 287 Πρὸς
422 251 525 283 τούτοις
541 254 595 283 τοῖς
606 252 1008 288 γράμμασι’συναποστέλλουσι

1062 252 1127 280 teris
1145 257 1171 280 et
1187 253 1317 288 pecunias
1332 252 1443 279 mittunt
1461 255 1488 278 et
1502 250 1614 286 Longini
1632 255 1746 277 mortem
1761 251 1845 284 depo-

224 298 271 324 καὶ
286 298 423 333 χρήματα,
439 299 485 324 καὶ
496 299 541 324 τὸν
552 299 687 332 Λογγίνου.
697 298 813 325 θάνατον
827 298 1005 331 ἐξαιτοῦνται,

223 341 368 372 admitted;
380 341 514 377 Καίσαρος
530 343 750 378 ὐφαρπάσαντες.
765 344 819 370 Καὶ
833 343 865 378 δὴ
881 343 1007 378 βασιλικὰ

223 386 376 420 γράμματα
397 388 437 418 εἰς
457 387 505 422 τὴν
527 386 655 414 Ἰουδαίαν
675 388 713 423 τῷ
730 388 837 424 Πιλάτῳ
852 389 1008 424 κομίζονται

224 432 293 459 κατὰ
310 433 440 467 Λογγίνου
458 434 506 460 καὶ
519 434 572 460 τῶν
590 435 638 461 σὺν
657 435 741 470 αὐτῷ,
757 434 795 466 ὡς
809 436 850 461 ὅτι
864 435 888 461 οί
902 435 937 461 τὰ
953 434 1009 461 τῶν

223 478 312 504 ὅπλων
332 478 530 513 ἀμελήσαντες,
546 479 617 513 ξίφει
640 481 688 511 τὰς
713 480 835 514 κεφαλὰς
856 479 1009 509 ἀποθέσθαι

224 523 474 558 κελεύιυμενῦΌθεν
497 525 598 560 σπουδῇ
615 525 699 560 πολλῇ
715 527 770 557 τοῖς
786 525 841 552 τῶν
856 525 944 560 φόνων
957 526 1009 552 ὑπ-

224 568 335 603 ηρέταις
349 569 363 594 ὁ
375 569 489 600 Πιλάτος
503 570 654 605 ἐγχειρίζει
668 570 701 597 τὰ
714 570 866 606 γράμματα
880 571 926 597 τοῦ
940 570 1009 597 Καί-

225 622 317 648 σαρος.
330 614 361 640 0i
375 614 403 640 δὲ
417 615 498 649 τάχος
515 615 668 648 διαϐάντες,
682 616 731 650 τὴν
747 616 802 642 τῶν
818 617 1010 643 Καππαδόκων

224 660 276 693 γῆν
294 659 457 693 φθάνουσιν·
474 659 520 686 καὶ
536 660 667 695 μαθόντες
687 662 716 687 ἐν
739 661 815 697 ἀγρῷ
833 661 951 696 πατρῴῳ
964 662 1010 687 τὶν

225 705 355 738 Λογγῖνον
382 705 552 739 φιλοσοφεῖν,
576 707 623 732 καὶ
648 706 698 741 τὴν
719 707 833 742 ἡσυχίαν
856 707 1008 739 ἀσκεῖσθαι,

225 751 333 777 πάντων
349 751 403 777 τῶν
418 751 566 778 πολιτικῶν
586 752 758 787 πραγμάτων
779 753 876 778 ἑαυτδν
889 753 1010 779 ἀπαλλά-

227 796 318 828 ξαντα.
340 796 392 822 Τὸν
412 797 496 831 ἀγρὸν
517 797 616 823 αὐτίκα
637 798 903 831 καταλαμὸάνουσιν,
921 799 1010 833 ἡσυχῇ

225 841 255 867 τὸ
272 841 413 875 ἐπίταγμα
428 842 544 868 Πιλάτου
565 842 611 868 καὶ
623 842 760 877 Καίσαρος
778 843 933 869 ἐπιτελέσαι
950 842 1011 877 βου-

225 887 344 921 λόμενοι,
357 886 427 912 ὥστε
443 886 480 922 μὴ
490 887 531 919 είς
548 887 639 921 φυγὴν
651 887 697 914 τὸν
713 888 846 921 Λογγῖνον
859 887 1008 922 τραπῆναι.

226 932 307 959 Ὅθεν
323 932 429 968 ἁθρόως
444 932 603 968 ὑπέστησαν
616 932 655 968 τῷ
669 932 758 968 ἀνδρὶ,
774 933 811 965 ὼς
824 933 866 959 ἐπ’
878 933 949 968 ἄλλῳ
959 933 1013 959 τινὶ

225 978 379 1010 διαϐάντες,
398 978 446 1005 καὶ
461 978 537 1005 οὐδὲν
551 979 639 1005 οὐδενὶ
651 978 705 1005 τῶν
721 978 790 1013 μετὰ
809 979 903 1014 χεῖρας
921 978 1012 1005 αὐτῶν

226 1024 434 1060 ἐπιφερομένων
452 1024 626 1061 ἐθάρρησαν·
650 1022 710 1051 εἶτα
722 1024 890 1056 είσελθόντες
910 1024 957 1051 καὶ
974 1024 1012 1059 τῷ

226 1069 350 1104 Λογγίνῳ
366 1070 569 1105 περιτυχόντες,
582 1070 632 1096 οὐκ
652 1070 753 1101 εἰδότες
773 1070 855 1097 αὐτὸν
872 1067 953 1103 εῖναι,
966 1070 1012 1097 τόν

226 1114 317 1145 αὐτοῖς
327 1122 357 1140 τε
370 1115 418 1142 καὶ
428 1115 537 1150 Πιλὰτῳ
555 1114 731 1150 ζητούμενον,
746 1115 874 1151 ἄρχονται
895 1116 1011 1151 ἐρωτᾷν,

225 1158 276 1184 ποῦ
288 1160 301 1186 ὁ
315 1159 447 1194 Λογγῖνος
461 1161 514 1195 εἴη.

261 1208 298 1236 ς’.
319 1205 349 1232 '0
363 1206 392 1232 δὲ
406 1207 559 1242 Μακάριος,
575 1207 623 1234 τοῦ
641 1208 713 1234 οείου
731 1207 890 1243 Πνεύματος
903 1206 1014 1242 αὑτῷ-τὸ

225 1253 316 1289 δρᾶμα
329 1252 776 1287 προσδηλώσαντος,ἀκολουθεῖτε,
789 1254 881 1288 φησὶν,
896 1254 942 1280 καὶ
950 1253 1013 1279 toﬁ-

224 1307 269 1325 τον
282 1298 461 1332 ὑποδείκνυμι
477 1298 551 1334 ὑμῖν.
561 1299 628 1325 Τότε
641 1298 709 1334 πρὸς
719 1299 815 1326 ἑαυτὸν
826 1299 839 1325 ό
857 1299 934 1333 ἅγιος
944 1299 1013 1333 Λογ-

225 1346 309 1379 γῖνος,
327 1345 364 1375 ὡς
380 1345 464 1377 εἰκὸς,
484 1345 715 1380 εὐφραινόμενος,
733 1346 780 1371 καὶ
795 1344 842 1371 τοῦ
864 1345 1013 1380 μαρτυρίου

224 1390 273 1424 τὴν
297 1389 393 1416 θυσίαν
408 1389 631 1421 ὑποσπουδάζων,
650 1389 742 1424 ἔλεγεν
758 1390 819 1416 καθ’
831 1391 941 1417 ἑαυτόν·
966 1391 1014 1423 Ὡς

224 1435 323 1475 ὡραῖοι
347 1437 374 1462 οι
391 1435 484 1468 πόδες
507 1434 567 1462 τῶν
587 1435 856 1470 εὐαγγελιζομένων
876 1436 1012 1470 εἰρήνην,

224 1480 284 1507 τῶν
297 1480 566 1515 εὐαγγελιζομένων
581 1481 616 1508 τὰ
629 1482 734 1516 ἀγαθά.
745 1482 801 1509 Νῦν
812 1482 876 1514 τοὺς
885 1483 1015 1518 οὐρανοὺς

225 1527 414 1562 ἀνεῳγμένους
434 1527 536 1562 ὄψομαι
555 1528 604 1562 (2),
629 1528 676 1555 νῦν
701 1529 837 1564 ἱστορήσω
862 1530 912 1564 τὴν
936 1528 1014 1561 δόξαν

225 1571 284 1611 [toti
302 1571 477 1606 μονογενοῦς]
493 1580 540 1598 του
556 1571 661 1607 Πατρὸς
672 1592 679 1603 ,
695 1572 742 1598 νῦν
759 1572 809 1606 τῆς
825 1573 1014 1607 ἅνεκφράστου

224 1617 368 1652 ἀστραπῆς
382 1617 513 1652 θεωρήσω
530 1617 577 1644 τοῦ
592 1619 697 1653 Πατρὺς
713 1619 750 1654 (5)
764 1618 821 1655 [τοῦ
830 1619 895 1645 Υἱοῦ
909 1620 955 1646 καὶ
967 1619 1014 1646 τοῦ

225 1663 314 1699 ἁγίου]
340 1664 510 1699 Πνεῦματος.
522 1665 579 1691 Νῦν
601 1665 666 1700 ἐρῶ,
681 1665 766 1700 Κύριε
790 1665 876 1700 Ἰησοῦ
896 1665 1009 1700 Χριστὲ,

225 1710 298 1742 δέξαι
321 1710 351 1736 τδ
369 1710 479 1744 πνεῦμά
503 1719 564 1745 μου,
580 1710 705 1746 καθάπερ
721 1712 858 1746 Στέφανος
877 1713 890 1739 ὁ
906 1712 1014 1747 πρῶτος

224 1756 278 1781 τῶν
289 1756 454 1792 Μαρτύρων,
468 1753 499 1783 οὗ
515 1757 710 1792 λαμπροτάτην
721 1757 814 1793 φωνὴν
824 1759 949 1793 ἀφιέντος
963 1754 1012 1794 (Il),

225 1801 339 1837 ἀκήκοα.
362 1803 418 1829 Νῦν
434 1803 680 1839 Ἰερουσαλὴμ,τὴν
695 1805 837 1839 ἀνωτάτην
857 1805 1013 1840 χρυσόπυρ-

225 1854 281 1880 γον,
292 1847 340 1882 τὴν
354 1848 439 1883 αὑτὴν
454 1849 504 1883 μὲν
518 1849 634 1885 πατρίδα
647 1849 701 1876 τῶν
713 1850 916 1884 ἀγγέλων,ὂλου
928 1850 956 1877 δὲ
965 1850 1012 1877 τοῦ

225 1893 278 1919 τῶν
293 1894 378 1927 ἁγίων
401 1895 482 1929 χοροῦ
506 1896 686 1930 μητρόπολιν,
706 1896 774 1930 μετὰ
792 1897 908 1931 κρότων,
925 1897 1012 1923 ἐπινι-

224 1939 291 1965 κίων
306 1940 353 1966 καὶ
367 1939 516 1974 βασιλικῶν
532 1941 670 1976 τροπαίων
682 1941 861 1977 ἐπιϐήσομαι.
871 1942 928 1968 Νῦν
943 1942 1012 1968 ἀπο-

224 1984 321 2019 δύομαι
340 1985 386 2011 τὸν
400 1986 510 2021 πήλινον
522 1987 634 2021 χιτῶνα,
643 1987 688 2013 καὶ
702 1987 765 2018 τοὺς
780 1988 1010 2019 πολυστενάκτονς

224 2032 342 2067 δεσμοὺς
363 2032 414 2067 τῆς
436 2032 537 2068 σαρκὸς
559 2032 722 2067 ἀποτίθημι,
742 2034 788 2059 καὶ
804 2033 1011 2067 ἀπαλλάττομαι

226 2078 342 2114 φθορᾶς·
360 2079 429 2114 πρὸς
441 2079 597 2115 ἀφθαρσίαν
614 2079 667 2114 γὰρ
680 2079 806 2115 ἕλκομαι,
822 2080 869 2106 καὶ
890 2079 1010 2115 ἀπέρχο-

227 2132 275 2158 μαι
289 2124 336 2151 ὲπὶ
350 2124 395 2150 τὸν
409 2124 507 2159 λιμένα
517 2125 620 2151 ἐκεῖνον
634 2125 683 2160 τῆς
698 2124 780 2159 ζωῆς,
793 2124 857 2152 ἔνθα
867 2124 1010 2152 κατοικοῦ-

226 2178 267 2195 σιν
280 2171 304 2196 οἱ
320 2169 401 2204 ἃγιοι.
419 2170 568 2204 Εὐφραίνου
584 2170 685 2200 τοίνυν.
701 2170 784 2205 ψυχὴ,
810 2169 878 2205 πρὸς
897 2170 943 2196 τὸν
964 2170 1010 2197 σὺν

226 2217 343 2250 ΙΙοιητὴν
361 2216 408 2242 καὶ
423 2216 562 2250 Δεσπότην
579 2216 754 2251 ἀπερχομένη
765 2223 772 2231 ·
792 2215 878 2248 δεῖξον
898 2215 1009 2250 φαιδρὸν

1058 306 1153 334 scunt,
1170 300 1279 335 suisque
1300 299 1444 327 calumniis
1468 306 1548 325 aures
1570 302 1735 332 occupantes
1754 297 1845 324 Caesa-

1058 355 1127 380 reas,
1141 346 1312 381 imperatoria
1326 345 1451 372 mandata
1464 344 1489 371 in
1504 344 1625 371 Judzeam
1641 348 1733 370 contra
1747 343 1847 378 Longi-

1059 401 1124 420 num
1135 392 1258 420 referunt
1271 392 1304 419 ad
1319 391 1450 423 Pilatum;
1467 391 1567 426 quibus
1581 390 1670 425 gladio
1694 390 1721 416 iu
1737 398 1784 417 eos
1803 390 1848 424 ju<

1058 438 1173 466 bebatur
1194 437 1423 467 animadvertere.
1442 437 1486 472 qui
1514 436 1636 463 militiam
1651 435 1846 462 deseruissent.

1059 483 1110 511 Eas
1123 484 1225 510 litteras
1233 483 1334 510 Pilatus
1344 482 1474 509 continuo
1484 482 1592 508 tradidit
1607 481 1725 515 probatis
1732 480 1847 507 caedium

1059 537 1075 556 a
1088 537 1118 556 se
1132 530 1333 564 designatarum
1349 528 1482 555 ministris
1502 537 1508 554 :
1529 527 1580 562 ipsi
1599 535 1665 554 vero
1687 527 1848 553 festinanter

1060 574 1230 602 discedentes
1255 579 1440 609 pervenerunt
1464 573 1490 600 in
1519 572 1731 608 Cappadociam,
1758 573 1848 606 ibique

1060 620 1214 648 didicerunt
1233 620 1381 655 Longinum
1400 624 1513 654 paterno
1528 619 1555 645 in
1573 626 1637 653 agro
1652 619 1847 653 philosophari.

1061 671 1088 694 ct
1105 666 1215 693 urbanis
1238 665 1354 701 negotiis
1374 665 1502 699 curisque
1523 664 1672 696 abdicatis,
1693 665 1785 690 animo
1802 672 1851 698 per

1060 712 1179 747 quietem
1195 712 1347 739 exercendo
1366 719 1470 738 vacare.
1488 710 1588 745 Agrum
1612 710 1702 744 itaque
1724 710 1850 735 eumdem

1061 757 1171 789 adeunt,
1193 757 1397 791 decernuntque
1419 756 1497 782 Pilati
1515 763 1546 782 ac
1564 755 1678 782 Caesaris
1699 756 1852 790 iussionem

1062 810 1123 829 cum
1146 796 1254 828 silentio
1270 801 1391 835 exsequi,
1411 809 1445 827 ne
1463 801 1531 827 ferte
1551 801 1577 826 in
1594 800 1685 835 fugam
1703 808 1852 827 conversus

1062 848 1210 883 Longinus,
1235 847 1362 874 manibus
1382 846 1438 873 suis
1462 846 1614 880 eriperetur
1630 855 1637 872 :
1653 846 1723 872 unde
1751 846 1851 872 factum

1062 897 1112 924 est,
1126 897 1156 919 ut
1173 892 1276 919 nemini
1290 891 1437 926 quidquam
1457 898 1551 918 eorum
1568 899 1628 925 qua:
1644 891 1782 917 habebant
1798 899 1853 925 pra:

1064 939 1188 966 manibus
1200 938 1331 965 audentes
1340 938 1516 968 concredere,
1525 937 1635 972 ipsimet
1643 936 1767 972 Longino
1777 937 1852 963 velut

1062 985 1139 1012 alteri
1155 984 1365 1019 supervenerint
1380 983 1571 1019 improvisi,ad
1586 990 1704 1016 eumque
1721 982 1852 1010 acceden-

1062 1034 1104 1057 tes
1117 1034 1144 1065 et
1162 1030 1326 1061 nescientes,
1346 1029 1433 1064 ipsum
1449 1037 1509 1056 esse
1522 1037 1602 1064 quem
1618 1029 1790 1063 quaarebaut,
1809 1029 1850 1055 in-

1064 1081 1200 1112 terrogare
1220 1075 1366 1111 ccepcrint,
1381 1075 1425 1103 ubi
1441 1079 1513 1103 esset
1527 1074 1674 1111 Longinus.

1099 1209 1124 1236 6.
1146 1209 1192 1236 ille
1199 1217 1263 1236 vero
1271 1217 1328 1236 rem
1340 1215 1447 1235 omnem
1454 1207 1537 1235 divini
1548 1207 1668 1242 Spiritus
1680 1207 1793 1234 edoctus
1806 1207 1854 1234 ad-

1064 1256 1167 1282 monitu
1183 1264 1189 1282 :
1205 1255 1257 1288 Me,
1273 1255 1370 1290 inquit,
1386 1253 1541 1289 sequimini,
1560 1258 1587 1281 et
1610 1253 1698 1288 ipsum
1711 1254 1854 1280 ostendant

1063 1301 1148 1328 vobis.
1159 1301 1212 1328 Nec
1221 1309 1294 1327 mora
1306 1310 1312 1327 :
1322 1300 1432 1327 domum
1448 1307 1495 1327 eos
1509 1307 1584 1326 suam
1597 1300 1717 1334 gaudens
1728 1300 1853 1330 deduxit.

1064 1353 1146 1380 seque
1157 1346 1188 1372 ad
1199 1346 1316 1381 martyrii
1326 1353 1374 1380 pro
1387 1345 1494 1372 Christo
1506 1344 1810 1372 subcundisacriﬁeium
1822 1353 1854 1372 ex

1065 1397 1129 1420 tunc
1141 1400 1277 1427 apparans
1292 1392 1414 1420 studiose
1430 1401 1435 1419 :
1452 1391 1537 1424 Quam
1553 1392 1770 1427 spcciosi,inqnit
1783 1393 1856 1427 apud

1064 1447 1093 1466 se
1109 1440 1217 1471 tacitus,
1238 1440 1314 1473 pedes
1337 1439 1574 1474 euangelizandum
1594 1448 1702 1474 pacem.
1726 1440 1856 1475 evangeli-

1064 1485 1183 1511 zantium
1210 1484 1315 1511 bona’:
1333 1492 1407 1511 nunc
1433 1489 1541 1518 apertos
1565 1484 1631 1511 mihi
1656 1485 1740 1511 caelos
1764 1485 1855 1515 video,

1065 1538 1139 1557 nunc
1160 1529 1219 1556 Filii
1236 1530 1268 1557 ad
1282 1531 1419 1557 dexteram
1436 1530 1525 1557 Patris
1542 1530 1712 1564 contemplor
1731 1530 1854 1565 gloriam.

1066 1585 1138 1604 nunc
1161 1576 1324 1603 ineffabilem
1353 1577 1437 1611 ipsius
1461 1576 1547 1603 Patris
1568 1580 1596 1603 et
1625 1575 1712 1603 sancti
1737 1575 1857 1610 Spiritus

1069 1622 1239 1656 Splendorem
1264 1621 1383 1653 intueor,
1412 1629 1485 1648 nunc
1513 1620 1622 1648 dicam:
1640 1620 1753 1648 Domine
1780 1620 1854 1650 Jcsu.
1895 1655 1898 1658 λ

1068 1667 1176 1701 suscipe
1203 1667 1328 1702 spiritum
1355 1674 1461 1699 meum;
1492 1666 1721 1700 quemadmodum
1754 1666 1857 1701 primus

1068 1717 1217 1747 martyrum
1235 1712 1392 1746 Stephanus
1406 1711 1452 1745 (τ’),
1469 1711 1547 1745 cuius
1563 1711 1688 1738 abeuntis
1703 1719 1717 1737 c
1733 1711 1784 1737 vita
1799 1712 1857 1746 pul-

1067 1758 1230 1786 cherrimam
1245 1765 1340 1784 vocem
1350 1757 1446 1784 audire
1461 1756 1557 1783 merui.
1575 1756 1635 1783 Jam
1653 1764 1798 1790 supernam
1811 1756 1857 1783 Je-

1067 1805 1183 1832 rusalem
1203 1804 1294 1830 aureis
1315 1804 1475 1830 instructam
1492 1802 1620 1832 turribus,
1636 1802 1793 1836 angelorum
1810 1809 1856 1836 pa-

1067 1851 1163 1883 triam,
1183 1854 1338 1877 sanctorum
1360 1848 1482 1875 omnium
1503 1848 1674 1882 tnetropolim
1697 1847 1856 1881 spatio>ain,

1066 1905 1127 1924 cum
1148 1896 1290 1931 plausibus
1300 1915 1307 1926 ,
1320 1894 1455 1929 epiniciis,
1473 1893 1609 1928 regiisque
1624 1892 1751 1927 tropha‘is
1765 1892 1856 1927 ingrc-

1065 1942 1134 1969 diar.
1149 1940 1207 1968 Jam
1225 1941 1345 1967 tunicam
1367 1939 1437 1966 hanc
1457 1943 1593 1965 terrenam
1610 1945 1714 1965 exuens
1727 1942 1754 1965 et
1767 1938 1856 1965 carnis

1065 1987 1171 2015 vincula
1187 1987 1320 2014 laboriosa
1332 1986 1481 2020 deponens,
1498 1993 1512 2012 a
1535 1985 1706 2012 mortalitatis
1722 1985 1857 2012 subducar

1064 2032 1256 2067 corruptione,
1275 2031 1476 2065 subvectusque
1499 2030 1533 2058 ad
1561 2030 1773 2058 immortalitatis
1796 2031 1865 2058 fcli-'

1064 2078 1203 2106 cissimum
1223 2081 1323 2105 statum
1344 2077 1372 2104 in
1396 2082 1503 2112 portum
1528 2077 1636 2104 veniam
1649 2077 1710 2104 vita:
1733 2082 1853 2108 :eteruze.

1063 2130 1143 2159 quam
1159 2122 1238 2149 simul
1253 2130 1349 2149 omnes
1367 2122 1453 2150 sancti
1472 2121 1634 2149 inhabitant.
1648 2122 1759 2149 Exsulta
1775 2122 1857 2157 igitur

1062 2173 1090 2196 et
1105 2169 1205 2200 trctare,
1221 2176 1237 2196 ο
1251 2168 1351 2199 anima,
1365 2167 1396 2194 ad
1414 2167 1589 2194 Conditorem
1611 2170 1687 2193 tuum
1712 2171 1738 2194 et
1763 2167 1856 2194 Domi-

1062 2222 1127 2242 num
1153 2214 1298 2241 transitura
1323 2222 1329 2240 :
1351 2220 1475 2240 serenam
1496 2211 1592 2239 faciem
1618 2212 1669 2239 hac
1691 2217 1744 2239 tam
1765 2217 1855 2247 optata

225 2262 254 2287 τὸ
272 2262 416 2295 πρόσωπον
431 2261 527 2296 καιροῦ
548 2261 704 2293 καλοῦντος,
721 2261 767 2288 καὶ
785 2261 848 2292 τοὺς
864 2260 1009 2296 προξένους

1062 2260 1206 2288 occasione
1228 2259 1342 2291 exhibe,
1367 2262 1559 2292 tantorumque
1579 2258 1627 2285 tibi
1646 2259 1746 2286 latores
1768 2260 1856 2287 hono-

225 2315 272 2333 σου
305 2307 359 2334 τῶν
383 2307 518 2334 τοσούτων
542 2307 652 2340 ἀγαθῶν
671 2307 841 2342 φιλοφρόνως
860 2306 1009 2341 ξενίσωμεν
1031 2335 1037 2341 .

224 2353 376 2387 χαίροντες,
397 2353 446 2379 καὶ
467 2352 601 2388 πολυτελῆ
627 2353 832 2388 παραθήσωμεν
856 2354 1007 2389 τράπεζαν,

222 2401 278 2430 τοῖς
293 2399 339 2426 ἐπὶ
354 2399 384 2426 τδ
398 2399 506 2426 δεῖπνον
520 2399 599 2434 ἡμῶν
616 2399 729 2426 καλοῦσι
744 2399 892 2434 βασιλικόν.

257 2444 291 2477 ξ’.
311 2445 405 2472 Ταῦτα
417 2445 485 2481 πρὸς
500 2445 596 2472 ἑαυτὸν
612 2446 626 2471 ὁ
639 2445 767 2478 Λογγῖνος
779 2444 947 2477 είπὼν,’τους
962 2446 1011 2472 ἐπ’

222 2490 303 2517 αὑτὸν
318 2490 445 2522 ἐλθόντας
461 2490 502 2523 είξ
523 2491 568 2518 τὸν
589 2491 653 2517 [διον
673 2489 747 2517 οἶκον
774 2490 944 2526 παρέλαϐεν,
962 2491 1010 2518 καὶ

223 2536 329 2568 ξενίσας
342 2536 486 2572 λαμπρῶς,
504 2537 552 2563 καὶ
566 2536 706 2572 προσώπῳ
719 2535 824 2571 φαιδρῷ
839 2536 888 2563 καὶ
907 2536 1009 2570 σφόδρα

223 2583 368 2616 περιχαρεί
389 2582 541 2617 συμφαγὼν
564 2583 612 2608 σὺν
632 2583 724 2613 αὐτοῖς
743 2583 783 2614 εἰς
799 2583 832 2617 ἢν
852 2581 1008 2617 παρέθηκεν

257 2670 267 2685 ¹
288 2669 338 2697 lsa.
353 2677 401 2703 LII,
418 2669 432 2695 7
446 2677 453 2702 ;
467 2669 546 2696 Rom.
563 2678 596 2701 ς,
614 2669 654 2696 t5.

1062 2314 1122 2333 rum
1140 2306 1263 2333 hilariter
1278 2309 1359 2340 atque
1374 2304 1545 2339 hospitaliter
1558 2304 1645 2337 habe;
1666 2305 1736 2332 bene
1751 2304 1855 2332 instru-

1061 2356 1132 2379 ctam
1156 2359 1276 2378 mensam
1297 2358 1438 2385 apponens
1459 2349 1501 2382 iis,
1516 2350 1562 2384 qui
1582 2349 1617 2376 ad
1634 2357 1740 2377 caenam
1754 2351 1854 2385 regiam

1063 2402 1088 2425 te
1103 2396 1241 2424 invitaturi
1256 2396 1438 2423 advenerunt.

1099 2443 1125 2468 7.
1147 2441 1210 2468 Haec
1229 2441 1299 2468 intra
1320 2448 1349 2467 se
1371 2440 1478 2467 locutus
1495 2439 1634 2474 Longinus
1652 2438 1788 2465 immissos
1803 2438 1853 2466 sili

1063 2489 1176 2515 sicarios
1193 2488 1219 2514 in
1235 2488 1346 2514 domum
1362 2494 1438 2514 suam
1456 2485 1579 2520 excepit,
1596 2489 1624 2511 et
1643 2484 1784 2519 splendide
1807 2492 1854 2510 eos

1063 2539 1193 2566 tractans,
1210 2534 1287 2560 vultu
1310 2533 1373 2560 laeto
1396 2536 1424 2559 et
1445 2539 1548 2567 magnae
1561 2529 1740 2565 iucunditatis
1754 2530 1853 2556 indit-ia

1062 2581 1234 2616 praeferente,
1252 2579 1285 2606 ad
1298 2578 1421 2606 eamdem
1443 2585 1506 2605 cum
1533 2577 1600 2612 ipsis
1625 2576 1751 2604 accubuit
1775 2584 1852 2603 mcu-

974 2711 1090 2739 ΝΟΤιΕ.

257 2759 294 2795 (2)
315 2759 367 2786 Per
383 2759 620 2795 l'uturumrmelius
644 2765 725 2793 quam
744 2765 792 2792 per
810 2764 930 2792 praesens
950 2757 1009 2784 haec

222 2794 317 2822 Latine
334 2795 448 2821 fuissent
469 2794 584 2821 reddita.

267 2830 292 2860 3)
314 2829 397 2856 Pleno
410 2829 501 2856 sensui
519 2829 576 2855 lucc
593 2832 641 2855 aut
652 2827 751 2854 similia
768 2827 865 2854 deesse
879 2825 971 2853 credo.

267 2830 292 2860 3)
314 2830 397 2856 Pleno
410 2830 501 2856 sensui
519 2830 576 2855 lucc
593 2832 641 2855 aut
652 2830 751 2854 similia
768 2830 865 2854 deesse
879 2830 971 2853 credo.

254 2830 293 2898 ίι)
316 2864 426 2892 Vidi-tur
440 2864 574 2898 interpres
586 2863 682 2898 legisse
696 2862 821 2898 ὰφιόντος
831 2870 838 2877 ·
850 2861 883 2888 ad
895 2862 1008 2898 verbum

219 2895 309 2926 autem
329 2900 368 2926 sic
382 2899 448 2926 verti
467 2895 554 2933 potest
571 2907 577 2924 :
598 2895 708 2930 (Quem
725 2897 815 2924 audivi
833 2895 1009 2932 praeclarissi-

1059 2764 1130 2783 mam
1147 2757 1284 2788 emittere,
1301 2756 1343 2783 vel
1355 2757 1480 2784 emisisse
1495 2765 1601 2785 vocem.
1615 2768 1624 2784 ι

1094 2792 1128 2826 (c)
1151 2791 1263 2828 Passum
1278 2799 1339 2828 esse
1352 2796 1476 2828 sanctum
1493 2793 1664 2828 Stephanum
1687 2796 1748 2826 post
1770 2792 1850 2826 septi.

1059 2835 1134 2853 mum
1153 2827 1261 2853 circiter
1283 2834 1297 2854 a
1321 2827 1439 2861 Spiritus
1461 2829 1547 2856 sancti
1571 2829 1690 2856 adventu
1715 2834 1849 2860 mensem,

1059 2861 1228 2922 εοιιίῖὶῖῐῐὶὶυξ
1240 2862 1273 2889 ad
1288 2867 1444 2894 sanctorum
1459 2862 1569 2890 Patrum
1582 2869 1746 2890 consensum
1758 2862 1850 2888 existi-

1059 2901 1115 2922 ιιιιιι
1151 2904 1274 2922 31⁸0111115.

1059 2901 1115 2923 mat
1129 2897 1274 2923 Baronius.
