2069 3147
190 193 264 226 ’1551

797 192 978 223 HESYCHII
998 193 1234 226 PRESBYTERI

1760 189 1829 223 15-32

196 256 255 278 nam
273 258 278 276 :
293 249 417 283 factaque
433 255 511 275 omna
530 247 698 283 interrogare
718 254 765 274 eos
778 255 919 284 aggressus
934 252 984 279 est,

1054 250 1186 283 ράπεζαν,
1202 251 1308 287 ἐρωτᾷν
1326 250 1395 286 μετὰ
1413 249 1444 277 τὺ
1456 249 1564 277 δεῖπνον
1579 248 1692 283 ἄρχεται
1703 248 1717 274 ό
1731 247 1832 282 Λογγῖ-

196 295 260 330 quid
284 295 316 322 iis
341 303 411 330 opus
428 298 521 321 -essct.
543 294 582 320 llli
606 302 670 321 vero
692 293 876 328 juramcntum
898 294 932 321 ab
957 302 990 321 eo

197 341 346 376 exigentes,
361 339 434 374 quod
456 347 546 374 neque
569 346 664 366 eorum
680 339 804 375 vulgaret
824 347 989 371 sermonem.

197 395 287 422 neque
308 387 496 414 concreditum
518 386 570 413 sibi
592 390 728 413 secretum
755 387 880 419 nudaret,
896 387 991 414 dicunt

196 432 232 465 ei,
251 432 323 467 quod
345 431 436 458 Cmsar
458 430 601 465 scripserit
622 431 655 458 ad
679 431 806 464 Pilatum,
821 436 851 458 ut
869 431 991 467 Longino

197 486 259 505 cum
280 477 341 504 aliis
352 477 459 504 duobus
473 477 606 504 militibus
619 480 701 512 caput
716 477 896 505 auferendum
910 485 991 504 cura-

198 527 250 551 ret.
265 523 372 556 Quibus
391 523 454 550 ille:
468 522 551 557 Ecqui
565 527 656 550 autent
672 528 736 551 sunt
750 524 804 551 duo
819 524 862 551 isti
877 523 992 559 Longini

166 572 177 596 ,ὶ
199 568 283 597 socii?
302 569 460 604 lntelligens
472 572 564 595 autem
579 575 627 596 eos
643 576 713 601 esse,
727 569 773 603 qui
790 569 910 597 Iudaica:
919 577 993 596 mer-

199 615 257 642 cedi
275 613 414 642 Christum
431 613 658 648 prtehabuerant,
679 614 788 648 scripsit
808 614 841 642 ad
865 622 912 641 eos
932 614 993 641 dili-

199 660 368 696 gentissime,
384 664 412 686 ut
427 659 629 694 quamprimum
652 659 684 686 ad
707 667 737 687 se
753 659 889 693 venirent,
907 659 994 686 maxi-

200 713 308 733 morum
330 704 413 732 futuri
429 705 562 731 bonorum
580 703 737 739 participes.
755 704 820 731 Dein
841 711 893 731 una
913 709 994 739 atque

201 749 285 776 altera
310 748 354 775 die
382 748 504 782 hospites
529 755 594 775 suos
619 748 759 782 retinens,
781 749 861 775 tertia
882 748 994 776 domum

201 794 262 822 illos
278 794 371 821 eduxit
386 794 413 821 in
431 801 524 830 agrum
539 814 546 827 ,
567 794 628 821 istic
641 794 788 829 opperiens
804 795 996 822 sociosoccer-

202 839 279 871 sitos,
291 846 360 874 quos
375 839 419 865 ubi
438 838 647 874 propinquiores
662 838 748 865 factus
758 838 892 873 cognovit,
911 845 996 873 expo-

202 885 256 912 suit
269 885 357 920 ipsum
369 892 398 912 se
412 891 472 911 esse
489 883 652 919 Longinum,
664 891 744 918 quem
757 887 921 918 quaererent.

239 982 265 1010 8.
287 981 339 1017 lpsi
358 989 423 1009 vero
446 981 564 1017 primum
589 980 670 1008 dictis
694 979 754 1014 ejus
770 978 851 1006 fidem
866 977 998 1005 adhibere

204 1029 368 1056 recusabant
386 1037 392 1054 :
408 1027 532 1063 persuasi
545 1027 643 1053 deinde
656 1033 720 1053 vera
739 1024 825 1060 loqui,
841 1031 906 1051 suos
915 1023 999 1051 velle-

204 1075 269 1101 bant
278 1073 402 1109 capillos,
416 1077 442 1100 et
454 1072 622 1100 miserandas
635 1071 668 1099 ad
682 1072 771 1106 ipsum
787 1077 870 1098 voces
880 1068 999 1096 edebant

204 1122 327 1149 dicentes
342 1130 348 1148 :
365 1121 401 1149 Ut
415 1120 480 1156 qttid
498 1120 537 1147 sic
556 1127 636 1155 agere
650 1117 770 1151 voluisti,
787 1116 892 1144 amice?
909 1115 999 1148 Quare

185 1169 232 1194 uin
246 1172 319 1195 tuam
336 1166 478 1195 venientes
494 1173 589 1193 necem
605 1165 638 1192 ad
653 1161 999 1191 tuaminvitastidomum?

205 1214 260 1241 Cur
269 1213 371 1241 eadem
383 1212 573 1240 machinantes
584 1216 657 1238 tuam
670 1217 765 1237 mensa
775 1214 802 1236 et
815 1207 941 1236 convivio
953 1215 1000 1234 ex-

206 1259 313 1295 cepisti,
330 1267 383 1286 non
402 1262 506 1286 tantum
524 1257 642 1287 una.sed
655 1257 739 1283 altera
753 1262 860 1290 quoque
876 1259 905 1281 et
922 1253 999 1281 tertia

206 1305 266 1333 die?
287 1304 328 1332 An
354 1304 423 1332 forte
441 1311 495 1331 non
515 1302 625 1330 videbas
643 1302 737 1329 vinum
752 1305 828 1328 tuum
848 1305 903 1333 tuo,
919 1307 999 1334 quem

205 1351 404 1386 qumrebamus,
422 1349 591 1377 miscendum
619 1347 769 1384 sanguine?
795 1347 875 1374 Nunc
905 1351 997 1373 autem

206 1397 270 1433 quid
289 1396 432 1425 dicemus?
452 1401 500 1423 aut
524 1396 588 1431 quid
606 1395 736 1430 agemus?
756 1394 777 1421 si
802 1393 866 1429 quid
891 1393 918 1420 in
943 1400 999 1420 rem

207 1449 280 1471 tuam
298 1442 440 1470 consulere
460 1448 616 1477 possumus,
632 1441 676 1467 abi
691 1440 718 1466 in
733 1447 814 1474 pace,
829 1438 1000 1473 hospitalita-

206 1491 242 1517 tis
267 1489 420 1516 mercedem
448 1488 570 1514 referens
593 1485 782 1513 remissionem
807 1483 917 1515 mortis,
935 1483 1002 1510 alias

207 1536 256 1563 tibi
271 1544 284 1563 a
302 1535 380 1562 nobis
401 1533 552 1561 inferendae
569 1541 574 1559 :
588 1539 677 1567 neque
693 1531 766 1558 enim
783 1529 902 1566 gladium
917 1528 1002 1556 aude-

1039 304 1095 329 νος,
1111 297 1138 323 τί
1160 297 1317 333 χρῄζουσιν.
1335 298 1365 324 Οί
1383 297 1410 323 δὲ
1428 297 1527 332 ὅρκους
1553 295 1619 330 παρ’
1633 293 1717 320 αὐτοῦ
1733 293 1830 320 ἀποτί-

1040 351 1148 374 σαντες,
1163 342 1261 377 ὅτιπερ
1282 342 1372 370 αὐτῶν
1385 343 1416 369 οὐ
1429 340 1586 377 δημοσιεύει
1601 340 1647 367 τὸν
1661 339 1752 374 λόγον,
1770 339 1829 366 οἱδὶ

1040 389 1140 423 γυμνοϊ
1152 387 1183 415 τὸ
1193 387 1329 424 uosmet»;
1345 388 1506 423 μυστήριον.
1516 387 1658 421 λέγουσιν·
1675 386 1773 422 ὅτιπερ
1784 394 1832 419 γε-

1040 433 1184 469 γράφηκεν
1197 434 1211 460 ὁ
1227 434 1336 470 Καῖσαρ
1351 434 1421 469 πρδς
1436 433 1564 464 Πιλᾶτον,
1577 433 1620 459 ἵνα
1638 431 1685 459 τοῦ
1699 431 1832 466 Λογγίνου

1043 479 1103 514 μεθ’
1121 479 1223 515 ἑτέρων
1237 479 1284 506 δύο
1300 479 1476 515 στρατιωτῶν
1489 479 1539 514 τὴν
1554 477 1675 512 κεφαλὴν
1695 477 1832 513 ἀποτέμῃ.

1047 523 1077 550 'O
1098 523 1127 550 δὲ
1152 523 1229 559 ἅγιος
1245 523 1298 559 ἔφη
1311 531 1318 539 ·
1342 523 1395 550 Καὶ
1411 519 1486 550 οὗτοι
1504 523 1577 555 τίνες
1595 521 1650 549 εἷεν
1674 523 1700 548 οἱ
1721 522 1780 558 ἃμα
1794 522 1835 558 τῷ

1041 569 1189 605 Λογγίνῳ;
1205 570 1252 597 καὶ
1269 569 1363 605 μαθὼν
1378 569 1415 602 ὡς
1430 569 1530 596 ἐκεῖνοί
1547 578 1577 596 τε
1592 567 1662 604 ἦσαν
1673 569 1699 596 oi.
1710 570 1759 604 τῆς
1767 563 1835 597 ’ἰου-

1041 615 1140 650 δαῖκῆς
1156 616 1305 651 μισαρχίας
1318 617 1365 642 τὸν
1379 615 1497 652 Χριστδν
1510 615 1742 650 προτιμήσαντες,
1753 623 1837 641 σπου-

1042 662 1074 698 δῇ
1094 662 1177 697 πολλῇ
1199 661 1300 697 γράφει
1322 661 1390 696 πρὸς
1410 662 1520 693 αὐτοὺς,
1533 661 1563 688 τὸ
1577 661 1660 695 τάχνς
1672 661 1751 695 ἥκειν
1770 659 1837 695 πρὸς

1043 707 1135 739 αὐτὸν,
1160 707 1273 741 ἀγαθῶν
1291 707 1420 742 μεγάλων
1443 707 1518 741 αὐτῷ
1538 707 1764 740 κοινωνήσοντας.
1782 707 1837 733 Καὶ

1044 753 1075 788 δὴ
1093 752 1198 788 ἡμέραν
1211 752 1283 780 οὕτω
1297 753 1363 788 μίαν
1379 753 1427 779 καὶ
1443 752 1573 788 δευτέραν
1588 752 1696 786 ξενίσας
1713 752 1811 783 αὐτοὺς
1824 753 1838 778 ὸ

1045 799 1176 832 Λογγῖνος
1205 798 1397 833 φιλοφρόνως,
1425 799 1458 832 τῇ
1490 797 1571 833 τρίτῃ
1600 797 1768 832 παραλαϐὼν
1798 798 1839 829 εἰς

1044 845 1129 880 ἀγρὸν
1145 845 1194 879 (5),
1212 845 1271 871 ἐκεῖ
1284 843 1347 876 τοὺς
1364 843 1429 879 παρ’
1445 843 1529 871 αὑτοῦ
1554 844 1772 878 μετασταλέντας
1791 844 1839 870 ἁν-

1048 890 1241 925 έμενεν.”Οθεν
1263 890 1346 924 ἐγγὺς
1360 887 1431 917 εἶναι
1448 889 1543 925 μαθὼν
1560 889 1729 924 ἀπαγγέλλει
1745 891 1839 922 αὐτοῖς

1049 936 1086 968 ὡς
1099 935 1178 967 ait-rb;
1194 936 1236 971 εῐη
1249 936 1262 962 ό
1273 935 1417 969 Λογγῖνος,
1430 935 1445 961 ὀ
1461 934 1527 970 παρ¹
1538 935 1627 962 αὐτῶν
1643 934 1820 969 ζητούμενος.

1084 985 1120 1018 η’.
1141 982 1173 1009 Ol.
1195 981 1223 1009 δὲ
1243 981 1376 1017 πρότερον
1395 982 1445 1016 μὲν
1460 981 1604 1015 ἠπίστουν,
1621 981 1691 1015 μετὰ
1711 981 1740 1007 δὲ
1762 981 1840 1008 τοῦτο

1050 1028 1221 1061 πεισθέντες,
1237 1027 1379 1063 ἐδάκρυον,
1396 1026 1530 1064 τίλλοντες
1543 1026 1593 1057 τὰς
1614 1025 1722 1053 ἑαυτῶν
1735 1026 1841 1062 τρίχας,

1050 1074 1097 1102 καὶ
1109 1073 1222 1109 οἰκτρὰς
1239 1072 1332 1107 φωνὰς
1349 1072 1418 1107 πρδς
1434 1071 1480 1099 τὸν
1498 1073 1631 1106 Λογγῖνον
1647 1072 1841 1107 φθεγγόμενοι.

1050 1122 1083 1148 Τί
1104 1130 1146 1148 σοι
1163 1121 1193 1148 τὸ
1212 1121 1376 1157 ἐγχείρημα,
1391 1115 1414 1146 ὧ
1435 1120 1506 1154 φίλε,
1525 1119 1614 1152 ἔδοξεν
1630 1119 1725 1153 “reﬁxo;
1743 1120 1801 1146 Ἱνα
1816 1120 1843 1146 τί

1049 1168 1114 1200 τοὺς
1127 1167 1173 1194 ἐπὶ
1193 1168 1238 1194 τὸν
1260 1167 1305 1194 σὸν
1321 1166 1448 1198 ἐλθόντας
1471 1166 1551 1201 φόνον
1574 1167 1615 1197 εἰς
1635 1166 1681 1192 τὸν
1698 1163 1775 1193 οῐκόν
1795 1158 1846 1192 σου

1050 1215 1162 1247 ἐλαῦεςς
1178 1214 1256 1245 Τίνος
1269 1213 1348 1249 χάριν
1363 1214 1421 1244 τοῖς
1436 1213 1476 1244 είς
1491 1212 1600 1248 σφαγήν
1618 1221 1666 1239 σου
1688 1220 1842 1247 παραγενο-

1052 1261 1144 1296 μένοις
1157 1260 1264 1286 δεῖπνον
1281 1258 1443 1290 ἑπετέλεσας
1454 1257 1599 1292 πολυτελῆ,
1617 1258 1665 1284 καὶ
1684 1257 1844 1293 παρέθηκας

1050 1305 1200 1342 τράπεζαν,
1215 1305 1246 1332 οὺ
1260 1305 1325 1339 μίαν
1344 1305 1424 1339 μόνον
1441 1303 1559 1339 ἡμέραν,
1571 1303 1640 1330 ἀλλὰ
1653 1304 1699 1330 καὶ
1715 1303 1844 1336 δευτέραν

1051 1352 1099 1379 καὶ
1121 1351 1232 1387 τρίτην;
1247 1348 1323 1386 ’Ἃρά
1346 1358 1393 1376 σου
1413 1350 1460 1376 τὸν
1485 1347 1556 1376 οἶνον
1578 1349 1627 1384 οὺχ
1650 1349 1740 1384 ἑώρας
1764 1350 1792 1375 ἒν
1804 1347 1845 1383 τῷ

1052 1397 1149 1432 αἵματί
1168 1405 1225 1427 σου,
1244 1395 1284 1430 τῷ
1298 1396 1365 1430 παρ’
1378 1395 1457 1430 ἡμῶν
1473 1394 1644 1430 ζητουμένῳ,
1658 1394 1844 1429 κίρνὼμενονς

1051 1443 1109 1470 Νῦν
1128 1443 1178 1478 μὲν
1189 1442 1214 1469 τί
1225 1442 1266 1468 δεῖ
1281 1443 1387 1474 εἰπεῖνι
1403 1441 1470 1468 τίδὲ
1485 1440 1600 1476 πρᾶξαι,
1616 1440 1632 1475 ἢ
1647 1439 1846 1475 βουλεύσασθαι

1051 1488 1117 1524 περὶ
1135 1487 1181 1514 σοῦ
1198 1487 1390 1522 δυνησόμεθα;
1407 1486 1485 1513 ἄπιθι
1508 1487 1537 1513 ὲν
1558 1486 1665 1522 εἰρήνῃ,
1683 1485 1779 1522 μισθὸν
1795 1486 1847 1520 τῆς

1053 1534 1142 1568 ξενίας
1163 1533 1254 1560 λαὸὼν
1270 1533 1317 1560 τοῦ
1337 1533 1404 1568 παρ’
1421 1532 1500 1568 ήμῶν
1520 1531 1638 1558 θανάτου
1657 1532 1706 1567 τὴν
1729 1532 1846 1566 ᾶφεσιν·

208 1590 269 1609 mus
282 1586 378 1608 contra
398 1586 423 1608 te
440 1579 574 1611 attollere,
593 1577 702 1606 rev-erili
726 1577 820 1606 salem.
835 1575 999 1602 erubescen-

1053 1581 1133 1616 ἡμεῖς
1149 1579 1203 1615 γὰρ
1225 1578 1359 1606 ἐπιθεῖναί
1375 1587 1417 1605 σοι
1431 1579 1461 1605 τὸ
1477 1578 1554 1612 ξίφος
1567 1578 1598 1605 οὐ
1610 1578 1765 1613 τολμῶμεν.
1780 1586 1848 1613 ναρ-

210 1633 250 1653 tes
266 1633 386 1653 mensam
397 1645 404 1658 ,
420 1624 599 1652 formidantes
616 1623 698 1650 Deum
716 1621 908 1657 hospitalitatis
925 1621 999 1648 arbi-

210 1677 281 1697 trum
297 1679 304 1697 :
319 1669 430 1704 expedit
443 1669 522 1696 nobis
542 1676 556 1695 a
574 1668 660 1695 Pilato
674 1667 821 1695 discrimen
840 1667 895 1702 pati
910 1666 1001 1702 potius

209 1724 290 1751 quam
306 1715 420 1751 Longini
438 1719 520 1749 caput
533 1713 702 1741 abscindere.
717 1713 860 1746 Quomodo
875 1721 940 1740 vero
953 1721 1002 1748 per

210 1769 319 1788 munem
335 1761 417 1788 vitam
433 1760 585 1786 labesceret
601 1758 779 1790 conscientia,
794 1762 822 1785 et
836 1765 1002 1785 convcscen-

211 1813 252 1834 tes
269 1806 362 1834 videre
379 1805 458 1832 nobis
474 1804 631 1832 videremur
641 1803 780 1839 sanguinis
793 1803 887 1830 avidos
902 1803 1002 1830 daemo-

211 1852 279 1879 nes?
291 1851 434 1885 Quomodo
453 1850 500 1878 tibi
518 1857 615 1877 manus
633 1856 776 1884 possemus
800 1848 928 1884 injicere?
946 1852 1003 1875 tor-

211 1902 278 1933 pent
304 1897 377 1925 enim
401 1905 457 1924 non
479 1896 561 1924 modo
583 1896 634 1923 illa:
655 1896 751 1928 nobis,
770 1895 817 1922 scd
835 1899 862 1922 ct
879 1894 962 1930 pedes
976 1899 1003 1921 et

212 1953 311 1980 corpus
328 1944 505 1976 universum;
521 1943 563 1971 vel
579 1943 762 1978 cogitantibus
773 1942 904 1969 duntaxat
916 1941 1004 1968 istius-

212 1991 285 2019 modi
310 1990 432 2022 facinus,
448 1997 503 2024 quo
524 1988 706 2017 benefactoris
726 1987 811 2015 nostri
835 1987 1003 2022 bospitisquc

212 2037 382 2064 cfﬁceremur
398 2036 544 2063 occisores.

246 2084 274 2111 9.
294 2082 334 2109 Ita
351 2082 463 2117 quidem
480 2081 525 2108 isti
544 2081 580 2109 ad
603 2081 634 2108 Β.
650 2080 803 2115 Longinum
821 2088 827 2106 :
843 2087 898 2106 non
913 2084 1003 2107 tamen

212 2129 541 2164 persuadere._potucruut
559 2131 687 2162 protnpto
701 2131 783 2162 atque
798 2126 880 2153 alacri
896 2126 929 2153 ad
945 2134 1005 2153 cer-

213 2183 302 2203 tamen
320 2175 440 2206 ῖιιίιιιιιω,
459 2179 489 2201 ut
501 2174 673 2201 subeundum
697 2181 747 2209 pro
766 2173 875 2201 Christo
888 2181 1004 2209 agonem

212 2222 386 2252 detrectaret,
400 2219 446 2246 sed
463 2219 552 2254 potius
566 2219 662 2246 fidenti
679 2219 771 2246 animo
787 2218 938 2254 respondit,
962 2218 1004 2245 di-

1052 1626 1146 1662 κῶμεν
1160 1626 1222 1657 τοὺς
1236 1625 1319 1657 ἃλας,
1336 1624 1509 1660 ἐρυθριῶμεν
1523 1624 1573 1659 τὴν
1590 1623 1747 1660 τράπεζαν,
1761 1623 1848 1650 δεδοί-

1053 1680 1142 1706 καμεν
1152 1672 1198 1699 τδν
1206 1671 1283 1704 Θεὸν,
1293 1671 1338 1698 τὸν
1347 1671 1397 1706 τῆς
1409 1669 1498 1703 ξενίας
1510 1669 1608 1706 ἔφορον
1618 1678 1625 1684 ·
1638 1670 1762 1705 κρεῖττον
1774 1669 1848 1704 ἡμᾶς

1053 1716 1220 1743 κινδυνεύειν
1238 1716 1315 1751 παρὰ
1330 1715 1459 1748 Πιλάτου,
1477 1715 1494 1750 ἢ
1511 1715 1559 1751 τήν
1578 1715 1711 1749 Λογγῖνον
1727 1714 1849 1750 κεφαλὴν

1053 1761 1238 1798 ἁφὰιρεῖσθαι.
1258 1762 1321 1794 Πῶς
1342 1762 1371 1788 δὲ
1393 1761 1440 1789 καὶ
1457 1761 1538 1796 ὴμῶν
1557 1761 1603 1788 τὸν
1626 1761 1717 1788 πάντα
1737 1760 1794 1796 βίον
1810 1760 1848 1796 τῷ

1054 1811 1184 1837 συνειδότι
1202 1809 1345 1846 τήκεσθαι,
1361 1809 1408 1836 καὶ
1431 1808 1658 1840 συνδειπνοῦντας
1679 1808 1746 1844 ὀρᾷν
1759 1828 1766 1839 ,
1785 1808 1849 1840 τοὺς

1053 1856 1216 1892 λεγομένους
1238 1856 1400 1891 αίμοχαρεῖς
1422 1854 1570 1889 δαίμοναςς
1590 1854 1653 1886 Πῶς
1679 1854 1707 1881 δέ
1732 1862 1774 1881 σοι
1801 1853 1850 1880 καὶ

1054 1903 1247 1937 ἑπενέγκωμεν
1267 1902 1316 1932 τὰς
1335 1902 1445 1936 χεῖρας;
1464 1899 1613 1935 Ναρκῶσιν
1635 1900 1692 1935 γὰρ
1716 1899 1794 1935 ἡμῶν
1816 1899 1848 1925 οὑ

1056 1949 1135 1983 μόνον
1152 1949 1180 1974 αἱ
1199 1949 1299 1983 χεῖρες,
1313 1947 1382 1974 ἀλλὰ
1396 1947 1445 1973 καὶ
1465 1947 1489 1973 οἱ
1509 1947 1598 1978 πόδες,
1613 1946 1659 1972 καὶ
1678 1945 1752 1972 ἅπαν
1770 1944 1849 1980 ἡμῶν

1054 1994 1084 2020 τὸ
1108 1993 1198 2029 σῶμα,
1222 1993 1268 2019 ἐὰν
1289 1994 1368 2019 τοῦτο
1391 1992 1560 2027 πράξωμεν,
1584 1993 1632 2018 ἐὰν
1653 1991 1782 2026 φονευταὶ
1801 1990 1849 2017 τοῦ

1056 2038 1201 2074 εὐεργέτου
1216 2038 1262 2064 καὶ
1278 2037 1417 2073 ξενοδόχου
1432 2037 1588 2073 γενώμεθα.

1091 2084 1122 2111 θ’.
1144 2084 1237 2110 Ταῦτα
1264 2084 1312 2119 μὲν
1326 2084 1404 2110 αὐτοὶ
1419 2083 1489 2118 πρὸς
1504 2083 1549 2110 τὸν
1564 2083 1702 2118 μακάριον
1717 2083 1850 2117 Λογγῖνον

1055 2130 1163 2165 ἔλεγον·
1181 2131 1212 2157 οὐ
1232 2130 1286 2165 μὴν
1305 2130 1333 2156 δὲ
1349 2129 1460 2156 ἔπειθον
1476 2129 1523 2156 τδν
1542 2129 1683 2165 πρόθυμον
1698 2129 1745 2156 καὶ
1765 2127 1851 2163 εὔψυ-

1056 2186 1102 2212 χον
1119 2176 1239 2212 ἀθλητὴν
1253 2176 1299 2202 τὸν
1315 2175 1408 2209 ἀγῶνα
1424 2175 1495 2211 ὑπὲρ
1513 2174 1562 2202 τοῦ
1577 2175 1681 2210 Κυρίου
1696 2175 1743 2201 καὶ
1757 2174 1850 2210 Σωτῆ-

1058 2231 1103 2258 ρος
1118 2222 1205 2257 Ἰησοῦ
1216 2221 1334 2258 Χριστοῦ
1344 2222 1580 2258 παραιτήσασθαι,
1592 2221 1660 2248 ἀλλὰ
1673 2221 1739 2256 πρὸς
1751 2221 1850 2254 αὐτοὺς

212 2275 278 2295 ccns
294 2275 302 2294 :
320 2266 360 2293 Nc
383 2273 427 2293 me
450 2265 618 2301 proditorem
634 2265 696 2292 vitae
712 2265 801 2292 velitis
816 2265 956 2300 aspicere,
973 2269 999 2291 ut

1055 2269 1195 2305 εὐθαρσῶς
1207 2269 1397 2304 ἀποκρίνεται,
1411 2270 1457 2305 Μή
1479 2278 1513 2305 με
1532 2269 1582 2304 (ϐ),
1598 2268 1696 2303 λέγων,
1716 2268 1852 2304 προδότην

211 2314 304 2341 datam
323 2312 394 2340 mihi
421 2311 538 2347 gratiam
553 2311 625 2338 ultro
641 2311 734 2338 videar
750 2310 895 2337 adduxisse
909 2310 937 2336 in
952 2310 1007 2337 dis-

212 2360 318 2386 crimen
333 2367 340 2385 :
354 2365 412 2385 non
431 2365 481 2393 ego
504 2364 633 2384 secernat-
663 2356 813 2383 ahovibus
837 2356 918 2390 lupus
939 2355 1007 2383 effe-

213 2410 282 2437 ctus,
304 2412 392 2440 neque
417 2403 522 2440 negabo
544 2411 626 2438 quem
647 2402 740 2435 semel
764 2401 909 2429 confessus
935 2408 1005 2428 sum.

212 2450 272 2477 Non
291 2451 443 2478 obscurabo
458 2450 531 2478 illius
548 2449 674 2486 gloriam,
689 2456 742 2484 qua
757 2448 936 2476 vidi-concuti
950 2447 1007 2474 ele-

214 2499 320 2528 menta;
341 2504 431 2531 neque
451 2496 589 2524 accusabit
614 2503 659 2523 me
683 2494 849 2522 universitas
865 2498 1004 2521 creatura-

215 2549 285 2573 rum,
300 2542 372 2576 quod
392 2542 429 2569 ab
449 2549 482 2569 eo
499 2542 658 2573 defecerint.
677 2545 789 2576 propter
808 2547 889 2575 quem
907 2539 1006 2567 calum

216 2587 320 2615 vultum
334 2595 413 2614 suum
423 2588 583 2620 abscondit,
595 2592 623 2615 et
639 2588 679 2615 sol
693 2587 824 2615 luciferas
838 2595 936 2614 currus
951 2586 1008 2614 dis-

215 2634 312 2668 solvit;
329 2634 438 2669 quando
449 2634 508 2662 dies
521 2642 570 2662 suo
580 2634 699 2662 excessit
712 2643 727 2662 e
742 2634 841 2666 stadio,
855 2638 882 2660 et
896 2641 948 2660 nox
960 2640 1009 2668 per

216 2680 269 2707 vim
280 2680 396 2708 adducta
412 2684 465 2712 est,
479 2687 531 2707 nec
546 2680 603 2715 ipsa
618 2681 684 2708 satis
700 2680 840 2708 sustinens
855 2687 935 2716 grave
946 2686 1010 2706 cru-

1055 2317 1105 2352 τῆς
1124 2316 1196 2351 ζωῆς
1212 2315 1329 2351 ὀφθῆναι
1345 2315 1492 2351 θελήσετε,
1509 2315 1578 2350 μηδὲ
1602 2315 1755 2351 πειραττὴν
1781 2315 1851 2340 ἀπο-

1055 2362 1197 2398 δειχθῆναι
1216 2362 1265 2397 τῆς
1279 2362 1392 2398 χάριτος
1405 2369 1412 2378 ³
1433 2362 1501 2397 μηδὲ
1513 2361 1595 2393 λύκος
1613 2362 1664 2397 τὴν
1679 2361 1734 2388 τῶν
1748 2361 1851 2396 προεώ-

1054 2417 1109 2436 των
1123 2407 1238 2443 ἐκλογὴν
1249 2408 1453 2442 ἀποδυσάμενος
1468 2407 1602 2443 γένωμαι,
1618 2407 1752 2443 μηδαμῶς
1765 2407 1852 2443 ἀρνή-

1057 2462 1151 2489 σομαι,
1165 2453 1195 2480 ὃν
1207 2453 1281 2487 ἅπαξ
1298 2453 1474 2489 ὡμολόγησα.
1495 2453 1542 2488 Μὴ
1556 2452 1689 2488 ζημιωθῶ
1705 2452 1755 2488 τὴν
1771 2452 1851 2484 δόξαν

1057 2497 1176 2532 εκείνην,
1193 2497 1227 2533 ἢν
1247 2495 1316 2524 εἶδον
1337 2497 1371 2524 τὰ
1394 2499 1513 2533 στοιχεῖα
1536 2497 1713 2530 σαλεύουσαν,
1737 2499 1774 2533 μή
1800 2507 1851 2533 μου

1058 2543 1212 2578 κατήγορος
1239 2542 1254 2568 ό
1280 2542 1367 2578 δῆμος
1395 2543 1446 2577 τῆς
1472 2543 1589 2573 κτίσεως
1611 2542 1852 2578 γένηται,⁴ὁτιπερ

1059 2588 1154 2615 τοῦτον
1177 2588 1312 2624 παρέϐην,
1336 2589 1410 2615 δι’ὃν
1437 2589 1553 2624 οὐρανὸς
1574 2589 1625 2620 τὰς
1647 2589 1853 2623 οἰκείαςδῷεσς

1060 2633 1207 2669 ἐκάλυψεν,
1226 2634 1274 2661 καὶ
1292 2634 1383 2661 ἕδοσεν
1400 2635 1413 2661 ὁ
1425 2635 1502 2670 ἥλιος
1519 2635 1553 2661 τὰ
1570 2635 1624 2661 τῶν
1638 2634 1790 2670 λαμπάδων
1803 2636 1854 2670 ἆρ-

1063 2687 1147 2714 ματα,
1159 2679 1207 2706 καὶ
1226 2680 1243 2715 ἡ
1259 2679 1310 2715 μὲν
1326 2679 1418 2715 ἡμέρα
1438 2681 1468 2706 re
1489 2679 1594 2707 στάδιον
1613 2680 1660 2707 τοῦ
1678 2680 1766 2715 φωτὸς
1780 2688 1853 2716 παρ-

966 2767 1084 2795 ΝΟΤΙΕ.

252 2814 291 2850 (5)
310 2814 341 2841 in
354 2818 431 2842 textu
449 2813 547 2841 Latino
565 2814 692 2850 mendum
713 2814 818 2850 corrige
833 2815 1007 2850 typograplti-

215 2849 290 2880 cum,
305 2858 368 2885 quo.
390 2859 398 2875 ι
414 2850 525 2877 domum
539 2849 633 2876 eduxit
649 2849 676 2876 itt
691 2849 797 2885 agrum,
811 2861 820 2876 ι
837 2849 935 2885 togam
947 2849 1006 2885 pro,

227 2885 326 2913 .domo
341 2885 442 2917 eduxit,
458 2894 468 2910 ι
485 2889 536 2912 etc.

253 2921 290 2951 (tit
313 2920 445 2957 lntegrius
461 2919 614 2956 clariusque
639 2921 696 2948 huic
721 2921 869 2948 reddentur
891 2921 923 2947 ad
948 2929 1009 2947 vcr-

1062 2815 1126 2841 butn
1145 2822 1152 2842 :
1172 2824 1182 2840 ‹
1199 2814 1238 2842 Ne
1252 2814 1342 2842 velitis
1358 2815 1523 2849 proditorem
1546 2815 1608 2843 vitae
1625 2814 1711 2843 videri
1730 2822 1790 2847 me,
1807 2820 1856 2844 aut

1062 2850 1161 2877 divina:
1174 2850 1265 2885 gratim
1279 2851 1424 2876 monstrari
1442 2855 1605 2878 tentaturem
1617 2859 1624 2883 ;
1645 2855 1674 2878 ut
1688 2859 1723 2878 ne
1736 2852 1854 2885 optanda

1063 2885 1134 2912 ittter
1151 2884 1217 2912 oves
1229 2884 1363 2912 electione
1378 2886 1519 2920 repudiata
1536 2885 1638 2913 eflieiar
1653 2884 1851 2920 lupusanuila-

1066 2925 1145 2947 tenus
1159 2920 1233 2947 enim
1249 2919 1353 2955 negabo
1370 2928 1450 2955 quem
1467 2921 1550 2949 semel
1567 2919 1709 2948 confessus
1724 2927 1796 2948 sum.
1810 2931 1822 2948 ο
