2069 3147
237 179 305 212 1553

231 237 353 273 ῃτήσατο
371 235 421 272 (³1),
437 236 484 264 καὶ
499 234 516 272 ἡ
539 235 566 262 δὲ
589 233 638 268 νὺξ
660 234 727 270 πρὸς
752 233 812 269 βίαν
831 235 937 261 εἵλκετο
949 243 956 251 ’
974 234 1021 261 τοῦ
1036 239 1058 266 Α

234 282 354 318 σταυροῦ
375 282 430 319 γὰρ
453 283 484 309 τὸ
502 281 584 317 βάρος
598 282 647 317 οὐχ
663 281 804 317 ὑφίστατο,
823 280 934 315 καὶτῆς
957 280 1024 306 Ίου-

232 328 329 363 δαϊκῆς
345 328 496 364 Θὲομαχίας
517 329 631 364 παρεῖτο
651 327 681 354 τὸ
707 326 844 361 ἔγκλημα.
859 326 951 353 Ταῦτα
970 325 1025 361 ὲγὼ

232 375 290 406 τοῖς
308 374 459 409 ὀφθαλμοῖς
476 382 528 409 μου
542 374 589 400 καὶ
601 374 661 404 ταῖς
674 372 787 403 οίκείαις
802 372 897 406 ὕψεσιν
915 372 1025 407 ἱστόρη-

234 429 286 447 σα·
314 420 373 452 πῶς
397 420 487 447 τοίνυν
510 420 653 456 σκορπίσω
675 418 812 445 τοσούτων
841 426 886 453 μοι
916 417 1026 452 ἀγαθῶν

233 467 361 499 πλοῦτον,
376 466 437 494 οὐδὲ
451 466 506 502 γὰρ
526 465 652 501 ἀγγέλων
668 464 717 497 τὰς
740 464 859 500 μέμψεις
874 464 1026 499 ὑποστήσο-

236 522 296 550 μαι.

270 557 363 585 ι’.Ἔτι
373 557 402 585 δὲ
413 556 558 589 λαλοῦντος
570 556 657 584 ταῦτα
669 555 717 584 τοῦ
731 555 868 591 μακαρίου
882 553 1026 589 Δογγίνου,

233 604 252 640 ἡ
267 603 384 639 ξυνωρὶς
400 604 455 630 τῶν
474 603 523 630 σὺν
538 602 614 638 αὑτῷ
624 601 810 639 στρατιωτῶν,
827 603 843 636 ἡ
859 601 908 636 τὴν
919 601 966 628 ἐπὶ
981 600 1028 628 Θά-

234 657 316 676 νατον
332 649 423 683 ψῆφον
434 649 510 684 παρὰ
526 649 668 684 Καίσαρος
677 648 810 683 λαχοῦσα.
829 646 1030 682 ἐφθασεν.Φαι-

234 694 293 730 8ρῷ
305 694 334 721 δὲ
347 695 441 727 αὐτοῖς
456 694 595 731 προσώπῳ
607 695 655 721 καὶ
671 695 820 729 περιχαρεῖ
832 693 893 720 λίαν
909 694 924 720 ό
939 692 1029 728 μακά-

237 749 295 777 ριος
310 741 444 776 Λογγίνος
462 741 638 777 συνήντησεν,
654 741 718 772 τοὺς
730 740 887 775 ὀφθαλμοὺς
905 739 964 775 ἄμα
981 740 1030 766 καὶ

237 787 283 814 τὸν
295 787 431 822 τράχηλον
442 786 532 814 αὐτῶν
553 786 753 822 καταφιλήσας,
768 786 815 812 καὶΙ
830 785 882 821 ἔφη
896 785 964 821 πρὸς
981 785 1031 812 αὐ-

235 832 310 865 τούς’
322 832 441 868 Χαίρετε
451 853 459 866 ,
476 829 499 859 ὦ
513 831 715 867 συστρατιῶται
728 831 847 867 Χριστοῦ
861 832 908 858 καὶ
923 831 1032 866 νικηταὶ

237 879 292 905 τῶν
308 879 388 906 θείων
400 879 524 913 ἀγώνων,
538 879 586 905 καὶ
596 877 759 913 κληρονόμοι
771 877 820 912 τῆς
827 877 965 912 βασιλείας
976 877 1031 904 τῶν

237 925 359 961 οὐρανῶν
372 934 378 939 ·
392 925 515 960 χαίρετε,
529 925 571 952 δτι
585 925 602 959 ή
615 924 683 959 πρὸς
695 924 810 959 οὐρανὸν
822 924 893 958 πύλη
909 924 1028 961 άνὲῳγεν
1047 914 1069 944 Β

239 972 315 1004 ἡμῖν,
333 971 382 997 καὶ
403 970 546 1006 μέλλουσιν
561 970 586 996 οἱ
600 970 711 1003 ἄγγελοι
729 969 776 995 τοῦ
796 969 864 995 Θεοῦ
882 970 1029 1004 παραλαμ-

239 1016 332 1043 ϐάνειν
352 1017 402 1048 τὰς
415 1016 554 1052 ἡμετέρας
567 1015 667 1050 ψυχὰς,
689 1015 736 1042 καὶ
761 1015 928 1051 προσφέρειν
944 1015 1029 1047 (tota;

241 1062 279 1096 τῷ
293 1064 435 1097 μονογενεῑ
453 1062 512 1097 Υίῷ
527 1061 574 1088 τοῦ
587 1061 665 1089 Θεοῦ.
675 1061 740 1088 Ἰδοὺ
752 1061 801 1092 τὰς
815 1061 961 1096 λαμπάδας
974 1061 1030 1096 6ρῶ

241 1109 288 1135 καὶ
303 1108 365 1139 τοὺς
380 1107 528 1142 στεφάνους
542 1107 716 1137 κατοπτεὺω,
733 1107 779 1134 καὶ
789 1106 824 1133 τὰ
840 1106 953 1141 βραϐεῖα
968 1115 1029 1133 στο-

241 1153 376 1188 χάζομαι;
401 1152 460 1188 μεθ’
472 1150 509 1180 ὧν
526 1152 565 1188 τῷ
583 1153 631 1179 τοῦ
649 1152 778 1187 Νομφίου
799 1151 1032 1188 παραστησόμεθα

242 1199 356 1234 βήματι.
373 1199 428 1226 Καὶ
449 1199 537 1226 ταῦτα
553 1198 657 1231 εἰπὼν,
675 1198 728 1232 ἔφη
747 1199 804 1229 τοῖς
817 1197 924 1233 δημίοις
935 1206 941 1213 ·
960 1198 992 1224 Εἰ
1005 1207 1031 1224 τι

241 1243 288 1272 οὖν
311 1244 527 1281 προσετάχθητε,
543 1245 574 1271 rb
597 1244 680 1279 τάχος
706 1242 978 1278 ποιήσατε.Ἔφησεν
1003 1243 1032 1269 δὲ

242 1291 290 1317 καὶ
308 1291 377 1326 πρὸς
399 1290 444 1317 τδν
469 1290 621 1326 ἡγούμενον
641 1290 691 1324 τῆς
715 1289 805 1320 οίκίας
828 1287 922 1321 αὑτοῦ,
937 1288 1033 1323 στολὴν

243 1337 366 1373 καθαρὰν
380 1337 492 1372 κομίσαι
505 1335 597 1371 αὐτῷ,
613 1335 650 1368 ὡς
666 1335 713 1362 ὲπὶ
735 1335 822 1370 γάμον
841 1334 887 1361 καὶ
901 1334 1034 1369 νυμφῶνα

243 1383 415 1419 καλουμένῳ.
434 1383 490 1417 Τῆς
502 1383 530 1409 δὲ
542 1381 674 1417 ἐλθούσης
685 1381 866 1416 ἐνδυσάμενος
878 1380 974 1415 αὐτὴν,
986 1380 1034 1407 καὶ

242 1430 275 1463 τῇ
294 1429 366 1463 χειρὶ
388 1428 477 1462 δείξας
491 1428 536 1454 τὸν
552 1428 643 1462 λόφον,
658 1428 686 1454 ὲν
707 1424 729 1461 ᾧ
750 1426 780 1453 τδ
802 1426 937 1461 μακάριον
951 1425 1032 1452 αὑτοῦ

243 1475 324 1509 σῶμα
341 1474 480 1507 διετάξατο
502 1473 627 1509 τεθῆναι,
643 1472 714 1500 οὕτω
735 1481 764 1498 τε
787 1472 818 1498 τὸ
842 1472 906 1506 γόνυ
922 1471 1035 1506 κάμψας

243 1519 357 1555 χαίρων,
372 1521 420 1547 καὶ
435 1520 609 1555 σχηματίσας
629 1519 726 1546 ἑαυτὸν
741 1518 810 1554 μετὰ
825 1518 879 1545 τῶν
896 1519 943 1544 σὺν
959 1517 1034 1552 αὑτῷ

243 1566 369 1601 ἑταίρων,
385 1567 440 1592 τῶν
457 1567 502 1593 τδν
517 1566 666 1601 νικηφόρον
678 1565 771 1599 ἀγῶνα
781 1564 975 1596 διανυσάντων,
986 1563 1034 1599 τὴν

243 1590 369 1647 κεφαλὴν¹
379 1590 795 1648 ὲκτὲμνετάζὲίήνῖίλκέοῦᾷῳ
813 1590 862 1643 ις’,
876 1590 924 1637 καὶ
936 1590 1037 1645 ἐγγρά-
1050 1590 1072 1619 C

244 1667 341 1693 φονται
362 1659 446 1693 ἄμφω
463 1659 554 1693 χοροῖς
578 1657 737 1685 ἀποστόλων
762 1665 792 1683 τε
817 1656 865 1683 καὶ
879 1655 1038 1691 μαρτύρων,

243 1703 347 1730 τούτων
362 1704 418 1739 γὰρ
429 1704 480 1739 τὴν
494 1703 633 1739 ἀνδρείαν,
651 1704 698 1730 κα)⁸
711 1702 824 1730 ἐκείνων
841 1702 887 1730 τὸν
898 1701 981 1728 καλδν
995 1702 1039 1737 ζὴ-

243 1751 290 1777 λον
305 1750 453 1782 ὲδείξαντο.

282 1795 327 1823 ια’.
347 1796 414 1823 Τότε
428 1795 558 1828 λαϐόντες
568 1797 592 1823 oi
602 1796 697 1832 δήμιοι
706 1795 755 1832 τὴν
769 1795 891 1832 κεφαλὴν
900 1795 947 1822 τοῦ
960 1794 1038 1829 ἁγίου

246 1843 389 1876 Λογγῖνον,
404 1842 507 1878 ταύτην
519 1843 723 1878 προσφέρουσιν
735 1842 774 1878 τῷ
790 1841 913 1877 Πιλάτῳ·
929 1840 1040 1876 καὶγὰρ

246 1889 316 1923 πρὸς
331 1888 412 1923 χάριν
428 1889 482 1915 τῶν
504 1888 640 1915 Ἰουδαίων
656 1888 736 1914 τοῦτο
748 1887 910 1922 πεποίηκεν,
927 1887 991 1922 περὶ
1002 1883 1040 1913 ὧν

246 1933 341 1960 ελαῦεν
357 1934 516 1968 χρημάτων.
526 1934 571 1964 Ὠς
593 1934 620 1960 δὲ
640 1934 760 1968 ἠνεγκαν
775 1934 798 1959 οἱ
815 1933 908 1967 δήμιοι
925 1931 973 1967 τὴν
994 1939 1039 1958 κε-

246 1980 336 2014 φαλὴν
351 1979 399 2005 τοῦ
418 1980 495 2014 ἁγίου
509 1980 549 2010 είς
567 1979 755 2013 Ἰερουσαλὴμ,
775 1978 940 2013 προστάττει
963 1978 977 2004 ὁ
993 1978 1040 2004 Πι-

247 2023 327 2055 λάτος
342 2024 528 2060 ἐπιδειχθῆναι
540 2024 624 2059 αὐτὴν
639 2024 697 2055 τοῖς
719 2023 867 2055 Ἰουδαίοις,
885 2024 941 2054 τοῖς
955 2023 1040 2058 διψῶ-

248 2078 291 2096 σιν
306 2070 351 2096 τδν
367 2069 483 2097 θάνατον
495 2069 590 2103 αὐτοῦ,
603 2069 650 2096 καὶ
669 2069 766 2096 πολλοῦ
780 2069 895 2105 χρυσίου
908 2069 938 2095 τὺ
948 2069 1041 2105 δρᾶμα

249 2116 378 2150 πωλήσας
403 2117 459 2147 τοῖς
484 2115 593 2142 εἰωθότι
621 2116 760 2151 χρήμασιν
777 2115 905 2142 ὠνεῖσθαι
929 2116 963 2142 τὰ
987 2115 1042 2142 τῶν

248 2161 362 2188 δικαίων
384 2161 498 2196 αἵματα.
515 2161 571 2188 Καὶ
586 2159 636 2188 εἷθ’
649 2161 736 2193 οὕτως
751 2162 914 2197 προστάττει
927 2162 941 2188 ό
957 2161 1042 2188 Πιλά-

248 2215 294 2239 τος
312 2208 423 2243 ῥιφῆναι
438 2207 487 2242 τὴν
504 2208 601 2242 τιμίαν
615 2208 737 2243 κεφαλὴν
752 2207 798 2234 τοῦ
815 2207 893 2242 ἁγίου
909 2208 1041 2242 Δογγίνου

248 2251 301 2283 ἔξω
319 2252 371 2287 πρὸ
394 2253 443 2287 τῆς
475 2252 564 2287 πύλης
580 2253 630 2287 τῆς
647 2253 762 2285 πόλεως,
780 2253 830 2287 τὴν
845 2253 966 2288 φοῦερὰν
990 2254 1040 2289 μὲν
1057 2263 1078 2291 D

246 2298 303 2329 τοῖς
320 2297 441 2333 δαίμοσι,
456 2299 513 2330 τοῖς
533 2298 563 2325 δὲ
584 2299 712 2332 ἀγγέλοις
729 2299 892 2334 ἐπέραστον,
908 2299 955 2325 καὶ
971 2307 1043 2326 στοι-

247 2342 334 2378 χείοις
349 2342 691 2379 θαυμαζομένην.Ἔκειτο
703 2344 793 2372 τοίνυν
810 2344 878 2380 πρὸς
891 2344 940 2378 τῆς
955 2344 1043 2378 πύλης

248 2388 344 2425 ὥσπερ
360 2398 402 2421 τις
417 2389 555 2425 θησαυρὸς
569 2390 679 2422 ἄσυλος,
694 2382 799 2425 κόπρου
813 2390 842 2417 δὲ
856 2390 986 2426 πλείστης
999 2390 1044 2417 οὕ-

249 2442 300 2470 σης
317 2435 419 2469 ἐκεῖσε,
436 2435 558 2472 ἀϐλαϐὴς
582 2436 749 2472 διεφυλάχθη
764 2437 778 2464 ό
793 2437 979 2472 πολυτίμητος
996 2436 1044 2463 τοῦ

249 2480 371 2516 Χριστοῦ
389 2482 576 2518 μαργαρίτης,
594 2483 642 2509 καὶ
658 2483 745 2517 τάφος
760 2483 836 2518 αὐτῷ
848 2483 916 2514 τέως
943 2482 1044 2518 μᾶλλον

250 2525 278 2553 δὲ
295 2526 412 2559 κιϐωτὸς
435 2529 452 2563 ἡ
472 2528 574 2564 κόπρος
591 2525 635 2564 ἦν,
653 2527 895 2564 μακροθυμοῦντος
916 2527 964 2555 τοῦ
980 2528 1042 2563 φιλ-

249 2571 396 2607 ανθρώπου
410 2572 478 2600 Θεοῦ
495 2573 544 2600 καὶ
558 2574 589 2601 δν
602 2574 706 2610 τούτῳ,
721 2575 879 2610 οἰκονομίας
894 2575 985 2610 χάριν.

286 2615 330 2653 ιβ’.
351 2619 430 2655 Χήρα
444 2620 498 2655 γάρ
510 2628 552 2652 τις
570 2619 651 2655 γυνὴ,
674 2620 726 2655 τῆς
748 2620 833 2656 αὐτῆς
850 2619 904 2647 τῶν
919 2621 1040 2647 Καππα-

804 176 835 206 S.
854 176 1016 207 LUNGINI
1038 178 1283 210 MARTYRIUM,

1799 174 1876 207 155E

1073 237 1112 264 eis
1135 237 1325 272 opprobrium,
1342 245 1394 265 nec
1419 235 1596 272 pugnantium
1623 233 1756 262 adversus
1781 233 1866 261 Deum

1073 282 1232 310 Iudaeorum
1248 283 1377 311 delictum
1395 283 1498 318 absque
1513 285 1577 308 nota
1595 280 1767 316 praeteriens.
1783 279 1868 314 Equi-

1075 329 1136 356 dem
1152 337 1184 356 ea
1198 330 1288 357 omnia
1304 329 1423 365 propriis
1435 333 1543 364 egomet
1554 327 1641 355 oculis
1653 326 1719 357 vidi.
1732 326 1791 361 ipse
1804 334 1868 361 spe-

1076 380 1164 403 ctator
1176 376 1252 403 astiti
1272 383 1280 403 :
1304 376 1442 411 quomodo
1468 375 1551 410 igitur
1572 373 1729 409 disperdam
1757 373 1868 400 thesau-

1076 430 1135 449 rum
1154 426 1292 449 tantorum
1315 429 1376 457 qua:
1401 421 1467 449 mihi
1492 421 1629 449 obvenere
1656 420 1809 450 bonorum.
1828 419 1868 444 \wl

1076 468 1236 504 angelorum
1252 467 1279 496 id
1294 467 1360 496 mihi
1376 468 1645 503 exprobraturorum,
1653 465 1795 494 sustinebo
1807 466 1870 492 irri-

1077 513 1190 541 siones?

1113 558 1157 586 10.
1178 559 1275 587 Adhuc
1285 566 1319 587 eo
1332 559 1461 594 loquente
1478 558 1638 594 supervenit
1652 566 1702 593 par
1716 558 1783 585 illud
1796 565 1871 585 com-

1078 605 1231 632 militonum
1242 625 1250 638 ,
1272 605 1360 633 eidem
1378 612 1441 632 cum
1459 604 1582 639 Longino
1599 605 1680 631 morti
1697 603 1871 631 addietoruln

1078 659 1093 679 a
1108 651 1217 679 Cazsare
1234 660 1240 678 :
1258 651 1362 686 quibus
1373 650 1454 678 hilari
1471 650 1546 682 vultu
1564 649 1681 684 laetoque
1704 649 1797 676 animo
1825 656 1872 676 oe—

1080 705 1195 726 currens
1221 697 1248 724 in
1273 697 1428 732 amplexum
1446 701 1571 729 sanctus,
1587 696 1683 723 oculos
1697 695 1874 729 cervicesque

1080 746 1175 773 beatas
1189 745 1381 777 exosculatur;
1398 749 1426 772 et
1444 753 1450 771 :
1468 744 1601 776 Gaudete,
1617 742 1723 778 inquit,
1737 741 1874 769 commili-

1082 796 1159 819 tones
1182 791 1307 824 Christi,
1324 791 1480 818 divinorum
1499 789 1681 817 certaminum
1701 788 1812 823 gloriosi
1833 788 1875 814 vi-

1081 841 1181 869 ctores,
1197 841 1224 864 et
1240 837 1315 872 regni
1331 837 1462 864 cwlorum
1479 836 1602 863 ineredes
1617 834 1766 861 felicissimi
1784 843 1791 861 :
1809 842 1876 869 gau-

1082 884 1156 916 dcte,
1170 884 1281 918 inquam
1300 892 1306 910 ε
1326 883 1447 918 aperitur
1462 882 1535 909 enim
1552 881 1631 908 nobis
1647 880 1766 915 paradisi
1780 880 1875 914 janua.

1081 929 1192 963 jamque
1206 927 1293 963 parati
1310 927 1411 955 adsunt
1423 926 1524 962 angeli,
1543 925 1650 952 animas
1665 928 1774 951 nostras
1789 928 1878 951 trans-

1083 974 1164 1002 laturi
1177 974 1210 1001 ad
1223 973 1318 1006 Deum,
1328 981 1430 1007 easque
1441 972 1559 1000 oblatnri
1570 970 1711 1006 nnigenito
1720 969 1788 996 Filio
1799 969 1876 1003 ejus:

1081 1021 1137 1056 jam
1158 1019 1297 1055 lampades
1316 1019 1404 1050 video,
1419 1019 1475 1053 jam
1492 1025 1609 1045 coronas
1625 1016 1807 1050 contemplor,
1819 1015 1876 1049 jam

1084 1067 1177 1094 bravia
1194 1065 1349 1097 considero,
1368 1073 1429 1092 eum
1457 1064 1558 1099 quibus
1582 1063 1702 1091 caelestis
1723 1061 1821 1097 Sponsi
1848 1061 1875 1089 in

1086 1112 1237 1140 thalamum
1254 1112 1430 1140 dedueemur.
1458 1110 1561 1137 Deinde
1581 1109 1615 1136 ad
1636 1109 1746 1136 lictores
1761 1115 1878 1135 conver-

1086 1166 1150 1190 sus,
1165 1158 1253 1192 inquit
1271 1167 1277 1184 :
1294 1156 1432 1191 Quidquid
1450 1156 1528 1183 vobis
1543 1155 1707 1190 imperatum
1726 1157 1768 1181 est
1783 1153 1879 1180 confe-

1086 1205 1148 1232 stim
1171 1203 1304 1239 perﬁcito.
1319 1202 1501 1237 Praepositum
1515 1209 1581 1229 vero
1598 1201 1696 1228 domus
1710 1208 1766 1227 sua:
1783 1199 1879 1226 stolam

1087 1251 1216 1278 mundam
1233 1249 1332 1276 afferre
1344 1248 1436 1283 jussit,
1453 1253 1581 1282 tanquam
1593 1247 1626 1273 ad
1642 1245 1754 1280 nuptias
1770 1245 1880 1272 festivus

1087 1301 1200 1323 vocatus
1217 1305 1222 1323 :
1240 1303 1355 1330 eamque
1380 1295 1491 1322 indutus
1502 1314 1509 1326 ,
1524 1297 1552 1320 et
1571 1300 1654 1320 manu
1671 1292 1820 1326 designans
1836 1295 1880 1318 tu-

1088 1342 1206 1373 mulum,
1222 1341 1249 1368 in
1270 1348 1325 1376 quo
1341 1341 1450 1368 beatum
1465 1347 1566 1374 corpus
1582 1345 1662 1366 suum
1678 1336 1789 1372 sepeliri
1805 1336 1881 1364 volc-

1088 1388 1143 1418 bat,
1161 1385 1308 1422 genuflexit
1321 1406 1328 1418 ,
1344 1393 1429 1420 seque
1444 1385 1533 1420 ipsum
1558 1392 1620 1411 cum
1643 1383 1743 1415 sociis,
1759 1382 1882 1416 ejusdem

1089 1431 1229 1460 victoriosi
1254 1431 1350 1467 agonis
1376 1438 1469 1458 secum
1493 1430 1625 1465 ingressis
1650 1428 1770 1456 stadium
1786 1449 1794 1461 ,
1820 1432 1883 1462 apte

1089 1485 1268 1513 componens,
1290 1476 1379 1512 capite
1402 1476 1526 1503 minutus
1548 1480 1591 1503 est
1616 1475 1660 1502 die
1683 1475 1789 1502 decima
1806 1477 1883 1501 sexta

1089 1523 1192 1550 mensis
1206 1521 1345 1554 Octobris,
1360 1529 1511 1559 omnesque
1522 1520 1604 1548 simul
1620 1519 1732 1554 ascripti
1747 1523 1811 1547 sunt
1828 1524 1882 1546 tam

1089 1569 1274 1605 apostolorum
1291 1575 1373 1603 quam
1388 1571 1539 1602 martyrum
1552 1566 1655 1599 choris,
1665 1566 1729 1601 quia
1744 1571 1770 1592 et
1785 1566 1882 1592 horum

1090 1614 1298 1648 fortitudinem,
1324 1617 1352 1641 et
1378 1614 1489 1641 illorum
1512 1613 1675 1648 praeclarum
1701 1611 1790 1638 zelum
1820 1614 1885 1638 sunt

1090 1661 1199 1689 imitati.

1126 1797 1171 1824 Η.
1192 1795 1317 1823 Lietores
1333 1799 1424 1822 autem
1440 1797 1651 1828 assumpserunt
1666 1791 1753 1819 sancti
1769 1791 1882 1825 Longini

1090 1847 1173 1878 caput
1187 1841 1368 1870 deferendum
1386 1840 1420 1867 ad
1438 1839 1564 1870 Pilatum,
1580 1838 1626 1873 qni
1652 1837 1814 1878 in'gratiam
1833 1836 1885 1863 Jn-

1091 1890 1211 1916 daeorum
1227 1887 1328 1914 eaedem
1344 1887 1423 1913 istam
1439 1885 1591 1916 mandarat,
1604 1887 1715 1918 accepta
1733 1883 1767 1910 ab
1780 1882 1885 1910 eisdem

1091 1934 1207 1970 pecunia
1229 1933 1368 1960 inductus.
1388 1931 1422 1958 Ut
1440 1938 1506 1958 vero
1525 1930 1742 1964 Hierosolymam
1767 1928 1886 1956 advene-

1091 1978 1270 2014 runt,,jussit
1293 1978 1396 2005 Pilatus
1410 1977 1477 2004 illud
1495 1975 1618 2003 exhiberi
1637 1975 1740 2002 Iudaeis
1769 1979 1884 2001 mortem

1091 2026 1178 2054 sancti
1192 2025 1356 2057 sitientibus,
1369 2024 1455 2051 multo
1470 2031 1538 2050 auro
1551 2021 1675 2050 eamdem
1690 2021 1814 2048 vendens
1828 2021 1886 2055 jam

1091 2072 1209 2099 assuetis
1242 2071 1417 2098 innocentem
1445 2069 1606 2104 sanguinem
1637 2067 1754 2103 pecunia
1783 2074 1884 2093 emere.

1092 2117 1214 2145 l‘osthzee
1238 2116 1379 2144 mandavit
1397 2121 1472 2143 extra
1498 2114 1573 2142 urbis
1599 2118 1706 2148 portam
1732 2112 1813 2147 abjiei
1843 2120 1886 2138 sa-

1092 2171 1168 2190 crum
1184 2167 1277 2197 caput,
1297 2161 1418 2189 terribile
1435 2161 1616 2192 daemonibus,
1637 2159 1755 2187 amabile
1770 2158 1886 2193 angelis.

1092 2209 1236 2237 elementis
1260 2209 1367 2236 cunctis
1389 2207 1593 2236 admirandum.
1612 2206 1703 2233 Iacuit
1724 2205 1806 2240 igitur
1823 2209 1887 2230 ante

1093 2259 1185 2290 portas
1200 2259 1329 2289 tanquam
1344 2254 1490 2280 thesaurus
1504 2251 1604 2287 aliquis
1619 2249 1785 2278 inviolabilis
1800 2247 1850 2284 (f),
1860 2252 1888 2280 et

1093 2299 1217 2335 quamvis
1241 2299 1343 2326 multus
1366 2298 1468 2326 ibidem
1496 2297 1577 2324 ﬁmus
1593 2300 1677 2327 esset.
1696 2295 1886 2329 incorruptum

1092 2350 1230 2372 serratum
1245 2349 1288 2372 est
1302 2343 1533 2379 pretiosissimum
1548 2341 1738 2377 margaritum,
1753 2344 1834 2375 atque
1849 2339 1886 2366 ibi

1091 2392 1261 2426 sepulturam
1280 2391 1377 2418 habuit
1391 2399 1398 2417 :
1411 2390 1466 2418 imo
1481 2390 1540 2425 ipse
1557 2389 1638 2416 ﬁmus
1652 2387 1741 2415 eidem
1760 2393 1809 2422 pro
1823 2393 1887 2412 arca

1092 2439 1125 2466 ad
1144 2442 1251 2473 tempus
1275 2437 1337 2468 fuit,
1354 2436 1548 2472 longanimiter
1569 2439 1668 2470 agente
1685 2433 1751 2465 Deo,
1770 2436 1798 2460 et
1823 2440 1887 2467 ιιι-οη

1093 2485 1153 2512 vide
1168 2484 1343 2519 disponente,
1358 2487 1388 2510 ut
1407 2487 1565 2518 opportuno
1581 2485 1705 2515 tempore
1721 2478 1787 2506 illud
1808 2486 1886 2506 reve-

1096 2530 1167 2562 lans,
1183 2537 1263 2557 suum
1284 2537 1346 2566 erga
1364 2528 1490 2556 homines
1505 2534 1626 2555 amorem
1645 2524 1818 2553 manifestius
1838 2525 1886 2551 de-

1094 2576 1221 2604 clararet.

1131 2621 1176 2648 12.
1198 2620 1304 2648 Etenim
1329 2619 1410 2648 vidua
1428 2627 1461 2648 es
1475 2618 1653 2654 Cappadoeix
1676 2617 1788 2653 regione
1800 2636 1808 2647 .
1827 2623 1886 2643 ποτε

1006 2697 1124 2726 NOTAE.

285 2741 324 2776 (Ἰ)
345 2741 394 2779 liis.
406 2741 439 2779 re
454 2742 561 2770 στάδιον
575 2744 603 2770 αἱ
617 2744 719 2779 ἡμέραι
735 2743 782 2770 τοῦ
799 2743 887 2778 φωτὸς
911 2745 1038 2779 παρῃτήτ

252 2784 345 2819 cura,
360 2777 447 2819 ipvblgi,
462 2781 527 2818 ete.,
544 2785 605 2818 quae
622 2777 652 2805 ut
668 2777 791 2819 clariora“
799 2777 891 2819 essent
911 2777 1038 2819 nonnihil

252 2812 403 2874 ippn'jptavid
417 2812 525 2840 librario
543 2813 679 2848 imputans
691 2814 764 2849 quod
780 2814 919 2841 festinanti
933 2813 1039 2841 excide-

301 2864 308 2873 .
331 2855 384 2880 iqm
407 2869 412 2873 .

287 2883 320 2919 (ρ
344 2882 430 2910 Citata
445 2883 492 2910 sub
510 2883 619 2911 nomine
635 2883 822 2919 Metaplnastis
841 2885 921 2912 Acta:
938 2894 945 2910 ι
959 2884 1038 2912 Velut

1092 2749 1225 2778 perpetuo
1237 2747 1413 2778 apparentem
1428 2743 1572 2778 quamdam
1584 2743 1670 2770 facem
1687 2742 1719 2769 iis
1733 2741 1779 2776 qui
1796 2745 1886 2778 trans-

1093 2774 1168 2806 ibant
1191 2774 1357 2806 cernendum
1381 2774 1521 2813 prazbebat
1543 2784 1607 2806 ante
1630 2774 1787 2813 civitatein2
1803 2778 1831 2802 ct
1857 2774 1885 2802 in

1092 2814 1264 2849 sterquilinio
1281 2810 1417 2848 jar-cutem
1434 2818 1562 2848 tanquam
1588 2813 1616 2840 in
1638 2810 1719 2840 donio
1733 2810 1805 2847 regia
1818 2816 1881 2837 ceu-

1092 2854 1228 2878 Serratam
1248 2854 1305 2877 tuto
1318 2849 1489 2884 protegebat.
1508 2858 1517 2874 ι
