2069 3147
230 176 298 209 Ῑζι55

229 283 256 305 et
272 287 332 306 cum
353 279 494 314 unigenito
512 278 566 306 tilio
583 287 633 306 suo
644 278 797 306 Jerusalem
814 279 939 311 advenit.
957 288 1019 315 spc-

227 333 293 353 rans
317 333 346 352 se
371 333 446 352 sacra
475 325 633 352 adorantem
660 325 718 352 loca
733 325 821 352 visum
847 325 1019 360 deperditum

228 375 465 405 recuperaturum.
484 371 519 398 Ut
543 371 625 405 igitur
650 371 696 398 lilii
721 371 764 398 sui
793 379 875 399 manu
902 372 1019 399 deducta

227 417 336 452 collegit
349 425 434 444 sacra:
451 422 530 444 terra;
545 418 696 452 pulverem,
715 425 818 452 eosque
832 418 918 445 oculis
936 419 1020 453 empit

227 463 350 490 studiose
374 464 527 498 applicare,
550 464 571 490 si
589 463 658 491 forte
677 465 704 491 in
724 464 756 490 iis
780 464 912 499 reperiret
934 465 1018 500 colly-

227 509 297 535 rium
312 509 381 536 visui
396 510 549 544 reparando
564 509 709 542 idoneum;
723 510 813 537 subito
825 518 858 537 ex
872 511 1019 545 improviso

228 555 340 582 morbus
373 564 488 589 puerum
521 556 630 586 invasit,
653 560 833 590 maternoque
863 556 977 583 abstulit
1003 565 1018 584 e

227 601 383 635 complexu.
399 601 491 636 itaque
516 602 660 636 geminatce
687 606 751 629 sunt
774 602 798 628 ei
827 602 963 634 tenebrae,
987 610 1019 630 ae

226 655 297 681 pene
314 647 347 674 ad
363 652 486 674 extrema
510 648 625 674 deducta
640 652 691 679 est,
709 647 887 675 intolerabilis
901 648 1017 675 infortu-

227 692 265 719 nii
291 693 474 720 succumbens
492 693 638 720 calamitati
655 701 662 720 :
678 693 846 720 miserabiles
860 698 951 721 autem
970 703 1018 721 vo-

226 745 274 765 ces
299 739 332 765 ad
358 738 443 765 Deum
457 739 564 773 jactans
579 747 585 765 :
602 738 761 773 Usquequo,
778 739 877 773 inquit.
893 739 1016 773 Domine,

226 784 397 811 Oblivisceris
411 784 439 811 in
454 784 535 811 linem
544 784 555 811 ?
565 784 713 820 Usquequo
725 786 825 812 avertis
835 785 930 813 faciem
944 790 1016 813 tuam

225 837 241 857 a
261 830 324 857 me?
342 830 488 865 Usquequo
513 838 611 865 ponam
636 831 748 858 consilia
774 831 800 858 in
828 831 918 858 anima
945 840 1014 864 mea,

225 877 334 904 dolores
351 877 378 904 in
397 877 478 904 corde
504 885 566 904 meo
583 877 627 905 die
651 885 684 905 ac
707 878 808 905 nocte?
826 878 951 912 Respice,
968 886 1016 904 ex-

822 180 1007 211 IlESYCHIl
1024 182 1217 212 PRESBYTE
1222 181 1262 212 Μ

181 248 185 253 ι
229 232 321 264 pnreis
345 232 432 265 oculis
456 232 575 264 amissis,
593 231 645 259 fide
663 231 803 267 superavit
824 233 1008 262 infirmitatem

1073 236 1158 263 δοκῶν
1170 235 1262 271 χώρας
1275 234 1448 270 ὑπάρχουσα,
1463 234 1624 270 μονογενοῦς
1643 235 1739 263 τέκνον
1758 238 1860 272 μήτηρ,

1792 182 1859 217 1556

1071 283 1134 313 τοὺς
1153 281 1310 317 ὀφθαλμοὺς
1322 281 1368 308 τοῦ
1384 281 1509 316 σώματος
1525 281 1712 313 ἀποϐαλοῦσα,
1729 283 1820 309 πίστει
1832 284 1862 310 τὸ

1071 328 1157 359 πάθος
1177 328 1322 362 νικήσασα,
1338 327 1408 362 μετὰ
1432 326 1478 354 τοῦ
1505 327 1669 362 μονογενοῦς
1689 328 1788 355 τέκνου
1813 329 1862 365 τὴν

1076 373 1253 409 Ἰερουσαλὴμ
1267 373 1427 405 κατέλαϐεν,
1437 373 1531 400 ἐνθάδε
1543 373 1723 408 προσδοκῶσα
1734 376 1766 409 τῇ
1777 383 1863 410 προσ.

1071 420 1183 454 κυνήσει
1195 419 1248 445 τῶν
1261 419 1347 453 ἁγίων
1359 419 1450 446 τόπων
1462 419 1525 450 τοὺς
1536 418 1693 453 ὀφθαλμοὺς
1702 419 1861 447 ἀπολαϐεῖν.

1076 466 1121 497 Ὡς
1135 466 1181 493 οῦν
1197 465 1442 502 χειραγωγουμένη
1463 465 1515 492 ὑπὸ
1531 465 1578 492 Ιτοῦ
1596 465 1664 492 ίδίου
1681 465 1777 492 τέκνου
1799 474 1862 492 συν-

1069 513 1136 547 ῆγεν
1160 513 1206 539 τὸν
1230 512 1294 548 χοῦν
1318 512 1367 547 τῆς
1390 512 1454 546 γῆς,
1472 512 1519 538 καὶ
1543 511 1599 543 τοῖς
1622 511 1697 543 ἰδίοις
1713 511 1861 546 ὀφθαλμοῖς

1069 559 1218 586 ἐσκέπτετο
1232 555 1578 590 καταπλάσασθαιτοῦτον,
1598 557 1663 590 ἴσως
1678 559 1706 584 εν
1724 558 1800 593 αὐτῷ
1816 559 1860 584 εὑ-

1069 606 1174 642 ρίσκειν
1191 605 1372 641 προσδοκῶσα
1388 605 1436 632 τοῦ
1463 604 1551 639 φωτὸς
1574 604 1717 640 κολλύριον
1739 603 1807 640 πρὸς
1831 603 1861 630 τδ

1068 651 1228 685 ἀναϐλέψαι,
1243 650 1341 685 ἀθρόον
1356 650 1473 685 ἐπῆλθεν
1487 650 1564 682 νόσος
1590 649 1630 685 τῷ
1654 650 1798 684 μονογενεί
1813 649 1862 675 αὺ-

1068 698 1116 732 τῆς
1140 696 1201 732 υἱῷ,
1215 696 1263 723 καὶ
1285 696 1450 732 ἀφήρπασεν
1473 695 1555 722 αὑτὸν
1582 696 1614 722 ὲκ
1640 694 1694 722 τῶν
1720 694 1862 730 μητρικών

1068 742 1178 778 χειρῶν.
1194 742 1260 769 Τότε
1275 742 1385 768 διπλοῦν
1405 742 1474 778 αὐτῇ
1488 741 1519 768 τὸ
1532 741 1630 773 σκότος
1643 741 1699 768 τῶν
1713 740 1862 775 ὀφθαλμῶν

1067 789 1185 823 ἐπῆλθεν
1199 808 1205 820 ,
1227 789 1274 814 καλ¹
1297 788 1407 820 τελείως
1432 787 1617 815 ἁπεσὸέννυτο
1640 787 1679 822 τῷ
1702 787 1862 822 δριμυτατῳ

1068 833 1149 860 πάθει
1172 833 1221 867 τῆς
1246 833 1406 869 συμφορᾶς·
1431 833 1447 868 ἡ
1466 833 1496 859 δὲ
1511 832 1623 868 οἰκτρὰς
1643 832 1735 866 φωνὰς
1759 831 1860 866 βοῶσα,

1068 879 1136 916 πρὸς
1158 879 1203 906 τὸν
1226 878 1294 905 Θεὸν
1315 878 1410 913 ἔλεγεν
1421 887 1428 894 ν
1444 878 1518 910 Ἕως
1535 878 1612 910 πότε,
1628 878 1726 913 Κύριε,
1741 876 1860 912 ἐπιλήσῃ

223 923 303 956 audi,
321 924 451 951 miserere
467 925 538 957 mei,
557 924 669 951 Domine
688 924 759 951 Deus
776 932 854 952 mens
871 933 878 952 :
894 924 1014 951 illumina

1069 933 1121 960 μου
1138 925 1178 956 εἰς
1193 924 1289 957 τέλος;
1315 923 1368 956 ἕως
1386 923 1451 950 πότε
1470 923 1654 959 ἀποστρέφεις
1668 923 1699 950 τδ
1715 922 1860 958 πρόσωπόν

223 969 317 996 oculos
333 977 408 996 meos
430 970 574 1004 nequando
596 975 707 1005 propter
724 970 849 997 maeroris
872 975 898 997 et
921 970 1012 998 luctus

223 1014 437 1050 magnitudinem
463 1015 612 1042 absorbear
635 1023 650 1042 a
676 1020 773 1042 morte.
794 1015 917 1047 Domine,
945 1023 1011 1042 num

223 1060 282 1086 sola
298 1067 347 1094 ego
362 1068 445 1094 super
462 1065 560 1087 terram
576 1060 726 1095 peceatrix,
737 1061 810 1096 quod
823 1061 849 1087 in
865 1065 918 1088 tam
934 1068 1013 1088 seve-

222 1112 282 1132 rum
299 1105 419 1132 adducar
432 1105 678 1141 judicium?Certe
703 1113 756 1132 non
782 1113 832 1141 ego
857 1106 934 1140 pejor
951 1113 1012 1132 sum

221 1152 377 1185 meretrice,
393 1160 474 1187 quam
497 1152 642 1187 suscepisti
661 1152 708 1180 tibi
732 1156 870 1188 unguenta
895 1151 1013 1179 afferen—

222 1202 288 1224 tcm.
312 1197 352 1225 Me
370 1206 435 1226 vero
458 1198 672 1226 infelicissimam
693 1203 721 1226 et
739 1198 881 1225 oculorum
897 1198 1011 1230 lumine,

221 1249 248 1271 et
265 1245 406 1280 onigenito
431 1245 485 1273 filio
503 1246 617 1281 privasti
632 1255 638 1271 :
657 1253 746 1280 neque
771 1245 855 1272 ullubi
873 1245 955 1272 relata
971 1250 1013 1272 est

221 1291 316 1317 salutis
329 1299 402 1325 spes.

1064 979 1112 997 σου
1128 970 1274 1004 ἁπ’ὲμοῦ;
1301 970 1354 1001 ἕως
1380 970 1453 1002 τίνος
1477 969 1597 1005 θήσομαι
1621 968 1719 1004 βουλὰς
1739 969 1769 995 ὲν
1785 968 1858 1004 ψυχῇ

1065 1024 1128 1052 μου,
1143 1015 1239 1048 ὀδύνας
1253 1016 1281 1043 ὲν
1294 1015 1395 1052 καρδίᾳ
1408 1024 1458 1050 μου
1471 1015 1577 1050 ἡμέρας
1591 1014 1640 1041 καὶ
1653 1014 1770 1055 νυκτός;
1786 1013 1860 1040 Ἐπί‹

1063 1062 1173 1097 ϐλεψον,
1182 1062 1352 1093 είσάκουσον,
1369 1061 1479 1096 ἐλέησόν
1493 1069 1538 1096 με,
1547 1059 1633 1096 Κύριε
1642 1061 1656 1086 ὁ
1664 1059 1729 1091 Θεός
1738 1068 1800 1094 μου,
1811 1055 1860 1086 καὶ

1065 1109 1182 1143 φώτισον
1197 1109 1262 1140 τοὺς
1275 1107 1432 1142 ὀφθαλμούς
1449 1116 1499 1142 μου
1511 1126 1518 1139 ,
1537 1107 1575 1141 μή
1591 1114 1656 1132 ποτε
1671 1104 1724 1132 ὑπὸ
1743 1104 1793 1139 τῆς
1810 1112 1859 1130 πε-

1068 1153 1228 1189 ρισσοτέρας
1244 1152 1332 1187 λύπης
1348 1153 1395 1179 καὶ
1409 1151 1506 1187 ὀδύνης
1515 1150 1665 1178 καταποθῶ
1677 1151 1717 1181 εἰς
1731 1149 1857 1176 θάνατον.

1067 1199 1164 1234 Κύριε,
1179 1198 1217 1234 μὴ
1242 1198 1310 1234 μόνη
1337 1197 1394 1232 ἐγὼ
1409 1198 1456 1224 ἐπὶ
1474 1198 1524 1232 τῆς
1545 1197 1597 1232 γῆς
1613 1196 1776 1232 ἁμαρτωλὸς
1792 1203 1859 1229 τυγ-

1067 1245 1141 1281 χάνω
1152 1266 1159 1278 ,
1175 1245 1216 1271 ὃτι
1231 1244 1279 1276 τὰς
1295 1244 1374 1276 δίκας
1387 1243 1489 1275 ταύτας
1503 1243 1678 1280 δρυμυτάτας
1695 1243 1858 1279 εἰσπραττο-

1068 1298 1136 1325 μαι;
1152 1289 1337 1324 Δέσποτα,’μὴ
1350 1288 1450 1324 χείρων
1462 1289 1521 1324 εἰμὶ
1534 1289 1583 1323 τῆς
1599 1289 1713 1324 πόρνης,
1725 1288 1759 1322 ἢν
1774 1295 1858 1323 προσ-

221 1337 303 1369 εδέξω
323 1338 409 1372 μύρον
425 1346 465 1364 σοι
481 1336 729 1373 προσκομίζουσαν,
748 1338 797 1374 ἐμὲ
816 1337 905 1372 δὲτὴν
918 1336 1091 1372 ταλαίπωρον
1105 1336 1189 1371 μόνην
1206 1335 1252 1362 καὶ
1288 1335 1318 1361 τὸ
1348 1335 1406 1369 φῶς
1438 1335 1600 1372 ἐστέρησας,
1633 1335 1681 1362 καὶ
1703 1334 1748 1361 τὸν
1776 1342 1857 1369 μονο-

221 1384 288 1418 γενῆ
303 1393 353 1420 μου
368 1385 426 1410 υἱὸν
442 1385 549 1415 ἔλαϐες,
565 1385 610 1411 καὶ
623 1385 672 1411 οὐκ
688 1384 761 1411 ἔστιν
779 1385 823 1419 μοί
840 1384 923 1411 ποθεν
937 1383 1016 1415 ἐλπὶς
1037 1382 1186 1417 σωτηρίας.

260 1430 300 1456 15.
322 1429 380 1457 Tali
400 1436 509 1464 tamque
532 1430 720 1457 inconsolabili
735 1429 762 1456 in
780 1430 854 1456 luctu
872 1436 933 1456 cum
951 1437 1014 1464 per—

221 1480 361 1503 severaret
378 1476 477 1502 misera
488 1497 495 1508 ,
512 1476 638 1511 apparuit
655 1476 803 1503 dormienti
819 1475 848 1502 Β.
864 1475 1013 1510 Longinus,

220 1524 249 1548 et
263 1521 393 1556 quidquid
410 1521 479 1548 circa
496 1530 525 1548 se
542 1526 646 1557 gestum
663 1527 734 1549 esset
750 1522 839 1549 eidem
855 1522 1013 1549 manifesta-

220 1567 259 1593 vit
275 1576 281 1594 :
301 1567 373 1602 Ego.
392 1567 535 1602 inquietis.
562 1567 703 1600 Longinus
727 1568 852 1595 centurio
878 1575 949 1601 sum,
968 1568 1014 1602 qui

221 1612 273 1638 sub
290 1621 370 1639 t'ruce
387 1613 529 1639 Dominum
545 1613 637 1640 .lcsum
655 1613 793 1640 Christum
809 1621 874 1640 vere
900 1613 946 1641 Dei
969 1613 1014 1640 Fi-

223 1657 288 1683 lium
313 1665 372 1683 esse
397 1658 544 1685 confitebar
560 1667 566 1685 ε
584 1664 678 1686 notum
700 1659 782 1694 igitur
804 1660 841 1686 sit
859 1659 922 1691 tibi,
941 1659 1014 1694 quod
1027 1649 1048 1678 δ

223 1701 405 1729 Ιιίιςιιιιδλιιίεί
429 1702 551 1729 criminis
566 1711 609 1730 me
624 1712 756 1731 acrusans
772 1704 907 1732 Caesarem
929 1705 1014 1731 inter—

223 1747 343 1781 pellavit.
361 1748 440 1782 cujus
463 1748 539 1782 jussu
564 1754 700 1776 resectum
726 1750 792 1776 mihi
818 1754 901 1784 caput
921 1754 973 1780 est.
987 1754 1015 1777 et

222 1793 277 1820 huc
292 1794 421 1825 delatum,
436 1799 518 1829 atque
530 1799 605 1821 extra
624 1795 763 1822 civitatem
780 1795 933 1830 projectum
949 1803 1014 1822 con-

223 1839 375 1866 ferentibus
392 1840 419 1867 in
439 1841 490 1867 hoc
514 1841 603 1875 ipsum
621 1841 751 1875 pecunias
765 1841 921 1868 Judmorum
945 1848 1014 1875 pue-

222 1886 270 1911 ris.
289 1884 345 1912 Sub
362 1886 532 1920 sterquilinio
555 1886 645 1920 itaque
669 1886 806 1921 scpnltum
830 1886 894 1912 illud
916 1890 968 1917 est,
985 1889 1014 1912 ιιι

221 1931 269 1957 tibi
283 1939 439 1958 scrvare‘ur
459 1939 518 1959 sors
535 1932 578 1959 illa
594 1933 626 1959 ad
644 1933 789 1960 sanitatem
806 1932 984 1967 plurimorum
1005 1940 1011 1958 :

221 1977 312 2004 statim
331 1977 431 2012 quippe
446 1985 477 2004 ac
496 1978 657 2005 revelavcris
673 1978 820 2005 indicatum
838 1978 884 2005 tibi
900 1978 1012 2004 thesau-

220 2030 282 2049 rum
296 2044 301 2056 ,
316 2023 409 2050 oculos
429 2027 490 2050 tuos
505 2024 622 2059 recipies
635 2044 642 2057 ,
660 2024 759 2051 deinde
777 2030 805 2051 et
829 2031 944 2058 puerum
964 2023 1011 2051 tibi

220 2069 312 2094 vivum
331 2068 424 2095 sistam
437 2076 498 2095 cum
513 2069 608 2104 gloria,
627 2069 700 2097 unde
717 2077 771 2097 non
788 2069 925 2096 mediocre
941 2069 1012 2096 sola-

220 2122 282 2141 men
298 2113 387 2140 luctus
405 2119 466 2142 tuus
479 2115 605 2150 accipiet.

255 2159 299 2186 14.
321 2159 432 2186 Talibus
457 2161 548 2188 verbis
575 2161 713 2188 consolata
738 2161 818 2188 simul
836 2165 863 2188 ct
885 2161 1010 2188 roborata

219 2205 328 2237 mulier,
347 2211 441 2240 utpote
464 2206 550 2233 fidelis
569 2215 623 2234 non
642 2208 733 2234 minus
760 2215 841 2242 quam
867 2214 1009 2242 generosa,

219 2251 298 2286 petiit
314 2252 346 2278 ad
361 2252 450 2280 lucum
470 2252 579 2285 diduci,
597 2253 624 2279 in
639 2261 720 2288 quem
734 2253 871 2288 deportari
889 2252 980 2279 fimum
996 2259 1010 2278 ει

219 2297 278 2324 suis
292 2297 454 2324 ductoribus
472 2298 583 2328 dedicit.
601 2299 648 2333 qui
674 2302 700 2326 et
724 2299 774 2333 ipsi
797 2298 889 2325 fideles
906 2302 983 2325 erant
1002 2306 1007 2323 :
1026 2317 1049 2346 ο

218 2351 337 2378 rumque
362 2351 395 2371 eo
420 2343 595 2376 advenisset,
622 2344 752 2371 continuo
777 2345 860 2378 coepit
884 2343 1010 2370 manibus

218 2390 354 2424 sealpere,
375 2395 402 2418 et
419 2389 465 2417 Dei
481 2395 579 2424 agente
600 2391 771 2426 providentia
788 2390 914 2418 celeriter
931 2398 1010 2425 repe-

218 2435 255 2461 rit
276 2435 458 2463 venerandum
484 2441 575 2471 caput,
590 2441 617 2462 et
635 2436 700 2463 solis
716 2436 804 2462 radios
827 2436 923 2462 intuitu
941 2441 983 2462 est
1003 2445 1009 2463 :

219 2479 307 2514 ipsum
324 2488 388 2507 vero
406 2482 590 2516 cottiplcclens
607 2489 637 2508 ac
653 2481 773 2508 studiose
786 2481 899 2508 abluens
913 2486 940 2509 et
959 2490 1009 2509 un-

219 2525 327 2558 guentis
343 2526 472 2553 condiens
489 2528 617 2562 pretiOsis
629 2548 636 2560 ,
655 2535 776 2563 regressa
795 2533 836 2554 est
861 2527 888 2554 in
914 2528 1009 2555 civita-

218 2575 285 2603 tem,
303 2578 396 2598 secum
411 2572 437 2599 in
451 2581 530 2600 suum
557 2574 707 2609 hospitium
724 2574 850 2601 deferens
864 2574 1010 2601 imeslima-

218 2616 272 2645 bile
298 2618 484 2653 margaritum.
503 2619 587 2647 Nocte
613 2628 678 2647 vero
703 2620 828 2655 sequenti
858 2627 965 2646 rursum
984 2620 1008 2646 ei

218 2667 328 2690 sanctus
349 2663 487 2699 Longinus
503 2665 604 2699 astitit,
619 2667 651 2693 ad
675 2667 744 2693 latus
760 2674 838 2693 suum
855 2666 959 2692 habens
976 2666 1007 2691 il-

219 2706 272 2734 lius
288 2706 372 2735 filium
391 2708 564 2742 splendidum
579 2717 610 2737 ac
625 2710 811 2738 subridentem
825 2715 853 2737 et
866 2710 936 2737 velut
956 2718 1006 2736 nu-

1103 1431 1148 1462 ιγ’.
1165 1428 1209 1460 Ὠς
1225 1428 1253 1454 δὲ
1273 1425 1307 1463 ἦν
1320 1428 1350 1454 ἐν
1366 1427 1449 1464 πολλῇ
1473 1427 1562 1462 θλίψει
1583 1427 1630 1454 καὶ
1645 1427 1858 1463 ἀπαραμυθήτῳ

1066 1475 1170 1508 πένθει,
1187 1476 1311 1511 φαίνεται
1328 1476 1396 1512 αὐτῇ
1407 1476 1475 1503 ,καθ’
1487 1475 1570 1502 ὕπνον
1581 1475 1595 1501 ὁ
1609 1475 1745 1510 μακάριος
1755 1476 1857 1510 Λογγῖ-

1066 1531 1121 1556 νος,
1133 1522 1180 1549 καὶ
1196 1521 1287 1549 πάντα
1301 1522 1370 1558 αὐτῇ
1384 1522 1417 1549 τὰ
1433 1521 1494 1549 καθ’
1506 1522 1602 1548 ἑαυτὸν
1616 1521 1777 1557 διηγήσατο.
1787 1522 1857 1556 Ἐγώ

1066 1570 1135 1604 εἰμι,
1150 1569 1250 1602 λέγων,
1266 1569 1396 1603 Λογγῖνος
1411 1569 1425 1594 ὁ
1441 1568 1675 1604 Ἑκατόνταρχος,
1694 1568 1707 1594 ὁ
1722 1569 1857 1603 ὁμολογή-

1067 1623 1117 1646 σας
1134 1615 1180 1641 ἐπὶ
1199 1614 1247 1642 τοῦ
1266 1614 1383 1649 σταυροῦ
1400 1614 1446 1641 τὸν
1463 1615 1565 1650 Κύριον
1582 1614 1660 1650 ήμῶν
1678 1613 1780 1649 Ἰησοῦν
1790 1615 1858 1649 Χρι-

1066 1661 1139 1692 στέιν,
1157 1662 1198 1687 ὅτι
1211 1659 1320 1696 ἀληθῶς
1341 1659 1408 1686 θεοῦ
1427 1660 1484 1692 νιος
1498 1661 1573 1686 ἐστιν
1589 1656 1682 1691 οὖτος⁵
1705 1660 1768 1686 ὅθεν
1789 1661 1853 1686 ἀποι

1065 1704 1196 1731 καλύπτου
1219 1713 1270 1737 σοι,
1289 1704 1329 1730 ὃτι
1345 1704 1461 1735 Πιλάτος
1474 1704 1534 1731 κατ’
1547 1704 1615 1739 ἐμοῦ
1630 1703 1718 1739 ψευδῆ
1733 1704 1858 1740 δημηγο--

1066 1750 1152 1784 ρήσας
1168 1749 1286 1784 ὲρεθίζει
1302 1749 1348 1776 τὸν
1364 1749 1501 1784 Καίσαρα,
1513 1749 1561 1776 καὶ
1575 1749 1724 1785 ἀποτέμνει
1740 1759 1791 1785 μου
1806 1751 1859 1784 τὴν

1065 1793 1196 1828 κεφαλὴν,
1215 1793 1262 1820 καὶ
1278 1793 1393 1820 ἐνταῦθα
1411 1793 1529 1828 κομίζει,
1548 1793 1596 1821 καὶ
1611 1794 1704 1829 ῥίπτει
1730 1794 1783 1827 ἔξω
1806 1794 1855 1828 τῆς

1065 1839 1179 1872 πόλεως,
1190 1839 1322 1866 Ἰουδαίων
1338 1839 1367 1866 δὲ
1389 1840 1482 1871 παῖδες
1495 1840 1533 1876 (8)
1555 1840 1706 1876 χρημάτων
1728 1839 1784 1874 ὠνῇ
1809 1839 1856 1865 καὶ

1063 1885 1144 1911 τοῦτο
1167 1885 1372 1920 συνεφώνησαν.
1394 1886 1504 1922 Κόπρος
1528 1886 1618 1912 τοίνυν
1642 1886 1758 1920 πλείστη
1784 1885 1854 1920 αὺτῇ

1065 1930 1245 1965 σεσώρευται,
1261 1931 1332 1958 ὥστε
1355 1940 1396 1958 σοι
1421 1931 1475 1958 ἔδει
1499 1932 1670 1967 φυλαχθῆναι
1685 1931 1731 1958 τὸν
1754 1931 1855 1966 κλῆρον

1064 1977 1159 2004 τοῦτον
1174 1978 1242 2013 πρὸς
1257 1977 1378 2013 ἰατρείαν
1389 1985 1396 1993 ·
1412 1977 1470 2012 ἅμα
1486 1979 1541 2013 γὰρ
1557 1978 1641 2013 αὐτὴν
1657 1977 1853 2011 ἁνακαλύψεις,

1063 2023 1126 2054 τοὺς
1139 2022 1296 2058 ὀφθαλμούς
1311 2031 1357 2049 σου
1373 2023 1519 2058 ἀπολήψει,
1529 2022 1577 2050 εἷθ’
1588 2022 1674 2054 οὕτως
1687 2024 1856 2058 παραστήσω

1065 2076 1107 2094 σοι
1122 2067 1170 2094 καὶ
1183 2067 1228 2094 τὸν
1245 2068 1328 2095 παῖδα
1341 2068 1431 2100 ζῶντα
1448 2068 1517 2104 μετὰ
1531 2068 1620 2102 δόξης,
1633 2068 1674 2095 ὅτι
1689 2076 1735 2094 σου
1751 2067 1782 2094 τὸ
1792 2067 1856 2094 πέν-

1063 2115 1108 2146 θος
1124 2114 1155 2140 οὐ
1171 2114 1288 2150 μετρίως
1298 2114 1497 2150 παρακαλέσει.

1099 2159 1139 2188 ιδ’.
1161 2160 1273 2192 Τούτοις
1287 2159 1333 2188 οὖν
1348 2162 1404 2193 τοῖς
1419 2161 1509 2194 λόγοις
1524 2160 1733 2196 παρακληθεῖσα
1744 2160 1760 2194 ή
1772 2159 1853 2194 γυνὴ,

1062 2206 1130 2242 ὁμοῦ
1144 2207 1190 2233 καὶ
1207 2206 1376 2243 νευρωοεῑσα
1390 2206 1428 2238 ὡς
1444 2206 1557 2242 ἀνδρεία
1570 2207 1617 2233 καὶ
1632 2205 1726 2239 πιστὴ,
1740 2205 1808 2240 πρὸς
1825 2205 1855 2232 τὸ

1062 2252 1142 2288 ἔργον
1158 2252 1298 2287 ἠπείγετο,
1316 2252 1556 2288 χειραγωγήθεῖσα
1569 2251 1636 2288 πρὸς
1652 2251 1697 2278 τὸν
1711 2251 1809 2286 χῶρον,
1826 2251 1855 2277 ὲν

1061 2295 1083 2331 ᾧ
1109 2297 1210 2331 κόπρον
1233 2298 1404 2334 σωρευοῆναι
1425 2297 1576 2332 ἐμάνθανεν
1594 2296 1670 2334 παρὰ
1693 2296 1747 2324 τῶν
1769 2296 1855 2331 αὐτὴν

1061 2343 1231 2378 ὁδηγούντων
1242 2364 1251 2376 ,
1268 2344 1315 2370 καὶ
1330 2343 1421 2370 αὐτῶν
1436 2343 1539 2370 πιστῶν
1552 2343 1638 2370 όντων
1648 2351 1654 2357 ·
1672 2342 1722 2378 ἤδη
1739 2342 1767 2369 δὲ
1783 2342 1853 2376 φθαο

1063 2390 1168 2417 σάντων
1185 2391 1226 2422 εἰς
1242 2389 1288 2416 τὸν
1305 2390 1485 2426 προκείμενον
1497 2390 1590 2422 τόπον,
1601 2390 1714 2427 ἄρχεται
1727 2389 1854 2423 ὀρύσσειν

1062 2438 1119 2468 ταῖς
1134 2436 1212 2467 ἰδίαις
1223 2436 1331 2470 χερσίν·
1345 2435 1405 2462 ὅθεν
1416 2435 1531 2471 προνοίᾳ
1543 2435 1611 2462 Θεοῦ
1627 2435 1720 2470 τάχιον
1735 2433 1854 2469 εὑροῦσα

1062 2483 1112 2518 τὴν
1126 2482 1221 2518 τιμίαν
1235 2482 1274 2517 τῷ
1290 2481 1350 2518 Θεῷ
1366 2482 1488 2517 κεφαλὴν
1499 2502 1507 2516 ,
1524 2481 1695 2522 παραχρῆμα
1710 2480 1760 2512 τὰς
1777 2480 1854 2515 ἡλια-

1065 2529 1115 2560 κὰς
1139 2529 1252 2560 ἀκτῖνας
1275 2528 1416 2556 ἐθεάσατο,
1434 2527 1663 2568 Περιπτυξαμὲνη
1677 2527 1706 2554 δὲ
1721 2527 1768 2554 καὶ
1785 2525 1853 2554 πλύ-

1065 2584 1133 2602 νασα
1149 2575 1219 2609 μετὰ
1235 2575 1325 2610 πάσης
1344 2575 1473 2610 σπουδῆς,
1489 2575 1536 2602 καὶ
1549 2575 1646 2610 μύροις
1661 2574 1781 2608 ἑντίμοις
1803 2574 1854 2599 ἐπ-

1063 2621 1209 2656 αλεῖψασα,
1225 2621 1407 2656 ἐπανέρχεται
1419 2621 1465 2648 ἐπὶ
1485 2620 1535 2656 τὴν
1551 2620 1645 2652 πόλιν⁹
1663 2620 1783 2655 φέρουσα
1808 2618 1854 2644 τὸν

1061 2667 1151 2702 τίμιον
1173 2667 1220 2695 καὶ
1234 2667 1332 2694 ἄσυλον
1350 2666 1524 2702 μαργαρίτην
1535 2687 1542 2699 ,
1559 2665 1622 2692 ἔνθα
1637 2664 1781 2698 ἐξενίζετο.
1798 2664 1853 2690 Καὶ

1061 2713 1093 2748 δὴ
1107 2714 1138 2748 τῇ
1156 2713 1269 2748 ἐπιούσῃ
1287 2713 1363 2739 νυκτὶ
1379 2713 1458 2739 πάλιν
1476 2712 1589 2743 ἐπιστὰς
1604 2711 1672 2746 αὐτῇ
1686 2711 1700 2737 ό
1718 2709 1853 2745 μακάριος

972 2799 1088 2827 ΝΟΤᾹΞ.

252 2841 290 2876 (8)
312 2843 417 2870 LTsitato
431 2843 596 2872 llcllenismo
613 2852 661 2879 pro
678 2845 774 2873 (Ira'ris
791 2847 856 2881 ipsis
875 2857 879 2872 :
899 2847 936 2875 sic
970 2847 1014 2873 τῶι

1065 2848 1144 2882 ιτρῶν
1163 2847 1256 2878 παῖδες
1265 2868 1271 2879 ,

219 2882 309 2911 ctam,
330 2883 383 2907 etc.

1300 2847 1393 2874 medici
1418 2852 1496 2879 sunt,
1532 2847 1659 2882 γραςέων
1681 2846 1791 2879 παῖδες.
1807 2846 1850 2881 Pi-
