2069 3147
229 215 297 247 155³1

802 213 832 243 S.
850 213 1011 244 LONGINI
1029 212 1269 245 MARTYRlUM.

1784 213 1859 247 £558

227 272 353 306 Λογγῖνος
383 269 452 305 ἔχων
476 269 520 296 τὸν
545 269 630 305 αὐτῆς
655 269 712 295 υίδν
737 269 811 304 παρὰ
835 270 885 303 τὴν
910 268 1007 296 ἑαυτοῦ

1061 269 1170 303 ptialcm
1186 274 1287 296 vestem
1306 269 1442 300 indutum,
1460 269 1505 303 qui
1522 274 1549 297 et
1561 269 1628 298 dixit
1647 280 1654 298 :
1669 267 1776 306 Mlier,
1788 280 1852 300 ecce

227 317 357 352 πλευρὰν,
374 316 501 351 λαμπρὸν
523 316 569 342 καὶ
592 315 753 351 μειδιῶντα,
768 317 815 342 καὶ
831 316 928 349 ὥσπερ
942 325 1010 351 νυμ-

226 363 288 396 φίου
303 362 399 397 στολὴν
417 361 522 396 ἔχοντα,
540 361 616 395 λέγει
639 361 706 396 πρὶς
730 361 832 395 αὑτήν·
849 361 942 392 Γύναι,
961 361 1009 393 ἴδε,

225 408 254 433 ὃν
267 407 385 439 ἐπόθεις,
401 405 478 439 οὗτός
493 409 567 433 ἔστιν
581 408 595 433 ὸ
611 408 759 442 μονογενής
773 416 820 434 σου
835 407 902 438 υίὸς,
917 407 946 434 ὃν
962 408 1011 443 ἀρ-

226 453 362 488 πασϐἦναι
376 453 429 480 τῶν
450 453 502 479 σῶν
521 453 620 488 χειρῶν
634 454 778 488 ἐνόμισας·
796 454 863 486 Θεὸς
885 453 913 479 δὲ
929 454 1010 480 αὑτὸν

226 498 410 534 ἐλευθερώσας
425 500 457 526 ὲκ
472 498 548 525 τοῦδε
571 498 618 525 τοῦ
644 498 763 533 φθαρτοῦ
781 500 827 526 καὶ
842 499 1010 535 προσκαίρου

227 544 284 578 βίου
307 545 347 575 εἰς
369 544 420 579 τὴν
444 544 500 571 ἄνω
517 544 655 579 βασιλείαν
677 544 868 579 ἐστράτευσεν.
884 545 938 571 Καὶ
964 544 1011 571 νῦν

227 590 276 616 σὺν
293 581 354 625 ἐμοὶ
369 590 424 625 ἔχω
439 590 531 622 αὑτὸν,
548 590 623 624 παρὰ
636 590 689 625 γὰρ
706 590 755 616 τοῦ
771 591 896 626 Σωτῆρος
916 590 1011 618 ἓλαεον

225 635 307 662 αὐτὸν
317 655 324 665 ,
338 634 384 661 καὶ
400 635 449 669 τῆς
465 635 534 670 ἐμῆς
556 634 646 667 δεξιᾶς
663 635 791 662 οὐδέποτε
816 637 1010 672 ἀποστήσεται.

227 680 310 707 Ὅθεν
324 680 414 707 τοίνυν
428 680 548 707 λαϐοῦσα
563 681 613 715 τὴν
629 681 698 716 ἐμὴν
713 681 833 717 κεφαλὴν
849 682 950 708 καὶτοῦ
965 682 1011 708 σοῦ

226 725 322 756 παιδὸς
336 725 366 751 τὸ
382 725 461 761 σῶμα
474 726 503 752 ἐν
516 727 564 761 μιᾷ
575 726 691 761 λάρνακι
706 727 838 761 παράδος,
854 728 901 754 καὶ
914 728 1012 762 μηκέτι

224 771 269 797 τὸν
282 772 414 807 μονογενῆ
428 781 474 798 σου
487 772 544 798 υῐὺν
557 772 659 807 δάκρυε
669 781 676 788 ·
690 772 795 808 μεγάλη
811 773 865 808 γὰρ
879 773 953 809 αὐτῷ
965 775 1012 801 σὺν

225 818 286 852 ἐμοὶ
310 818 374 850 δόξα
390 818 542 854 δεδώρηται
561 819 637 854 παρὰ
654 819 701 846 τοῦ
718 819 909 855 φιλανθρώπου
932 821 1011 853 Θεοῦ,

226 863 273 890 καὶ
288 864 379 900 βωμὸς
393 865 475 900 ἱερὸς,
492 866 539 892 καὶ
554 865 643 892 θυσίαι
659 866 788 899 μυστικαὶ
804 867 851 893 καὶ
861 867 1013 902 πολυύμνη-

223 918 266 936 τοι
281 911 396 945 χορεῖαι,
409 910 457 937 καὶ
471 910 639 945 πανηγύρεις
652 911 800 946 πάνδημοι,
809 911 876 938 ἄλλα
886 921 916 938 τε
929 912 1013 939 πολλὰ

1063 322 1145 349 quem
1159 316 1277 343 dilexisti
1290 326 1296 343 :
1312 316 1364 344 iste
1379 321 1420 344 est
1434 317 1505 343 Illius
1516 321 1579 344 tuus
1591 317 1760 353 unigenitus,
1771 327 1864 354 quem»

1065 361 1113 388 tibi
1139 366 1264 396 ereptum
1291 363 1459 390 arbitrabare
1475 372 1481 390 :
1500 371 1562 390 eum
1578 363 1650 391 Deus
1664 364 1698 392 ab
1717 365 1768 392 hac
1791 373 1852 394 mo-

1064 411 1207 434 mentanea
1232 415 1264 436 ac
1288 408 1408 442 peritura
1433 409 1578 437 liberatum
1602 410 1668 441 vita.
1686 411 1716 437 in
1737 419 1863 446 regnum.-

1064 453 1194 480 coelorum
1217 462 1279 481 eum
1295 455 1460 490 ascripserit.
1476 455 1510 482 Et
1533 464 1606 484 nunc
1631 465 1738 485 mecum
1765 458 1852 485 habeo

1064 499 1140 527 illum
1163 508 1204 527 :a
1228 499 1370 527 Salvatore
1397 501 1470 528 enim
1494 502 1586 536 accepi
1611 502 1697 534 illum,
1723 511 1812 538 neque
1837 512 1851 530 a

1063 545 1173 572 dextera
1200 553 1259 573 mea
1281 554 1400 581 unquam
1421 547 1540 574 recedet.
1562 547 1645 582 igitur
1661 553 1742 583 caput
1762 557 1852 576 meum

1064 591 1201 625 acc’piens
1212 613 1219 623 ,
1238 596 1266 619 et
1284 600 1346 620 cum
1369 593 1415 620 lilii
1435 593 1472 620 tui
1489 601 1604 628 corpore
1620 601 1701 620 unam
1717 595 1743 620 in
1760 602 1852 621 aream

1065 636 1196 668 condens,
1219 637 1292 664 haud
1306 638 1424 672 amplius
1436 638 1511 672 plora
1528 639 1600 666 velut
1615 639 1756 672 amissum,
1773 640 1819 668 cui
1838 649 1859 667 aa

1064 682 1277 710 clementissimo
1289 683 1342 710 Deo
1354 692 1451 719 magna
1466 692 1573 712 mecum
1585 685 1683 712 donata
1699 690 1741 712 est
1757 686 1853 720 gloria.

1065 731 1095 754 ut
1105 732 1132 754 et
1146 728 1232 754 altare
1242 733 1270 755 et
1283 721 1394 764 mystica
1409 729 1542 756 sacriﬁcia
1558 735 1585 756 et
1600 729 1724 756 celebres
1735 729 1852 761 chorea',

1064 776 1093 799 et
1109 772 1247 807 populosa:
1267 774 1426 805 conciones,
1440 778 1468 801 et
1494 775 1545 801 alia
1571 775 1660 802 adhuc
1685 775 1803 810 plurima
1828 776 1859 803 ei

1065 825 1172 844 mecum
1188 817 1357 851 deferantur,
1369 820 1469 854 quibus
1483 820 1510 847 in
1526 825 1598 848 terra
1615 820 1669 848 frui
1684 829 1738 848 non
1750 822 1854 856 potuis-

1066 867 1108 889 set
1124 871 1130 889 :
1146 864 1217 897 quod
1240 871 1305 892 vero
1331 865 1358 891 in
1384 866 1461 893 caelis
1476 866 1557 893 nobis
1573 867 1777 901 praeparaverit,
1798 875 1858 894 non-

1066 909 1149 936 verbo
1164 909 1306 941 duntaxat,
1325 911 1371 938 sed
1390 912 1480 946 reipsa
1489 920 1568 939 suum
1586 919 1649 946 erga
1670 919 1719 938 nos
1734 919 1857 939 amorem

224 955 293 988 πρὸς
308 955 413 987 τούτοις
424 976 431 987 ,
447 955 466 982 ἃ
485 956 516 982 οὐ
530 956 642 983 δυνατὸν
656 956 703 982 ἐπὶ
719 957 771 990 τῆς
787 957 839 992 γῆς
854 953 1010 985 τελεῖσθαι·

1063 954 1205 982 declarans
1221 956 1307 989 Deus,
1329 957 1354 985 id
1372 966 1437 985 vero
1454 965 1543 992 neque
1562 958 1658 985 oculus
1671 958 1749 989 vidit,
1765 965 1874 992 neque-

225 1000 254 1026 ὲν
279 999 385 1036 οὖρανῷ
409 1000 438 1027 δὲ
460 1001 479 1028 ἃ
504 1001 642 1036 ὀφθαλμὸς
659 1001 708 1028 οὐκ
723 999 803 1034 οἶδεν,
821 1003 868 1030 καὶ
893 1001 940 1035 οὖς
964 1003 1013 1030 οὐκ

224 1045 353 1079 ἤκουσεν,
369 1046 430 1072 οὐδὲ
457 1046 505 1073 ἐπὶ
530 1047 648 1082 καρδίαν
677 1047 820 1084 ἀνθρώπου
847 1048 897 1075 οὐκ
917 1048 1011 1083 ἀνέϐη,

225 1089 297 1124 ἅπερ
307 1090 373 1124 ἡμῖν
388 1091 402 1117 ὁ
418 1090 484 1121 Θεὸς
499 1091 548 1126 (9),
562 1092 635 1127 ἔργῳ
649 1092 697 1119 καὶ
713 1092 784 1128 λόγῳ
796 1094 846 1128 τὴν
860 1093 928 1129 πρὸς
940 1093 1013 1129 ἡμᾶς

225 1133 413 1168 ἐνδειξάμενος
427 1135 550 1170 ἀγάπην.
566 1137 784 1171 παρεσκεύασεν.

260 1182 300 1206 ιε’.
321 1180 439 1212 Τούτους
458 1183 521 1213 τοὺς
542 1182 639 1216 λόγους
656 1183 673 1218 ἡ
688 1183 735 1209 τοῦ
750 1183 895 1210 νεανίσκου
921 1184 1013 1221 μήτηρ

223 1224 259 1255 ὼς
275 1223 487 1261 Ἰεροπροφήτου
511 1227 646 1262 δεξαμένη
672 1229 887 1264 προστάγματα,
912 1230 1013 1263 εὐθέως

224 1270 365 1297 ἀναστᾶσα
383 1271 422 1303 είς
444 1271 494 1304 τὴν
517 1273 635 1308 πατρίδα
650 1273 793 1309 ὥρμησεν·
810 1274 905 1302 ἔλασεν
919 1275 948 1302 δὲ
965 1276 1013 1303 καὶ

224 1315 273 1349 τὴν
286 1316 420 1351 πάντιμον
433 1317 481 1343 καὶ
498 1317 575 1351 ἱερὰν
589 1318 719 1353 κεφαλὴν,
733 1318 781 1344 τοῦ
791 1319 869 1352 ἁγίου
880 1320 1012 1354 Λογγίνου

223 1359 369 1394 λείψανον,
397 1361 445 1387 καὶ
466 1362 583 1389 ἀπέθετο
608 1363 728 1398 φαιδρῶς
756 1364 804 1390 καὶ
832 1365 1010 1400 περιχαρῶς,

224 1404 315 1437 καθὼς
341 1405 410 1442 αὐτῇ
435 1407 603 1442 προσέταξεν
619 1409 633 1434 ὁ
648 1408 724 1442 ἅγιος
739 1409 870 1443 Λογγῖνος
885 1411 914 1436 ἐν
931 1409 1015 1446 κώμῃ

223 1451 356 1487 λεγομένῃ
371 1451 528 1488 Σανδράλης
544 1453 660 1487 (ἐκεῖθεν
677 1454 730 1489 γὰρ
744 1451 778 1489 ἦν
792 1455 806 1480 ό
822 1454 899 1488 ἆγιος
912 1455 1011 1490 Λογγί-

222 1496 277 1532 νος)
302 1497 370 1533 πρὸς
395 1498 496 1535 ἑαυτὴν
519 1499 699 1534 άναφωνοῦσα
716 1501 764 1526 καὶ
787 1499 903 1533 λέγουσα
924 1501 954 1527 ἐν
977 1503 1010 1538 τῇ

223 1543 332 1579 καρδίᾳ,
347 1544 394 1570 καὶ
409 1545 442 1580 τῇ
460 1544 566 1580 γλώττῃ
593 1544 781 1580 κηρύττουσα·
799 1543 863 1572 Οἶδα
891 1547 956 1581 μὲν,
971 1548 1011 1574 ὄτι

223 1590 278 1620 τοῖς
293 1589 420 1622 ἀγαπῶσι
444 1590 490 1616 τὸν
503 1589 579 1622 Θεὸν,
598 1591 687 1617 πάντα
702 1594 828 1626 συνεργεῖ
841 1593 881 1624 εἰς
894 1593 924 1619 τὸ
943 1594 1011 1627 ἀγα-

223 1635 458 1670 Οόν.“οφοαλμοὺς
475 1636 587 1670 ἐζήτουν
610 1637 729 1672 σαρκὸς,
746 1638 795 1663 σὺν
811 1638 902 1670 αὐτοῖς
920 1639 947 1665 δὲ
962 1625 1008 1666 καὶ
1024 1625 1045 1653 c

222 1679 283 1711 τοὺς
291 1679 341 1705 τοῦ
354 1680 512 1715 Πνεύματος
526 1681 620 1707 ἔλαϐον
629 1689 636 1695 ⁸
650 1681 743 1708 ἐλύπει
757 1691 791 1716 με
804 1683 890 1717 ζημία
902 1684 1008 1718 τέκνου,

223 1724 278 1750 ἀλλ’
296 1725 350 1751 ἰδοὺ
365 1725 410 1751 τὸν
425 1726 593 1761 κληρονόμον
606 1726 663 1762 ἔχω
677 1728 746 1762 μετὰ
761 1728 840 1764 δόξης
853 1730 1008 1765 βασιλικῆς,

222 1770 259 1804 τῷ
284 1770 344 1806 Θεῷ
359 1772 581 1807 παριστάμενον·
599 1773 808 1809 πορφυροφόρον
833 1775 877 1803 τὸν
900 1777 1009 1804 νεανίαν

221 1815 325 1851 ἀναρῶ,
340 1817 535 1853 πολυευπρεπῆ
551 1819 712 1846 κατοπτεύω
721 1819 767 1846 τὸν
783 1820 903 1855 μείρακα
923 1822 1010 1849 ’Λστε-

222 1863 399 1897 ροπρόσωπος
415 1864 429 1890 ό
446 1865 508 1896 παῖς
519 1884 525 1896 ,
541 1865 588 1891 καὶ
610 1866 643 1900 τῇ
671 1865 756 1901 μητρὶ
777 1867 945 1901 προσγελῶν,
963 1869 1009 1895 καὶ

222 1909 298 1943 παρὰ
314 1908 364 1943 τὴν
381 1909 503 1945 πλευρὰν
517 1910 650 1944 Δογγίνου
666 1911 841 1946 ἀστράπτων,
852 1912 890 1944 ὡς
901 1914 1009 1948 φωσφό-

222 1963 267 1988 ρος
283 1953 360 1989 παρὰ
370 1955 420 1988 τὴν
434 1954 550 1989 ἡλιακὴν
562 1955 671 1986 ἀκτῖνα,
689 1956 820 1988 πολλάκις
836 1958 885 1992 μὲν
900 1959 1007 1995 νύκτωρ

222 1999 351 2030 πολλάκις
374 1999 402 2026 δὲ
427 1999 487 2035 μεθ’
500 1999 607 2035 ἡμέραν
629 2001 802 2036 φαινόμενος,
819 2003 867 2029 καὶ
887 2004 918 2030 οὐ
942 2006 1009 2031 κατ’

220 2047 285 2081 ὂναρ
303 2046 395 2080 μόνον,
410 2046 480 2073 ἀλλὰ
496 2046 551 2081 μὴν
565 2047 612 2072 καὶ
627 2047 752 2082 φανερῶς
767 2048 948 2083 ἐμφανίζεται
962 2059 1010 2089 μοι

222 2091 369 2128 μαρτύρων
384 2092 492 2126 τρόπῳ·
510 2091 610 2127 κλῆρος
625 2092 654 2119 δὲ
671 2092 753 2120 αὑτοῦ
766 2094 835 2128 μετὰ
849 2097 1005 2131 προφητῶν,

221 2138 308 2164 καίτοι
337 2137 394 2172 βίον
415 2137 470 2163 τῶν
487 2138 634 2173 προφητῶν
656 2139 687 2164 οὐ
707 2138 849 2174 ζήσαντος,
865 2141 913 2167 καὶ
939 2144 1008 2177 μετὰ

220 2183 352 2217 Λογγίνου
371 2184 560 2217 σταυροφορεῐ,
576 2183 666 2210 καὶτὸ
679 2185 777 2219 σεμνὸν
789 2185 839 2220 τῆς
854 2186 908 2213 τῶν
925 2188 1007 2223 οὖρα-

220 2229 272 2254 νῶν
288 2229 426 2263 βασιλείας
443 2229 605 2264 ἐπιφέρεται
621 2229 761 2265 τρόπαιον,
778 2231 826 2258 καὶ
840 2233 941 2268 μεταξὺ
956 2234 1007 2269 ἀγ-

219 2273 306 2306 γέλων
330 2273 469 2308 κηρύττει,
487 2274 518 2300 τὸ
533 2274 580 2300 καὶ
597 2274 679 2309 μέσον
694 2274 740 2302 τοῦ
753 2276 840 2312 δὴμου
860 2278 915 2305 τῶν
938 2280 1007 2315 ἀρχ-
1025 2302 1045 2329 D

219 2319 342 2354 αγγέλων
365 2320 509 2355 κέκραγεν.
519 2320 652 2353 Ἀληθῶς
667 2322 742 2349 Θεοῦ
761 2324 827 2357 Υἱὸς
846 2323 886 2360 ἦν
905 2324 1007 2361 οὗτος,

218 2366 256 2397 ὡς
278 2365 411 2400 Λογγίνου
429 2365 639 2401 μαθητής-Ὅσα
655 2375 685 2393 τε
699 2368 734 2395 τὰ
749 2370 873 2404 Σεραφὶμ
888 2372 1010 2408 Λογγίνῳ

220 2413 381 2447 παραχωρεῖ
393 2412 514 2444 δοξάζειν
530 2412 587 2447 (καὶ
601 2412 651 2439 οὐκ
665 2414 820 2450 ἀκκτικροὺει
833 2417 867 2443 τὰ
884 2418 1011 2454 Σεραφὶμ

218 2458 265 2484 καὶ
287 2458 429 2493 Χερουϐὶμ
457 2457 671 2494 ὑμνολογοῦσιν)
687 2459 836 2494 φθέγγεται
860 2464 907 2489 καὶ
929 2464 1011 2497 αὐτὸς

218 2502 310 2538 φωνὴν
335 2503 411 2539 ἱερὰν
424 2522 431 2534 ,
449 2502 597 2537 ὑμνολόγον
609 2523 616 2535 ,
631 2505 813 2541 τροπαιοῦχον
824 2527 832 2539 ,
851 2509 985 2545 μυστικὴν
998 2529 1005 2542 ,

218 2548 351 2575 ἐπινίκιον
363 2557 369 2565 ·
389 2548 520 2583 Ἀληθῶς
545 2550 618 2577 Θεοῦ
640 2552 705 2584 Υιός
727 2551 814 2579 ἐστιν
834 2551 941 2587 οὗτος·
958 2556 1007 2582 καὶ

217 2594 291 2621 ἔστιν
304 2595 351 2622 καὶ
364 2595 455 2622 ἔσται·
469 2596 536 2632 ὅπερ
547 2596 601 2632 γὰρ
615 2595 688 2632 εἶχεν
701 2599 753 2634 πρὸ
766 2599 821 2625 τῶν
833 2599 1005 2630 αίώνων,καὶ

217 2641 257 2672 εις
271 2641 372 2673 αἰῶνας
385 2641 450 2674 ἔξει.
462 2641 547 2674 Αὐτὸς
561 2642 669 2669 παλαιοῖ
683 2644 746 2675 τοὺς
759 2644 870 2678 αἰῶνας,
886 2646 962 2681 μένει
976 2647 1004 2673 δὲ

1063 1000 1137 1028 auris
1152 1001 1266 1036 audivit,
1278 1010 1368 1038 neque
1385 1003 1412 1031 in
1427 1011 1475 1031 cor
1490 1003 1609 1031 hominis
1621 1010 1741 1038 unquam
1757 1010 1855 1031 ascen-

1064 1046 1112 1074 dit.

1098 1187 1142 1216 l5.
1162 1188 1216 1216 llos
1232 1197 1372 1218 sermones
1396 1195 1426 1219 ut
1451 1192 1528 1227 pueri
1554 1197 1640 1221 mater
1662 1194 1775 1227 audivit,
1791 1199 1854 1222 tan-

1062 1241 1144 1268 quam
1161 1234 1182 1262 si
1197 1235 1280 1263 divini
1304 1236 1422 1272 alicuius
1436 1238 1576 1272 propheta
1590 1240 1757 1274 suscepisset
1772 1247 1852 1267 man-

1063 1281 1138 1313 data,
1154 1281 1193 1308 sic
1207 1289 1376 1317 consurgens
1391 1283 1523 1311 continuo
1534 1284 1560 1311 in
1576 1285 1692 1319 patriam
1708 1285 1853 1318 remeavit,

1062 1329 1090 1352 et
1104 1330 1247 1360 acceptum
1258 1327 1344 1354 sancti
1361 1327 1475 1363 Longini
1490 1329 1648 1357 venerabile
1663 1335 1746 1365 caput
1756 1339 1854 1366 magna

1062 1377 1124 1397 cum
1137 1371 1230 1398 lmtitia
1247 1375 1328 1407 atque
1345 1373 1493 1408 splendore
1506 1375 1639 1409 reposuit,
1654 1376 1725 1404 sicut
1741 1382 1858 1404 sanctus

1059 1415 1241 1447 mandaverat
1255 1416 1380 1450 invito,
1395 1419 1441 1453 qui
1462 1418 1602 1448 Sandralis
1619 1422 1777 1449 nominatur
1791 1421 1826 1456 (9)
1844 1430 1857 1448 τ

1062 1461 1136 1489 illinc
1155 1462 1228 1489 enim
1247 1463 1381 1491 oriundus
1397 1470 1456 1492 erat
1471 1470 1582 1494 sanctus
1598 1465 1735 1502 Longinus
1759 1477 1766 1494 :
1789 1467 1855 1494 sibi-

1061 1514 1115 1541 que
1130 1507 1188 1542 ipsa
1204 1508 1315 1536 dicebat
1329 1509 1361 1536 in-
1370 1511 1467 1543 corde,
1488 1516 1516 1539 et
1539 1508 1632 1547 l'mgua
1647 1512 1707 1540 aliis
1724 1512 1854 1548 prardica-

1061 1551 1107 1579 bat
1126 1561 1132 1579 :
1155 1551 1233 1580 Nunc
1246 1554 1303 1581 scio
1316 1563 1380 1582 vere
1395 1556 1458 1591 quia
1474 1557 1649 1593 diligentibus
1663 1558 1747 1585 Deum
1762 1559 1853 1585 omnia

1062 1603 1244 1633 cooperantur
1260 1600 1285 1627 in
1303 1601 1418 1629 bonum.
1434 1602 1534 1631 Oculos
1546 1605 1702 1639 qmerebam
1713 1605 1812 1638 carnis,
1828 1609 1856 1633 ιι

1062 1652 1123 1671 cum
1140 1645 1172 1673 iis
1194 1646 1276 1674 etiam
1295 1647 1383 1675 visum
1399 1649 1426 1676 in
1442 1650 1534 1677 anima
1549 1651 1718 1686 spiritualem
1739 1653 1829 1687 recepi
1845 1663 1852 1680 :

1062 1689 1155 1718 atllixit
1178 1699 1223 1719 me
1248 1693 1387 1721 calamitas
1407 1694 1464 1727 ﬁlii,
1481 1700 1509 1723 et
1531 1703 1596 1724 ecce
1613 1697 1748 1725 haeredem
1765 1698 1861 1726 habeo

1062 1744 1123 1763 cum
1147 1737 1230 1772 gloria
1252 1738 1325 1774 regia
1344 1739 1398 1767 Deo
1413 1741 1586 1769 assistentem
1603 1752 1609 1770 :
1624 1743 1703 1771 video
1724 1740 1853 1779 juvenem

1062 1781 1187 1809 indutum
1202 1791 1323 1818 purpura
1337 1789 1365 1812 et
1378 1786 1464 1813 multo
1475 1787 1572 1815 decore
1584 1787 1757 1816 adornatum.
1774 1789 1854 1817 Side-

1062 1834 1110 1854 reo
1133 1827 1209 1854 vultu
1232 1830 1411 1864 resplendens
1438 1840 1507 1866 puer
1533 1841 1597 1861 ecce
1613 1838 1642 1861 ut
1657 1835 1735 1862 matri
1752 1835 1856 1863 arridet

1062 1880 1128 1906 suae,
1147 1877 1174 1901 et
1190 1874 1223 1901 ad
1243 1874 1314 1903 latus
1329 1875 1445 1912 Longini
1457 1878 1529 1905 velut
1544 1879 1640 1906 lucifer
1654 1880 1686 1907 ad
1705 1881 1795 1908 radios
1806 1889 1855 1909 so-

1061 1918 1133 1947 lares
1147 1918 1269 1955 refulget.
1287 1920 1392 1948 Etenim
1418 1929 1490 1957 saepe
1515 1928 1608 1957 noctu,
1621 1933 1694 1960 saepe
1714 1933 1763 1961 per
1780 1927 1853 1955 diem

1061 1969 1205 1998 apparens,
1219 1972 1308 2000 neque
1319 1966 1347 1993 id
1365 1967 1392 1994 in
1405 1969 1519 2001 somnis,
1529 1970 1575 1997 sed
1594 1971 1735 1999 manifesta
1748 1972 1774 1999 in
1788 1981 1852 2008 spe-

1062 2007 1113 2040 cie,
1135 2015 1164 2035 se
1186 2009 1255 2036 mihi
1276 2014 1396 2039 ostentat
1415 2018 1564 2049 martyrum
1590 2014 1619 2042 in
1643 2016 1754 2043 modum
1770 2026 1776 2044 :
1792 2007 1854 2046 sors

1061 2056 1152 2079 autem
1170 2053 1241 2080 illius
1259 2055 1329 2082 inter
1347 2058 1496 2092 prophetas
1515 2063 1572 2093 est,
1590 2060 1641 2088 etsi
1657 2061 1855 2097 prophetarum

1062 2096 1144 2124 vitam
1159 2106 1214 2125 non
1228 2100 1343 2134 vixerit;
1361 2107 1389 2129 et
1406 2103 1443 2138 (Ιι)
1456 2111 1566 2132 crucem
1580 2113 1643 2133 cum
1660 2096 1781 2143 Longino
1803 2108 1851 2136 ba-

1058 2141 1158 2176 juians,
1171 2144 1338 2173 adorandum
1352 2147 1482 2176 caelorum
1497 2157 1581 2185 regno
1595 2141 1745 2186 troplmutn
1761 2153 1849 2184 ell'ert.

1060 2192 1142 2223 atque
1156 2189 1229 2217 inter
1245 2192 1349 2220 medios
1363 2194 1474 2229 angelos
1489 2195 1627 2230 praedicat,
1644 2197 1715 2224 inter
1734 2199 1851 2226 archan-

1060 2235 1183 2270 gelorum
1200 2241 1287 2265 cattus
1301 2239 1448 2272 exclamat,
1474 2245 1601 2276 tanquam
1622 2251 1768 2278 germanus
1782 2243 1852 2271 Lon-

1059 2281 1114 2316 gini
1141 2283 1300 2318 discipulus.
1319 2285 1380 2312 Vere
1402 2286 1486 2314 Filius
1509 2288 1558 2315 Dei
1580 2294 1618 2316 est
1640 2289 1697 2316 itte.
1712 2290 1849 2323 Quantum

1061 2335 1127 2354 vero
1151 2327 1295 2364 Serapltim
1320 2332 1487 2371 permittunt
1506 2333 1629 2369 Longino
1645 2334 1730 2362 Deum
1747 2335 1849 2371 gloriﬁ-

1059 2380 1121 2400 care
1136 2375 1236 2409 (neque
1250 2376 1323 2404 enim
1337 2370 1443 2404 divinas
1455 2377 1550 2406 laudes
1564 2380 1726 2408 canentibus
1744 2370 1850 2409 obstre-

1059 2424 1128 2453 punt
1145 2419 1293 2448 Cherubim
1307 2421 1508 2459 Serapbimve).
1525 2429 1629 2453 tantum
1643 2426 1752 2454 auditur
1766 2427 1849 2455 etiam

1059 2463 1127 2498 ipse,
1145 2470 1277 2499 sanctam,
1293 2467 1455 2496 melodicam
1469 2490 1476 2502 ,
1493 2471 1686 2506 triumphalem
1703 2481 1797 2501 vocem
1812 2475 1850 2501 el-

1059 2509 1171 2538 l'crens:
1192 2510 1257 2538 Vere
1270 2511 1357 2540 Filius
1375 2513 1422 2542 Dei
1436 2520 1473 2543 est
1489 2517 1547 2544 iste.
1566 2517 1612 2545 Est
1637 2519 1730 2554 utique
1744 2525 1772 2547 et
1796 2521 1850 2548 erit

1059 2554 1107 2582 Dei
1126 2555 1232 2583 Filius:
1248 2558 1320 2592 quod
1337 2558 1409 2586 enim
1435 2559 1531 2588 habuit
1552 2567 1616 2589 ante
1640 2563 1750 2595 smnula.
1766 2563 1847 2591 etiam

1058 2600 1086 2627 in
1109 2601 1200 2628 omnia
1225 2603 1323 2631 smcula
1348 2609 1463 2632 ventura
1489 2606 1621 2634 habebit:
1640 2607 1697 2642 ipse
1725 2598 1864 2644 antiquat’

1058 2648 1166 2680 secula,
1183 2652 1210 2675 et
1226 2649 1293 2676 citra
1310 2650 1418 2678 senium
1436 2651 1596 2680 indeticiens
1611 2658 1768 2688 perseverat
1782 2664 1788 2682 :
1804 2662 1846 2682 τε-

970 2734 1087 2770 NOTAE,

253 2779 291 2814 (9)
314 2788 323 2804 ι
339 2778 406 2816 Qua:
420 2779 581 2816 prmparavit
594 2779 664 2816 Deus
676 2787 752 2807 suam
772 2789 834 2816 erga
850 2788 900 2808 nos
914 2781 1006 2809 chari-

217 2818 300 2853 tatem
312 2815 397 2853 verbo
410 2815 702 2853 ope-requedeclurans
718 2823 725 2841 :
745 2825 753 2840 ι
779 2815 837 2843 haec
853 2824 950 2851 nempe
966 2817 1005 2853 [e-

216 2849 327 2876 stinanti
344 2849 486 2883 interpreti
499 2850 669 2877 exciderunt.

245 2883 290 2924 ,(g)
312 2883 373 2911 Mss.
404 2884 560 2912 Mctlicaeum
592 2890 619 2912 et
646 2884 779 2914 Venetum
809 2886 941 2922 Σανδιόιλῃ
971 2889 1002 2923 τῇ

217 2925 308 2952 κωμῃ.

1095 2786 1131 2821 (li)
1152 2786 1238 2814 Simili
1262 2787 1354 2822 phrasi
1382 2792 1496 2815 utuntur
1515 2789 1571 2823 jam
1595 2788 1677 2816 citata
1692 2796 1756 2815 mss.
1774 2789 1847 2823 μετὰ

1059 2822 1190 2858 Λογγίνου
1212 2823 1422 2858 σταυροφορῶν·
1451 2828 1479 2850 at
1504 2822 1555 2852 rus.
1572 2822 1763 2855 Berodianum,
1777 2822 1844 2851 'cum

1058 2864 1112 2891 quo
1128 2857 1408 2894 liabemusﬂcollatum
1426 2858 1592 2890 Medicazum,
1610 2858 1783 2894 λιυκοφορῶν
1795 2867 1802 2874 ·

1058 2896 1098 2919 est
1116 2901 1122 2918 :
1143 2902 1151 2917 ι
1165 2892 1292 2920 Candidis
1310 2893 1421 2920 indutus
1437 2894 1565 2921 vestibus.
1583 2902 1591 2917 ι
