  <div class='ocr_page' id='page_1' title='image "/cluster/home/n/w/nwhite01/storage/ocr_20150623/93/njp.32101077772836/853.png"; bbox 0 0 2069 3147; ppageno 0'>
   <div class='ocr_carea' id='block_1_1' title="bbox 210 202 281 234">
    <p class='ocr_par' dir='ltr' id='par_1_1' title="bbox 210 202 281 234">
     <span class='ocr_line' id='line_1_1' title="bbox 210 202 281 234; baseline -0.028 0"><span class='ocrx_word' id='word_1_1' title='bbox 210 202 281 234; x_wconf 77' lang='grc' dir='ltr'><strong>15ὓῖ</strong></span> 
     </span>
    </p>
   </div>
   <div class='ocr_carea' id='block_1_2' title="bbox 711 196 1342 229">
    <p class='ocr_par' dir='ltr' id='par_1_2' title="bbox 711 196 1342 229">
     <span class='ocr_line' id='line_1_2' title="bbox 711 196 1342 229; baseline -0.002 0"><span class='ocrx_word' id='word_1_2' title='bbox 711 198 869 229; x_wconf 87' lang='lat' dir='ltr'><strong>LEONTII</strong></span> <span class='ocrx_word' id='word_1_3' title='bbox 892 196 1149 229; x_wconf 80' lang='lat' dir='ltr'><strong>NEAPOLITANI</strong></span> <span class='ocrx_word' id='word_1_4' title='bbox 1169 197 1342 228; x_wconf 85' lang='lat' dir='ltr'><strong>EPISCOPI</strong></span> 
     </span>
    </p>
   </div>
   <div class='ocr_carea' id='block_1_3' title="bbox 1773 192 1842 225">
    <p class='ocr_par' dir='ltr' id='par_1_3' title="bbox 1773 192 1842 225">
     <span class='ocr_line' id='line_1_3' title="bbox 1773 192 1842 225; baseline 0.014 -1"><span class='ocrx_word' id='word_1_5' title='bbox 1773 192 1842 225; x_wconf 71' lang='lat'><strong>1563</strong></span> 
     </span>
    </p>
   </div>
   <div class='ocr_carea' id='block_1_4' title="bbox 214 250 1010 291">
    <p class='ocr_par' dir='ltr' id='par_1_4' title="bbox 214 252 1000 291">
     <span class='ocr_line' id='line_1_4' title="bbox 214 252 1000 291; baseline -0.003 -9"><span class='ocrx_word' id='word_1_6' title='bbox 214 259 307 291; x_wconf 86' lang='lat' dir='ltr'><strong>parata</strong></span> <span class='ocrx_word' id='word_1_7' title='bbox 321 263 328 288; x_wconf 85' lang='lat'><strong><em>;</em></strong></span> <span class='ocrx_word' id='word_1_8' title='bbox 346 254 388 281; x_wconf 92' lang='lat' dir='ltr'><strong>vel</strong></span> <span class='ocrx_word' id='word_1_9' title='bbox 403 253 485 281; x_wconf 85' lang='lat' dir='ltr'><strong>etiam</strong></span> <span class='ocrx_word' id='word_1_10' title='bbox 503 252 650 285; x_wconf 84' lang='lat' dir='ltr'><strong>lsraelitas,</strong></span> <span class='ocrx_word' id='word_1_11' title='bbox 662 252 736 288; x_wconf 91' lang='lat' dir='ltr'><strong>quod</strong></span> <span class='ocrx_word' id='word_1_12' title='bbox 756 253 823 288; x_wconf 72' lang='lat' dir='ltr'><strong>legis</strong></span> <span class='ocrx_word' id='word_1_13' title='bbox 837 260 868 280; x_wconf 86' lang='lat' dir='ltr'><strong>ac</strong></span> <span class='ocrx_word' id='word_1_14' title='bbox 881 253 1000 288; x_wconf 85' lang='lat' dir='ltr'><strong>prophe-</strong></span> 
     </span>
    </p>
   </div>
   <div class='ocr_carea' id='block_1_5' title="bbox 1059 250 1841 291">
    <p class='ocr_par' dir='ltr' id='par_1_5' title="bbox 1059 250 1841 288">
     <span class='ocr_line' id='line_1_5' title="bbox 1059 250 1841 288; baseline 0 -9"><span class='ocrx_word' id='word_1_15' title='bbox 1059 252 1131 288; x_wconf 72' lang='grc' dir='ltr'>γένη,</span> <span class='ocrx_word' id='word_1_16' title='bbox 1147 252 1194 279; x_wconf 79' lang='grc' dir='ltr'><strong>καὶ</strong></span> <span class='ocrx_word' id='word_1_17' title='bbox 1209 253 1280 287; x_wconf 81' lang='grc' dir='ltr'>πρὸς</span> <span class='ocrx_word' id='word_1_18' title='bbox 1293 252 1340 279; x_wconf 70' lang='grc' dir='ltr'>τὸν</span> <span class='ocrx_word' id='word_1_19' title='bbox 1359 251 1544 286; x_wconf 65' lang='grc' dir='ltr'>πνευματικὸν</span> <span class='ocrx_word' id='word_1_20' title='bbox 1561 250 1662 286; x_wconf 81' lang='grc' dir='ltr'>σπόρον</span> <span class='ocrx_word' id='word_1_21' title='bbox 1681 251 1822 287; x_wconf 52' lang='lat' dir='ltr'><strong>animam</strong></span> <span class='ocrx_word' id='word_1_22' title='bbox 1832 261 1841 269; x_wconf 77' lang='grc' dir='ltr'><strong><em>ο</em></strong></span> 
     </span>
    </p>
   </div>
   <div class='ocr_carea' id='block_1_6' title="bbox 168 299 1003 335">
    <p class='ocr_par' dir='ltr' id='par_1_6' title="bbox 168 299 1003 335">
     <span class='ocr_line' id='line_1_6' title="bbox 168 299 1003 335; baseline -0.004 -6"><span class='ocrx_word' id='word_1_23' title='bbox 168 331 171 335; x_wconf 59' lang='grc'><strong><em>,</em></strong></span> <span class='ocrx_word' id='word_1_24' title='bbox 215 305 304 329; x_wconf 87' lang='lat' dir='ltr'><strong>tarum</strong></span> <span class='ocrx_word' id='word_1_25' title='bbox 337 299 488 332; x_wconf 76' lang='lat' dir='ltr'><strong>doctrinis,</strong></span> <span class='ocrx_word' id='word_1_26' title='bbox 516 299 590 326; x_wconf 86' lang='lat' dir='ltr'><strong>velut</strong></span> <span class='ocrx_word' id='word_1_27' title='bbox 618 299 819 334; x_wconf 86' lang='lat' dir='ltr'><strong>quodammodo</strong></span> <span class='ocrx_word' id='word_1_28' title='bbox 833 299 943 326; x_wconf 76' lang='lat' dir='ltr'><strong>edomiti</strong></span> <span class='ocrx_word' id='word_1_29' title='bbox 970 306 1003 326; x_wconf 86' lang='lat' dir='ltr'><strong>ac</strong></span> 
     </span>
    </p>
   </div>
   <div class='ocr_carea' id='block_1_7' title="bbox 165 340 1001 380">
    <p class='ocr_par' dir='ltr' id='par_1_7' title="bbox 165 340 1001 380">
     <span class='ocr_line' id='line_1_7' title="bbox 165 340 1001 380; baseline 0 -8"><span class='ocrx_word' id='word_1_30' title='bbox 165 340 171 350; x_wconf 54' lang='lat'><strong>&quot;</strong></span> <span class='ocrx_word' id='word_1_31' title='bbox 216 345 383 380; x_wconf 86' lang='lat' dir='ltr'><strong>eomplanati</strong></span> <span class='ocrx_word' id='word_1_32' title='bbox 396 348 490 372; x_wconf 78' lang='lat' dir='ltr'><strong>essent</strong></span> <span class='ocrx_word' id='word_1_33' title='bbox 506 353 513 371; x_wconf 72' lang='grc' dir='ltr'><strong>ι</strong></span> <span class='ocrx_word' id='word_1_34' title='bbox 528 343 636 371; x_wconf 92' lang='lat' dir='ltr'><strong>tametsi</strong></span> <span class='ocrx_word' id='word_1_35' title='bbox 651 344 836 379; x_wconf 74' lang='lat' dir='ltr'><strong>evangelicam</strong></span> <span class='ocrx_word' id='word_1_36' title='bbox 851 349 1001 372; x_wconf 85' lang='lat' dir='ltr'><strong>sementem</strong></span> 
     </span>
    </p>
   </div>
   <div class='ocr_carea' id='block_1_8' title="bbox 214 389 1002 426">
    <p class='ocr_par' dir='ltr' id='par_1_8' title="bbox 214 389 1002 426">
     <span class='ocr_line' id='line_1_8' title="bbox 214 389 1002 426; baseline 0 -8"><span class='ocrx_word' id='word_1_37' title='bbox 214 399 247 418; x_wconf 78' lang='lat' dir='ltr'><strong>ex</strong></span> <span class='ocrx_word' id='word_1_38' title='bbox 272 390 381 425; x_wconf 88' lang='lat' dir='ltr'><strong>propria</strong></span> <span class='ocrx_word' id='word_1_39' title='bbox 399 390 449 425; x_wconf 82' lang='lat' dir='ltr'><strong>ipsi</strong></span> <span class='ocrx_word' id='word_1_40' title='bbox 474 389 613 417; x_wconf 76' lang='lat' dir='ltr'><strong>dementia</strong></span> <span class='ocrx_word' id='word_1_41' title='bbox 635 398 691 417; x_wconf 90' lang='lat' dir='ltr'><strong>non</strong></span> <span class='ocrx_word' id='word_1_42' title='bbox 716 395 907 426; x_wconf 86' lang='lat' dir='ltr'><strong>susceperunt.</strong></span> <span class='ocrx_word' id='word_1_43' title='bbox 933 389 1002 418; x_wconf 93' lang='lat' dir='ltr'><strong>Tum</strong></span> 
     </span>
    </p>
   </div>
   <div class='ocr_carea' id='block_1_9' title="bbox 215 435 1003 472">
    <p class='ocr_par' dir='ltr' id='par_1_9' title="bbox 215 435 1003 472">
     <span class='ocr_line' id='line_1_9' title="bbox 215 435 1003 472; baseline 0 -8"><span class='ocrx_word' id='word_1_44' title='bbox 215 436 328 464; x_wconf 85' lang='lat' dir='ltr'><strong>subdit:</strong></span> <span class='ocrx_word' id='word_1_45' title='bbox 356 437 426 463; x_wconf 82' lang='lat' dir='ltr'><strong>Tunc</strong></span> <span class='ocrx_word' id='word_1_46' title='bbox 443 435 610 463; x_wconf 65' lang='lat' dir='ltr'><strong>exsultabant</strong></span> <span class='ocrx_word' id='word_1_47' title='bbox 632 437 721 464; x_wconf 81' lang='lat' dir='ltr'><strong>omnia</strong></span> <span class='ocrx_word' id='word_1_48' title='bbox 738 437 812 472; x_wconf 78' lang='lat' dir='ltr'><strong>tigna</strong></span> <span class='ocrx_word' id='word_1_49' title='bbox 833 437 906 464; x_wconf 70' lang='lat' dir='ltr'><strong>silua:</strong></span> <span class='ocrx_word' id='word_1_50' title='bbox 920 445 929 463; x_wconf 89' lang='lat'><strong><em>:</em></strong></span> <span class='ocrx_word' id='word_1_51' title='bbox 943 445 1003 472; x_wconf 63' lang='lat' dir='ltr'><strong>quae</strong></span> 
     </span>
    </p>
   </div>
   <div class='ocr_carea' id='block_1_10' title="bbox 215 481 1003 518">
    <p class='ocr_par' dir='ltr' id='par_1_10' title="bbox 215 481 1003 518">
     <span class='ocr_line' id='line_1_10' title="bbox 215 481 1003 518; baseline 0 -8"><span class='ocrx_word' id='word_1_52' title='bbox 215 482 289 517; x_wconf 74' lang='lat' dir='ltr'><strong>ligna</strong></span> <span class='ocrx_word' id='word_1_53' title='bbox 307 481 483 517; x_wconf 72' lang='lat' dir='ltr'><strong>intelligenda</strong></span> <span class='ocrx_word' id='word_1_54' title='bbox 508 486 584 514; x_wconf 87' lang='lat' dir='ltr'><strong>sunt,</strong></span> <span class='ocrx_word' id='word_1_55' title='bbox 598 487 733 517; x_wconf 75' lang='lat' dir='ltr'><strong>quotquot</strong></span> <span class='ocrx_word' id='word_1_56' title='bbox 746 491 778 510; x_wconf 78' lang='lat' dir='ltr'><strong>ex</strong></span> <span class='ocrx_word' id='word_1_57' title='bbox 796 483 924 518; x_wconf 77' lang='lat' dir='ltr'><strong>gentibus</strong></span> <span class='ocrx_word' id='word_1_58' title='bbox 942 482 1003 510; x_wconf 88' lang='lat' dir='ltr'><strong>Sal-</strong></span> 
     </span>
    </p>
   </div>
   <div class='ocr_carea' id='block_1_11' title="bbox 216 526 1004 562">
    <p class='ocr_par' dir='ltr' id='par_1_11' title="bbox 216 526 1004 562">
     <span class='ocr_line' id='line_1_11' title="bbox 216 526 1004 562; baseline 0 -7"><span class='ocrx_word' id='word_1_59' title='bbox 216 527 305 555; x_wconf 84' lang='lat' dir='ltr'><strong>vatori</strong></span> <span class='ocrx_word' id='word_1_60' title='bbox 325 526 436 554; x_wconf 81' lang='lat' dir='ltr'><strong>Christo</strong></span> <span class='ocrx_word' id='word_1_61' title='bbox 453 527 652 554; x_wconf 85' lang='lat' dir='ltr'><strong>crediderunt:</strong></span> <span class='ocrx_word' id='word_1_62' title='bbox 669 528 715 562; x_wconf 92' lang='lat' dir='ltr'><strong>qui</strong></span> <span class='ocrx_word' id='word_1_63' title='bbox 730 528 841 562; x_wconf 89' lang='lat' dir='ltr'><strong>quidem</strong></span> <span class='ocrx_word' id='word_1_64' title='bbox 868 528 942 555; x_wconf 84' lang='lat' dir='ltr'><strong>haud</strong></span> <span class='ocrx_word' id='word_1_65' title='bbox 967 528 1004 556; x_wconf 85' lang='lat' dir='ltr'><strong>ita</strong></span> 
     </span>
    </p>
   </div>
   <div class='ocr_carea' id='block_1_12' title="bbox 216 571 1004 608">
    <p class='ocr_par' dir='ltr' id='par_1_12' title="bbox 216 571 1004 608">
     <span class='ocr_line' id='line_1_12' title="bbox 216 571 1004 608; baseline 0.003 -9"><span class='ocrx_word' id='word_1_66' title='bbox 216 572 333 608; x_wconf 81' lang='lat' dir='ltr'><strong>pridem,</strong></span> <span class='ocrx_word' id='word_1_67' title='bbox 363 571 440 599; x_wconf 80' lang='lat' dir='ltr'><strong>velut</strong></span> <span class='ocrx_word' id='word_1_68' title='bbox 462 576 585 608; x_wconf 76' lang='lat' dir='ltr'><strong>agrestes</strong></span> <span class='ocrx_word' id='word_1_69' title='bbox 614 572 810 608; x_wconf 85' lang='lat' dir='ltr'><strong>silvestresque</strong></span> <span class='ocrx_word' id='word_1_70' title='bbox 835 573 949 601; x_wconf 84' lang='lat' dir='ltr'><strong>arbores</strong></span> <span class='ocrx_word' id='word_1_71' title='bbox 970 574 1004 602; x_wconf 80' lang='lat' dir='ltr'><strong>ab</strong></span> 
     </span>
    </p>
   </div>
   <div class='ocr_carea' id='block_1_13' title="bbox 217 617 1004 653">
    <p class='ocr_par' dir='ltr' id='par_1_13' title="bbox 217 617 1004 653">
     <span class='ocr_line' id='line_1_13' title="bbox 217 617 1004 653; baseline 0.003 -9"><span class='ocrx_word' id='word_1_72' title='bbox 217 617 379 645; x_wconf 78' lang='lat' dir='ltr'><strong>inﬁdelitate</strong></span> <span class='ocrx_word' id='word_1_73' title='bbox 393 622 482 647; x_wconf 87' lang='lat' dir='ltr'><strong>erant.</strong></span> <span class='ocrx_word' id='word_1_74' title='bbox 500 617 589 645; x_wconf 89' lang='lat' dir='ltr'><strong>donec</strong></span> <span class='ocrx_word' id='word_1_75' title='bbox 605 617 727 651; x_wconf 82' lang='lat' dir='ltr'><strong>tandem,</strong></span> <span class='ocrx_word' id='word_1_76' title='bbox 747 619 820 653; x_wconf 89' lang='lat' dir='ltr'><strong>quod</strong></span> <span class='ocrx_word' id='word_1_77' title='bbox 835 619 873 646; x_wconf 89' lang='lat' dir='ltr'><strong>ait</strong></span> <span class='ocrx_word' id='word_1_78' title='bbox 883 618 1004 646; x_wconf 88' lang='lat' dir='ltr'><strong>admira-</strong></span> 
     </span>
    </p>
   </div>
   <div class='ocr_carea' id='block_1_14' title="bbox 217 662 1003 696">
    <p class='ocr_par' dir='ltr' id='par_1_14' title="bbox 217 662 1003 696">
     <span class='ocr_line' id='line_1_14' title="bbox 217 662 1003 696; baseline 0.001 -6"><span class='ocrx_word' id='word_1_79' title='bbox 217 662 281 690; x_wconf 83' lang='lat' dir='ltr'><strong>bilis</strong></span> <span class='ocrx_word' id='word_1_80' title='bbox 291 662 401 696; x_wconf 86' lang='lat' dir='ltr'><strong>Paulus,</strong></span> <span class='ocrx_word' id='word_1_81' title='bbox 410 670 443 689; x_wconf 76' lang='lat' dir='ltr'><strong>ea:</strong></span> <span class='ocrx_word' id='word_1_82' title='bbox 451 662 565 690; x_wconf 67' lang='lat' dir='ltr'><strong>oleastro</strong></span> <span class='ocrx_word' id='word_1_83' title='bbox 572 664 664 690; x_wconf 75' lang='lat' dir='ltr'><strong>inserti</strong></span> <span class='ocrx_word' id='word_1_84' title='bbox 671 668 730 690; x_wconf 69' lang='lat' dir='ltr'><strong>sunt</strong></span> <span class='ocrx_word' id='word_1_85' title='bbox 737 664 764 690; x_wconf 78' lang='lat' dir='ltr'><strong>in</strong></span> <span class='ocrx_word' id='word_1_86' title='bbox 776 664 869 690; x_wconf 82' lang='lat' dir='ltr'><strong>bonum</strong></span> <span class='ocrx_word' id='word_1_87' title='bbox 878 664 974 691; x_wconf 82' lang='lat' dir='ltr'><strong>olivam</strong></span> <span class='ocrx_word' id='word_1_88' title='bbox 981 665 1003 691; x_wconf 77' lang='lat'><strong>&#39;.</strong></span> 
     </span>
    </p>
   </div>
   <div class='ocr_carea' id='block_1_15' title="bbox 217 708 1004 745">
    <p class='ocr_par' dir='ltr' id='par_1_15' title="bbox 217 708 1004 745">
     <span class='ocr_line' id='line_1_15' title="bbox 217 708 1004 745; baseline 0.001 -9"><span class='ocrx_word' id='word_1_89' title='bbox 217 708 304 744; x_wconf 86' lang='lat' dir='ltr'><strong>Cujus</strong></span> <span class='ocrx_word' id='word_1_90' title='bbox 316 716 382 737; x_wconf 83' lang='lat' dir='ltr'><strong>vero</strong></span> <span class='ocrx_word' id='word_1_91' title='bbox 393 709 479 744; x_wconf 75' lang='lat' dir='ltr'><strong>gratia</strong></span> <span class='ocrx_word' id='word_1_92' title='bbox 489 709 523 736; x_wconf 90' lang='lat' dir='ltr'><strong>ad</strong></span> <span class='ocrx_word' id='word_1_93' title='bbox 533 709 658 736; x_wconf 76' lang='lat' dir='ltr'><strong>laetitiam</strong></span> <span class='ocrx_word' id='word_1_94' title='bbox 672 717 704 736; x_wconf 87' lang='lat' dir='ltr'><strong>ac</strong></span> <span class='ocrx_word' id='word_1_95' title='bbox 715 709 924 737; x_wconf 77' lang='lat' dir='ltr'><strong>exsultationem</strong></span> <span class='ocrx_word' id='word_1_96' title='bbox 939 717 1004 745; x_wconf 89' lang='lat' dir='ltr'><strong>pro-</strong></span> 
     </span>
    </p>
   </div>
   <div class='ocr_carea' id='block_1_16' title="bbox 217 753 1003 789">
    <p class='ocr_par' dir='ltr' id='par_1_16' title="bbox 217 753 1003 789">
     <span class='ocr_line' id='line_1_16' title="bbox 217 753 1003 789; baseline 0.003 -9"><span class='ocrx_word' id='word_1_97' title='bbox 217 758 308 786; x_wconf 84' lang='lat' dir='ltr'><strong>vocat,</strong></span> <span class='ocrx_word' id='word_1_98' title='bbox 333 754 417 781; x_wconf 69' lang='lat' dir='ltr'><strong>caelos</strong></span> <span class='ocrx_word' id='word_1_99' title='bbox 434 753 536 789; x_wconf 90' lang='lat' dir='ltr'><strong>pariter</strong></span> <span class='ocrx_word' id='word_1_100' title='bbox 551 761 582 781; x_wconf 86' lang='lat' dir='ltr'><strong>ac</strong></span> <span class='ocrx_word' id='word_1_101' title='bbox 603 758 706 781; x_wconf 85' lang='lat' dir='ltr'><strong>terram</strong></span> <span class='ocrx_word' id='word_1_102' title='bbox 721 763 727 781; x_wconf 92' lang='lat'>:</span> <span class='ocrx_word' id='word_1_103' title='bbox 743 761 908 789; x_wconf 89' lang='lat' dir='ltr'><strong>camposque</strong></span> <span class='ocrx_word' id='word_1_104' title='bbox 927 755 1003 788; x_wconf 87' lang='lat' dir='ltr'><strong>item,</strong></span> 
     </span>
    </p>
   </div>
   <div class='ocr_carea' id='block_1_17' title="bbox 214 799 1005 836">
    <p class='ocr_par' dir='ltr' id='par_1_17' title="bbox 214 799 1005 836">
     <span class='ocr_line' id='line_1_17' title="bbox 214 799 1005 836; baseline 0.001 -9"><span class='ocrx_word' id='word_1_105' title='bbox 214 803 246 827; x_wconf 83' lang='lat' dir='ltr'><strong>et</strong></span> <span class='ocrx_word' id='word_1_106' title='bbox 259 807 321 835; x_wconf 69' lang='lat' dir='ltr'><strong>quae</strong></span> <span class='ocrx_word' id='word_1_107' title='bbox 335 799 362 826; x_wconf 90' lang='lat' dir='ltr'><strong>in</strong></span> <span class='ocrx_word' id='word_1_108' title='bbox 377 799 418 828; x_wconf 83' lang='lat' dir='ltr'><strong>eis</strong></span> <span class='ocrx_word' id='word_1_109' title='bbox 436 804 510 833; x_wconf 90' lang='lat' dir='ltr'><strong>sunt,</strong></span> <span class='ocrx_word' id='word_1_110' title='bbox 528 807 561 827; x_wconf 87' lang='lat' dir='ltr'><strong>ac</strong></span> <span class='ocrx_word' id='word_1_111' title='bbox 581 800 674 827; x_wconf 84' lang='lat' dir='ltr'><strong>omnia</strong></span> <span class='ocrx_word' id='word_1_112' title='bbox 695 800 767 836; x_wconf 77' lang='lat' dir='ltr'><strong>ligna</strong></span> <span class='ocrx_word' id='word_1_113' title='bbox 782 800 856 829; x_wconf 65' lang='lat' dir='ltr'><strong>silva;</strong></span> <span class='ocrx_word' id='word_1_114' title='bbox 871 801 882 827; x_wconf 70' lang='grc'><em>2</em></span> <span class='ocrx_word' id='word_1_115' title='bbox 903 800 1005 829; x_wconf 84' lang='lat' dir='ltr'><strong>Christi</strong></span> 
     </span>
    </p>
   </div>
   <div class='ocr_carea' id='block_1_18' title="bbox 215 845 1003 882">
    <p class='ocr_par' dir='ltr' id='par_1_18' title="bbox 215 845 1003 882">
     <span class='ocr_line' id='line_1_18' title="bbox 215 845 1003 882; baseline 0.003 -10"><span class='ocrx_word' id='word_1_116' title='bbox 215 845 313 880; x_wconf 86' lang='lat' dir='ltr'><strong>utique</strong></span> <span class='ocrx_word' id='word_1_117' title='bbox 328 855 335 873; x_wconf 86' lang='lat'><strong>:</strong></span> <span class='ocrx_word' id='word_1_118' title='bbox 354 845 376 872; x_wconf 83' lang='lat' dir='ltr'><strong><em>A</em></strong></span> <span class='ocrx_word' id='word_1_119' title='bbox 391 846 460 881; x_wconf 81' lang='lat' dir='ltr'><strong>facie</strong></span> <span class='ocrx_word' id='word_1_120' title='bbox 480 846 565 879; x_wconf 85' lang='lat' dir='ltr'><strong>enim,</strong></span> <span class='ocrx_word' id='word_1_121' title='bbox 589 846 687 881; x_wconf 84' lang='lat' dir='ltr'><strong>inquit,</strong></span> <span class='ocrx_word' id='word_1_122' title='bbox 705 846 822 880; x_wconf 78' lang='lat' dir='ltr'><strong>Domini,</strong></span> <span class='ocrx_word' id='word_1_123' title='bbox 848 847 910 882; x_wconf 82' lang='lat' dir='ltr'><strong>quia</strong></span> <span class='ocrx_word' id='word_1_124' title='bbox 926 848 1003 874; x_wconf 82' lang='lat' dir='ltr'><strong>venit.</strong></span> 
     </span>
    </p>
   </div>
   <div class='ocr_carea' id='block_1_19' title="bbox 217 891 1006 927">
    <p class='ocr_par' dir='ltr' id='par_1_19' title="bbox 217 891 1006 927">
     <span class='ocr_line' id='line_1_19' title="bbox 217 891 1006 927; baseline 0.001 -9"><span class='ocrx_word' id='word_1_125' title='bbox 217 891 283 919; x_wconf 78' lang='lat' dir='ltr'><strong>Jure</strong></span> <span class='ocrx_word' id='word_1_126' title='bbox 307 892 387 927; x_wconf 85' lang='lat' dir='ltr'><strong>plane</strong></span> <span class='ocrx_word' id='word_1_127' title='bbox 405 892 503 919; x_wconf 90' lang='lat' dir='ltr'><strong>merito</strong></span> <span class='ocrx_word' id='word_1_128' title='bbox 521 892 664 926; x_wconf 86' lang='lat' dir='ltr'><strong>propheta,</strong></span> <span class='ocrx_word' id='word_1_129' title='bbox 687 892 825 920; x_wconf 84' lang='lat' dir='ltr'><strong>caelestem</strong></span> <span class='ocrx_word' id='word_1_130' title='bbox 847 900 957 920; x_wconf 88' lang='lat' dir='ltr'><strong>onmem</strong></span> <span class='ocrx_word' id='word_1_131' title='bbox 974 899 1006 920; x_wconf 90' lang='lat' dir='ltr'><strong>ac</strong></span> 
     </span>
    </p>
   </div>
   <div class='ocr_carea' id='block_1_20' title="bbox 1053 293 1842 333">
    <p class='ocr_par' dir='ltr' id='par_1_20' title="bbox 1053 293 1842 333">
     <span class='ocr_line' id='line_1_20' title="bbox 1053 293 1842 333; baseline 0.003 -9"><span class='ocrx_word' id='word_1_132' title='bbox 1053 297 1070 333; x_wconf 77' lang='grc' dir='ltr'>ἦ</span> <span class='ocrx_word' id='word_1_133' title='bbox 1083 298 1207 329; x_wconf 79' lang='grc' dir='ltr'>καὶτοὺς</span> <span class='ocrx_word' id='word_1_134' title='bbox 1222 297 1251 331; x_wconf 72' lang='grc' dir='ltr'><strong>ἐξ</strong></span> <span class='ocrx_word' id='word_1_135' title='bbox 1270 297 1390 333; x_wconf 81' lang='grc' dir='ltr'>Ἰσραὴλ,</span> <span class='ocrx_word' id='word_1_136' title='bbox 1403 297 1450 324; x_wconf 75' lang='grc' dir='ltr'>διὰ</span> <span class='ocrx_word' id='word_1_137' title='bbox 1468 297 1498 323; x_wconf 77' lang='grc' dir='ltr'><strong>τὸ</strong></span> <span class='ocrx_word' id='word_1_138' title='bbox 1517 293 1573 323; x_wconf 76' lang='grc' dir='ltr'>οἷόν</span> <span class='ocrx_word' id='word_1_139' title='bbox 1590 305 1648 328; x_wconf 91' lang='grc' dir='ltr'><strong>πως</strong></span> <span class='ocrx_word' id='word_1_140' title='bbox 1664 297 1842 326; x_wconf 77' lang='grc' dir='ltr'>καταλεαίνιι-</span> 
     </span>
    </p>
   </div>
   <div class='ocr_carea' id='block_1_21' title="bbox 1054 343 1843 380">
    <p class='ocr_par' dir='ltr' id='par_1_21' title="bbox 1054 343 1843 380">
     <span class='ocr_line' id='line_1_21' title="bbox 1054 343 1843 380; baseline 0.001 -10"><span class='ocrx_word' id='word_1_141' title='bbox 1054 343 1115 370; x_wconf 89' lang='grc' dir='ltr'>σθαι</span> <span class='ocrx_word' id='word_1_142' title='bbox 1132 343 1180 369; x_wconf 74' lang='grc' dir='ltr'><strong>καὶ</strong></span> <span class='ocrx_word' id='word_1_143' title='bbox 1194 343 1404 378; x_wconf 77' lang='grc' dir='ltr'>ὲξομαλίζεσθαι</span> <span class='ocrx_word' id='word_1_144' title='bbox 1423 343 1484 374; x_wconf 76' lang='grc' dir='ltr'>ταῖς</span> <span class='ocrx_word' id='word_1_145' title='bbox 1497 343 1626 377; x_wconf 75' lang='grc' dir='ltr'>νομικαῑς</span> <span class='ocrx_word' id='word_1_146' title='bbox 1643 343 1690 369; x_wconf 81' lang='grc' dir='ltr'><strong>καὶ</strong></span> <span class='ocrx_word' id='word_1_147' title='bbox 1705 348 1843 380; x_wconf 82' lang='grc' dir='ltr'>προφητι-</span> 
     </span>
    </p>
   </div>
   <div class='ocr_carea' id='block_1_22' title="bbox 1054 387 1845 424">
    <p class='ocr_par' dir='ltr' id='par_1_22' title="bbox 1054 387 1845 424">
     <span class='ocr_line' id='line_1_22' title="bbox 1054 387 1845 424; baseline 0.001 -9"><span class='ocrx_word' id='word_1_148' title='bbox 1054 388 1116 420; x_wconf 83' lang='grc' dir='ltr'>καῖς</span> <span class='ocrx_word' id='word_1_149' title='bbox 1139 387 1344 419; x_wconf 81' lang='grc' dir='ltr'>διδασκαλίαις·</span> <span class='ocrx_word' id='word_1_150' title='bbox 1363 388 1387 414; x_wconf 88' lang='grc' dir='ltr'><strong>εί</strong></span> <span class='ocrx_word' id='word_1_151' title='bbox 1404 388 1452 414; x_wconf 78' lang='grc' dir='ltr'>καὶ</span> <span class='ocrx_word' id='word_1_152' title='bbox 1473 387 1518 413; x_wconf 81' lang='grc' dir='ltr'>τὸν</span> <span class='ocrx_word' id='word_1_153' title='bbox 1543 387 1723 421; x_wconf 81' lang='grc' dir='ltr'>εὐαγγελικὺν</span> <span class='ocrx_word' id='word_1_154' title='bbox 1743 389 1845 424; x_wconf 78' lang='grc' dir='ltr'>σπόρον</span> 
     </span>
    </p>
   </div>
   <div class='ocr_carea' id='block_1_23' title="bbox 1053 430 1843 466">
    <p class='ocr_par' dir='ltr' id='par_1_23' title="bbox 1053 430 1843 466">
     <span class='ocr_line' id='line_1_23' title="bbox 1053 430 1843 466; baseline 0 -6"><span class='ocrx_word' id='word_1_155' title='bbox 1053 433 1084 466; x_wconf 81' lang='grc' dir='ltr'>ὲξ</span> <span class='ocrx_word' id='word_1_156' title='bbox 1097 433 1199 466; x_wconf 75' lang='grc' dir='ltr'><strong>οἰκείας</strong></span> <span class='ocrx_word' id='word_1_157' title='bbox 1210 433 1339 465; x_wconf 81' lang='grc' dir='ltr'><strong>ἀπονοίας</strong></span> <span class='ocrx_word' id='word_1_158' title='bbox 1351 433 1401 460; x_wconf 86' lang='grc' dir='ltr'>οὐκ</span> <span class='ocrx_word' id='word_1_159' title='bbox 1416 432 1550 466; x_wconf 77' lang='grc' dir='ltr'>ἐδέξαντο.</span> <span class='ocrx_word' id='word_1_160' title='bbox 1561 430 1628 459; x_wconf 82' lang='grc' dir='ltr'>Εἶτα</span> <span class='ocrx_word' id='word_1_161' title='bbox 1642 433 1740 466; x_wconf 67' lang='grc' dir='ltr'>ἐπάγει</span> <span class='ocrx_word' id='word_1_162' title='bbox 1750 441 1757 447; x_wconf 88' lang='grc'>·</span> <span class='ocrx_word' id='word_1_163' title='bbox 1774 435 1843 461; x_wconf 70' lang='grc' dir='ltr'>Τότε</span> 
     </span>
    </p>
   </div>
   <div class='ocr_carea' id='block_1_24' title="bbox 1053 477 1841 514">
    <p class='ocr_par' dir='ltr' id='par_1_24' title="bbox 1053 477 1841 514">
     <span class='ocr_line' id='line_1_24' title="bbox 1053 477 1841 514; baseline -0.001 -7"><span class='ocrx_word' id='word_1_164' title='bbox 1053 479 1290 514; x_wconf 72' lang='grc' dir='ltr'>ἀταλλιάσονται</span> <span class='ocrx_word' id='word_1_165' title='bbox 1302 478 1399 506; x_wconf 81' lang='grc' dir='ltr'>πάντα</span> <span class='ocrx_word' id='word_1_166' title='bbox 1410 478 1446 506; x_wconf 83' lang='grc' dir='ltr'>τὰ</span> <span class='ocrx_word' id='word_1_167' title='bbox 1457 478 1536 510; x_wconf 81' lang='grc' dir='ltr'>ξύλα</span> <span class='ocrx_word' id='word_1_168' title='bbox 1549 478 1603 504; x_wconf 86' lang='grc' dir='ltr'><strong>τοῦ</strong></span> <span class='ocrx_word' id='word_1_169' title='bbox 1617 477 1732 513; x_wconf 76' lang='grc' dir='ltr'>δρυμοῦ</span> <span class='ocrx_word' id='word_1_170' title='bbox 1741 487 1748 495; x_wconf 76' lang='grc' dir='ltr'><strong>ι</strong></span> <span class='ocrx_word' id='word_1_171' title='bbox 1762 478 1841 506; x_wconf 62' lang='lat' dir='ltr'><strong>iuva</strong></span> 
     </span>
    </p>
   </div>
   <div class='ocr_carea' id='block_1_25' title="bbox 1055 523 1842 560">
    <p class='ocr_par' dir='ltr' id='par_1_25' title="bbox 1055 523 1842 560">
     <span class='ocr_line' id='line_1_25' title="bbox 1055 523 1842 560; baseline 0 -9"><span class='ocrx_word' id='word_1_172' title='bbox 1055 524 1122 557; x_wconf 79' lang='grc' dir='ltr'>ξύλα</span> <span class='ocrx_word' id='word_1_173' title='bbox 1148 524 1269 551; x_wconf 83' lang='grc' dir='ltr'><strong>νοεῖσθαι</strong></span> <span class='ocrx_word' id='word_1_174' title='bbox 1289 525 1435 560; x_wconf 85' lang='grc' dir='ltr'>προσήκει,</span> <span class='ocrx_word' id='word_1_175' title='bbox 1450 523 1574 555; x_wconf 76' lang='grc' dir='ltr'>ἅπαντας</span> <span class='ocrx_word' id='word_1_176' title='bbox 1588 524 1652 556; x_wconf 83' lang='grc' dir='ltr'>τοὺς</span> <span class='ocrx_word' id='word_1_177' title='bbox 1664 524 1695 556; x_wconf 77' lang='grc' dir='ltr'><strong>ἐξ</strong></span> <span class='ocrx_word' id='word_1_178' title='bbox 1704 524 1789 552; x_wconf 79' lang='grc' dir='ltr'>ὲθνῶν</span> <span class='ocrx_word' id='word_1_179' title='bbox 1802 525 1842 560; x_wconf 82' lang='grc' dir='ltr'><strong>τῷ</strong></span> 
     </span>
    </p>
   </div>
   <div class='ocr_carea' id='block_1_26' title="bbox 1054 569 1844 606">
    <p class='ocr_par' dir='ltr' id='par_1_26' title="bbox 1054 569 1844 606">
     <span class='ocr_line' id='line_1_26' title="bbox 1054 569 1844 606; baseline 0 -9"><span class='ocrx_word' id='word_1_180' title='bbox 1054 569 1164 606; x_wconf 82' lang='grc' dir='ltr'><strong>Σωτῆρι</strong></span> <span class='ocrx_word' id='word_1_181' title='bbox 1177 570 1289 606; x_wconf 81' lang='grc' dir='ltr'>Χριστῷ</span> <span class='ocrx_word' id='word_1_182' title='bbox 1300 569 1535 600; x_wconf 72' lang='grc' dir='ltr'>πεπιστευκόταςο</span> <span class='ocrx_word' id='word_1_183' title='bbox 1547 569 1574 596; x_wconf 74' lang='grc' dir='ltr'>οἱ</span> <span class='ocrx_word' id='word_1_184' title='bbox 1583 578 1657 601; x_wconf 76' lang='grc' dir='ltr'>τινες</span> <span class='ocrx_word' id='word_1_185' title='bbox 1668 569 1766 605; x_wconf 83' lang='grc' dir='ltr'><strong>πρώην</strong></span> <span class='ocrx_word' id='word_1_186' title='bbox 1777 569 1844 602; x_wconf 78' lang='grc' dir='ltr'>ξύλα</span> 
     </span>
    </p>
   </div>
   <div class='ocr_carea' id='block_1_27' title="bbox 1054 613 1843 653">
    <p class='ocr_par' dir='ltr' id='par_1_27' title="bbox 1054 613 1843 653">
     <span class='ocr_line' id='line_1_27' title="bbox 1054 613 1843 653; baseline 0.009 -9"><span class='ocrx_word' id='word_1_187' title='bbox 1054 617 1150 652; x_wconf 83' lang='grc' dir='ltr'>ὥσπερ</span> <span class='ocrx_word' id='word_1_188' title='bbox 1173 617 1258 653; x_wconf 74' lang='grc' dir='ltr'>ἄγρια</span> <span class='ocrx_word' id='word_1_189' title='bbox 1281 616 1331 644; x_wconf 71' lang='grc' dir='ltr'><strong>καὶ</strong></span> <span class='ocrx_word' id='word_1_190' title='bbox 1354 615 1484 652; x_wconf 84' lang='grc' dir='ltr'><strong>δρυμώδη</strong></span> <span class='ocrx_word' id='word_1_191' title='bbox 1506 616 1540 652; x_wconf 73' lang='grc' dir='ltr'>τῇ</span> <span class='ocrx_word' id='word_1_192' title='bbox 1563 613 1679 651; x_wconf 62' lang='grc' dir='ltr'><strong>ἀπιστίᾳ</strong></span> <span class='ocrx_word' id='word_1_193' title='bbox 1700 616 1843 652; x_wconf 73' lang='grc' dir='ltr'><strong>ὑπῆρχθν·</strong></span> 
     </span>
    </p>
   </div>
   <div class='ocr_carea' id='block_1_28' title="bbox 1056 659 1846 698">
    <p class='ocr_par' dir='ltr' id='par_1_28' title="bbox 1056 659 1846 698">
     <span class='ocr_line' id='line_1_28' title="bbox 1056 659 1846 698; baseline 0 -9"><span class='ocrx_word' id='word_1_194' title='bbox 1056 662 1155 698; x_wconf 81' lang='grc' dir='ltr'><strong>μέχρις</strong></span> <span class='ocrx_word' id='word_1_195' title='bbox 1169 661 1214 689; x_wconf 79' lang='grc' dir='ltr'>ὅτε</span> <span class='ocrx_word' id='word_1_196' title='bbox 1238 662 1311 689; x_wconf 80' lang='grc' dir='ltr'>κατὰ</span> <span class='ocrx_word' id='word_1_197' title='bbox 1328 662 1375 688; x_wconf 79' lang='grc' dir='ltr'>τὸν</span> <span class='ocrx_word' id='word_1_198' title='bbox 1399 661 1543 688; x_wconf 81' lang='grc' dir='ltr'>θεσπέσιον</span> <span class='ocrx_word' id='word_1_199' title='bbox 1567 659 1691 687; x_wconf 80' lang='grc' dir='ltr'>Παῦλον·</span> <span class='ocrx_word' id='word_1_200' title='bbox 1709 660 1846 689; x_wconf 76' lang='grc' dir='ltr'>Ἕνεκεν-</span> 
     </span>
    </p>
   </div>
   <div class='ocr_carea' id='block_1_29' title="bbox 1055 705 1844 741">
    <p class='ocr_par' dir='ltr' id='par_1_29' title="bbox 1055 705 1844 741">
     <span class='ocr_line' id='line_1_29' title="bbox 1055 705 1844 741; baseline 0 -7"><span class='ocrx_word' id='word_1_201' title='bbox 1055 709 1226 741; x_wconf 76' lang='grc' dir='ltr'>τρίσθησαν</span> <span class='ocrx_word' id='word_1_202' title='bbox 1243 707 1277 733; x_wconf 80' lang='grc' dir='ltr'><strong>ἐκ</strong></span> <span class='ocrx_word' id='word_1_203' title='bbox 1300 705 1358 741; x_wconf 78' lang='grc' dir='ltr'>τῆς</span> <span class='ocrx_word' id='word_1_204' title='bbox 1378 706 1561 740; x_wconf 63' lang='grc' dir='ltr'>ἀγῃιελαίου,</span> <span class='ocrx_word' id='word_1_205' title='bbox 1579 707 1624 736; x_wconf 81' lang='grc' dir='ltr'>εὶς</span> <span class='ocrx_word' id='word_1_206' title='bbox 1646 705 1699 732; x_wconf 81' lang='grc' dir='ltr'>τὸν</span> <span class='ocrx_word' id='word_1_207' title='bbox 1723 707 1844 734; x_wconf 61' lang='grc' dir='ltr'><strong>καλλιέ-</strong></span> 
     </span>
    </p>
   </div>
   <div class='ocr_carea' id='block_1_30' title="bbox 1054 751 1844 787">
    <p class='ocr_par' dir='ltr' id='par_1_30' title="bbox 1054 751 1844 787">
     <span class='ocr_line' id='line_1_30' title="bbox 1054 751 1844 787; baseline -0.001 -6"><span class='ocrx_word' id='word_1_208' title='bbox 1054 755 1152 781; x_wconf 71' lang='grc' dir='ltr'>λαιον.</span> <span class='ocrx_word' id='word_1_209' title='bbox 1168 753 1247 783; x_wconf 84' lang='grc' dir='ltr'>Τίνος</span> <span class='ocrx_word' id='word_1_210' title='bbox 1260 752 1290 778; x_wconf 73' lang='grc' dir='ltr'><strong>δὲ</strong></span> <span class='ocrx_word' id='word_1_211' title='bbox 1304 752 1398 778; x_wconf 59' lang='grc' dir='ltr'>ἕνεκεν</span> <span class='ocrx_word' id='word_1_212' title='bbox 1408 752 1448 783; x_wconf 86' lang='grc' dir='ltr'><strong>είς</strong></span> <span class='ocrx_word' id='word_1_213' title='bbox 1462 751 1634 787; x_wconf 85' lang='grc' dir='ltr'>εὐφροσύνην</span> <span class='ocrx_word' id='word_1_214' title='bbox 1648 752 1844 787; x_wconf 80' lang='grc' dir='ltr'>προσκαλεῖται</span> 
     </span>
    </p>
   </div>
   <div class='ocr_carea' id='block_1_31' title="bbox 1056 798 1846 834">
    <p class='ocr_par' dir='ltr' id='par_1_31' title="bbox 1056 798 1846 834">
     <span class='ocr_line' id='line_1_31' title="bbox 1056 798 1846 834; baseline -0.001 -7"><span class='ocrx_word' id='word_1_215' title='bbox 1056 800 1103 827; x_wconf 78' lang='grc' dir='ltr'><strong>καὶ</strong></span> <span class='ocrx_word' id='word_1_216' title='bbox 1117 799 1289 834; x_wconf 83' lang='grc' dir='ltr'>άγαλλίασιν,</span> <span class='ocrx_word' id='word_1_217' title='bbox 1307 798 1441 834; x_wconf 83' lang='grc' dir='ltr'>οὐρανούς</span> <span class='ocrx_word' id='word_1_218' title='bbox 1456 807 1488 825; x_wconf 80' lang='grc' dir='ltr'><strong>τε</strong></span> <span class='ocrx_word' id='word_1_219' title='bbox 1504 798 1553 825; x_wconf 74' lang='grc' dir='ltr'>καὶ</span> <span class='ocrx_word' id='word_1_220' title='bbox 1567 798 1621 834; x_wconf 81' lang='grc' dir='ltr'>γῆν</span> <span class='ocrx_word' id='word_1_221' title='bbox 1632 807 1639 814; x_wconf 94' lang='grc'><strong>·</strong></span> <span class='ocrx_word' id='word_1_222' title='bbox 1657 799 1738 826; x_wconf 85' lang='grc' dir='ltr'>πεδία</span> <span class='ocrx_word' id='word_1_223' title='bbox 1753 808 1783 826; x_wconf 88' lang='grc' dir='ltr'><strong>τε</strong></span> <span class='ocrx_word' id='word_1_224' title='bbox 1798 800 1846 826; x_wconf 81' lang='grc' dir='ltr'><strong>καὶ</strong></span> 
     </span>
    </p>
   </div>
   <div class='ocr_carea' id='block_1_32' title="bbox 1055 844 1845 881">
    <p class='ocr_par' dir='ltr' id='par_1_32' title="bbox 1055 844 1845 881">
     <span class='ocr_line' id='line_1_32' title="bbox 1055 844 1845 881; baseline 0 -8"><span class='ocrx_word' id='word_1_225' title='bbox 1055 845 1091 873; x_wconf 80' lang='grc' dir='ltr'>τὰ</span> <span class='ocrx_word' id='word_1_226' title='bbox 1105 846 1134 872; x_wconf 80' lang='grc' dir='ltr'>ὲν</span> <span class='ocrx_word' id='word_1_227' title='bbox 1148 845 1251 878; x_wconf 80' lang='grc' dir='ltr'>αὐτοῖς,</span> <span class='ocrx_word' id='word_1_228' title='bbox 1267 846 1315 872; x_wconf 76' lang='grc' dir='ltr'><strong>καὶ</strong></span> <span class='ocrx_word' id='word_1_229' title='bbox 1331 846 1421 873; x_wconf 74' lang='grc' dir='ltr'>πάντα</span> <span class='ocrx_word' id='word_1_230' title='bbox 1443 846 1478 872; x_wconf 81' lang='grc' dir='ltr'><strong>τὰ</strong></span> <span class='ocrx_word' id='word_1_231' title='bbox 1501 844 1567 877; x_wconf 82' lang='grc' dir='ltr'>ξύλα</span> <span class='ocrx_word' id='word_1_232' title='bbox 1589 845 1636 872; x_wconf 81' lang='grc' dir='ltr'><strong>τοῦ</strong></span> <span class='ocrx_word' id='word_1_233' title='bbox 1653 846 1775 881; x_wconf 75' lang='grc' dir='ltr'>δρυμοῦς</span> <span class='ocrx_word' id='word_1_234' title='bbox 1792 846 1845 873; x_wconf 91' lang='grc' dir='ltr'><strong>Τοῦ</strong></span> 
     </span>
    </p>
   </div>
   <div class='ocr_carea' id='block_1_33' title="bbox 1056 894 1846 929">
    <p class='ocr_par' dir='ltr' id='par_1_33' title="bbox 1056 894 1846 929">
     <span class='ocr_line' id='line_1_33' title="bbox 1056 894 1846 929; baseline -0.001 -8"><span class='ocrx_word' id='word_1_235' title='bbox 1056 894 1176 929; x_wconf 83' lang='grc' dir='ltr'><strong>Χριστοῦ</strong></span> <span class='ocrx_word' id='word_1_236' title='bbox 1192 894 1330 929; x_wconf 79' lang='grc' dir='ltr'>δηλονότι’</span> <span class='ocrx_word' id='word_1_237' title='bbox 1347 895 1415 922; x_wconf 83' lang='grc' dir='ltr'><strong>Ἀπὸ</strong></span> <span class='ocrx_word' id='word_1_238' title='bbox 1432 894 1595 929; x_wconf 82' lang='grc' dir='ltr'>προσώπου</span> <span class='ocrx_word' id='word_1_239' title='bbox 1610 895 1675 929; x_wconf 79' lang='grc' dir='ltr'>γὰρ,</span> <span class='ocrx_word' id='word_1_240' title='bbox 1692 894 1770 928; x_wconf 73' lang='grc' dir='ltr'>φησὶ,</span> <span class='ocrx_word' id='word_1_241' title='bbox 1786 895 1846 920; x_wconf 81' lang='grc' dir='ltr'><strong>Κυ-</strong></span> 
     </span>
    </p>
   </div>
   <div class='ocr_carea' id='block_1_34' title="bbox 218 927 1010 975">
    <p class='ocr_par' dir='ltr' id='par_1_34' title="bbox 218 936 1003 972">
     <span class='ocr_line' id='line_1_34' title="bbox 218 936 1003 972; baseline 0.001 -9"><span class='ocrx_word' id='word_1_242' title='bbox 218 940 376 964; x_wconf 82' lang='lat' dir='ltr'><strong>terrcstrem</strong></span> <span class='ocrx_word' id='word_1_243' title='bbox 386 941 509 963; x_wconf 87' lang='lat' dir='ltr'><strong>naturam</strong></span> <span class='ocrx_word' id='word_1_244' title='bbox 522 937 554 964; x_wconf 91' lang='lat' dir='ltr'><strong>ad</strong></span> <span class='ocrx_word' id='word_1_245' title='bbox 572 937 722 972; x_wconf 82' lang='lat' dir='ltr'><strong>spiritalem</strong></span> <span class='ocrx_word' id='word_1_246' title='bbox 736 936 858 964; x_wconf 69' lang='lat' dir='ltr'><strong>laetitiam</strong></span> <span class='ocrx_word' id='word_1_247' title='bbox 870 938 1003 970; x_wconf 85' lang='lat' dir='ltr'><strong>hortatur,</strong></span> 
     </span>
    </p>
   </div>
   <div class='ocr_carea' id='block_1_35' title="bbox 1059 927 1846 975">
    <p class='ocr_par' dir='ltr' id='par_1_35' title="bbox 1059 927 1846 975">
     <span class='ocr_line' id='line_1_35' title="bbox 1059 927 1846 975; baseline -0.003 -9"><span class='ocrx_word' id='word_1_248' title='bbox 1059 927 1135 973; x_wconf 81' lang='grc' dir='ltr'>ρίου,</span> <span class='ocrx_word' id='word_1_249' title='bbox 1153 940 1198 966; x_wconf 82' lang='grc' dir='ltr'>ὅτι</span> <span class='ocrx_word' id='word_1_250' title='bbox 1213 927 1458 974; x_wconf 53' lang='grc' dir='ltr'>ἔρχεταιποντωςξ</span> <span class='ocrx_word' id='word_1_251' title='bbox 1468 939 1581 971; x_wconf 87' lang='grc' dir='ltr'>δικαίως</span> <span class='ocrx_word' id='word_1_252' title='bbox 1593 941 1607 966; x_wconf 86' lang='grc' dir='ltr'><strong>ὁ</strong></span> <span class='ocrx_word' id='word_1_253' title='bbox 1617 927 1767 975; x_wconf 38' lang='grc' dir='ltr'>’προφήτης</span> <span class='ocrx_word' id='word_1_254' title='bbox 1779 947 1846 973; x_wconf 86' lang='grc' dir='ltr'>προ-</span> 
     </span>
    </p>
   </div>
   <div class='ocr_carea' id='block_1_36' title="bbox 216 983 1004 1012">
    <p class='ocr_par' dir='ltr' id='par_1_36' title="bbox 216 983 1004 1012">
     <span class='ocr_line' id='line_1_36' title="bbox 216 983 1004 1012; baseline 0 -2"><span class='ocrx_word' id='word_1_255' title='bbox 216 990 251 1010; x_wconf 86' lang='lat' dir='ltr'><strong>ac</strong></span> <span class='ocrx_word' id='word_1_256' title='bbox 276 983 497 1011; x_wconf 74' lang='lat' dir='ltr'><strong>exsultationem.</strong></span> <span class='ocrx_word' id='word_1_257' title='bbox 523 983 591 1012; x_wconf 91' lang='lat' dir='ltr'><strong>Cum</strong></span> <span class='ocrx_word' id='word_1_258' title='bbox 613 983 685 1011; x_wconf 90' lang='lat' dir='ltr'><strong>enim</strong></span> <span class='ocrx_word' id='word_1_259' title='bbox 710 986 819 1010; x_wconf 86' lang='lat' dir='ltr'><strong>terreno</strong></span> <span class='ocrx_word' id='word_1_260' title='bbox 842 990 875 1010; x_wconf 85' lang='lat' dir='ltr'><strong>ae</strong></span> <span class='ocrx_word' id='word_1_261' title='bbox 896 983 1004 1011; x_wconf 82' lang='lat' dir='ltr'><strong>mortali</strong></span> 
     </span>
    </p>
   </div>
   <div class='ocr_carea' id='block_1_37' title="bbox 217 1029 1004 1065">
    <p class='ocr_par' dir='ltr' id='par_1_37' title="bbox 217 1029 1004 1065">
     <span class='ocr_line' id='line_1_37' title="bbox 217 1029 1004 1065; baseline 0.001 -9"><span class='ocrx_word' id='word_1_262' title='bbox 217 1036 282 1065; x_wconf 73' lang='lat' dir='ltr'><strong>rege</strong></span> <span class='ocrx_word' id='word_1_263' title='bbox 295 1029 391 1056; x_wconf 84' lang='lat' dir='ltr'><strong>urbem</strong></span> <span class='ocrx_word' id='word_1_264' title='bbox 402 1030 570 1065; x_wconf 75' lang='lat' dir='ltr'><strong>ingressum,</strong></span> <span class='ocrx_word' id='word_1_265' title='bbox 586 1030 651 1057; x_wconf 88' lang='lat' dir='ltr'><strong>urbs</strong></span> <span class='ocrx_word' id='word_1_266' title='bbox 665 1029 775 1064; x_wconf 86' lang='lat' dir='ltr'><strong>quidem</strong></span> <span class='ocrx_word' id='word_1_267' title='bbox 788 1033 844 1056; x_wconf 88' lang='lat' dir='ltr'><strong>tota</strong></span> <span class='ocrx_word' id='word_1_268' title='bbox 860 1029 927 1057; x_wconf 88' lang='lat' dir='ltr'><strong>velis</strong></span> <span class='ocrx_word' id='word_1_269' title='bbox 940 1037 1004 1064; x_wconf 85' lang='lat' dir='ltr'><strong>per-</strong></span> 
     </span>
    </p>
   </div>
   <div class='ocr_carea' id='block_1_38' title="bbox 218 1075 1005 1110">
    <p class='ocr_par' dir='ltr' id='par_1_38' title="bbox 218 1075 1005 1110">
     <span class='ocr_line' id='line_1_38' title="bbox 218 1075 1005 1110; baseline 0 -8"><span class='ocrx_word' id='word_1_270' title='bbox 218 1080 343 1107; x_wconf 88' lang='lat' dir='ltr'><strong>ornetur,</strong></span> <span class='ocrx_word' id='word_1_271' title='bbox 361 1075 525 1110; x_wconf 85' lang='lat' dir='ltr'><strong>coronisque</strong></span> <span class='ocrx_word' id='word_1_272' title='bbox 538 1083 570 1102; x_wconf 88' lang='lat' dir='ltr'><strong>ac</strong></span> <span class='ocrx_word' id='word_1_273' title='bbox 581 1075 770 1108; x_wconf 90' lang='lat' dir='ltr'><strong>aromatibus;</strong></span> <span class='ocrx_word' id='word_1_274' title='bbox 797 1082 957 1109; x_wconf 89' lang='lat' dir='ltr'><strong>omnesque,</strong></span> <span class='ocrx_word' id='word_1_275' title='bbox 974 1079 1005 1102; x_wconf 89' lang='lat' dir='ltr'><strong>ut</strong></span> 
     </span>
    </p>
   </div>
   <div class='ocr_carea' id='block_1_39' title="bbox 217 1120 1006 1156">
    <p class='ocr_par' dir='ltr' id='par_1_39' title="bbox 217 1120 1006 1156">
     <span class='ocr_line' id='line_1_39' title="bbox 217 1120 1006 1156; baseline -0.003 -7"><span class='ocrx_word' id='word_1_276' title='bbox 217 1121 255 1149; x_wconf 81' lang='lat' dir='ltr'><strong>ita</strong></span> <span class='ocrx_word' id='word_1_277' title='bbox 272 1121 373 1153; x_wconf 84' lang='lat' dir='ltr'><strong>dicam,</strong></span> <span class='ocrx_word' id='word_1_278' title='bbox 392 1125 448 1147; x_wconf 90' lang='lat' dir='ltr'><strong>tum</strong></span> <span class='ocrx_word' id='word_1_279' title='bbox 461 1121 549 1155; x_wconf 90' lang='lat' dir='ltr'><strong>parvi,</strong></span> <span class='ocrx_word' id='word_1_280' title='bbox 565 1125 622 1147; x_wconf 92' lang='lat' dir='ltr'><strong>tum</strong></span> <span class='ocrx_word' id='word_1_281' title='bbox 647 1121 749 1156; x_wconf 81' lang='lat' dir='ltr'><strong>magni,</strong></span> <span class='ocrx_word' id='word_1_282' title='bbox 765 1120 855 1147; x_wconf 87' lang='lat' dir='ltr'><strong>varias</strong></span> <span class='ocrx_word' id='word_1_283' title='bbox 868 1124 1006 1148; x_wconf 85' lang='lat' dir='ltr'><strong>mutantes</strong></span> 
     </span>
    </p>
   </div>
   <div class='ocr_carea' id='block_1_40' title="bbox 218 1166 1008 1202">
    <p class='ocr_par' dir='ltr' id='par_1_40' title="bbox 218 1166 1008 1202">
     <span class='ocr_line' id='line_1_40' title="bbox 218 1166 1008 1202; baseline -0.001 -8"><span class='ocrx_word' id='word_1_284' title='bbox 218 1167 302 1195; x_wconf 82' lang='lat' dir='ltr'><strong>stolas</strong></span> <span class='ocrx_word' id='word_1_285' title='bbox 308 1167 335 1194; x_wconf 92' lang='lat' dir='ltr'><strong>in</strong></span> <span class='ocrx_word' id='word_1_286' title='bbox 344 1174 488 1194; x_wconf 81' lang='lat' dir='ltr'><strong>occursum</strong></span> <span class='ocrx_word' id='word_1_287' title='bbox 498 1166 569 1202; x_wconf 82' lang='lat' dir='ltr'><strong>regis</strong></span> <span class='ocrx_word' id='word_1_288' title='bbox 580 1167 731 1202; x_wconf 80' lang='lat' dir='ltr'><strong>procedant</strong></span> <span class='ocrx_word' id='word_1_289' title='bbox 743 1175 750 1200; x_wconf 88' lang='lat'><strong>;</strong></span> <span class='ocrx_word' id='word_1_290' title='bbox 763 1174 795 1194; x_wconf 90' lang='lat' dir='ltr'><strong>ac</strong></span> <span class='ocrx_word' id='word_1_291' title='bbox 807 1174 889 1194; x_wconf 89' lang='lat' dir='ltr'><strong>omne</strong></span> <span class='ocrx_word' id='word_1_292' title='bbox 897 1167 1008 1201; x_wconf 89' lang='lat' dir='ltr'><strong>quidem</strong></span> 
     </span>
    </p>
   </div>
   <div class='ocr_carea' id='block_1_41' title="bbox 218 1212 1007 1248">
    <p class='ocr_par' dir='ltr' id='par_1_41' title="bbox 218 1212 1007 1248">
     <span class='ocr_line' id='line_1_41' title="bbox 218 1212 1007 1248; baseline 0.001 -10"><span class='ocrx_word' id='word_1_293' title='bbox 218 1212 292 1239; x_wconf 87' lang='lat' dir='ltr'><strong>aliud</strong></span> <span class='ocrx_word' id='word_1_294' title='bbox 319 1213 459 1248; x_wconf 77' lang='lat' dir='ltr'><strong>negotium</strong></span> <span class='ocrx_word' id='word_1_295' title='bbox 489 1217 642 1247; x_wconf 80' lang='lat' dir='ltr'><strong>spernant;</strong></span> <span class='ocrx_word' id='word_1_296' title='bbox 662 1212 716 1240; x_wconf 88' lang='lat' dir='ltr'><strong>hoc</strong></span> <span class='ocrx_word' id='word_1_297' title='bbox 741 1220 808 1240; x_wconf 87' lang='lat' dir='ltr'><strong>vero</strong></span> <span class='ocrx_word' id='word_1_298' title='bbox 823 1212 898 1240; x_wconf 90' lang='lat' dir='ltr'><strong>omni</strong></span> <span class='ocrx_word' id='word_1_299' title='bbox 916 1219 1007 1247; x_wconf 71' lang='lat' dir='ltr'><strong>operte</strong></span> 
     </span>
    </p>
   </div>
   <div class='ocr_carea' id='block_1_42' title="bbox 219 1257 1007 1294">
    <p class='ocr_par' dir='ltr' id='par_1_42' title="bbox 219 1257 1007 1294">
     <span class='ocr_line' id='line_1_42' title="bbox 219 1257 1007 1294; baseline 0 -9"><span class='ocrx_word' id='word_1_300' title='bbox 219 1257 299 1293; x_wconf 70' lang='lat' dir='ltr'><strong>longe</strong></span> <span class='ocrx_word' id='word_1_301' title='bbox 321 1263 510 1294; x_wconf 82' lang='lat' dir='ltr'><strong>anteponant:</strong></span> <span class='ocrx_word' id='word_1_302' title='bbox 527 1266 610 1292; x_wconf 89' lang='lat' dir='ltr'><strong>quam</strong></span> <span class='ocrx_word' id='word_1_303' title='bbox 631 1258 733 1293; x_wconf 87' lang='lat' dir='ltr'><strong>potiori</strong></span> <span class='ocrx_word' id='word_1_304' title='bbox 748 1258 820 1293; x_wconf 84' lang='lat' dir='ltr'><strong>jure,</strong></span> <span class='ocrx_word' id='word_1_305' title='bbox 838 1257 943 1284; x_wconf 74' lang='lat' dir='ltr'><strong>caelesti</strong></span> <span class='ocrx_word' id='word_1_306' title='bbox 952 1258 1007 1285; x_wconf 92' lang='lat' dir='ltr'><strong>Deo</strong></span> 
     </span>
    </p>
   </div>
   <div class='ocr_carea' id='block_1_43' title="bbox 218 1303 1004 1340">
    <p class='ocr_par' dir='ltr' id='par_1_43' title="bbox 218 1303 1004 1340">
     <span class='ocr_line' id='line_1_43' title="bbox 218 1303 1004 1340; baseline -0.003 -8"><span class='ocrx_word' id='word_1_307' title='bbox 218 1311 251 1332; x_wconf 84' lang='lat' dir='ltr'><strong>ac</strong></span> <span class='ocrx_word' id='word_1_308' title='bbox 263 1311 324 1340; x_wconf 77' lang='lat' dir='ltr'><strong>rege</strong></span> <span class='ocrx_word' id='word_1_309' title='bbox 338 1305 474 1337; x_wconf 88' lang='lat' dir='ltr'><strong>veniente,</strong></span> <span class='ocrx_word' id='word_1_310' title='bbox 491 1308 618 1331; x_wconf 89' lang='lat' dir='ltr'><strong>naturam</strong></span> <span class='ocrx_word' id='word_1_311' title='bbox 631 1311 752 1337; x_wconf 85' lang='lat' dir='ltr'><strong>onmem,</strong></span> <span class='ocrx_word' id='word_1_312' title='bbox 767 1304 801 1330; x_wconf 84' lang='lat' dir='ltr'><strong>ab</strong></span> <span class='ocrx_word' id='word_1_313' title='bbox 816 1310 848 1330; x_wconf 85' lang='lat' dir='ltr'><strong>eo</strong></span> <span class='ocrx_word' id='word_1_314' title='bbox 857 1303 1004 1335; x_wconf 84' lang='lat' dir='ltr'><strong>conditam.</strong></span> 
     </span>
    </p>
   </div>
   <div class='ocr_carea' id='block_1_44' title="bbox 219 1350 1004 1385">
    <p class='ocr_par' dir='ltr' id='par_1_44' title="bbox 219 1350 1004 1385">
     <span class='ocr_line' id='line_1_44' title="bbox 219 1350 1004 1385; baseline 0 -9"><span class='ocrx_word' id='word_1_315' title='bbox 219 1354 278 1377; x_wconf 84' lang='lat' dir='ltr'><strong>tum</strong></span> <span class='ocrx_word' id='word_1_316' title='bbox 295 1358 355 1385; x_wconf 63' lang='lat' dir='ltr'><strong>quae</strong></span> <span class='ocrx_word' id='word_1_317' title='bbox 368 1350 455 1377; x_wconf 84' lang='lat' dir='ltr'><strong>oculis</strong></span> <span class='ocrx_word' id='word_1_318' title='bbox 465 1350 588 1385; x_wconf 86' lang='lat' dir='ltr'><strong>subjecta</strong></span> <span class='ocrx_word' id='word_1_319' title='bbox 603 1354 656 1382; x_wconf 89' lang='lat' dir='ltr'><strong>est,</strong></span> <span class='ocrx_word' id='word_1_320' title='bbox 672 1354 729 1377; x_wconf 89' lang='lat' dir='ltr'><strong>tum</strong></span> <span class='ocrx_word' id='word_1_321' title='bbox 746 1357 806 1385; x_wconf 69' lang='lat' dir='ltr'><strong>quae</strong></span> <span class='ocrx_word' id='word_1_322' title='bbox 821 1354 914 1376; x_wconf 88' lang='lat' dir='ltr'><strong>mente</strong></span> <span class='ocrx_word' id='word_1_323' title='bbox 926 1357 1004 1384; x_wconf 88' lang='lat' dir='ltr'><strong>aspe-</strong></span> 
     </span>
    </p>
   </div>
   <div class='ocr_carea' id='block_1_45' title="bbox 218 1395 1003 1431">
    <p class='ocr_par' dir='ltr' id='par_1_45' title="bbox 218 1395 1003 1431">
     <span class='ocr_line' id='line_1_45' title="bbox 218 1395 1003 1431; baseline 0.003 -10"><span class='ocrx_word' id='word_1_324' title='bbox 218 1395 338 1429; x_wconf 76' lang='lat' dir='ltr'><strong>ctabilis,</strong></span> <span class='ocrx_word' id='word_1_325' title='bbox 362 1395 449 1423; x_wconf 68' lang='lat' dir='ltr'><strong>Irelari</strong></span> <span class='ocrx_word' id='word_1_326' title='bbox 480 1400 605 1431; x_wconf 86' lang='lat' dir='ltr'><strong>oporteat</strong></span> <span class='ocrx_word' id='word_1_327' title='bbox 630 1403 662 1423; x_wconf 91' lang='lat' dir='ltr'><strong>ac</strong></span> <span class='ocrx_word' id='word_1_328' title='bbox 687 1395 846 1428; x_wconf 81' lang='lat' dir='ltr'><strong>exsullare;</strong></span> <span class='ocrx_word' id='word_1_329' title='bbox 873 1396 1003 1429; x_wconf 90' lang='lat' dir='ltr'><strong>omnique</strong></span> 
     </span>
    </p>
   </div>
   <div class='ocr_carea' id='block_1_46' title="bbox 218 1441 879 1476">
    <p class='ocr_par' dir='ltr' id='par_1_46' title="bbox 218 1441 879 1476">
     <span class='ocr_line' id='line_1_46' title="bbox 218 1441 879 1476; baseline 0.002 -9"><span class='ocrx_word' id='word_1_330' title='bbox 218 1441 318 1476; x_wconf 75' lang='lat' dir='ltr'><strong>gaudio</strong></span> <span class='ocrx_word' id='word_1_331' title='bbox 339 1449 371 1469; x_wconf 92' lang='lat' dir='ltr'><strong>ac</strong></span> <span class='ocrx_word' id='word_1_332' title='bbox 386 1442 562 1470; x_wconf 88' lang='lat' dir='ltr'><strong>veneratione</strong></span> <span class='ocrx_word' id='word_1_333' title='bbox 579 1449 723 1470; x_wconf 88' lang='lat' dir='ltr'><strong>occursum</strong></span> <span class='ocrx_word' id='word_1_334' title='bbox 739 1441 853 1476; x_wconf 88' lang='lat' dir='ltr'><strong>implere</strong></span> <span class='ocrx_word' id='word_1_335' title='bbox 867 1441 879 1468; x_wconf 86' lang='lat'><strong>?</strong></span> 
     </span>
    </p>
   </div>
   <div class='ocr_carea' id='block_1_47' title="bbox 219 1486 1748 1523">
    <p class='ocr_par' dir='ltr' id='par_1_47' title="bbox 219 1486 1748 1523">
     <span class='ocr_line' id='line_1_47' title="bbox 219 1486 1748 1523; baseline -0.001 -10"><span class='ocrx_word' id='word_1_336' title='bbox 219 1487 372 1522; x_wconf 78' lang='grc' dir='ltr'>γενημένην</span> <span class='ocrx_word' id='word_1_337' title='bbox 387 1487 489 1522; x_wconf 79' lang='grc' dir='ltr'>ὁρατήν</span> <span class='ocrx_word' id='word_1_338' title='bbox 505 1495 535 1514; x_wconf 80' lang='grc' dir='ltr'><strong>τε</strong></span> <span class='ocrx_word' id='word_1_339' title='bbox 550 1487 598 1514; x_wconf 74' lang='grc' dir='ltr'><strong>καὶ</strong></span> <span class='ocrx_word' id='word_1_340' title='bbox 626 1486 743 1523; x_wconf 80' lang='grc' dir='ltr'>ἀόρατον</span> <span class='ocrx_word' id='word_1_341' title='bbox 766 1487 872 1519; x_wconf 78' lang='grc' dir='ltr'><strong>κτίσιν,</strong></span> <span class='ocrx_word' id='word_1_342' title='bbox 890 1486 1084 1522; x_wconf 78' lang='grc' dir='ltr'>εὐφραίνεσθαι</span> <span class='ocrx_word' id='word_1_343' title='bbox 1118 1487 1165 1515; x_wconf 77' lang='grc' dir='ltr'><strong>καὶ</strong></span> <span class='ocrx_word' id='word_1_344' title='bbox 1202 1487 1385 1522; x_wconf 81' lang='grc' dir='ltr'>ἀγαλλιᾶσθαι</span> <span class='ocrx_word' id='word_1_345' title='bbox 1406 1487 1477 1522; x_wconf 80' lang='grc' dir='ltr'><strong>χρή·</strong></span> <span class='ocrx_word' id='word_1_346' title='bbox 1515 1487 1563 1514; x_wconf 74' lang='grc' dir='ltr'><strong>καὶ</strong></span> <span class='ocrx_word' id='word_1_347' title='bbox 1589 1486 1748 1522; x_wconf 81' lang='grc' dir='ltr'>περιχαρῶς</span> 
     </span>
    </p>
   </div>
   <div class='ocr_carea' id='block_1_48' title="bbox 217 1531 868 1569">
    <p class='ocr_par' dir='ltr' id='par_1_48' title="bbox 217 1531 868 1569">
     <span class='ocr_line' id='line_1_48' title="bbox 217 1531 868 1569; baseline 0 -10"><span class='ocrx_word' id='word_1_348' title='bbox 217 1531 268 1559; x_wconf 71' lang='grc' dir='ltr'><strong>καὶ</strong></span> <span class='ocrx_word' id='word_1_349' title='bbox 283 1532 438 1568; x_wconf 78' lang='grc' dir='ltr'>σεὸασμίως</span> <span class='ocrx_word' id='word_1_350' title='bbox 451 1533 628 1569; x_wconf 79' lang='grc' dir='ltr'><strong>ἀποπληροῦν</strong></span> <span class='ocrx_word' id='word_1_351' title='bbox 641 1533 691 1567; x_wconf 88' lang='grc' dir='ltr'>τὴν</span> <span class='ocrx_word' id='word_1_352' title='bbox 706 1533 868 1567; x_wconf 82' lang='grc' dir='ltr'>ὑπάντησιν.</span> 
     </span>
    </p>
   </div>
   <div class='ocr_carea' id='block_1_49' title="bbox 258 1579 1043 1615">
    <p class='ocr_par' dir='ltr' id='par_1_49' title="bbox 258 1579 1043 1615">
     <span class='ocr_line' id='line_1_49' title="bbox 258 1579 1043 1615; baseline 0.004 -9"><span class='ocrx_word' id='word_1_353' title='bbox 258 1579 358 1607; x_wconf 83' lang='lat' dir='ltr'><strong>Verum</strong></span> <span class='ocrx_word' id='word_1_354' title='bbox 378 1580 531 1613; x_wconf 83' lang='lat' dir='ltr'><strong>videamus,</strong></span> <span class='ocrx_word' id='word_1_355' title='bbox 559 1580 726 1613; x_wconf 88' lang='lat' dir='ltr'><strong>charissimi,</strong></span> <span class='ocrx_word' id='word_1_356' title='bbox 753 1581 863 1615; x_wconf 88' lang='lat' dir='ltr'><strong>quando</strong></span> <span class='ocrx_word' id='word_1_357' title='bbox 886 1581 1006 1609; x_wconf 68' lang='lat' dir='ltr'><strong>caelestis</strong></span> <span class='ocrx_word' id='word_1_358' title='bbox 1021 1586 1043 1615; x_wconf 84' lang='lat' dir='ltr'>c</span> 
     </span>
    </p>
   </div>
   <div class='ocr_carea' id='block_1_50' title="bbox 222 1625 1008 1660">
    <p class='ocr_par' dir='ltr' id='par_1_50' title="bbox 222 1625 1008 1660">
     <span class='ocr_line' id='line_1_50' title="bbox 222 1625 1008 1660; baseline 0.001 -7"><span class='ocrx_word' id='word_1_359' title='bbox 222 1633 393 1660; x_wconf 74' lang='lat' dir='ltr'><strong>magnusque</strong></span> <span class='ocrx_word' id='word_1_360' title='bbox 423 1625 496 1653; x_wconf 85' lang='lat' dir='ltr'><strong>Deus</strong></span> <span class='ocrx_word' id='word_1_361' title='bbox 517 1633 550 1653; x_wconf 87' lang='lat' dir='ltr'><strong>ac</strong></span> <span class='ocrx_word' id='word_1_362' title='bbox 571 1634 618 1653; x_wconf 81' lang='lat' dir='ltr'><strong>rex</strong></span> <span class='ocrx_word' id='word_1_363' title='bbox 644 1626 795 1653; x_wconf 88' lang='lat' dir='ltr'><strong>advenerit.</strong></span> <span class='ocrx_word' id='word_1_364' title='bbox 829 1626 1008 1659; x_wconf 86' lang='lat' dir='ltr'><strong>Quandonam</strong></span> 
     </span>
    </p>
   </div>
   <div class='ocr_carea' id='block_1_51' title="bbox 221 1670 1008 1706">
    <p class='ocr_par' dir='ltr' id='par_1_51' title="bbox 221 1670 1008 1706">
     <span class='ocr_line' id='line_1_51' title="bbox 221 1670 1008 1706; baseline 0.004 -9"><span class='ocrx_word' id='word_1_365' title='bbox 221 1671 314 1698; x_wconf 86' lang='lat' dir='ltr'><strong>vero?</strong></span> <span class='ocrx_word' id='word_1_366' title='bbox 335 1670 435 1706; x_wconf 86' lang='lat' dir='ltr'><strong>Utique</strong></span> <span class='ocrx_word' id='word_1_367' title='bbox 464 1671 574 1705; x_wconf 90' lang='lat' dir='ltr'><strong>quando</strong></span> <span class='ocrx_word' id='word_1_368' title='bbox 594 1671 663 1698; x_wconf 85' lang='lat' dir='ltr'><strong>citra</strong></span> <span class='ocrx_word' id='word_1_369' title='bbox 688 1672 867 1699; x_wconf 83' lang='lat' dir='ltr'><strong>mutationem</strong></span> <span class='ocrx_word' id='word_1_370' title='bbox 887 1680 1008 1705; x_wconf 85' lang='lat' dir='ltr'><strong>omnem,</strong></span> 
     </span>
    </p>
   </div>
   <div class='ocr_carea' id='block_1_52' title="bbox 221 1716 1009 1751">
    <p class='ocr_par' dir='ltr' id='par_1_52' title="bbox 221 1716 1009 1751">
     <span class='ocr_line' id='line_1_52' title="bbox 221 1716 1009 1751; baseline 0.001 -8"><span class='ocrx_word' id='word_1_371' title='bbox 221 1721 250 1743; x_wconf 86' lang='lat' dir='ltr'><strong>et</strong></span> <span class='ocrx_word' id='word_1_372' title='bbox 264 1716 465 1749; x_wconf 86' lang='lat' dir='ltr'><strong>alterationem,</strong></span> <span class='ocrx_word' id='word_1_373' title='bbox 483 1723 515 1743; x_wconf 91' lang='lat' dir='ltr'><strong>ac</strong></span> <span class='ocrx_word' id='word_1_374' title='bbox 529 1721 671 1751; x_wconf 88' lang='lat' dir='ltr'><strong>peccatum</strong></span> <span class='ocrx_word' id='word_1_375' title='bbox 687 1717 775 1745; x_wconf 81' lang='lat' dir='ltr'><strong>factus</strong></span> <span class='ocrx_word' id='word_1_376' title='bbox 790 1718 884 1750; x_wconf 86' lang='lat' dir='ltr'><strong>homo,</strong></span> <span class='ocrx_word' id='word_1_377' title='bbox 909 1718 1009 1745; x_wconf 89' lang='lat' dir='ltr'><strong>similis</strong></span> 
     </span>
    </p>
   </div>
   <div class='ocr_carea' id='block_1_53' title="bbox 221 1761 1009 1797">
    <p class='ocr_par' dir='ltr' id='par_1_53' title="bbox 221 1761 1009 1797">
     <span class='ocr_line' id='line_1_53' title="bbox 221 1761 1009 1797; baseline 0.003 -9"><span class='ocrx_word' id='word_1_378' title='bbox 221 1761 303 1789; x_wconf 83' lang='lat' dir='ltr'><strong>nobis</strong></span> <span class='ocrx_word' id='word_1_379' title='bbox 324 1761 441 1789; x_wconf 81' lang='lat' dir='ltr'><strong>eﬂ‘ectus</strong></span> <span class='ocrx_word' id='word_1_380' title='bbox 452 1766 504 1789; x_wconf 88' lang='lat' dir='ltr'><strong>est.</strong></span> <span class='ocrx_word' id='word_1_381' title='bbox 521 1761 589 1788; x_wconf 88' lang='lat' dir='ltr'><strong>Nam</strong></span> <span class='ocrx_word' id='word_1_382' title='bbox 607 1763 671 1797; x_wconf 85' lang='lat' dir='ltr'><strong>quia</strong></span> <span class='ocrx_word' id='word_1_383' title='bbox 685 1766 782 1789; x_wconf 86' lang='lat' dir='ltr'><strong>natura</strong></span> <span class='ocrx_word' id='word_1_384' title='bbox 796 1762 890 1790; x_wconf 86' lang='lat' dir='ltr'><strong>divina</strong></span> <span class='ocrx_word' id='word_1_385' title='bbox 915 1763 1009 1790; x_wconf 92' lang='lat' dir='ltr'><strong>incor-</strong></span> 
     </span>
    </p>
   </div>
   <div class='ocr_carea' id='block_1_54' title="bbox 223 1807 1010 1842">
    <p class='ocr_par' dir='ltr' id='par_1_54' title="bbox 223 1807 1010 1842">
     <span class='ocr_line' id='line_1_54' title="bbox 223 1807 1010 1842; baseline 0.001 -8"><span class='ocrx_word' id='word_1_386' title='bbox 223 1815 306 1842; x_wconf 88' lang='lat' dir='ltr'><strong>porea</strong></span> <span class='ocrx_word' id='word_1_387' title='bbox 327 1812 379 1839; x_wconf 90' lang='lat' dir='ltr'><strong>est,</strong></span> <span class='ocrx_word' id='word_1_388' title='bbox 397 1814 430 1834; x_wconf 86' lang='lat' dir='ltr'><strong>ac</strong></span> <span class='ocrx_word' id='word_1_389' title='bbox 443 1807 692 1842; x_wconf 86' lang='lat' dir='ltr'><strong>incircumscripta,</strong></span> <span class='ocrx_word' id='word_1_390' title='bbox 716 1813 813 1842; x_wconf 87' lang='lat' dir='ltr'><strong>estque</strong></span> <span class='ocrx_word' id='word_1_391' title='bbox 828 1808 855 1835; x_wconf 93' lang='lat' dir='ltr'><strong>in</strong></span> <span class='ocrx_word' id='word_1_392' title='bbox 874 1808 955 1842; x_wconf 75' lang='lat' dir='ltr'><strong>coelo,</strong></span> <span class='ocrx_word' id='word_1_393' title='bbox 977 1816 1010 1836; x_wconf 84' lang='lat' dir='ltr'><strong>ac</strong></span> 
     </span>
    </p>
   </div>
   <div class='ocr_carea' id='block_1_55' title="bbox 223 1852 1010 1889">
    <p class='ocr_par' dir='ltr' id='par_1_55' title="bbox 223 1852 1010 1889">
     <span class='ocr_line' id='line_1_55' title="bbox 223 1852 1010 1889; baseline 0.001 -9"><span class='ocrx_word' id='word_1_394' title='bbox 223 1858 324 1880; x_wconf 83' lang='lat' dir='ltr'><strong>terram</strong></span> <span class='ocrx_word' id='word_1_395' title='bbox 348 1853 455 1888; x_wconf 87' lang='lat' dir='ltr'><strong>implet,</strong></span> <span class='ocrx_word' id='word_1_396' title='bbox 467 1853 544 1888; x_wconf 77' lang='lat' dir='ltr'><strong>juxta</strong></span> <span class='ocrx_word' id='word_1_397' title='bbox 557 1854 630 1888; x_wconf 91' lang='lat' dir='ltr'><strong>quod</strong></span> <span class='ocrx_word' id='word_1_398' title='bbox 646 1854 682 1881; x_wconf 90' lang='lat' dir='ltr'><strong>ait</strong></span> <span class='ocrx_word' id='word_1_399' title='bbox 699 1854 832 1889; x_wconf 81' lang='lat' dir='ltr'><strong>propheta</strong></span> <span class='ocrx_word' id='word_1_400' title='bbox 846 1854 867 1880; x_wconf 88' lang='grc'><strong>³.</strong></span> <span class='ocrx_word' id='word_1_401' title='bbox 886 1852 942 1881; x_wconf 80' lang='lat' dir='ltr'><strong>Hac</strong></span> <span class='ocrx_word' id='word_1_402' title='bbox 956 1854 1010 1881; x_wconf 89' lang='lat' dir='ltr'><strong>ita-</strong></span> 
     </span>
    </p>
   </div>
   <div class='ocr_carea' id='block_1_56' title="bbox 222 1899 1010 1934">
    <p class='ocr_par' dir='ltr' id='par_1_56' title="bbox 222 1899 1010 1934">
     <span class='ocr_line' id='line_1_56' title="bbox 222 1899 1010 1934; baseline 0.001 -8"><span class='ocrx_word' id='word_1_403' title='bbox 222 1907 277 1933; x_wconf 89' lang='lat' dir='ltr'><strong>que</strong></span> <span class='ocrx_word' id='word_1_404' title='bbox 294 1899 409 1933; x_wconf 90' lang='lat' dir='ltr'><strong>ratione,</strong></span> <span class='ocrx_word' id='word_1_405' title='bbox 443 1907 508 1934; x_wconf 90' lang='lat' dir='ltr'><strong>qua,</strong></span> <span class='ocrx_word' id='word_1_406' title='bbox 525 1899 648 1934; x_wconf 88' lang='lat' dir='ltr'><strong>inquam,</strong></span> <span class='ocrx_word' id='word_1_407' title='bbox 667 1900 738 1927; x_wconf 88' lang='lat' dir='ltr'><strong>Deus</strong></span> <span class='ocrx_word' id='word_1_408' title='bbox 751 1900 847 1927; x_wconf 89' lang='lat' dir='ltr'><strong>habuit</strong></span> <span class='ocrx_word' id='word_1_409' title='bbox 863 1905 1010 1934; x_wconf 86' lang='lat' dir='ltr'><strong>antequam</strong></span> 
     </span>
    </p>
   </div>
   <div class='ocr_carea' id='block_1_57' title="bbox 224 1944 1011 1980">
    <p class='ocr_par' dir='ltr' id='par_1_57' title="bbox 224 1944 1011 1980">
     <span class='ocr_line' id='line_1_57' title="bbox 224 1944 1011 1980; baseline 0.001 -8"><span class='ocrx_word' id='word_1_410' title='bbox 224 1944 303 1972; x_wconf 83' lang='lat' dir='ltr'><strong>ﬁeret</strong></span> <span class='ocrx_word' id='word_1_411' title='bbox 329 1945 421 1978; x_wconf 91' lang='lat' dir='ltr'><strong>homo,</strong></span> <span class='ocrx_word' id='word_1_412' title='bbox 436 1952 527 1980; x_wconf 90' lang='lat' dir='ltr'><strong>neque</strong></span> <span class='ocrx_word' id='word_1_413' title='bbox 549 1945 610 1972; x_wconf 91' lang='lat' dir='ltr'><strong>loco</strong></span> <span class='ocrx_word' id='word_1_414' title='bbox 628 1946 728 1973; x_wconf 88' lang='lat' dir='ltr'><strong>absens</strong></span> <span class='ocrx_word' id='word_1_415' title='bbox 739 1950 792 1979; x_wconf 82' lang='lat' dir='ltr'><strong>est,</strong></span> <span class='ocrx_word' id='word_1_416' title='bbox 809 1950 839 1973; x_wconf 91' lang='lat' dir='ltr'><strong>ut</strong></span> <span class='ocrx_word' id='word_1_417' title='bbox 852 1953 881 1973; x_wconf 86' lang='lat' dir='ltr'><strong>se</strong></span> <span class='ocrx_word' id='word_1_418' title='bbox 894 1953 927 1973; x_wconf 91' lang='lat' dir='ltr'><strong>eo</strong></span> <span class='ocrx_word' id='word_1_419' title='bbox 942 1953 1011 1973; x_wconf 91' lang='lat' dir='ltr'><strong>con-</strong></span> 
     </span>
    </p>
   </div>
   <div class='ocr_carea' id='block_1_58' title="bbox 225 1989 1011 2026">
    <p class='ocr_par' dir='ltr' id='par_1_58' title="bbox 225 1989 1011 2026">
     <span class='ocr_line' id='line_1_58' title="bbox 225 1989 1011 2026; baseline 0.001 -9"><span class='ocrx_word' id='word_1_420' title='bbox 225 1989 317 2023; x_wconf 81' lang='lat' dir='ltr'><strong>ferat;</strong></span> <span class='ocrx_word' id='word_1_421' title='bbox 333 1998 423 2025; x_wconf 89' lang='lat' dir='ltr'><strong>neque</strong></span> <span class='ocrx_word' id='word_1_422' title='bbox 443 1991 554 2023; x_wconf 88' lang='lat' dir='ltr'><strong>iterum,</strong></span> <span class='ocrx_word' id='word_1_423' title='bbox 575 1990 671 2025; x_wconf 83' lang='lat' dir='ltr'><strong>utjam</strong></span> <span class='ocrx_word' id='word_1_424' title='bbox 693 1991 824 2025; x_wconf 72' lang='lat' dir='ltr'><strong>diximus,</strong></span> <span class='ocrx_word' id='word_1_425' title='bbox 843 1991 940 2026; x_wconf 89' lang='lat' dir='ltr'><strong>spatiis</strong></span> <span class='ocrx_word' id='word_1_426' title='bbox 955 1991 1011 2018; x_wconf 92' lang='lat' dir='ltr'><strong>cir-</strong></span> 
     </span>
    </p>
   </div>
   <div class='ocr_carea' id='block_1_59' title="bbox 225 2036 1011 2071">
    <p class='ocr_par' dir='ltr' id='par_1_59' title="bbox 225 2036 1011 2071">
     <span class='ocr_line' id='line_1_59' title="bbox 225 2036 1011 2071; baseline 0 -8"><span class='ocrx_word' id='word_1_427' title='bbox 225 2036 429 2069; x_wconf 85' lang='lat' dir='ltr'><strong>cumscribitur,</strong></span> <span class='ocrx_word' id='word_1_428' title='bbox 445 2044 507 2071; x_wconf 71' lang='lat' dir='ltr'><strong>qua:</strong></span> <span class='ocrx_word' id='word_1_429' title='bbox 533 2037 625 2064; x_wconf 89' lang='lat' dir='ltr'><strong>omnia</strong></span> <span class='ocrx_word' id='word_1_430' title='bbox 647 2036 762 2071; x_wconf 87' lang='lat' dir='ltr'><strong>perinde</strong></span> <span class='ocrx_word' id='word_1_431' title='bbox 777 2036 900 2071; x_wconf 87' lang='lat' dir='ltr'><strong>impleat,</strong></span> <span class='ocrx_word' id='word_1_432' title='bbox 920 2036 1011 2071; x_wconf 91' lang='lat' dir='ltr'><strong>sitque</strong></span> 
     </span>
    </p>
   </div>
   <div class='ocr_carea' id='block_1_60' title="bbox 224 2082 1013 2119">
    <p class='ocr_par' dir='ltr' id='par_1_60' title="bbox 224 2082 1013 2119">
     <span class='ocr_line' id='line_1_60' title="bbox 224 2082 1013 2119; baseline 0.001 -10"><span class='ocrx_word' id='word_1_433' title='bbox 224 2083 354 2109; x_wconf 90' lang='lat' dir='ltr'><strong>omnibus</strong></span> <span class='ocrx_word' id='word_1_434' title='bbox 381 2082 508 2110; x_wconf 88' lang='lat' dir='ltr'><strong>similiter</strong></span> <span class='ocrx_word' id='word_1_435' title='bbox 533 2090 677 2117; x_wconf 68' lang='lat' dir='ltr'><strong>praesens:</strong></span> <span class='ocrx_word' id='word_1_436' title='bbox 699 2082 842 2115; x_wconf 87' lang='lat' dir='ltr'><strong>Quomodo</strong></span> <span class='ocrx_word' id='word_1_437' title='bbox 864 2083 946 2119; x_wconf 76' lang='lat' dir='ltr'><strong>igitur</strong></span> <span class='ocrx_word' id='word_1_438' title='bbox 975 2083 1013 2110; x_wconf 89' lang='lat' dir='ltr'><strong>ait</strong></span> 
     </span>
    </p>
   </div>
   <div class='ocr_carea' id='block_1_61' title="bbox 225 2128 1012 2164">
    <p class='ocr_par' dir='ltr' id='par_1_61' title="bbox 225 2128 1012 2164">
     <span class='ocr_line' id='line_1_61' title="bbox 225 2128 1012 2164; baseline 0 -9"><span class='ocrx_word' id='word_1_439' title='bbox 225 2129 370 2163; x_wconf 83' lang='lat' dir='ltr'><strong>propheta,</strong></span> <span class='ocrx_word' id='word_1_440' title='bbox 399 2128 421 2155; x_wconf 82' lang='grc' dir='ltr'><em>Α</em></span> <span class='ocrx_word' id='word_1_441' title='bbox 441 2129 509 2163; x_wconf 76' lang='lat' dir='ltr'><strong>{acie</strong></span> <span class='ocrx_word' id='word_1_442' title='bbox 530 2129 645 2161; x_wconf 81' lang='lat' dir='ltr'><strong>Domini,</strong></span> <span class='ocrx_word' id='word_1_443' title='bbox 670 2129 795 2164; x_wconf 82' lang='lat' dir='ltr'><strong>quoniam</strong></span> <span class='ocrx_word' id='word_1_444' title='bbox 819 2129 890 2156; x_wconf 76' lang='lat' dir='ltr'><strong>venit</strong></span> <span class='ocrx_word' id='word_1_445' title='bbox 906 2129 919 2155; x_wconf 83' lang='lat'><strong>.’</strong></span> <span class='ocrx_word' id='word_1_446' title='bbox 939 2128 1012 2156; x_wconf 87' lang='lat' dir='ltr'><strong>Sane</strong></span> 
     </span>
    </p>
   </div>
   <div class='ocr_carea' id='block_1_62' title="bbox 226 2173 1012 2210">
    <p class='ocr_par' dir='ltr' id='par_1_62' title="bbox 226 2173 1012 2210">
     <span class='ocr_line' id='line_1_62' title="bbox 226 2173 1012 2210; baseline 0.001 -10"><span class='ocrx_word' id='word_1_447' title='bbox 226 2174 312 2208; x_wconf 87' lang='lat' dir='ltr'><strong>liquet</strong></span> <span class='ocrx_word' id='word_1_448' title='bbox 323 2173 462 2208; x_wconf 83' lang='lat' dir='ltr'><strong>itnpletam</strong></span> <span class='ocrx_word' id='word_1_449' title='bbox 474 2181 535 2202; x_wconf 87' lang='lat' dir='ltr'><strong>esse</strong></span> <span class='ocrx_word' id='word_1_450' title='bbox 548 2175 719 2210; x_wconf 86' lang='lat' dir='ltr'><strong>prophetiam</strong></span> <span class='ocrx_word' id='word_1_451' title='bbox 731 2174 781 2202; x_wconf 90' lang='lat' dir='ltr'><strong>sub</strong></span> <span class='ocrx_word' id='word_1_452' title='bbox 793 2179 899 2210; x_wconf 88' lang='lat' dir='ltr'><strong>tempus</strong></span> <span class='ocrx_word' id='word_1_453' title='bbox 909 2174 1012 2201; x_wconf 82' lang='lat' dir='ltr'><strong>adven-</strong></span> 
     </span>
    </p>
   </div>
   <div class='ocr_carea' id='block_1_63' title="bbox 225 2217 535 2247">
    <p class='ocr_par' dir='ltr' id='par_1_63' title="bbox 225 2217 535 2247">
     <span class='ocr_line' id='line_1_63' title="bbox 225 2217 535 2247; baseline -0.006 0"><span class='ocrx_word' id='word_1_454' title='bbox 225 2224 271 2247; x_wconf 86' lang='lat' dir='ltr'><strong>tus</strong></span> <span class='ocrx_word' id='word_1_455' title='bbox 284 2217 386 2246; x_wconf 86' lang='lat' dir='ltr'><strong>Christi</strong></span> <span class='ocrx_word' id='word_1_456' title='bbox 401 2218 429 2245; x_wconf 90' lang='lat' dir='ltr'><strong>in</strong></span> <span class='ocrx_word' id='word_1_457' title='bbox 441 2226 535 2246; x_wconf 87' lang='lat' dir='ltr'><strong>carne.</strong></span> 
     </span>
    </p>
   </div>
   <div class='ocr_carea' id='block_1_64' title="bbox 260 2257 1049 2300">
    <p class='ocr_par' dir='ltr' id='par_1_64' title="bbox 260 2257 1049 2300">
     <span class='ocr_line' id='line_1_64' title="bbox 260 2257 1049 2300; baseline 0 -8"><span class='ocrx_word' id='word_1_458' title='bbox 260 2264 422 2297; x_wconf 83' lang='lat' dir='ltr'><strong>Enimvero,</strong></span> <span class='ocrx_word' id='word_1_459' title='bbox 442 2272 548 2292; x_wconf 83' lang='lat' dir='ltr'><strong>summe</strong></span> <span class='ocrx_word' id='word_1_460' title='bbox 562 2265 764 2297; x_wconf 84' lang='lat' dir='ltr'><strong>admirabilem,</strong></span> <span class='ocrx_word' id='word_1_461' title='bbox 785 2265 1010 2300; x_wconf 68' lang='lat' dir='ltr'><strong>praecelsamque,</strong></span> <span class='ocrx_word' id='word_1_462' title='bbox 1029 2257 1049 2284; x_wconf 71' lang='grc' dir='ltr'><strong>θ</strong></span> 
     </span>
    </p>
   </div>
   <div class='ocr_carea' id='block_1_65' title="bbox 224 2310 1013 2339">
    <p class='ocr_par' dir='ltr' id='par_1_65' title="bbox 224 2310 1013 2339">
     <span class='ocr_line' id='line_1_65' title="bbox 224 2310 1013 2339; baseline -0.001 0"><span class='ocrx_word' id='word_1_463' title='bbox 224 2318 258 2339; x_wconf 76' lang='lat' dir='ltr'><strong>ac</strong></span> <span class='ocrx_word' id='word_1_464' title='bbox 285 2310 453 2339; x_wconf 77' lang='lat' dir='ltr'><strong>ineﬂ‘abilem</strong></span> <span class='ocrx_word' id='word_1_465' title='bbox 478 2310 628 2338; x_wconf 82' lang='lat' dir='ltr'><strong>Salvatoris</strong></span> <span class='ocrx_word' id='word_1_466' title='bbox 655 2311 757 2338; x_wconf 88' lang='lat' dir='ltr'><strong>Christi</strong></span> <span class='ocrx_word' id='word_1_467' title='bbox 789 2311 958 2338; x_wconf 87' lang='lat' dir='ltr'><strong>nativitatem</strong></span> <span class='ocrx_word' id='word_1_468' title='bbox 985 2312 1013 2337; x_wconf 91' lang='lat' dir='ltr'><strong>in</strong></span> 
     </span>
    </p>
   </div>
   <div class='ocr_carea' id='block_1_66' title="bbox 224 2356 1013 2389">
    <p class='ocr_par' dir='ltr' id='par_1_66' title="bbox 224 2356 1013 2389">
     <span class='ocr_line' id='line_1_66' title="bbox 224 2356 1013 2389; baseline -0.001 -4"><span class='ocrx_word' id='word_1_469' title='bbox 224 2365 319 2389; x_wconf 83' lang='lat' dir='ltr'><strong>carne.</strong></span> <span class='ocrx_word' id='word_1_470' title='bbox 336 2365 352 2384; x_wconf 91' lang='lat' dir='ltr'><strong>a</strong></span> <span class='ocrx_word' id='word_1_471' title='bbox 371 2357 427 2384; x_wconf 91' lang='lat' dir='ltr'><strong>Deo</strong></span> <span class='ocrx_word' id='word_1_472' title='bbox 450 2356 602 2383; x_wconf 74' lang='lat' dir='ltr'><strong>albatorum</strong></span> <span class='ocrx_word' id='word_1_473' title='bbox 630 2356 740 2383; x_wconf 82' lang='lat' dir='ltr'><strong>Patrum</strong></span> <span class='ocrx_word' id='word_1_474' title='bbox 765 2357 940 2384; x_wconf 88' lang='lat' dir='ltr'><strong>sermonibus</strong></span> <span class='ocrx_word' id='word_1_475' title='bbox 963 2357 1013 2384; x_wconf 92' lang='lat' dir='ltr'><strong>de-</strong></span> 
     </span>
    </p>
   </div>
   <div class='ocr_carea' id='block_1_67' title="bbox 225 2402 1014 2438">
    <p class='ocr_par' dir='ltr' id='par_1_67' title="bbox 225 2402 1014 2438">
     <span class='ocr_line' id='line_1_67' title="bbox 225 2402 1014 2438; baseline -0.003 -7"><span class='ocrx_word' id='word_1_476' title='bbox 225 2404 362 2435; x_wconf 87' lang='lat' dir='ltr'><strong>liciantes,</strong></span> <span class='ocrx_word' id='word_1_477' title='bbox 378 2407 442 2431; x_wconf 88' lang='lat' dir='ltr'><strong>ante</strong></span> <span class='ocrx_word' id='word_1_478' title='bbox 453 2403 509 2438; x_wconf 88' lang='lat' dir='ltr'><strong>jam</strong></span> <span class='ocrx_word' id='word_1_479' title='bbox 525 2402 728 2430; x_wconf 88' lang='lat' dir='ltr'><strong>celebravimus</strong></span> <span class='ocrx_word' id='word_1_480' title='bbox 742 2411 750 2430; x_wconf 87' lang='lat'>:</span> <span class='ocrx_word' id='word_1_481' title='bbox 764 2410 826 2430; x_wconf 92' lang='lat' dir='ltr'><strong>cum</strong></span> <span class='ocrx_word' id='word_1_482' title='bbox 838 2403 943 2438; x_wconf 79' lang='lat' dir='ltr'><strong>angelis</strong></span> <span class='ocrx_word' id='word_1_483' title='bbox 955 2403 1014 2429; x_wconf 89' lang='lat' dir='ltr'><strong>lau-</strong></span> 
     </span>
    </p>
   </div>
   <div class='ocr_carea' id='block_1_68' title="bbox 227 2449 1014 2485">
    <p class='ocr_par' dir='ltr' id='par_1_68' title="bbox 227 2449 1014 2485">
     <span class='ocr_line' id='line_1_68' title="bbox 227 2449 1014 2485; baseline -0.001 -8"><span class='ocrx_word' id='word_1_484' title='bbox 227 2450 292 2477; x_wconf 88' lang='lat' dir='ltr'><strong>dum</strong></span> <span class='ocrx_word' id='word_1_485' title='bbox 312 2450 417 2478; x_wconf 87' lang='lat' dir='ltr'><strong>cantica</strong></span> <span class='ocrx_word' id='word_1_486' title='bbox 432 2449 616 2485; x_wconf 90' lang='lat' dir='ltr'><strong>prompsimus</strong></span> <span class='ocrx_word' id='word_1_487' title='bbox 629 2457 636 2481; x_wconf 90' lang='lat'><strong>;</strong></span> <span class='ocrx_word' id='word_1_488' title='bbox 651 2457 713 2476; x_wconf 91' lang='lat' dir='ltr'><strong>cum</strong></span> <span class='ocrx_word' id='word_1_489' title='bbox 735 2449 892 2484; x_wconf 88' lang='lat' dir='ltr'><strong>pastoribus</strong></span> <span class='ocrx_word' id='word_1_490' title='bbox 913 2449 1014 2485; x_wconf 74' lang='lat' dir='ltr'><strong>glorifi-</strong></span> 
     </span>
    </p>
   </div>
   <div class='ocr_carea' id='block_1_69' title="bbox 227 2495 1014 2533">
    <p class='ocr_par' dir='ltr' id='par_1_69' title="bbox 227 2495 1014 2533">
     <span class='ocr_line' id='line_1_69' title="bbox 227 2495 1014 2533; baseline 0 -11"><span class='ocrx_word' id='word_1_491' title='bbox 227 2495 352 2522; x_wconf 83' lang='lat' dir='ltr'><strong>cavimus</strong></span> <span class='ocrx_word' id='word_1_492' title='bbox 368 2504 375 2522; x_wconf 89' lang='lat'><strong>:</strong></span> <span class='ocrx_word' id='word_1_493' title='bbox 393 2503 453 2522; x_wconf 91' lang='lat' dir='ltr'><strong>cum</strong></span> <span class='ocrx_word' id='word_1_494' title='bbox 471 2495 557 2530; x_wconf 76' lang='lat' dir='ltr'><strong>Magis</strong></span> <span class='ocrx_word' id='word_1_495' title='bbox 579 2495 730 2533; x_wconf 77' lang='lat' dir='ltr'><strong>obtulimus</strong></span> <span class='ocrx_word' id='word_1_496' title='bbox 751 2502 885 2527; x_wconf 89' lang='lat' dir='ltr'><strong>munera;</strong></span> <span class='ocrx_word' id='word_1_497' title='bbox 903 2495 1014 2522; x_wconf 77' lang='lat' dir='ltr'><strong>tametsi</strong></span> 
     </span>
    </p>
   </div>
   <div class='ocr_carea' id='block_1_70' title="bbox 227 2540 1014 2576">
    <p class='ocr_par' dir='ltr' id='par_1_70' title="bbox 227 2540 1014 2576">
     <span class='ocr_line' id='line_1_70' title="bbox 227 2540 1014 2576; baseline 0.003 -10"><span class='ocrx_word' id='word_1_498' title='bbox 227 2547 283 2567; x_wconf 88' lang='lat' dir='ltr'><strong>non</strong></span> <span class='ocrx_word' id='word_1_499' title='bbox 296 2547 404 2573; x_wconf 81' lang='lat' dir='ltr'><strong>aurum,</strong></span> <span class='ocrx_word' id='word_1_500' title='bbox 419 2541 582 2573; x_wconf 85' lang='lat' dir='ltr'><strong>thnsve,aut</strong></span> <span class='ocrx_word' id='word_1_501' title='bbox 596 2540 732 2576; x_wconf 77' lang='lat' dir='ltr'><strong>myrrham</strong></span> <span class='ocrx_word' id='word_1_502' title='bbox 746 2547 753 2572; x_wconf 84' lang='lat'><strong>;</strong></span> <span class='ocrx_word' id='word_1_503' title='bbox 768 2540 815 2568; x_wconf 79' lang='lat' dir='ltr'><strong>Sed</strong></span> <span class='ocrx_word' id='word_1_504' title='bbox 835 2540 932 2567; x_wconf 86' lang='lat' dir='ltr'><strong>horum</strong></span> <span class='ocrx_word' id='word_1_505' title='bbox 944 2541 1014 2573; x_wconf 86' lang='lat' dir='ltr'><strong>loco,</strong></span> 
     </span>
    </p>
   </div>
   <div class='ocr_carea' id='block_1_71' title="bbox 227 2587 1014 2624">
    <p class='ocr_par' dir='ltr' id='par_1_71' title="bbox 227 2587 1014 2624">
     <span class='ocr_line' id='line_1_71' title="bbox 227 2587 1014 2624; baseline -0.001 -8"><span class='ocrx_word' id='word_1_506' title='bbox 227 2587 310 2616; x_wconf 73' lang='lat' dir='ltr'><strong>ﬁdem</strong></span> <span class='ocrx_word' id='word_1_507' title='bbox 326 2587 352 2613; x_wconf 92' lang='lat' dir='ltr'><strong>in</strong></span> <span class='ocrx_word' id='word_1_508' title='bbox 366 2587 517 2622; x_wconf 87' lang='lat' dir='ltr'><strong>Christum,</strong></span> <span class='ocrx_word' id='word_1_509' title='bbox 537 2596 604 2616; x_wconf 90' lang='lat' dir='ltr'><strong>auro</strong></span> <span class='ocrx_word' id='word_1_510' title='bbox 620 2588 812 2623; x_wconf 89' lang='lat' dir='ltr'><strong>pretiosiorem</strong></span> <span class='ocrx_word' id='word_1_511' title='bbox 825 2608 832 2621; x_wconf 89' lang='lat'><strong>,</strong></span> <span class='ocrx_word' id='word_1_512' title='bbox 846 2588 1014 2624; x_wconf 79' lang='lat' dir='ltr'><strong>fragrantio-</strong></span> 
     </span>
    </p>
   </div>
   <div class='ocr_carea' id='block_1_72' title="bbox 228 2633 1015 2669">
    <p class='ocr_par' dir='ltr' id='par_1_72' title="bbox 228 2633 1015 2669">
     <span class='ocr_line' id='line_1_72' title="bbox 228 2633 1015 2669; baseline 0.001 -8"><span class='ocrx_word' id='word_1_513' title='bbox 228 2641 286 2662; x_wconf 88' lang='lat' dir='ltr'><strong>rem</strong></span> <span class='ocrx_word' id='word_1_514' title='bbox 301 2633 381 2661; x_wconf 89' lang='lat' dir='ltr'><strong>thure</strong></span> <span class='ocrx_word' id='word_1_515' title='bbox 393 2641 400 2666; x_wconf 90' lang='lat'><strong>;</strong></span> <span class='ocrx_word' id='word_1_516' title='bbox 413 2634 576 2669; x_wconf 85' lang='lat' dir='ltr'><strong>myrrhaque</strong></span> <span class='ocrx_word' id='word_1_517' title='bbox 586 2638 765 2662; x_wconf 82' lang='lat' dir='ltr'><strong>conservante</strong></span> <span class='ocrx_word' id='word_1_518' title='bbox 777 2642 903 2669; x_wconf 88' lang='lat' dir='ltr'><strong>corpora,</strong></span> <span class='ocrx_word' id='word_1_519' title='bbox 914 2635 1015 2662; x_wconf 79' lang='lat' dir='ltr'><strong>eximie</strong></span> 
     </span>
    </p>
   </div>
   <div class='ocr_carea' id='block_1_73' title="bbox 228 2677 1015 2715">
    <p class='ocr_par' dir='ltr' id='par_1_73' title="bbox 228 2677 1015 2715">
     <span class='ocr_line' id='line_1_73' title="bbox 228 2677 1015 2715; baseline -0.001 -7"><span class='ocrx_word' id='word_1_520' title='bbox 228 2679 422 2708; x_wconf 77' lang='lat' dir='ltr'><strong>eﬂlcaciorem.</strong></span> <span class='ocrx_word' id='word_1_521' title='bbox 434 2677 493 2706; x_wconf 85' lang='lat' dir='ltr'><strong>Non</strong></span> <span class='ocrx_word' id='word_1_522' title='bbox 504 2679 577 2706; x_wconf 86' lang='lat' dir='ltr'><strong>enim</strong></span> <span class='ocrx_word' id='word_1_523' title='bbox 594 2684 699 2706; x_wconf 86' lang='lat' dir='ltr'><strong>mortua</strong></span> <span class='ocrx_word' id='word_1_524' title='bbox 710 2684 803 2707; x_wconf 89' lang='lat' dir='ltr'><strong>nostra</strong></span> <span class='ocrx_word' id='word_1_525' title='bbox 819 2688 931 2715; x_wconf 83' lang='lat' dir='ltr'><strong>corpora</strong></span> <span class='ocrx_word' id='word_1_526' title='bbox 948 2688 1015 2708; x_wconf 91' lang='lat' dir='ltr'><strong>con-</strong></span> 
     </span>
    </p>
   </div>
   <div class='ocr_carea' id='block_1_74' title="bbox 228 2724 1013 2758">
    <p class='ocr_par' dir='ltr' id='par_1_74' title="bbox 228 2724 1013 2758">
     <span class='ocr_line' id='line_1_74' title="bbox 228 2724 1013 2758; baseline 0.001 -5"><span class='ocrx_word' id='word_1_527' title='bbox 228 2728 345 2758; x_wconf 83' lang='lat' dir='ltr'><strong>servat;</strong></span> <span class='ocrx_word' id='word_1_528' title='bbox 371 2731 469 2752; x_wconf 89' lang='lat' dir='ltr'><strong>verum</strong></span> <span class='ocrx_word' id='word_1_529' title='bbox 495 2724 599 2752; x_wconf 85' lang='lat' dir='ltr'><strong>animas</strong></span> <span class='ocrx_word' id='word_1_530' title='bbox 630 2725 827 2753; x_wconf 85' lang='lat' dir='ltr'><strong>immortalitati</strong></span> <span class='ocrx_word' id='word_1_531' title='bbox 858 2730 1013 2754; x_wconf 80' lang='lat' dir='ltr'><strong>consecrat.</strong></span> 
     </span>
    </p>
   </div>
   <div class='ocr_carea' id='block_1_75' title="bbox 230 2770 1039 2804">
    <p class='ocr_par' dir='ltr' id='par_1_75' title="bbox 230 2770 1039 2804">
     <span class='ocr_line' id='line_1_75' title="bbox 230 2770 1039 2804; baseline 0.002 -5"><span class='ocrx_word' id='word_1_532' title='bbox 230 2770 310 2799; x_wconf 80' lang='lat' dir='ltr'><strong>Nunc</strong></span> <span class='ocrx_word' id='word_1_533' title='bbox 320 2775 411 2798; x_wconf 89' lang='lat' dir='ltr'><strong>autem</strong></span> <span class='ocrx_word' id='word_1_534' title='bbox 423 2771 494 2798; x_wconf 85' lang='lat' dir='ltr'><strong>alius</strong></span> <span class='ocrx_word' id='word_1_535' title='bbox 508 2770 609 2797; x_wconf 89' lang='lat' dir='ltr'><strong>Christi</strong></span> <span class='ocrx_word' id='word_1_536' title='bbox 625 2772 767 2804; x_wconf 85' lang='lat' dir='ltr'><strong>adventus,</strong></span> <span class='ocrx_word' id='word_1_537' title='bbox 790 2773 860 2801; x_wconf 88' lang='lat' dir='ltr'><strong>alius</strong></span> <span class='ocrx_word' id='word_1_538' title='bbox 883 2781 1016 2801; x_wconf 89' lang='lat' dir='ltr'><strong>occursus</strong></span> <span class='ocrx_word' id='word_1_539' title='bbox 1034 2789 1039 2794; x_wconf 94' lang='lat'><strong><em>-</em></strong></span> 
     </span>
    </p>
   </div>
   <div class='ocr_carea' id='block_1_76' title="bbox 232 2815 1014 2854">
    <p class='ocr_par' dir='ltr' id='par_1_76' title="bbox 232 2815 1014 2854">
     <span class='ocr_line' id='line_1_76' title="bbox 232 2815 1014 2854; baseline 0.004 -9"><span class='ocrx_word' id='word_1_540' title='bbox 232 2817 313 2845; x_wconf 89' lang='lat' dir='ltr'><strong>nobis</strong></span> <span class='ocrx_word' id='word_1_541' title='bbox 329 2825 411 2845; x_wconf 89' lang='lat' dir='ltr'><strong>causa</strong></span> <span class='ocrx_word' id='word_1_542' title='bbox 420 2817 538 2845; x_wconf 78' lang='lat' dir='ltr'><strong>exsistit.</strong></span> <span class='ocrx_word' id='word_1_543' title='bbox 556 2815 654 2844; x_wconf 81' lang='lat' dir='ltr'><strong>Venite</strong></span> <span class='ocrx_word' id='word_1_544' title='bbox 669 2825 743 2854; x_wconf 74' lang='lat' dir='ltr'><strong>ergo,</strong></span> <span class='ocrx_word' id='word_1_545' title='bbox 759 2819 922 2853; x_wconf 82' lang='lat' dir='ltr'><strong>charissimi,</strong></span> <span class='ocrx_word' id='word_1_546' title='bbox 939 2821 1014 2848; x_wconf 92' lang='lat' dir='ltr'><strong>omni</strong></span> 
     </span>
    </p>
   </div>
   <div class='ocr_carea' id='block_1_77' title="bbox 266 2906 802 2943">
    <p class='ocr_par' dir='ltr' id='par_1_77' title="bbox 266 2906 802 2943">
     <span class='ocr_line' id='line_1_77' title="bbox 266 2906 802 2943; baseline -0.004 -7"><span class='ocrx_word' id='word_1_547' title='bbox 266 2909 277 2924; x_wconf 82' lang='grc'><strong>⁸</strong></span> <span class='ocrx_word' id='word_1_548' title='bbox 292 2907 372 2937; x_wconf 73' lang='lat' dir='ltr'><strong>Rom.</strong></span> <span class='ocrx_word' id='word_1_549' title='bbox 387 2915 418 2943; x_wconf 79' lang='lat' dir='ltr'><strong>ll,</strong></span> <span class='ocrx_word' id='word_1_550' title='bbox 437 2907 481 2935; x_wconf 67' lang='grc'><strong>24.</strong></span> <span class='ocrx_word' id='word_1_551' title='bbox 522 2907 531 2924; x_wconf 86' lang='grc'><em>³</em></span> <span class='ocrx_word' id='word_1_552' title='bbox 544 2906 646 2935; x_wconf 77' lang='lat' dir='ltr'><strong>Jercm.</strong></span> <span class='ocrx_word' id='word_1_553' title='bbox 662 2915 738 2940; x_wconf 76' lang='lat' dir='ltr'><strong>xxiii,</strong></span> <span class='ocrx_word' id='word_1_554' title='bbox 755 2907 802 2935; x_wconf 69' lang='lat' dir='ltr'><strong>2t.</strong></span> 
     </span>
    </p>
   </div>
   <div class='ocr_carea' id='block_1_78' title="bbox 1057 984 1847 1021">
    <p class='ocr_par' dir='ltr' id='par_1_78' title="bbox 1057 984 1847 1021">
     <span class='ocr_line' id='line_1_78' title="bbox 1057 984 1847 1021; baseline -0.003 -9"><span class='ocrx_word' id='word_1_555' title='bbox 1057 985 1155 1020; x_wconf 75' lang='grc' dir='ltr'>τρέπει</span> <span class='ocrx_word' id='word_1_556' title='bbox 1179 986 1343 1021; x_wconf 79' lang='grc' dir='ltr'>ἐπουράνιον</span> <span class='ocrx_word' id='word_1_557' title='bbox 1367 986 1458 1012; x_wconf 82' lang='grc' dir='ltr'>πᾶσαν</span> <span class='ocrx_word' id='word_1_558' title='bbox 1483 985 1572 1012; x_wconf 79' lang='grc' dir='ltr'>κτίσιν</span> <span class='ocrx_word' id='word_1_559' title='bbox 1594 985 1641 1012; x_wconf 79' lang='grc' dir='ltr'>καὶ</span> <span class='ocrx_word' id='word_1_560' title='bbox 1661 985 1792 1018; x_wconf 75' lang='grc' dir='ltr'>ἐπίγειον,</span> <span class='ocrx_word' id='word_1_561' title='bbox 1807 984 1847 1015; x_wconf 83' lang='grc' dir='ltr'><strong>είς</strong></span> 
     </span>
    </p>
   </div>
   <div class='ocr_carea' id='block_1_79' title="bbox 1058 1028 1846 1066">
    <p class='ocr_par' dir='ltr' id='par_1_79' title="bbox 1058 1028 1846 1066">
     <span class='ocr_line' id='line_1_79' title="bbox 1058 1028 1846 1066; baseline -0.004 -9"><span class='ocrx_word' id='word_1_562' title='bbox 1058 1030 1250 1066; x_wconf 80' lang='grc' dir='ltr'>πνευματικὴν</span> <span class='ocrx_word' id='word_1_563' title='bbox 1266 1030 1437 1066; x_wconf 83' lang='grc' dir='ltr'>εὐφροσύνην</span> <span class='ocrx_word' id='word_1_564' title='bbox 1449 1031 1495 1057; x_wconf 78' lang='grc' dir='ltr'>καὶ</span> <span class='ocrx_word' id='word_1_565' title='bbox 1508 1029 1718 1064; x_wconf 73' lang='grc' dir='ltr'>ἀγαὶ.λίασιν.Εί</span> <span class='ocrx_word' id='word_1_566' title='bbox 1729 1029 1783 1063; x_wconf 85' lang='grc' dir='ltr'>γὰρ</span> <span class='ocrx_word' id='word_1_567' title='bbox 1796 1028 1846 1063; x_wconf 85' lang='grc' dir='ltr'><strong>βα-</strong></span> 
     </span>
    </p>
   </div>
   <div class='ocr_carea' id='block_1_80' title="bbox 1058 1074 1847 1112">
    <p class='ocr_par' dir='ltr' id='par_1_80' title="bbox 1058 1074 1847 1112">
     <span class='ocr_line' id='line_1_80' title="bbox 1058 1074 1847 1112; baseline -0.004 -9"><span class='ocrx_word' id='word_1_568' title='bbox 1058 1076 1155 1109; x_wconf 82' lang='grc' dir='ltr'>σιλέως</span> <span class='ocrx_word' id='word_1_569' title='bbox 1180 1077 1304 1111; x_wconf 70' lang='grc' dir='ltr'>ἐπιγείου</span> <span class='ocrx_word' id='word_1_570' title='bbox 1328 1076 1376 1103; x_wconf 75' lang='grc' dir='ltr'>καὶ</span> <span class='ocrx_word' id='word_1_571' title='bbox 1393 1076 1492 1112; x_wconf 80' lang='grc' dir='ltr'>θνητοῦ</span> <span class='ocrx_word' id='word_1_572' title='bbox 1517 1077 1556 1108; x_wconf 78' lang='grc' dir='ltr'>εἰς</span> <span class='ocrx_word' id='word_1_573' title='bbox 1578 1076 1658 1102; x_wconf 88' lang='grc' dir='ltr'>πόλιν</span> <span class='ocrx_word' id='word_1_574' title='bbox 1673 1074 1847 1109; x_wconf 82' lang='grc' dir='ltr'>είσέρχεσθαι</span> 
     </span>
    </p>
   </div>
   <div class='ocr_carea' id='block_1_81' title="bbox 1057 1120 1847 1158">
    <p class='ocr_par' dir='ltr' id='par_1_81' title="bbox 1057 1120 1847 1158">
     <span class='ocr_line' id='line_1_81' title="bbox 1057 1120 1847 1158; baseline -0.005 -9"><span class='ocrx_word' id='word_1_575' title='bbox 1057 1123 1216 1158; x_wconf 83' lang='grc' dir='ltr'>μέλλοντος,</span> <span class='ocrx_word' id='word_1_576' title='bbox 1230 1125 1306 1150; x_wconf 81' lang='grc' dir='ltr'>πᾶσα</span> <span class='ocrx_word' id='word_1_577' title='bbox 1322 1123 1370 1158; x_wconf 77' lang='grc' dir='ltr'>μὲν</span> <span class='ocrx_word' id='word_1_578' title='bbox 1386 1124 1403 1158; x_wconf 82' lang='grc' dir='ltr'><strong>ἡ</strong></span> <span class='ocrx_word' id='word_1_579' title='bbox 1419 1123 1495 1155; x_wconf 83' lang='grc' dir='ltr'>πόλις</span> <span class='ocrx_word' id='word_1_580' title='bbox 1510 1123 1729 1156; x_wconf 81' lang='grc' dir='ltr'>κατακοσμεῖται</span> <span class='ocrx_word' id='word_1_581' title='bbox 1744 1120 1847 1156; x_wconf 83' lang='grc' dir='ltr'>βήλοις,</span> 
     </span>
    </p>
   </div>
   <div class='ocr_carea' id='block_1_82' title="bbox 1056 1167 1847 1204">
    <p class='ocr_par' dir='ltr' id='par_1_82' title="bbox 1056 1167 1847 1204">
     <span class='ocr_line' id='line_1_82' title="bbox 1056 1167 1847 1204; baseline -0.005 -8"><span class='ocrx_word' id='word_1_582' title='bbox 1056 1169 1104 1196; x_wconf 73' lang='grc' dir='ltr'><strong>καὶ</strong></span> <span class='ocrx_word' id='word_1_583' title='bbox 1120 1169 1327 1204; x_wconf 84' lang='grc' dir='ltr'>στεφανώμασι,</span> <span class='ocrx_word' id='word_1_584' title='bbox 1341 1169 1389 1196; x_wconf 79' lang='grc' dir='ltr'><strong>καὶ</strong></span> <span class='ocrx_word' id='word_1_585' title='bbox 1409 1169 1557 1204; x_wconf 80' lang='grc' dir='ltr'>ἀρώμασι’</span> <span class='ocrx_word' id='word_1_586' title='bbox 1575 1169 1677 1200; x_wconf 87' lang='grc' dir='ltr'>πάντες</span> <span class='ocrx_word' id='word_1_587' title='bbox 1696 1167 1726 1193; x_wconf 74' lang='grc' dir='ltr'><strong>δὲ</strong></span> <span class='ocrx_word' id='word_1_588' title='bbox 1747 1167 1785 1197; x_wconf 87' lang='grc' dir='ltr'>ὡς</span> <span class='ocrx_word' id='word_1_589' title='bbox 1807 1167 1847 1192; x_wconf 81' lang='grc' dir='ltr'>εί-</span> 
     </span>
    </p>
   </div>
   <div class='ocr_carea' id='block_1_83' title="bbox 1055 1212 1848 1251">
    <p class='ocr_par' dir='ltr' id='par_1_83' title="bbox 1055 1212 1848 1251">
     <span class='ocr_line' id='line_1_83' title="bbox 1055 1212 1848 1251; baseline -0.006 -9"><span class='ocrx_word' id='word_1_590' title='bbox 1055 1216 1128 1248; x_wconf 82' lang='grc' dir='ltr'><strong>πεῖν,</strong></span> <span class='ocrx_word' id='word_1_591' title='bbox 1146 1215 1240 1251; x_wconf 82' lang='grc' dir='ltr'>μικροί</span> <span class='ocrx_word' id='word_1_592' title='bbox 1257 1223 1287 1242; x_wconf 81' lang='grc' dir='ltr'><strong>τε</strong></span> <span class='ocrx_word' id='word_1_593' title='bbox 1309 1215 1356 1242; x_wconf 78' lang='grc' dir='ltr'><strong>καὶ</strong></span> <span class='ocrx_word' id='word_1_594' title='bbox 1379 1215 1495 1249; x_wconf 80' lang='grc' dir='ltr'>μεγάλοι</span> <span class='ocrx_word' id='word_1_595' title='bbox 1517 1214 1644 1245; x_wconf 82' lang='grc' dir='ltr'>ποικίλας</span> <span class='ocrx_word' id='word_1_596' title='bbox 1662 1212 1758 1243; x_wconf 82' lang='grc' dir='ltr'>στολὰς</span> <span class='ocrx_word' id='word_1_597' title='bbox 1771 1212 1848 1245; x_wconf 73' lang='grc' dir='ltr'>ἔξαλ-</span> 
     </span>
    </p>
   </div>
   <div class='ocr_carea' id='block_1_84' title="bbox 1055 1257 1848 1296">
    <p class='ocr_par' dir='ltr' id='par_1_84' title="bbox 1055 1257 1848 1296">
     <span class='ocr_line' id='line_1_84' title="bbox 1055 1257 1848 1296; baseline -0.005 -9"><span class='ocrx_word' id='word_1_598' title='bbox 1055 1261 1214 1292; x_wconf 76' lang='grc' dir='ltr'>λάσσοντες,</span> <span class='ocrx_word' id='word_1_599' title='bbox 1233 1260 1303 1295; x_wconf 77' lang='grc' dir='ltr'>πρὸς</span> <span class='ocrx_word' id='word_1_600' title='bbox 1325 1260 1374 1296; x_wconf 83' lang='grc' dir='ltr'>τὴν</span> <span class='ocrx_word' id='word_1_601' title='bbox 1399 1260 1448 1286; x_wconf 87' lang='grc' dir='ltr'><strong>τοῦ</strong></span> <span class='ocrx_word' id='word_1_602' title='bbox 1466 1260 1601 1295; x_wconf 80' lang='grc' dir='ltr'>βασιλέως</span> <span class='ocrx_word' id='word_1_603' title='bbox 1614 1258 1749 1294; x_wconf 84' lang='grc' dir='ltr'>χωροῦσιν</span> <span class='ocrx_word' id='word_1_604' title='bbox 1762 1257 1848 1284; x_wconf 84' lang='grc' dir='ltr'>ὑπάν-</span> 
     </span>
    </p>
   </div>
   <div class='ocr_carea' id='block_1_85' title="bbox 1057 1305 1849 1342">
    <p class='ocr_par' dir='ltr' id='par_1_85' title="bbox 1057 1305 1849 1342">
     <span class='ocr_line' id='line_1_85' title="bbox 1057 1305 1849 1342; baseline -0.005 -10"><span class='ocrx_word' id='word_1_605' title='bbox 1057 1315 1155 1342; x_wconf 83' lang='grc' dir='ltr'>τησιν·</span> <span class='ocrx_word' id='word_1_606' title='bbox 1173 1307 1222 1333; x_wconf 80' lang='grc' dir='ltr'><strong>καὶ</strong></span> <span class='ocrx_word' id='word_1_607' title='bbox 1245 1307 1336 1341; x_wconf 85' lang='grc' dir='ltr'>πάσης</span> <span class='ocrx_word' id='word_1_608' title='bbox 1362 1306 1412 1341; x_wconf 78' lang='grc' dir='ltr'>μὲν</span> <span class='ocrx_word' id='word_1_609' title='bbox 1436 1306 1630 1342; x_wconf 81' lang='grc' dir='ltr'>πραγματείας</span> <span class='ocrx_word' id='word_1_610' title='bbox 1652 1305 1750 1339; x_wconf 80' lang='grc' dir='ltr'>ἑτέρας</span> <span class='ocrx_word' id='word_1_611' title='bbox 1771 1311 1849 1338; x_wconf 87' lang='grc' dir='ltr'>περι-</span> 
     </span>
    </p>
   </div>
   <div class='ocr_carea' id='block_1_86' title="bbox 1059 1348 1849 1386">
    <p class='ocr_par' dir='ltr' id='par_1_86' title="bbox 1059 1348 1849 1386">
     <span class='ocr_line' id='line_1_86' title="bbox 1059 1348 1849 1386; baseline -0.004 -8"><span class='ocrx_word' id='word_1_612' title='bbox 1059 1351 1223 1386; x_wconf 81' lang='grc' dir='ltr'>φρονοῦντες</span> <span class='ocrx_word' id='word_1_613' title='bbox 1231 1359 1238 1366; x_wconf 85' lang='lat'><strong>&#39;</strong></span> <span class='ocrx_word' id='word_1_614' title='bbox 1253 1352 1344 1386; x_wconf 80' lang='grc' dir='ltr'>πάσης</span> <span class='ocrx_word' id='word_1_615' title='bbox 1355 1352 1384 1378; x_wconf 75' lang='grc' dir='ltr'><strong>δὲ</strong></span> <span class='ocrx_word' id='word_1_616' title='bbox 1395 1352 1514 1386; x_wconf 84' lang='grc' dir='ltr'>σπουδῆς</span> <span class='ocrx_word' id='word_1_617' title='bbox 1526 1351 1736 1386; x_wconf 64' lang='grc' dir='ltr'>προτιμοτέραν</span> <span class='ocrx_word' id='word_1_618' title='bbox 1747 1348 1849 1383; x_wconf 73' lang='grc' dir='ltr'>ταύτην</span> 
     </span>
    </p>
   </div>
   <div class='ocr_carea' id='block_1_87' title="bbox 1057 1395 1850 1432">
    <p class='ocr_par' dir='ltr' id='par_1_87' title="bbox 1057 1395 1850 1432">
     <span class='ocr_line' id='line_1_87' title="bbox 1057 1395 1850 1432; baseline -0.005 -9"><span class='ocrx_word' id='word_1_619' title='bbox 1057 1397 1210 1432; x_wconf 76' lang='grc' dir='ltr'>τιθέμενοι·</span> <span class='ocrx_word' id='word_1_620' title='bbox 1228 1397 1305 1430; x_wconf 77' lang='grc' dir='ltr'>πόσῳ</span> <span class='ocrx_word' id='word_1_621' title='bbox 1321 1397 1422 1432; x_wconf 81' lang='grc' dir='ltr'>μᾶλλον</span> <span class='ocrx_word' id='word_1_622' title='bbox 1436 1396 1655 1430; x_wconf 85' lang='grc' dir='ltr'>παραγινομένου</span> <span class='ocrx_word' id='word_1_623' title='bbox 1669 1395 1716 1421; x_wconf 88' lang='grc' dir='ltr'><strong>τοῦ</strong></span> <span class='ocrx_word' id='word_1_624' title='bbox 1732 1395 1850 1428; x_wconf 76' lang='grc' dir='ltr'>ἐπουρα-</span> 
     </span>
    </p>
   </div>
   <div class='ocr_carea' id='block_1_88' title="bbox 1058 1440 1850 1477">
    <p class='ocr_par' dir='ltr' id='par_1_88' title="bbox 1058 1440 1850 1477">
     <span class='ocr_line' id='line_1_88' title="bbox 1058 1440 1850 1477; baseline -0.004 -9"><span class='ocrx_word' id='word_1_625' title='bbox 1058 1443 1115 1469; x_wconf 85' lang='grc' dir='ltr'>νίου</span> <span class='ocrx_word' id='word_1_626' title='bbox 1130 1442 1198 1469; x_wconf 82' lang='grc' dir='ltr'>Θεοῦ</span> <span class='ocrx_word' id='word_1_627' title='bbox 1213 1451 1244 1469; x_wconf 88' lang='grc' dir='ltr'><strong>τε</strong></span> <span class='ocrx_word' id='word_1_628' title='bbox 1262 1443 1309 1470; x_wconf 81' lang='grc' dir='ltr'><strong>καὶ</strong></span> <span class='ocrx_word' id='word_1_629' title='bbox 1322 1442 1465 1477; x_wconf 78' lang='grc' dir='ltr'>βασιλέως,</span> <span class='ocrx_word' id='word_1_630' title='bbox 1478 1443 1568 1470; x_wconf 84' lang='grc' dir='ltr'>πᾶσαν</span> <span class='ocrx_word' id='word_1_631' title='bbox 1582 1442 1633 1477; x_wconf 81' lang='grc' dir='ltr'>τὴν</span> <span class='ocrx_word' id='word_1_632' title='bbox 1649 1442 1694 1468; x_wconf 78' lang='grc' dir='ltr'>ὑπ’</span> <span class='ocrx_word' id='word_1_633' title='bbox 1706 1440 1789 1468; x_wconf 82' lang='grc' dir='ltr'>αὑτοῦ</span> <span class='ocrx_word' id='word_1_634' title='bbox 1803 1448 1850 1474; x_wconf 85' lang='grc' dir='ltr'>γε-</span> 
     </span>
    </p>
   </div>
   <div class='ocr_carea' id='block_1_89' title="bbox 1790 1484 1851 1520">
    <p class='ocr_par' dir='ltr' id='par_1_89' title="bbox 1790 1484 1851 1520">
     <span class='ocr_line' id='line_1_89' title="bbox 1790 1484 1851 1520; baseline 0.016 -9"><span class='ocrx_word' id='word_1_635' title='bbox 1790 1484 1851 1520; x_wconf 74' lang='grc' dir='ltr'>ἃμα</span> 
     </span>
    </p>
   </div>
   <div class='ocr_carea' id='block_1_90' title="bbox 1095 1577 1852 1617">
    <p class='ocr_par' dir='ltr' id='par_1_90' title="bbox 1095 1577 1852 1617">
     <span class='ocr_line' id='line_1_90' title="bbox 1095 1577 1852 1617; baseline -0.007 -9"><span class='ocrx_word' id='word_1_636' title='bbox 1095 1582 1168 1608; x_wconf 78' lang='grc' dir='ltr'>Ἀλλ’</span> <span class='ocrx_word' id='word_1_637' title='bbox 1179 1582 1291 1617; x_wconf 71' lang='grc' dir='ltr'>ἴδωμεν,</span> <span class='ocrx_word' id='word_1_638' title='bbox 1300 1580 1449 1616; x_wconf 79' lang='grc' dir='ltr'>ἀγαπητοὶ,</span> <span class='ocrx_word' id='word_1_639' title='bbox 1464 1580 1529 1606; x_wconf 84' lang='grc' dir='ltr'>πότε</span> <span class='ocrx_word' id='word_1_640' title='bbox 1541 1579 1555 1605; x_wconf 86' lang='grc' dir='ltr'><strong>ό</strong></span> <span class='ocrx_word' id='word_1_641' title='bbox 1571 1578 1732 1613; x_wconf 79' lang='grc' dir='ltr'>ἐπουράνιος</span> <span class='ocrx_word' id='word_1_642' title='bbox 1741 1577 1788 1604; x_wconf 75' lang='grc' dir='ltr'><strong>καὶ</strong></span> <span class='ocrx_word' id='word_1_643' title='bbox 1802 1577 1852 1612; x_wconf 82' lang='grc' dir='ltr'><strong>μὲ-</strong></span> 
     </span>
    </p>
   </div>
   <div class='ocr_carea' id='block_1_91' title="bbox 1059 1623 1850 1663">
    <p class='ocr_par' dir='ltr' id='par_1_91' title="bbox 1059 1623 1850 1663">
     <span class='ocr_line' id='line_1_91' title="bbox 1059 1623 1850 1663; baseline -0.008 -8"><span class='ocrx_word' id='word_1_644' title='bbox 1059 1637 1111 1663; x_wconf 85' lang='grc' dir='ltr'><strong>γας</strong></span> <span class='ocrx_word' id='word_1_645' title='bbox 1126 1628 1192 1659; x_wconf 84' lang='grc' dir='ltr'>Θεός</span> <span class='ocrx_word' id='word_1_646' title='bbox 1208 1636 1238 1654; x_wconf 87' lang='grc' dir='ltr'><strong>τε</strong></span> <span class='ocrx_word' id='word_1_647' title='bbox 1253 1627 1302 1654; x_wconf 72' lang='grc' dir='ltr'>καὶ</span> <span class='ocrx_word' id='word_1_648' title='bbox 1324 1626 1452 1662; x_wconf 78' lang='grc' dir='ltr'>βασιλεὺς</span> <span class='ocrx_word' id='word_1_649' title='bbox 1469 1625 1665 1661; x_wconf 82' lang='grc' dir='ltr'>παραγίνεται.</span> <span class='ocrx_word' id='word_1_650' title='bbox 1688 1624 1758 1650; x_wconf 85' lang='grc' dir='ltr'>Πότε</span> <span class='ocrx_word' id='word_1_651' title='bbox 1779 1623 1850 1658; x_wconf 52' lang='grc' dir='ltr'>ἄρας</span> 
     </span>
    </p>
   </div>
   <div class='ocr_carea' id='block_1_92' title="bbox 1059 1669 1851 1710">
    <p class='ocr_par' dir='ltr' id='par_1_92' title="bbox 1059 1669 1851 1710">
     <span class='ocr_line' id='line_1_92' title="bbox 1059 1669 1851 1710; baseline -0.009 -9"><span class='ocrx_word' id='word_1_652' title='bbox 1059 1674 1091 1700; x_wconf 85' lang='lat' dir='ltr'><strong>Ei</strong></span> <span class='ocrx_word' id='word_1_653' title='bbox 1108 1674 1145 1710; x_wconf 86' lang='grc' dir='ltr'>μὴ</span> <span class='ocrx_word' id='word_1_654' title='bbox 1161 1675 1205 1700; x_wconf 84' lang='grc' dir='ltr'>ὅτε</span> <span class='ocrx_word' id='word_1_655' title='bbox 1226 1673 1287 1700; x_wconf 80' lang='grc' dir='ltr'>καθ’</span> <span class='ocrx_word' id='word_1_656' title='bbox 1298 1673 1372 1708; x_wconf 79' lang='grc' dir='ltr'>ἡμᾶς</span> <span class='ocrx_word' id='word_1_657' title='bbox 1389 1672 1422 1698; x_wconf 85' lang='grc' dir='ltr'><strong>δι’</strong></span> <span class='ocrx_word' id='word_1_658' title='bbox 1434 1672 1520 1706; x_wconf 82' lang='grc' dir='ltr'>ἡμᾶς,</span> <span class='ocrx_word' id='word_1_659' title='bbox 1536 1671 1682 1707; x_wconf 82' lang='grc' dir='ltr'>ἀτρέπτως</span> <span class='ocrx_word' id='word_1_660' title='bbox 1700 1669 1749 1696; x_wconf 78' lang='grc' dir='ltr'>καὶ</span> <span class='ocrx_word' id='word_1_661' title='bbox 1770 1669 1851 1696; x_wconf 82' lang='grc' dir='ltr'>ἀναλ-</span> 
     </span>
    </p>
   </div>
   <div class='ocr_carea' id='block_1_93' title="bbox 1059 1716 1849 1753">
    <p class='ocr_par' dir='ltr' id='par_1_93' title="bbox 1059 1716 1849 1753">
     <span class='ocr_line' id='line_1_93' title="bbox 1059 1716 1849 1753; baseline -0.003 -8"><span class='ocrx_word' id='word_1_662' title='bbox 1059 1719 1178 1751; x_wconf 85' lang='grc' dir='ltr'>λοιώτως</span> <span class='ocrx_word' id='word_1_663' title='bbox 1198 1720 1245 1745; x_wconf 79' lang='grc' dir='ltr'>καὶ</span> <span class='ocrx_word' id='word_1_664' title='bbox 1264 1719 1466 1753; x_wconf 77' lang='grc' dir='ltr'>ἀναμαρτήτως</span> <span class='ocrx_word' id='word_1_665' title='bbox 1485 1717 1713 1752; x_wconf 80' lang='grc' dir='ltr'>ὲνανθρωπήσας,</span> <span class='ocrx_word' id='word_1_666' title='bbox 1729 1716 1849 1750; x_wconf 76' lang='grc' dir='ltr'>ἐγένετο.</span> 
     </span>
    </p>
   </div>
   <div class='ocr_carea' id='block_1_94' title="bbox 1066 1762 1853 1800">
    <p class='ocr_par' dir='ltr' id='par_1_94' title="bbox 1066 1762 1853 1800">
     <span class='ocr_line' id='line_1_94' title="bbox 1066 1762 1853 1800; baseline -0.004 -9"><span class='ocrx_word' id='word_1_667' title='bbox 1066 1765 1176 1800; x_wconf 79' lang='grc' dir='ltr'>Ἐπειδὴ</span> <span class='ocrx_word' id='word_1_668' title='bbox 1197 1765 1251 1800; x_wconf 80' lang='grc' dir='ltr'><strong>γὰρ</strong></span> <span class='ocrx_word' id='word_1_669' title='bbox 1267 1765 1284 1800; x_wconf 88' lang='grc' dir='ltr'><strong>ή</strong></span> <span class='ocrx_word' id='word_1_670' title='bbox 1298 1764 1357 1791; x_wconf 86' lang='grc' dir='ltr'>θεία</span> <span class='ocrx_word' id='word_1_671' title='bbox 1379 1764 1462 1799; x_wconf 85' lang='grc' dir='ltr'>φύσις</span> <span class='ocrx_word' id='word_1_672' title='bbox 1482 1763 1630 1798; x_wconf 84' lang='grc' dir='ltr'>ἀσώματός</span> <span class='ocrx_word' id='word_1_673' title='bbox 1644 1771 1675 1789; x_wconf 86' lang='grc' dir='ltr'><strong>τε</strong></span> <span class='ocrx_word' id='word_1_674' title='bbox 1692 1762 1740 1789; x_wconf 74' lang='grc' dir='ltr'><strong>καὶ</strong></span> <span class='ocrx_word' id='word_1_675' title='bbox 1753 1762 1853 1796; x_wconf 81' lang='grc' dir='ltr'>ἀπερί-</span> 
     </span>
    </p>
   </div>
   <div class='ocr_carea' id='block_1_95' title="bbox 1060 1807 1851 1846">
    <p class='ocr_par' dir='ltr' id='par_1_95' title="bbox 1060 1807 1851 1846">
     <span class='ocr_line' id='line_1_95' title="bbox 1060 1807 1851 1846; baseline -0.005 -9"><span class='ocrx_word' id='word_1_676' title='bbox 1060 1819 1193 1846; x_wconf 83' lang='grc' dir='ltr'>γραπτος,</span> <span class='ocrx_word' id='word_1_677' title='bbox 1217 1811 1264 1837; x_wconf 74' lang='grc' dir='ltr'>καὶ</span> <span class='ocrx_word' id='word_1_678' title='bbox 1286 1811 1316 1837; x_wconf 82' lang='grc' dir='ltr'>ὲν</span> <span class='ocrx_word' id='word_1_679' title='bbox 1338 1809 1446 1845; x_wconf 80' lang='grc' dir='ltr'>ούρανῷ</span> <span class='ocrx_word' id='word_1_680' title='bbox 1466 1810 1536 1839; x_wconf 83' lang='grc' dir='ltr'>ἐστι.</span> <span class='ocrx_word' id='word_1_681' title='bbox 1550 1808 1598 1835; x_wconf 74' lang='grc' dir='ltr'><strong>καὶ</strong></span> <span class='ocrx_word' id='word_1_682' title='bbox 1611 1808 1660 1842; x_wconf 81' lang='grc' dir='ltr'>τὴν</span> <span class='ocrx_word' id='word_1_683' title='bbox 1676 1808 1727 1843; x_wconf 83' lang='grc' dir='ltr'>γῆν</span> <span class='ocrx_word' id='word_1_684' title='bbox 1746 1807 1851 1842; x_wconf 84' lang='grc' dir='ltr'>πεπλή-</span> 
     </span>
    </p>
   </div>
   <div class='ocr_carea' id='block_1_96' title="bbox 1061 1852 1851 1893">
    <p class='ocr_par' dir='ltr' id='par_1_96' title="bbox 1061 1852 1851 1893">
     <span class='ocr_line' id='line_1_96' title="bbox 1061 1852 1851 1893; baseline -0.005 -10"><span class='ocrx_word' id='word_1_685' title='bbox 1061 1865 1134 1893; x_wconf 85' lang='grc' dir='ltr'>ρωκε</span> <span class='ocrx_word' id='word_1_686' title='bbox 1157 1856 1228 1883; x_wconf 76' lang='grc' dir='ltr'>κατὰ</span> <span class='ocrx_word' id='word_1_687' title='bbox 1248 1856 1295 1883; x_wconf 88' lang='grc' dir='ltr'>τδν</span> <span class='ocrx_word' id='word_1_688' title='bbox 1318 1856 1432 1882; x_wconf 76' lang='grc' dir='ltr'>εἰπόντα</span> <span class='ocrx_word' id='word_1_689' title='bbox 1457 1855 1612 1890; x_wconf 84' lang='grc' dir='ltr'>προφήτην.</span> <span class='ocrx_word' id='word_1_690' title='bbox 1629 1854 1674 1889; x_wconf 88' lang='grc' dir='ltr'>Τῷ</span> <span class='ocrx_word' id='word_1_691' title='bbox 1698 1852 1744 1881; x_wconf 83' lang='grc' dir='ltr'>οὖν</span> <span class='ocrx_word' id='word_1_692' title='bbox 1758 1854 1851 1888; x_wconf 78' lang='grc' dir='ltr'>τρόπῳ</span> 
     </span>
    </p>
   </div>
   <div class='ocr_carea' id='block_1_97' title="bbox 1061 1899 1852 1940">
    <p class='ocr_par' dir='ltr' id='par_1_97' title="bbox 1061 1899 1852 1940">
     <span class='ocr_line' id='line_1_97' title="bbox 1061 1899 1852 1940; baseline -0.008 -9"><span class='ocrx_word' id='word_1_693' title='bbox 1061 1904 1159 1940; x_wconf 84' lang='grc' dir='ltr'>τούτῳ,</span> <span class='ocrx_word' id='word_1_694' title='bbox 1171 1903 1243 1938; x_wconf 82' lang='grc' dir='ltr'>λέγω</span> <span class='ocrx_word' id='word_1_695' title='bbox 1257 1903 1299 1938; x_wconf 84' lang='grc' dir='ltr'><strong>δὴ,</strong></span> <span class='ocrx_word' id='word_1_696' title='bbox 1317 1903 1356 1938; x_wconf 84' lang='grc' dir='ltr'>τῷ</span> <span class='ocrx_word' id='word_1_697' title='bbox 1379 1903 1432 1938; x_wconf 76' lang='grc' dir='ltr'>πρὸ</span> <span class='ocrx_word' id='word_1_698' title='bbox 1453 1904 1504 1937; x_wconf 81' lang='grc' dir='ltr'>τῆς</span> <span class='ocrx_word' id='word_1_699' title='bbox 1526 1901 1773 1937; x_wconf 81' lang='grc' dir='ltr'>ὲνανθρωπήσεως,</span> <span class='ocrx_word' id='word_1_700' title='bbox 1791 1899 1852 1925; x_wconf 76' lang='grc' dir='ltr'>οὒτε</span> 
     </span>
    </p>
   </div>
   <div class='ocr_carea' id='block_1_98' title="bbox 1062 1946 1853 1985">
    <p class='ocr_par' dir='ltr' id='par_1_98' title="bbox 1062 1946 1853 1985">
     <span class='ocr_line' id='line_1_98' title="bbox 1062 1946 1853 1985; baseline -0.009 -7"><span class='ocrx_word' id='word_1_701' title='bbox 1062 1951 1170 1985; x_wconf 81' lang='grc' dir='ltr'>ἀπέστη</span> <span class='ocrx_word' id='word_1_702' title='bbox 1186 1951 1280 1982; x_wconf 80' lang='grc' dir='ltr'>τόπου,</span> <span class='ocrx_word' id='word_1_703' title='bbox 1296 1950 1341 1977; x_wconf 72' lang='grc' dir='ltr'>ἵνα</span> <span class='ocrx_word' id='word_1_704' title='bbox 1357 1950 1397 1981; x_wconf 80' lang='grc' dir='ltr'><strong>είς</strong></span> <span class='ocrx_word' id='word_1_705' title='bbox 1409 1949 1491 1976; x_wconf 73' lang='grc' dir='ltr'>αὐτὸν</span> <span class='ocrx_word' id='word_1_706' title='bbox 1503 1948 1693 1983; x_wconf 80' lang='grc' dir='ltr'>παραγένηται</span> <span class='ocrx_word' id='word_1_707' title='bbox 1705 1955 1712 1962; x_wconf 81' lang='lat'><strong>&#39;</strong></span> <span class='ocrx_word' id='word_1_708' title='bbox 1729 1946 1789 1973; x_wconf 71' lang='grc' dir='ltr'>οὔτε</span> <span class='ocrx_word' id='word_1_709' title='bbox 1805 1946 1853 1972; x_wconf 77' lang='grc' dir='ltr'><strong>πά-</strong></span> 
     </span>
    </p>
   </div>
   <div class='ocr_carea' id='block_1_99' title="bbox 1062 1992 1853 2032">
    <p class='ocr_par' dir='ltr' id='par_1_99' title="bbox 1062 1992 1853 2032">
     <span class='ocr_line' id='line_1_99' title="bbox 1062 1992 1853 2032; baseline -0.01 -7"><span class='ocrx_word' id='word_1_710' title='bbox 1062 1998 1103 2025; x_wconf 86' lang='grc' dir='ltr'><strong>λιν</strong></span> <span class='ocrx_word' id='word_1_711' title='bbox 1129 1998 1167 2029; x_wconf 76' lang='grc' dir='ltr'>ὡς</span> <span class='ocrx_word' id='word_1_712' title='bbox 1197 1997 1247 2032; x_wconf 69' lang='grc' dir='ltr'><strong>ἤδη</strong></span> <span class='ocrx_word' id='word_1_713' title='bbox 1278 1997 1403 2031; x_wconf 80' lang='grc' dir='ltr'>εἴπομεν,</span> <span class='ocrx_word' id='word_1_714' title='bbox 1432 1995 1634 2030; x_wconf 78' lang='grc' dir='ltr'>περιγράφεται</span> <span class='ocrx_word' id='word_1_715' title='bbox 1658 1992 1853 2026; x_wconf 81' lang='grc' dir='ltr'>διαστήμασιν,</span> 
     </span>
    </p>
   </div>
   <div class='ocr_carea' id='block_1_100' title="bbox 1063 2037 1852 2078">
    <p class='ocr_par' dir='ltr' id='par_1_100' title="bbox 1063 2037 1852 2078">
     <span class='ocr_line' id='line_1_100' title="bbox 1063 2037 1852 2078; baseline -0.01 -8"><span class='ocrx_word' id='word_1_716' title='bbox 1063 2044 1152 2070; x_wconf 83' lang='grc' dir='ltr'>πάντα</span> <span class='ocrx_word' id='word_1_717' title='bbox 1165 2043 1262 2078; x_wconf 81' lang='grc' dir='ltr'>ἐπίσης</span> <span class='ocrx_word' id='word_1_718' title='bbox 1275 2041 1429 2077; x_wconf 82' lang='grc' dir='ltr'>πληροῦσα,</span> <span class='ocrx_word' id='word_1_719' title='bbox 1442 2041 1489 2067; x_wconf 80' lang='grc' dir='ltr'><strong>καὶ</strong></span> <span class='ocrx_word' id='word_1_720' title='bbox 1501 2040 1585 2066; x_wconf 79' lang='grc' dir='ltr'>πᾶσιν</span> <span class='ocrx_word' id='word_1_721' title='bbox 1597 2038 1698 2073; x_wconf 83' lang='grc' dir='ltr'>ὁμοίως</span> <span class='ocrx_word' id='word_1_722' title='bbox 1712 2037 1852 2073; x_wconf 85' lang='grc' dir='ltr'>παροῦσα·</span> 
     </span>
    </p>
   </div>
   <div class='ocr_carea' id='block_1_101' title="bbox 1063 2084 1854 2123">
    <p class='ocr_par' dir='ltr' id='par_1_101' title="bbox 1063 2084 1854 2123">
     <span class='ocr_line' id='line_1_101' title="bbox 1063 2084 1854 2123; baseline -0.01 -7"><span class='ocrx_word' id='word_1_723' title='bbox 1063 2089 1122 2120; x_wconf 83' lang='grc' dir='ltr'><strong>πῶς</strong></span> <span class='ocrx_word' id='word_1_724' title='bbox 1146 2087 1192 2116; x_wconf 81' lang='grc' dir='ltr'>οὖν</span> <span class='ocrx_word' id='word_1_725' title='bbox 1216 2096 1299 2123; x_wconf 82' lang='grc' dir='ltr'>φησιν</span> <span class='ocrx_word' id='word_1_726' title='bbox 1316 2089 1330 2114; x_wconf 87' lang='grc' dir='ltr'><strong>ό</strong></span> <span class='ocrx_word' id='word_1_727' title='bbox 1346 2088 1507 2122; x_wconf 82' lang='grc' dir='ltr'>προφήτης’</span> <span class='ocrx_word' id='word_1_728' title='bbox 1525 2085 1593 2112; x_wconf 74' lang='grc' dir='ltr'><strong>Ἀπὸ</strong></span> <span class='ocrx_word' id='word_1_729' title='bbox 1612 2084 1774 2119; x_wconf 76' lang='grc' dir='ltr'>προσώπου</span> <span class='ocrx_word' id='word_1_730' title='bbox 1798 2085 1854 2109; x_wconf 85' lang='grc' dir='ltr'><strong>Κυ-</strong></span> 
     </span>
    </p>
   </div>
   <div class='ocr_carea' id='block_1_102' title="bbox 1059 2128 1856 2169">
    <p class='ocr_par' dir='ltr' id='par_1_102' title="bbox 1059 2128 1856 2169">
     <span class='ocr_line' id='line_1_102' title="bbox 1059 2128 1856 2169; baseline -0.01 -8"><span class='ocrx_word' id='word_1_731' title='bbox 1059 2135 1129 2169; x_wconf 85' lang='grc' dir='ltr'>ρίου</span> <span class='ocrx_word' id='word_1_732' title='bbox 1144 2134 1188 2160; x_wconf 84' lang='grc' dir='ltr'>ὄτι</span> <span class='ocrx_word' id='word_1_733' title='bbox 1200 2130 1379 2168; x_wconf 75' lang='grc' dir='ltr'>ἐρχεται;Ἶ1</span> <span class='ocrx_word' id='word_1_734' title='bbox 1394 2131 1484 2166; x_wconf 82' lang='grc' dir='ltr'>δῆλον,</span> <span class='ocrx_word' id='word_1_735' title='bbox 1502 2131 1543 2157; x_wconf 82' lang='grc' dir='ltr'>ὅτι</span> <span class='ocrx_word' id='word_1_736' title='bbox 1557 2130 1628 2157; x_wconf 84' lang='grc' dir='ltr'>κατὰ</span> <span class='ocrx_word' id='word_1_737' title='bbox 1640 2129 1684 2155; x_wconf 87' lang='grc' dir='ltr'>τδν</span> <span class='ocrx_word' id='word_1_738' title='bbox 1700 2128 1795 2163; x_wconf 75' lang='grc' dir='ltr'>καιρὸν</span> <span class='ocrx_word' id='word_1_739' title='bbox 1805 2128 1856 2163; x_wconf 79' lang='grc' dir='ltr'>τῆς</span> 
     </span>
    </p>
   </div>
   <div class='ocr_carea' id='block_1_103' title="bbox 1063 2174 1855 2216">
    <p class='ocr_par' dir='ltr' id='par_1_103' title="bbox 1063 2174 1855 2216">
     <span class='ocr_line' id='line_1_103' title="bbox 1063 2174 1855 2216; baseline -0.01 -9"><span class='ocrx_word' id='word_1_740' title='bbox 1063 2180 1195 2216; x_wconf 76' lang='grc' dir='ltr'>ἑνσάρκου</span> <span class='ocrx_word' id='word_1_741' title='bbox 1209 2178 1256 2206; x_wconf 88' lang='grc' dir='ltr'><strong>τοῦ</strong></span> <span class='ocrx_word' id='word_1_742' title='bbox 1280 2176 1399 2214; x_wconf 82' lang='grc' dir='ltr'>Χριστοῦ</span> <span class='ocrx_word' id='word_1_743' title='bbox 1414 2176 1577 2212; x_wconf 84' lang='grc' dir='ltr'>παρουσίας,</span> <span class='ocrx_word' id='word_1_744' title='bbox 1602 2176 1619 2211; x_wconf 81' lang='grc' dir='ltr'><strong>η</strong></span> <span class='ocrx_word' id='word_1_745' title='bbox 1635 2174 1790 2210; x_wconf 77' lang='grc' dir='ltr'>προφητεία</span> <span class='ocrx_word' id='word_1_746' title='bbox 1805 2182 1855 2200; x_wconf 77' lang='grc' dir='ltr'>πε-</span> 
     </span>
    </p>
   </div>
   <div class='ocr_carea' id='block_1_104' title="bbox 1064 2226 1217 2261">
    <p class='ocr_par' dir='ltr' id='par_1_104' title="bbox 1064 2226 1217 2261">
     <span class='ocr_line' id='line_1_104' title="bbox 1064 2226 1217 2261; baseline -0.007 -9"><span class='ocrx_word' id='word_1_747' title='bbox 1064 2226 1217 2261; x_wconf 77' lang='grc' dir='ltr'>πλῆρωται.</span> 
     </span>
    </p>
   </div>
   <div class='ocr_carea' id='block_1_105' title="bbox 1098 2266 1857 2307">
    <p class='ocr_par' dir='ltr' id='par_1_105' title="bbox 1098 2266 1857 2307">
     <span class='ocr_line' id='line_1_105' title="bbox 1098 2266 1857 2307; baseline -0.009 -8"><span class='ocrx_word' id='word_1_748' title='bbox 1098 2271 1182 2300; x_wconf 77' lang='grc' dir='ltr'>Ἀλλά</span> <span class='ocrx_word' id='word_1_749' title='bbox 1192 2273 1225 2307; x_wconf 84' lang='grc' dir='ltr'><strong>τῇ</strong></span> <span class='ocrx_word' id='word_1_750' title='bbox 1241 2271 1291 2306; x_wconf 79' lang='grc' dir='ltr'>μὲν</span> <span class='ocrx_word' id='word_1_751' title='bbox 1307 2269 1522 2305; x_wconf 83' lang='grc' dir='ltr'>ὑπερφυεστάτῃ</span> <span class='ocrx_word' id='word_1_752' title='bbox 1537 2269 1585 2295; x_wconf 72' lang='grc' dir='ltr'><strong>καὶ</strong></span> <span class='ocrx_word' id='word_1_753' title='bbox 1602 2267 1791 2303; x_wconf 81' lang='grc' dir='ltr'>ὑπερκοσμίῳ,</span> <span class='ocrx_word' id='word_1_754' title='bbox 1809 2266 1857 2292; x_wconf 64' lang='grc' dir='ltr'><strong>καὶ.</strong></span> 
     </span>
    </p>
   </div>
   <div class='ocr_carea' id='block_1_106' title="bbox 1062 2313 1857 2354">
    <p class='ocr_par' dir='ltr' id='par_1_106' title="bbox 1062 2313 1857 2354">
     <span class='ocr_line' id='line_1_106' title="bbox 1062 2313 1857 2354; baseline -0.009 -10"><span class='ocrx_word' id='word_1_755' title='bbox 1062 2319 1176 2354; x_wconf 72' lang='grc' dir='ltr'>ἀρρήτῳ</span> <span class='ocrx_word' id='word_1_756' title='bbox 1189 2317 1236 2344; x_wconf 86' lang='grc' dir='ltr'><strong>τοῦ</strong></span> <span class='ocrx_word' id='word_1_757' title='bbox 1252 2317 1381 2352; x_wconf 78' lang='grc' dir='ltr'>Σωτῆρος</span> <span class='ocrx_word' id='word_1_758' title='bbox 1397 2314 1519 2351; x_wconf 79' lang='grc' dir='ltr'>Χριστοῦ</span> <span class='ocrx_word' id='word_1_759' title='bbox 1534 2314 1606 2341; x_wconf 83' lang='grc' dir='ltr'>κατὰ</span> <span class='ocrx_word' id='word_1_760' title='bbox 1623 2314 1713 2348; x_wconf 76' lang='grc' dir='ltr'>σάρκα</span> <span class='ocrx_word' id='word_1_761' title='bbox 1730 2313 1857 2347; x_wconf 78' lang='grc' dir='ltr'>γεννήσει</span> 
     </span>
    </p>
   </div>
   <div class='ocr_carea' id='block_1_107' title="bbox 1062 2358 1855 2398">
    <p class='ocr_par' dir='ltr' id='par_1_107' title="bbox 1062 2358 1855 2398">
     <span class='ocr_line' id='line_1_107' title="bbox 1062 2358 1855 2398; baseline -0.01 -7"><span class='ocrx_word' id='word_1_762' title='bbox 1062 2366 1120 2396; x_wconf 86' lang='grc' dir='ltr'>τοῖς</span> <span class='ocrx_word' id='word_1_763' title='bbox 1139 2364 1194 2391; x_wconf 83' lang='grc' dir='ltr'>τῶν</span> <span class='ocrx_word' id='word_1_764' title='bbox 1214 2363 1355 2398; x_wconf 82' lang='grc' dir='ltr'>θεοφόρων</span> <span class='ocrx_word' id='word_1_765' title='bbox 1371 2362 1503 2397; x_wconf 82' lang='grc' dir='ltr'>Πατέρων</span> <span class='ocrx_word' id='word_1_766' title='bbox 1518 2359 1738 2395; x_wconf 81' lang='grc' dir='ltr'>ὲντρυφήσάντες</span> <span class='ocrx_word' id='word_1_767' title='bbox 1755 2358 1855 2391; x_wconf 72' lang='grc' dir='ltr'>λόγοις,</span> 
     </span>
    </p>
   </div>
   <div class='ocr_carea' id='block_1_108' title="bbox 1063 2401 1855 2447">
    <p class='ocr_par' dir='ltr' id='par_1_108' title="bbox 1063 2401 1855 2447">
     <span class='ocr_line' id='line_1_108' title="bbox 1063 2401 1855 2447; baseline -0.013 -10"><span class='ocrx_word' id='word_1_768' title='bbox 1063 2411 1114 2447; x_wconf 78' lang='grc' dir='ltr'>ήδη</span> <span class='ocrx_word' id='word_1_769' title='bbox 1139 2409 1368 2444; x_wconf 82' lang='grc' dir='ltr'>προεορτάσαμεν</span> <span class='ocrx_word' id='word_1_770' title='bbox 1380 2415 1386 2422; x_wconf 92' lang='grc'>·</span> <span class='ocrx_word' id='word_1_771' title='bbox 1418 2406 1489 2442; x_wconf 85' lang='grc' dir='ltr'>μετὰ</span> <span class='ocrx_word' id='word_1_772' title='bbox 1512 2401 1644 2440; x_wconf 81' lang='grc' dir='ltr'>ἁγγέλων⁸</span> <span class='ocrx_word' id='word_1_773' title='bbox 1662 2403 1833 2438; x_wconf 80' lang='grc' dir='ltr'>ὑμνήσαντες</span> <span class='ocrx_word' id='word_1_774' title='bbox 1848 2410 1855 2417; x_wconf 93' lang='grc'><strong>-</strong></span> 
     </span>
    </p>
   </div>
   <div class='ocr_carea' id='block_1_109' title="bbox 1064 2448 1856 2491">
    <p class='ocr_par' dir='ltr' id='par_1_109' title="bbox 1064 2448 1856 2491">
     <span class='ocr_line' id='line_1_109' title="bbox 1064 2448 1856 2491; baseline -0.011 -9"><span class='ocrx_word' id='word_1_775' title='bbox 1064 2455 1135 2491; x_wconf 76' lang='grc' dir='ltr'>μετὰ</span> <span class='ocrx_word' id='word_1_776' title='bbox 1151 2454 1287 2490; x_wconf 81' lang='grc' dir='ltr'>ποιμένων</span> <span class='ocrx_word' id='word_1_777' title='bbox 1301 2452 1463 2485; x_wconf 80' lang='grc' dir='ltr'>δοξάσαντες</span> <span class='ocrx_word' id='word_1_778' title='bbox 1474 2460 1481 2467; x_wconf 90' lang='grc'>·</span> <span class='ocrx_word' id='word_1_779' title='bbox 1499 2451 1569 2487; x_wconf 82' lang='grc' dir='ltr'>μετὰ</span> <span class='ocrx_word' id='word_1_780' title='bbox 1586 2450 1682 2485; x_wconf 87' lang='grc' dir='ltr'>μάγων</span> <span class='ocrx_word' id='word_1_781' title='bbox 1698 2448 1856 2483; x_wconf 77' lang='grc' dir='ltr'>δωροφορή-</span> 
     </span>
    </p>
   </div>
   <div class='ocr_carea' id='block_1_110' title="bbox 1067 2493 1856 2535">
    <p class='ocr_par' dir='ltr' id='par_1_110' title="bbox 1067 2493 1856 2535">
     <span class='ocr_line' id='line_1_110' title="bbox 1067 2493 1856 2535; baseline -0.011 -7"><span class='ocrx_word' id='word_1_782' title='bbox 1067 2509 1164 2532; x_wconf 84' lang='grc' dir='ltr'>σαντες</span> <span class='ocrx_word' id='word_1_783' title='bbox 1173 2509 1181 2515; x_wconf 87' lang='grc'>·</span> <span class='ocrx_word' id='word_1_784' title='bbox 1210 2501 1235 2527; x_wconf 85' lang='grc' dir='ltr'><strong>εί</strong></span> <span class='ocrx_word' id='word_1_785' title='bbox 1249 2499 1298 2527; x_wconf 68' lang='grc' dir='ltr'><strong>καλ⁸</strong></span> <span class='ocrx_word' id='word_1_786' title='bbox 1313 2499 1351 2535; x_wconf 87' lang='grc' dir='ltr'>μὴ</span> <span class='ocrx_word' id='word_1_787' title='bbox 1364 2497 1466 2534; x_wconf 77' lang='grc' dir='ltr'>χρυσὸν</span> <span class='ocrx_word' id='word_1_788' title='bbox 1480 2497 1528 2524; x_wconf 78' lang='grc' dir='ltr'>καὶ</span> <span class='ocrx_word' id='word_1_789' title='bbox 1537 2496 1647 2523; x_wconf 78' lang='grc' dir='ltr'>λίὸανον</span> <span class='ocrx_word' id='word_1_790' title='bbox 1659 2495 1707 2521; x_wconf 78' lang='grc' dir='ltr'><strong>καὶ</strong></span> <span class='ocrx_word' id='word_1_791' title='bbox 1721 2493 1856 2529; x_wconf 62' lang='grc' dir='ltr'>σμύρναν</span> 
     </span>
    </p>
   </div>
   <div class='ocr_carea' id='block_1_111' title="bbox 1065 2540 1858 2581">
    <p class='ocr_par' dir='ltr' id='par_1_111' title="bbox 1065 2540 1858 2581">
     <span class='ocr_line' id='line_1_111' title="bbox 1065 2540 1858 2581; baseline -0.01 -8"><span class='ocrx_word' id='word_1_792' title='bbox 1065 2546 1122 2573; x_wconf 78' lang='grc' dir='ltr'>ἀλλ’</span> <span class='ocrx_word' id='word_1_793' title='bbox 1135 2546 1197 2573; x_wconf 76' lang='grc' dir='ltr'>ἀντὶ</span> <span class='ocrx_word' id='word_1_794' title='bbox 1212 2546 1326 2577; x_wconf 84' lang='grc' dir='ltr'>τούτων,</span> <span class='ocrx_word' id='word_1_795' title='bbox 1347 2545 1397 2581; x_wconf 83' lang='grc' dir='ltr'>τὴν</span> <span class='ocrx_word' id='word_1_796' title='bbox 1411 2545 1452 2576; x_wconf 84' lang='grc' dir='ltr'><strong>είς</strong></span> <span class='ocrx_word' id='word_1_797' title='bbox 1466 2544 1511 2570; x_wconf 81' lang='grc' dir='ltr'><strong>τὸν</strong></span> <span class='ocrx_word' id='word_1_798' title='bbox 1525 2542 1643 2578; x_wconf 72' lang='grc' dir='ltr'>Χριστὸν</span> <span class='ocrx_word' id='word_1_799' title='bbox 1660 2540 1753 2567; x_wconf 89' lang='grc' dir='ltr'>πίστιν</span> <span class='ocrx_word' id='word_1_800' title='bbox 1763 2547 1771 2554; x_wconf 83' lang='grc'><em>’</em></span> <span class='ocrx_word' id='word_1_801' title='bbox 1796 2547 1858 2574; x_wconf 85' lang='grc' dir='ltr'>χρυ-</span> 
     </span>
    </p>
   </div>
   <div class='ocr_carea' id='block_1_112' title="bbox 1067 2585 1855 2627">
    <p class='ocr_par' dir='ltr' id='par_1_112' title="bbox 1067 2585 1855 2627">
     <span class='ocr_line' id='line_1_112' title="bbox 1067 2585 1855 2627; baseline -0.011 -8"><span class='ocrx_word' id='word_1_802' title='bbox 1067 2592 1114 2618; x_wconf 85' lang='grc' dir='ltr'><strong>σοῦ</strong></span> <span class='ocrx_word' id='word_1_803' title='bbox 1126 2593 1175 2627; x_wconf 84' lang='grc' dir='ltr'>μὲν</span> <span class='ocrx_word' id='word_1_804' title='bbox 1186 2589 1268 2618; x_wconf 80' lang='grc' dir='ltr'>οὖσαν</span> <span class='ocrx_word' id='word_1_805' title='bbox 1278 2590 1460 2626; x_wconf 80' lang='grc' dir='ltr'>τιμιωτέραν·</span> <span class='ocrx_word' id='word_1_806' title='bbox 1473 2589 1583 2615; x_wconf 76' lang='grc' dir='ltr'>λιϐάνου</span> <span class='ocrx_word' id='word_1_807' title='bbox 1599 2587 1639 2618; x_wconf 79' lang='grc' dir='ltr'><strong>δὲ,</strong></span> <span class='ocrx_word' id='word_1_808' title='bbox 1652 2585 1839 2620; x_wconf 82' lang='grc' dir='ltr'>εὐωδεστέραν</span> <span class='ocrx_word' id='word_1_809' title='bbox 1848 2592 1855 2600; x_wconf 79' lang='grc'><em>’</em></span> 
     </span>
    </p>
   </div>
   <div class='ocr_carea' id='block_1_113' title="bbox 1067 2630 1856 2674">
    <p class='ocr_par' dir='ltr' id='par_1_113' title="bbox 1067 2630 1856 2674">
     <span class='ocr_line' id='line_1_113' title="bbox 1067 2630 1856 2674; baseline -0.013 -9"><span class='ocrx_word' id='word_1_810' title='bbox 1067 2639 1190 2674; x_wconf 87' lang='grc' dir='ltr'>σμύρνης</span> <span class='ocrx_word' id='word_1_811' title='bbox 1216 2637 1246 2664; x_wconf 79' lang='grc' dir='ltr'><strong>δὲ</strong></span> <span class='ocrx_word' id='word_1_812' title='bbox 1271 2637 1323 2672; x_wconf 83' lang='grc' dir='ltr'>τῆς</span> <span class='ocrx_word' id='word_1_813' title='bbox 1349 2635 1536 2670; x_wconf 81' lang='grc' dir='ltr'>φυλαττούσης</span> <span class='ocrx_word' id='word_1_814' title='bbox 1559 2633 1594 2660; x_wconf 82' lang='grc' dir='ltr'><strong>τὰ</strong></span> <span class='ocrx_word' id='word_1_815' title='bbox 1618 2632 1705 2668; x_wconf 78' lang='grc' dir='ltr'>νεκρὰ</span> <span class='ocrx_word' id='word_1_816' title='bbox 1729 2630 1856 2665; x_wconf 80' lang='grc' dir='ltr'>σώματα,</span> 
     </span>
    </p>
   </div>
   <div class='ocr_carea' id='block_1_114' title="bbox 1067 2675 1858 2718">
    <p class='ocr_par' dir='ltr' id='par_1_114' title="bbox 1067 2675 1858 2718">
     <span class='ocr_line' id='line_1_114' title="bbox 1067 2675 1858 2718; baseline -0.011 -8"><span class='ocrx_word' id='word_1_817' title='bbox 1067 2683 1290 2718; x_wconf 74' lang='grc' dir='ltr'>ὑπερϐαλλόντως</span> <span class='ocrx_word' id='word_1_818' title='bbox 1302 2681 1508 2718; x_wconf 80' lang='grc' dir='ltr'>ὲνεργεστέραν,</span> <span class='ocrx_word' id='word_1_819' title='bbox 1520 2680 1558 2706; x_wconf 77' lang='grc' dir='ltr'><strong>Οὐ</strong></span> <span class='ocrx_word' id='word_1_820' title='bbox 1572 2679 1626 2714; x_wconf 74' lang='grc' dir='ltr'><strong>γὰρ</strong></span> <span class='ocrx_word' id='word_1_821' title='bbox 1638 2677 1672 2704; x_wconf 81' lang='grc' dir='ltr'>τὰ</span> <span class='ocrx_word' id='word_1_822' title='bbox 1683 2676 1769 2711; x_wconf 79' lang='grc' dir='ltr'>θνητὰ</span> <span class='ocrx_word' id='word_1_823' title='bbox 1779 2675 1858 2711; x_wconf 63' lang='grc' dir='ltr'>ἡμῶν</span> 
     </span>
    </p>
   </div>
   <div class='ocr_carea' id='block_1_115' title="bbox 1067 2722 1858 2765">
    <p class='ocr_par' dir='ltr' id='par_1_115' title="bbox 1067 2722 1858 2765">
     <span class='ocr_line' id='line_1_115' title="bbox 1067 2722 1858 2765; baseline -0.013 -8"><span class='ocrx_word' id='word_1_824' title='bbox 1067 2730 1199 2765; x_wconf 84' lang='grc' dir='ltr'>φυλάττει</span> <span class='ocrx_word' id='word_1_825' title='bbox 1219 2729 1349 2764; x_wconf 84' lang='grc' dir='ltr'>σώματα·</span> <span class='ocrx_word' id='word_1_826' title='bbox 1365 2727 1422 2754; x_wconf 81' lang='grc' dir='ltr'>ἀλλ’</span> <span class='ocrx_word' id='word_1_827' title='bbox 1435 2726 1586 2757; x_wconf 84' lang='grc' dir='ltr'>ἀθανάτους</span> <span class='ocrx_word' id='word_1_828' title='bbox 1601 2724 1650 2756; x_wconf 76' lang='grc' dir='ltr'>τὰς</span> <span class='ocrx_word' id='word_1_829' title='bbox 1664 2722 1753 2758; x_wconf 74' lang='grc' dir='ltr'>ψυχὰς</span> <span class='ocrx_word' id='word_1_830' title='bbox 1772 2722 1858 2757; x_wconf 80' lang='grc' dir='ltr'>ἀπερ-</span> 
     </span>
    </p>
   </div>
   <div class='ocr_carea' id='block_1_116' title="bbox 1070 2766 1859 2809">
    <p class='ocr_par' dir='ltr' id='par_1_116' title="bbox 1070 2766 1859 2809">
     <span class='ocr_line' id='line_1_116' title="bbox 1070 2766 1859 2809; baseline -0.014 -6"><span class='ocrx_word' id='word_1_831' title='bbox 1070 2775 1192 2809; x_wconf 79' lang='grc' dir='ltr'>γάζεται.</span> <span class='ocrx_word' id='word_1_832' title='bbox 1213 2774 1270 2802; x_wconf 81' lang='grc' dir='ltr'>Νῦν</span> <span class='ocrx_word' id='word_1_833' title='bbox 1294 2774 1322 2800; x_wconf 85' lang='grc' dir='ltr'><strong>δὲ</strong></span> <span class='ocrx_word' id='word_1_834' title='bbox 1350 2773 1430 2808; x_wconf 79' lang='grc' dir='ltr'>ἑτέρα</span> <span class='ocrx_word' id='word_1_835' title='bbox 1454 2770 1590 2807; x_wconf 83' lang='grc' dir='ltr'>παρουσία</span> <span class='ocrx_word' id='word_1_836' title='bbox 1615 2768 1745 2804; x_wconf 83' lang='grc' dir='ltr'>Χριστοῦ,</span> <span class='ocrx_word' id='word_1_837' title='bbox 1761 2766 1859 2800; x_wconf 81' lang='grc' dir='ltr'>ἐτέρας</span> 
     </span>
    </p>
   </div>
   <div class='ocr_carea' id='block_1_117' title="bbox 1069 2811 1857 2857">
    <p class='ocr_par' dir='ltr' id='par_1_117' title="bbox 1069 2811 1857 2857">
     <span class='ocr_line' id='line_1_117' title="bbox 1069 2811 1857 2857; baseline -0.014 -9"><span class='ocrx_word' id='word_1_838' title='bbox 1069 2821 1135 2857; x_wconf 72' lang='grc' dir='ltr'>ἡμῖν</span> <span class='ocrx_word' id='word_1_839' title='bbox 1157 2820 1337 2855; x_wconf 79' lang='grc' dir='ltr'>ἀπαντήσεως</span> <span class='ocrx_word' id='word_1_840' title='bbox 1362 2817 1502 2853; x_wconf 78' lang='grc' dir='ltr'>πρόξενος.</span> <span class='ocrx_word' id='word_1_841' title='bbox 1528 2814 1611 2842; x_wconf 77' lang='grc' dir='ltr'>Δεῦτε</span> <span class='ocrx_word' id='word_1_842' title='bbox 1633 2812 1690 2845; x_wconf 77' lang='grc' dir='ltr'>οὖν,</span> <span class='ocrx_word' id='word_1_843' title='bbox 1709 2811 1857 2846; x_wconf 76' lang='grc' dir='ltr'>ἀγαπητοὶ,</span> 
     </span>
    </p>
   </div>
  </div>
