  <div class='ocr_page' id='page_1' title='image "/cluster/home/n/w/nwhite01/storage/ocr_20150623/93/njp.32101077772836/854.png"; bbox 0 0 2069 3147; ppageno 0'>
   <div class='ocr_carea' id='block_1_1' title="bbox 193 187 263 219">
    <p class='ocr_par' dir='ltr' id='par_1_1' title="bbox 193 187 263 219">
     <span class='ocr_line' id='line_1_1' title="bbox 193 187 263 219; baseline -0.043 0"><span class='ocrx_word' id='word_1_1' title='bbox 193 187 263 219; x_wconf 70' lang='grc'><strong>1569</strong></span> 
     </span>
    </p>
   </div>
   <div class='ocr_carea' id='block_1_2' title="bbox 789 182 1228 215">
    <p class='ocr_par' dir='ltr' id='par_1_2' title="bbox 789 182 1228 215">
     <span class='ocr_line' id='line_1_2' title="bbox 789 182 1228 215; baseline 0.002 -2"><span class='ocrx_word' id='word_1_2' title='bbox 789 183 834 213; x_wconf 89' lang='lat' dir='ltr'><strong>SE</strong></span> <span class='ocrx_word' id='word_1_3' title='bbox 839 183 918 214; x_wconf 81' lang='lat' dir='ltr'><strong>RMO</strong></span> <span class='ocrx_word' id='word_1_4' title='bbox 943 182 984 212; x_wconf 83' lang='grc' dir='ltr'><strong>ΙΝ</strong></span> <span class='ocrx_word' id='word_1_5' title='bbox 1009 183 1228 215; x_wconf 83' lang='lat' dir='ltr'><strong>SYMEONEM.</strong></span> 
     </span>
    </p>
   </div>
   <div class='ocr_carea' id='block_1_3' title="bbox 1756 181 1826 214">
    <p class='ocr_par' dir='ltr' id='par_1_3' title="bbox 1756 181 1826 214">
     <span class='ocr_line' id='line_1_3' title="bbox 1756 181 1826 214; baseline 0 0"><span class='ocrx_word' id='word_1_6' title='bbox 1756 181 1768 214; x_wconf 82' lang='grc' dir='ltr'><strong>Ι</strong></span> <span class='ocrx_word' id='word_1_7' title='bbox 1774 182 1826 214; x_wconf 79' lang='lat'><strong>570</strong></span> 
     </span>
    </p>
   </div>
   <div class='ocr_carea' id='block_1_4' title="bbox 192 237 995 276">
    <p class='ocr_par' dir='ltr' id='par_1_4' title="bbox 192 237 986 276">
     <span class='ocr_line' id='line_1_4' title="bbox 192 237 986 276; baseline -0.008 -6"><span class='ocrx_word' id='word_1_8' title='bbox 192 243 281 270; x_wconf 83' lang='grc' dir='ltr'>πάντα</span> <span class='ocrx_word' id='word_1_9' title='bbox 307 241 387 268; x_wconf 75' lang='grc' dir='ltr'>δκνον</span> <span class='ocrx_word' id='word_1_10' title='bbox 411 239 467 267; x_wconf 84' lang='grc' dir='ltr'>τῶν</span> <span class='ocrx_word' id='word_1_11' title='bbox 495 239 589 275; x_wconf 78' lang='grc' dir='ltr'>ψυχῶν</span> <span class='ocrx_word' id='word_1_12' title='bbox 618 238 836 276; x_wconf 76' lang='grc' dir='ltr'>ἀπορρίψαντες·</span> <span class='ocrx_word' id='word_1_13' title='bbox 862 237 986 274; x_wconf 77' lang='grc' dir='ltr'>λαμπροὶ</span> 
     </span>
    </p>
   </div>
   <div class='ocr_carea' id='block_1_5' title="bbox 1045 237 1830 276">
    <p class='ocr_par' dir='ltr' id='par_1_5' title="bbox 1045 237 1830 276">
     <span class='ocr_line' id='line_1_5' title="bbox 1045 237 1830 276; baseline 0.003 -12"><span class='ocrx_word' id='word_1_14' title='bbox 1045 237 1137 265; x_wconf 87' lang='lat' dir='ltr'><strong>mimis</strong></span> <span class='ocrx_word' id='word_1_15' title='bbox 1150 238 1258 273; x_wconf 76' lang='lat' dir='ltr'><strong>abiecto</strong></span> <span class='ocrx_word' id='word_1_16' title='bbox 1276 241 1385 273; x_wconf 93' lang='lat' dir='ltr'><strong>torpore</strong></span> <span class='ocrx_word' id='word_1_17' title='bbox 1399 245 1406 271; x_wconf 92' lang='lat'><strong>;</strong></span> <span class='ocrx_word' id='word_1_18' title='bbox 1423 237 1478 265; x_wconf 75' lang='lat' dir='ltr'><strong>laeti</strong></span> <span class='ocrx_word' id='word_1_19' title='bbox 1493 237 1555 266; x_wconf 68' lang='lat' dir='ltr'><strong>laete</strong></span> <span class='ocrx_word' id='word_1_20' title='bbox 1571 245 1750 266; x_wconf 79' lang='lat' dir='ltr'><strong>occurramus</strong></span> <span class='ocrx_word' id='word_1_21' title='bbox 1764 239 1830 276; x_wconf 73' lang='lat' dir='ltr'><strong>Regi</strong></span> 
     </span>
    </p>
   </div>
   <div class='ocr_carea' id='block_1_6' title="bbox 197 285 988 324">
    <p class='ocr_par' dir='ltr' id='par_1_6' title="bbox 197 285 988 324">
     <span class='ocr_line' id='line_1_6' title="bbox 197 285 988 324; baseline -0.009 -6"><span class='ocrx_word' id='word_1_22' title='bbox 197 289 331 324; x_wconf 78' lang='grc' dir='ltr'><strong>λαμπρῶς</strong></span> <span class='ocrx_word' id='word_1_23' title='bbox 345 288 384 323; x_wconf 82' lang='grc' dir='ltr'>τῷ</span> <span class='ocrx_word' id='word_1_24' title='bbox 393 288 520 320; x_wconf 78' lang='grc' dir='ltr'>,βασιλεῖ</span> <span class='ocrx_word' id='word_1_25' title='bbox 535 286 595 313; x_wconf 79' lang='grc' dir='ltr'><strong>τῶν</strong></span> <span class='ocrx_word' id='word_1_26' title='bbox 614 286 729 313; x_wconf 67' lang='grc' dir='ltr'>αἰώνων</span> <span class='ocrx_word' id='word_1_27' title='bbox 744 285 791 313; x_wconf 81' lang='grc' dir='ltr'><strong>καὶ</strong></span> <span class='ocrx_word' id='word_1_28' title='bbox 804 285 910 320; x_wconf 84' lang='grc' dir='ltr'>Σωτῆρι</span> <span class='ocrx_word' id='word_1_29' title='bbox 921 285 988 318; x_wconf 85' lang='grc' dir='ltr'>Χρι-</span> 
     </span>
    </p>
   </div>
   <div class='ocr_carea' id='block_1_7' title="bbox 198 330 987 371">
    <p class='ocr_par' dir='ltr' id='par_1_7' title="bbox 198 330 987 371">
     <span class='ocr_line' id='line_1_7' title="bbox 198 330 987 371; baseline -0.008 -9"><span class='ocrx_word' id='word_1_30' title='bbox 198 335 253 371; x_wconf 78' lang='grc' dir='ltr'><strong>στῷ</strong></span> <span class='ocrx_word' id='word_1_31' title='bbox 273 334 484 370; x_wconf 77' lang='grc' dir='ltr'>ὑπαντήσωμεν.</span> <span class='ocrx_word' id='word_1_32' title='bbox 498 333 567 368; x_wconf 77' lang='grc' dir='ltr'>Φησὶ</span> <span class='ocrx_word' id='word_1_33' title='bbox 582 332 638 368; x_wconf 81' lang='grc' dir='ltr'><strong>γὰρ</strong></span> <span class='ocrx_word' id='word_1_34' title='bbox 660 332 674 358; x_wconf 83' lang='grc' dir='ltr'><strong>ὁ</strong></span> <span class='ocrx_word' id='word_1_35' title='bbox 696 330 895 366; x_wconf 80' lang='grc' dir='ltr'>εὐαγγελιστὴς</span> <span class='ocrx_word' id='word_1_36' title='bbox 916 331 987 356; x_wconf 90' lang='grc' dir='ltr'>Λου-</span> 
     </span>
    </p>
   </div>
   <div class='ocr_carea' id='block_1_8' title="bbox 195 377 988 416">
    <p class='ocr_par' dir='ltr' id='par_1_8' title="bbox 195 377 988 416">
     <span class='ocr_line' id='line_1_8' title="bbox 195 377 988 416; baseline -0.008 -7"><span class='ocrx_word' id='word_1_37' title='bbox 195 383 256 413; x_wconf 73' lang='grc' dir='ltr'>κᾶς.</span> <span class='ocrx_word' id='word_1_38' title='bbox 273 380 344 416; x_wconf 67' lang='grc' dir='ltr'>μετὰ</span> <span class='ocrx_word' id='word_1_39' title='bbox 355 380 405 414; x_wconf 90' lang='grc' dir='ltr'>τὴν</span> <span class='ocrx_word' id='word_1_40' title='bbox 415 380 587 415; x_wconf 76' lang='grc' dir='ltr'>δκταήμερον</span> <span class='ocrx_word' id='word_1_41' title='bbox 601 378 647 405; x_wconf 85' lang='grc' dir='ltr'>τοῦ</span> <span class='ocrx_word' id='word_1_42' title='bbox 662 378 810 414; x_wconf 81' lang='grc' dir='ltr'><strong>νομοθέτου</strong></span> <span class='ocrx_word' id='word_1_43' title='bbox 824 377 895 405; x_wconf 85' lang='grc' dir='ltr'>κατὰ</span> <span class='ocrx_word' id='word_1_44' title='bbox 905 377 988 412; x_wconf 87' lang='grc' dir='ltr'>νόμον</span> 
     </span>
    </p>
   </div>
   <div class='ocr_carea' id='block_1_9' title="bbox 193 423 988 463">
    <p class='ocr_par' dir='ltr' id='par_1_9' title="bbox 193 423 988 463">
     <span class='ocr_line' id='line_1_9' title="bbox 193 423 988 463; baseline -0.006 -8"><span class='ocrx_word' id='word_1_45' title='bbox 193 427 361 463; x_wconf 64' lang='grc' dir='ltr'>περιτομήν</span> <span class='ocrx_word' id='word_1_46' title='bbox 371 427 439 453; x_wconf 83' lang='grc' dir='ltr'>ὀτε</span> <span class='ocrx_word' id='word_1_47' title='bbox 447 425 650 460; x_wconf 69' lang='grc' dir='ltr'><strong>ἐπλήσθησαν</strong></span> <span class='ocrx_word' id='word_1_48' title='bbox 664 426 694 452; x_wconf 81' lang='grc' dir='ltr'>αι</span> <span class='ocrx_word' id='word_1_49' title='bbox 712 424 814 459; x_wconf 73' lang='grc' dir='ltr'>ἡμέραι</span> <span class='ocrx_word' id='word_1_50' title='bbox 830 423 884 451; x_wconf 83' lang='grc' dir='ltr'>τοῦ</span> <span class='ocrx_word' id='word_1_51' title='bbox 897 426 988 451; x_wconf 80' lang='grc' dir='ltr'>καθα-</span> 
     </span>
    </p>
   </div>
   <div class='ocr_carea' id='block_1_10' title="bbox 190 471 988 511">
    <p class='ocr_par' dir='ltr' id='par_1_10' title="bbox 190 471 988 511">
     <span class='ocr_line' id='line_1_10' title="bbox 190 471 988 511; baseline -0.004 -11"><span class='ocrx_word' id='word_1_52' title='bbox 190 473 303 509; x_wconf 79' lang='grc' dir='ltr'>ρισμοῦ</span> <span class='ocrx_word' id='word_1_53' title='bbox 319 472 419 504; x_wconf 72' lang='grc' dir='ltr'><strong>αὐτ-,ῶν</strong></span> <span class='ocrx_word' id='word_1_54' title='bbox 434 472 510 499; x_wconf 79' lang='grc' dir='ltr'>κατὰ</span> <span class='ocrx_word' id='word_1_55' title='bbox 528 471 584 511; x_wconf 61' lang='grc' dir='ltr'>τὸνς</span> <span class='ocrx_word' id='word_1_56' title='bbox 603 472 701 506; x_wconf 67' lang='grc' dir='ltr'>νόμον</span> <span class='ocrx_word' id='word_1_57' title='bbox 718 472 867 504; x_wconf 83' lang='grc' dir='ltr'>Μωῦσέως</span> <span class='ocrx_word' id='word_1_58' title='bbox 878 479 884 487; x_wconf 82' lang='grc'><em>’</em></span> <span class='ocrx_word' id='word_1_59' title='bbox 903 471 988 498; x_wconf 86' lang='grc' dir='ltr'>καθα-</span> 
     </span>
    </p>
   </div>
   <div class='ocr_carea' id='block_1_11' title="bbox 196 518 986 554">
    <p class='ocr_par' dir='ltr' id='par_1_11' title="bbox 196 518 986 554">
     <span class='ocr_line' id='line_1_11' title="bbox 196 518 986 554; baseline -0.003 -8"><span class='ocrx_word' id='word_1_60' title='bbox 196 519 293 554; x_wconf 71' lang='grc' dir='ltr'>ρισμοῦ</span> <span class='ocrx_word' id='word_1_61' title='bbox 309 519 450 554; x_wconf 83' lang='grc' dir='ltr'>δηλονότι,</span> <span class='ocrx_word' id='word_1_62' title='bbox 466 518 516 552; x_wconf 84' lang='grc' dir='ltr'>τῆς</span> <span class='ocrx_word' id='word_1_63' title='bbox 532 526 562 544; x_wconf 84' lang='grc' dir='ltr'><strong>τε</strong></span> <span class='ocrx_word' id='word_1_64' title='bbox 579 518 695 554; x_wconf 81' lang='grc' dir='ltr'>Μαριὰμ.</span> <span class='ocrx_word' id='word_1_65' title='bbox 715 519 762 544; x_wconf 77' lang='grc' dir='ltr'><strong>καὶ</strong></span> <span class='ocrx_word' id='word_1_66' title='bbox 784 518 831 544; x_wconf 83' lang='grc' dir='ltr'><strong>τοῦ</strong></span> <span class='ocrx_word' id='word_1_67' title='bbox 851 518 986 553; x_wconf 73' lang='grc' dir='ltr'>βρέφουςσ</span> 
     </span>
    </p>
   </div>
   <div class='ocr_carea' id='block_1_12' title="bbox 194 562 986 600">
    <p class='ocr_par' dir='ltr' id='par_1_12' title="bbox 194 562 986 600">
     <span class='ocr_line' id='line_1_12' title="bbox 194 562 986 600; baseline -0.001 -8"><span class='ocrx_word' id='word_1_68' title='bbox 194 564 305 592; x_wconf 76' lang='grc' dir='ltr'>καὶτοῦ</span> <span class='ocrx_word' id='word_1_69' title='bbox 320 564 547 599; x_wconf 82' lang='grc' dir='ltr'><strong>προσδοκωμένου</strong></span> <span class='ocrx_word' id='word_1_70' title='bbox 563 562 634 591; x_wconf 74' lang='grc' dir='ltr'>εἶναι</span> <span class='ocrx_word' id='word_1_71' title='bbox 653 565 772 599; x_wconf 69' lang='grc' dir='ltr'>πατρόςο</span> <span class='ocrx_word' id='word_1_72' title='bbox 792 564 866 598; x_wconf 87' lang='grc' dir='ltr'>λέγω</span> <span class='ocrx_word' id='word_1_73' title='bbox 890 565 922 600; x_wconf 86' lang='grc' dir='ltr'>δὴ</span> <span class='ocrx_word' id='word_1_74' title='bbox 939 564 986 591; x_wconf 84' lang='grc' dir='ltr'><strong>τοῦ</strong></span> 
     </span>
    </p>
   </div>
   <div class='ocr_carea' id='block_1_13' title="bbox 200 610 988 647">
    <p class='ocr_par' dir='ltr' id='par_1_13' title="bbox 200 610 988 647">
     <span class='ocr_line' id='line_1_13' title="bbox 200 610 988 647; baseline 0 -9"><span class='ocrx_word' id='word_1_75' title='bbox 200 611 311 646; x_wconf 81' lang='grc' dir='ltr'>Ἰωσήφ.</span> <span class='ocrx_word' id='word_1_76' title='bbox 320 610 391 637; x_wconf 70' lang='grc' dir='ltr'>Ἀλλ’</span> <span class='ocrx_word' id='word_1_77' title='bbox 405 610 626 646; x_wconf 76' lang='grc' dir='ltr'><strong>ἐκπληττόμενος</strong></span> <span class='ocrx_word' id='word_1_78' title='bbox 639 611 686 638; x_wconf 74' lang='grc' dir='ltr'>ἐπὶ</span> <span class='ocrx_word' id='word_1_79' title='bbox 701 613 759 643; x_wconf 80' lang='grc' dir='ltr'>τοῖς</span> <span class='ocrx_word' id='word_1_80' title='bbox 773 611 906 646; x_wconf 78' lang='grc' dir='ltr'>ρηθεῐσιν,</span> <span class='ocrx_word' id='word_1_81' title='bbox 921 611 988 647; x_wconf 68' lang='grc' dir='ltr'>πρὸς</span> 
     </span>
    </p>
   </div>
   <div class='ocr_carea' id='block_1_14' title="bbox 194 655 988 692">
    <p class='ocr_par' dir='ltr' id='par_1_14' title="bbox 194 655 988 692">
     <span class='ocr_line' id='line_1_14' title="bbox 194 655 988 692; baseline 0 -8"><span class='ocrx_word' id='word_1_82' title='bbox 194 657 240 684; x_wconf 84' lang='grc' dir='ltr'>τὸν</span> <span class='ocrx_word' id='word_1_83' title='bbox 256 656 399 683; x_wconf 86' lang='grc' dir='ltr'>θεσπέσιον</span> <span class='ocrx_word' id='word_1_84' title='bbox 415 657 614 692; x_wconf 82' lang='grc' dir='ltr'>εὐαγγελιστὴν</span> <span class='ocrx_word' id='word_1_85' title='bbox 631 657 736 692; x_wconf 66' lang='grc' dir='ltr'>εἴποιμι</span> <span class='ocrx_word' id='word_1_86' title='bbox 756 658 788 684; x_wconf 83' lang='grc' dir='ltr'>ἄν</span> <span class='ocrx_word' id='word_1_87' title='bbox 799 665 805 672; x_wconf 88' lang='grc'><strong>·</strong></span> <span class='ocrx_word' id='word_1_88' title='bbox 817 658 843 684; x_wconf 89' lang='grc' dir='ltr'><strong>τί</strong></span> <span class='ocrx_word' id='word_1_89' title='bbox 854 658 954 691; x_wconf 82' lang='grc' dir='ltr'>λέγεις,</span> <span class='ocrx_word' id='word_1_90' title='bbox 966 655 988 684; x_wconf 82' lang='grc' dir='ltr'><strong>ὦ</strong></span> 
     </span>
    </p>
   </div>
   <div class='ocr_carea' id='block_1_15' title="bbox 197 701 989 738">
    <p class='ocr_par' dir='ltr' id='par_1_15' title="bbox 197 701 989 738">
     <span class='ocr_line' id='line_1_15' title="bbox 197 701 989 738; baseline -0.001 -8"><span class='ocrx_word' id='word_1_91' title='bbox 197 703 317 738; x_wconf 79' lang='grc' dir='ltr'><strong>μακάριε</strong></span> <span class='ocrx_word' id='word_1_92' title='bbox 336 701 642 736; x_wconf 78' lang='grc' dir='ltr'>Λουκᾶ.Ἐπιλελῆσθαί</span> <span class='ocrx_word' id='word_1_93' title='bbox 658 711 704 737; x_wconf 87' lang='grc' dir='ltr'><strong>μοι</strong></span> <span class='ocrx_word' id='word_1_94' title='bbox 720 702 808 734; x_wconf 85' lang='grc' dir='ltr'>δοκεῖ;</span> <span class='ocrx_word' id='word_1_95' title='bbox 820 703 876 729; x_wconf 85' lang='grc' dir='ltr'>τῶν</span> <span class='ocrx_word' id='word_1_96' title='bbox 890 703 989 730; x_wconf 77' lang='grc' dir='ltr'>ἀνωτέ-</span> 
     </span>
    </p>
   </div>
   <div class='ocr_carea' id='block_1_16' title="bbox 196 747 988 784">
    <p class='ocr_par' dir='ltr' id='par_1_16' title="bbox 196 747 988 784">
     <span class='ocr_line' id='line_1_16' title="bbox 196 747 988 784; baseline 0 -10"><span class='ocrx_word' id='word_1_97' title='bbox 196 757 237 784; x_wconf 89' lang='grc' dir='ltr'><strong>ρω</strong></span> <span class='ocrx_word' id='word_1_98' title='bbox 261 747 338 784; x_wconf 81' lang='grc' dir='ltr'>παρὰ</span> <span class='ocrx_word' id='word_1_99' title='bbox 361 748 408 774; x_wconf 86' lang='grc' dir='ltr'>σοῦ</span> <span class='ocrx_word' id='word_1_100' title='bbox 426 748 650 783; x_wconf 83' lang='grc' dir='ltr'>συγγραφέντων,</span> <span class='ocrx_word' id='word_1_101' title='bbox 668 749 821 783; x_wconf 79' lang='grc' dir='ltr'>ἀναρμόδια</span> <span class='ocrx_word' id='word_1_102' title='bbox 842 749 897 784; x_wconf 78' lang='grc' dir='ltr'>γὰρ</span> <span class='ocrx_word' id='word_1_103' title='bbox 919 749 988 784; x_wconf 77' lang='grc' dir='ltr'>πρὸς</span> 
     </span>
    </p>
   </div>
   <div class='ocr_carea' id='block_1_17' title="bbox 196 793 986 829">
    <p class='ocr_par' dir='ltr' id='par_1_17' title="bbox 196 793 986 829">
     <span class='ocr_line' id='line_1_17' title="bbox 196 793 986 829; baseline 0 -9"><span class='ocrx_word' id='word_1_104' title='bbox 196 794 288 820; x_wconf 74' lang='grc' dir='ltr'>ἐκεῖνα</span> <span class='ocrx_word' id='word_1_105' title='bbox 306 793 340 820; x_wconf 81' lang='grc' dir='ltr'>τὰ</span> <span class='ocrx_word' id='word_1_106' title='bbox 357 793 405 820; x_wconf 85' lang='grc' dir='ltr'>νῦν</span> <span class='ocrx_word' id='word_1_107' title='bbox 415 793 489 829; x_wconf 73' lang='grc' dir='ltr'>παρὰ</span> <span class='ocrx_word' id='word_1_108' title='bbox 502 793 549 820; x_wconf 83' lang='grc' dir='ltr'><strong>σοῦ</strong></span> <span class='ocrx_word' id='word_1_109' title='bbox 559 793 704 828; x_wconf 84' lang='grc' dir='ltr'>λεγόμενα.</span> <span class='ocrx_word' id='word_1_110' title='bbox 717 794 774 821; x_wconf 73' lang='grc' dir='ltr'><strong>Οὐκ</strong></span> <span class='ocrx_word' id='word_1_111' title='bbox 787 795 816 820; x_wconf 81' lang='grc' dir='ltr'><strong>ὲν</strong></span> <span class='ocrx_word' id='word_1_112' title='bbox 826 796 884 825; x_wconf 78' lang='grc' dir='ltr'>τοῖς</span> <span class='ocrx_word' id='word_1_113' title='bbox 895 794 986 828; x_wconf 78' lang='grc' dir='ltr'>Εὐαγ-</span> 
     </span>
    </p>
   </div>
   <div class='ocr_carea' id='block_1_18' title="bbox 196 838 986 875">
    <p class='ocr_par' dir='ltr' id='par_1_18' title="bbox 196 838 986 875">
     <span class='ocr_line' id='line_1_18' title="bbox 196 838 986 875; baseline 0.001 -11"><span class='ocrx_word' id='word_1_114' title='bbox 196 838 298 873; x_wconf 87' lang='grc' dir='ltr'>γελίοις</span> <span class='ocrx_word' id='word_1_115' title='bbox 319 840 352 874; x_wconf 84' lang='grc' dir='ltr'>τῇ</span> <span class='ocrx_word' id='word_1_116' title='bbox 375 839 532 874; x_wconf 85' lang='grc' dir='ltr'>Θεομήτορι</span> <span class='ocrx_word' id='word_1_117' title='bbox 558 840 606 865; x_wconf 76' lang='grc' dir='ltr'><strong>καὶ</strong></span> <span class='ocrx_word' id='word_1_118' title='bbox 634 839 757 875; x_wconf 76' lang='grc' dir='ltr'>παναγίᾳ</span> <span class='ocrx_word' id='word_1_119' title='bbox 784 839 926 874; x_wconf 77' lang='grc' dir='ltr'><strong>Παρθένῳ,</strong></span> <span class='ocrx_word' id='word_1_120' title='bbox 941 839 986 865; x_wconf 82' lang='grc' dir='ltr'>τὸν</span> 
     </span>
    </p>
   </div>
   <div class='ocr_carea' id='block_1_19' title="bbox 196 885 986 921">
    <p class='ocr_par' dir='ltr' id='par_1_19' title="bbox 196 885 986 921">
     <span class='ocr_line' id='line_1_19' title="bbox 196 885 986 921; baseline 0 -10"><span class='ocrx_word' id='word_1_121' title='bbox 196 885 268 911; x_wconf 82' lang='grc' dir='ltr'>θεῖον</span> <span class='ocrx_word' id='word_1_122' title='bbox 292 885 415 921; x_wconf 76' lang='grc' dir='ltr'>Γαϐριὴλ</span> <span class='ocrx_word' id='word_1_123' title='bbox 437 885 559 919; x_wconf 74' lang='grc' dir='ltr'><strong>εἰσάγεις</strong></span> <span class='ocrx_word' id='word_1_124' title='bbox 589 885 720 919; x_wconf 83' lang='grc' dir='ltr'>λέγοντα·</span> <span class='ocrx_word' id='word_1_125' title='bbox 753 885 873 920; x_wconf 78' lang='grc' dir='ltr'><strong>Πνεῦμα</strong></span> <span class='ocrx_word' id='word_1_126' title='bbox 899 886 986 919; x_wconf 80' lang='grc' dir='ltr'>ἄτιον</span> 
     </span>
    </p>
   </div>
   <div class='ocr_carea' id='block_1_20' title="bbox 196 931 987 967">
    <p class='ocr_par' dir='ltr' id='par_1_20' title="bbox 196 931 987 967">
     <span class='ocr_line' id='line_1_20' title="bbox 196 931 987 967; baseline 0 -9"><span class='ocrx_word' id='word_1_127' title='bbox 196 931 391 958; x_wconf 70' lang='grc' dir='ltr'><strong>ἐπελεύσεται</strong></span> <span class='ocrx_word' id='word_1_128' title='bbox 415 931 464 958; x_wconf 78' lang='grc' dir='ltr'><strong>ἐπὶ</strong></span> <span class='ocrx_word' id='word_1_129' title='bbox 478 931 525 965; x_wconf 71' lang='grc' dir='ltr'><strong>σὲ,</strong></span> <span class='ocrx_word' id='word_1_130' title='bbox 541 931 590 958; x_wconf 79' lang='grc' dir='ltr'>καὶ</span> <span class='ocrx_word' id='word_1_131' title='bbox 613 932 740 967; x_wconf 81' lang='grc' dir='ltr'>δύναμις</span> <span class='ocrx_word' id='word_1_132' title='bbox 756 931 905 966; x_wconf 73' lang='grc' dir='ltr'>Ὑψίστου</span> <span class='ocrx_word' id='word_1_133' title='bbox 923 932 987 958; x_wconf 77' lang='grc' dir='ltr'><strong>ἐπι-</strong></span> 
     </span>
    </p>
   </div>
   <div class='ocr_carea' id='block_1_21' title="bbox 197 975 990 1013">
    <p class='ocr_par' dir='ltr' id='par_1_21' title="bbox 197 975 990 1013">
     <span class='ocr_line' id='line_1_21' title="bbox 197 975 990 1013; baseline 0 -9"><span class='ocrx_word' id='word_1_134' title='bbox 197 977 319 1005; x_wconf 76' lang='grc' dir='ltr'>σκιάσει</span> <span class='ocrx_word' id='word_1_135' title='bbox 335 985 402 1009; x_wconf 62' lang='grc' dir='ltr'><strong>σου</strong></span> <span class='ocrx_word' id='word_1_136' title='bbox 415 977 477 1007; x_wconf 86' lang='grc' dir='ltr'><strong>Πῶς</strong></span> <span class='ocrx_word' id='word_1_137' title='bbox 496 975 544 1004; x_wconf 86' lang='grc' dir='ltr'><strong>οὖν</strong></span> <span class='ocrx_word' id='word_1_138' title='bbox 567 979 584 1012; x_wconf 81' lang='grc' dir='ltr'><strong>ἡ</strong></span> <span class='ocrx_word' id='word_1_139' title='bbox 607 978 639 1004; x_wconf 79' lang='grc' dir='ltr'>ἐκ</span> <span class='ocrx_word' id='word_1_140' title='bbox 664 978 823 1013; x_wconf 83' lang='grc' dir='ltr'>Πνεύματος</span> <span class='ocrx_word' id='word_1_141' title='bbox 846 979 925 1012; x_wconf 82' lang='grc' dir='ltr'>ἁγίου</span> <span class='ocrx_word' id='word_1_142' title='bbox 942 978 990 1005; x_wconf 79' lang='grc' dir='ltr'><strong>καὶ</strong></span> 
     </span>
    </p>
   </div>
   <div class='ocr_carea' id='block_1_22' title="bbox 197 1023 990 1060">
    <p class='ocr_par' dir='ltr' id='par_1_22' title="bbox 197 1023 990 1060">
     <span class='ocr_line' id='line_1_22' title="bbox 197 1023 990 1060; baseline 0.003 -11"><span class='ocrx_word' id='word_1_143' title='bbox 197 1023 339 1059; x_wconf 83' lang='grc' dir='ltr'>δυνάμεως</span> <span class='ocrx_word' id='word_1_144' title='bbox 358 1023 486 1058; x_wconf 78' lang='grc' dir='ltr'>Ὑψίστου</span> <span class='ocrx_word' id='word_1_145' title='bbox 515 1024 657 1059; x_wconf 80' lang='grc' dir='ltr'>κυήσασα,</span> <span class='ocrx_word' id='word_1_146' title='bbox 675 1026 722 1051; x_wconf 76' lang='grc' dir='ltr'><strong>καὶ</strong></span> <span class='ocrx_word' id='word_1_147' title='bbox 748 1025 785 1060; x_wconf 82' lang='grc' dir='ltr'>μὴ</span> <span class='ocrx_word' id='word_1_148' title='bbox 813 1025 883 1051; x_wconf 78' lang='grc' dir='ltr'>κατὰ</span> <span class='ocrx_word' id='word_1_149' title='bbox 908 1024 990 1059; x_wconf 82' lang='grc' dir='ltr'>νόμον</span> 
     </span>
    </p>
   </div>
   <div class='ocr_carea' id='block_1_23' title="bbox 197 1068 989 1106">
    <p class='ocr_par' dir='ltr' id='par_1_23' title="bbox 197 1068 989 1106">
     <span class='ocr_line' id='line_1_23' title="bbox 197 1068 989 1106; baseline 0.001 -11"><span class='ocrx_word' id='word_1_150' title='bbox 197 1068 374 1104; x_wconf 80' lang='grc' dir='ltr'><strong>ἀνθρωπίνης</strong></span> <span class='ocrx_word' id='word_1_151' title='bbox 387 1070 511 1104; x_wconf 87' lang='grc' dir='ltr'>κυήσεως</span> <span class='ocrx_word' id='word_1_152' title='bbox 523 1090 529 1101; x_wconf 85' lang='grc'>,</span> <span class='ocrx_word' id='word_1_153' title='bbox 545 1069 717 1106; x_wconf 79' lang='grc' dir='ltr'>καθαρισμοῦ</span> <span class='ocrx_word' id='word_1_154' title='bbox 733 1071 833 1097; x_wconf 79' lang='grc' dir='ltr'><strong>δέεται.</strong></span> <span class='ocrx_word' id='word_1_155' title='bbox 851 1071 912 1102; x_wconf 85' lang='grc' dir='ltr'><strong>Πῶς</strong></span> <span class='ocrx_word' id='word_1_156' title='bbox 927 1071 956 1097; x_wconf 83' lang='grc' dir='ltr'>δὲ</span> <span class='ocrx_word' id='word_1_157' title='bbox 972 1071 989 1106; x_wconf 86' lang='grc' dir='ltr'>ἠ</span> 
     </span>
    </p>
   </div>
   <div class='ocr_carea' id='block_1_24' title="bbox 198 1114 990 1152">
    <p class='ocr_par' dir='ltr' id='par_1_24' title="bbox 198 1114 990 1152">
     <span class='ocr_line' id='line_1_24' title="bbox 198 1114 990 1152; baseline 0.001 -11"><span class='ocrx_word' id='word_1_158' title='bbox 198 1114 373 1150; x_wconf 76' lang='grc' dir='ltr'><strong>πληρωθεῖσα</strong></span> <span class='ocrx_word' id='word_1_159' title='bbox 396 1115 443 1141; x_wconf 85' lang='grc' dir='ltr'><strong>τοῦ</strong></span> <span class='ocrx_word' id='word_1_160' title='bbox 471 1115 563 1141; x_wconf 76' lang='grc' dir='ltr'>πᾶσαν</span> <span class='ocrx_word' id='word_1_161' title='bbox 590 1116 678 1142; x_wconf 78' lang='grc' dir='ltr'><strong>κτίσιν</strong></span> <span class='ocrx_word' id='word_1_162' title='bbox 705 1116 848 1152; x_wconf 72' lang='grc' dir='ltr'>ὁρωμένην</span> <span class='ocrx_word' id='word_1_163' title='bbox 872 1116 920 1142; x_wconf 77' lang='grc' dir='ltr'>καὶ</span> <span class='ocrx_word' id='word_1_164' title='bbox 941 1116 990 1151; x_wconf 83' lang='grc' dir='ltr'>οὐχ</span> 
     </span>
    </p>
   </div>
   <div class='ocr_carea' id='block_1_25' title="bbox 198 1161 992 1197">
    <p class='ocr_par' dir='ltr' id='par_1_25' title="bbox 198 1161 992 1197">
     <span class='ocr_line' id='line_1_25' title="bbox 198 1161 992 1197; baseline 0.003 -10"><span class='ocrx_word' id='word_1_165' title='bbox 198 1161 340 1196; x_wconf 74' lang='grc' dir='ltr'><strong>ὁρωμένην</strong></span> <span class='ocrx_word' id='word_1_166' title='bbox 362 1161 545 1195; x_wconf 77' lang='grc' dir='ltr'>ἁγιάζοντος,</span> <span class='ocrx_word' id='word_1_167' title='bbox 575 1161 737 1196; x_wconf 79' lang='grc' dir='ltr'>Πνεύματος</span> <span class='ocrx_word' id='word_1_168' title='bbox 763 1163 842 1196; x_wconf 82' lang='grc' dir='ltr'>ἁγίου</span> <span class='ocrx_word' id='word_1_169' title='bbox 871 1162 992 1197; x_wconf 80' lang='grc' dir='ltr'><strong>ὑπάρχει</strong></span> 
     </span>
    </p>
   </div>
   <div class='ocr_carea' id='block_1_26' title="bbox 199 1207 991 1244">
    <p class='ocr_par' dir='ltr' id='par_1_26' title="bbox 199 1207 991 1244">
     <span class='ocr_line' id='line_1_26' title="bbox 199 1207 991 1244; baseline 0 -10"><span class='ocrx_word' id='word_1_170' title='bbox 199 1207 343 1242; x_wconf 74' lang='grc' dir='ltr'><strong>ἀμέτοχος.</strong></span> <span class='ocrx_word' id='word_1_171' title='bbox 362 1207 424 1239; x_wconf 85' lang='grc' dir='ltr'><strong>Πῶς</strong></span> <span class='ocrx_word' id='word_1_172' title='bbox 442 1207 471 1234; x_wconf 82' lang='grc' dir='ltr'>δὲ</span> <span class='ocrx_word' id='word_1_173' title='bbox 492 1209 508 1243; x_wconf 83' lang='grc' dir='ltr'>ἡ</span> <span class='ocrx_word' id='word_1_174' title='bbox 523 1208 734 1236; x_wconf 81' lang='grc' dir='ltr'>ὲπισκιασθετσα</span> <span class='ocrx_word' id='word_1_175' title='bbox 748 1210 780 1244; x_wconf 77' lang='grc' dir='ltr'>τῇ</span> <span class='ocrx_word' id='word_1_176' title='bbox 796 1208 844 1235; x_wconf 79' lang='grc' dir='ltr'><strong>τοῦ</strong></span> <span class='ocrx_word' id='word_1_177' title='bbox 863 1208 991 1243; x_wconf 78' lang='grc' dir='ltr'><strong>Ὑψίστου</strong></span> 
     </span>
    </p>
   </div>
   <div class='ocr_carea' id='block_1_27' title="bbox 199 1253 998 1290">
    <p class='ocr_par' dir='ltr' id='par_1_27' title="bbox 199 1253 998 1290">
     <span class='ocr_line' id='line_1_27' title="bbox 199 1253 998 1290; baseline 0 -10"><span class='ocrx_word' id='word_1_178' title='bbox 199 1253 332 1288; x_wconf 81' lang='grc' dir='ltr'>δυνάμει,</span> <span class='ocrx_word' id='word_1_179' title='bbox 346 1253 376 1280; x_wconf 82' lang='grc' dir='ltr'>οὐ</span> <span class='ocrx_word' id='word_1_180' title='bbox 393 1254 485 1289; x_wconf 81' lang='grc' dir='ltr'>πάσης</span> <span class='ocrx_word' id='word_1_181' title='bbox 504 1254 690 1290; x_wconf 79' lang='grc' dir='ltr'>καθαρότητος</span> <span class='ocrx_word' id='word_1_182' title='bbox 713 1255 762 1282; x_wconf 74' lang='grc' dir='ltr'><strong>καὶ</strong></span> <span class='ocrx_word' id='word_1_183' title='bbox 786 1253 922 1289; x_wconf 81' lang='grc' dir='ltr'>ἀγιασμοῦ</span> <span class='ocrx_word' id='word_1_184' title='bbox 941 1255 998 1288; x_wconf 51' lang='grc' dir='ltr'><strong>ὐπ’-</strong></span> 
     </span>
    </p>
   </div>
   <div class='ocr_carea' id='block_1_28' title="bbox 199 1300 992 1336">
    <p class='ocr_par' dir='ltr' id='par_1_28' title="bbox 199 1300 992 1336">
     <span class='ocr_line' id='line_1_28' title="bbox 199 1300 992 1336; baseline 0 -10"><span class='ocrx_word' id='word_1_185' title='bbox 199 1300 280 1336; x_wconf 82' lang='grc' dir='ltr'>άρχει</span> <span class='ocrx_word' id='word_1_186' title='bbox 297 1300 440 1332; x_wconf 81' lang='grc' dir='ltr'>ἀνάπλεως</span> <span class='ocrx_word' id='word_1_187' title='bbox 454 1300 552 1333; x_wconf 80' lang='grc' dir='ltr'>;¹Αλλὰ</span> <span class='ocrx_word' id='word_1_188' title='bbox 565 1300 600 1327; x_wconf 84' lang='grc' dir='ltr'>τὰ</span> <span class='ocrx_word' id='word_1_189' title='bbox 615 1300 680 1335; x_wconf 75' lang='grc' dir='ltr'><strong>ἑξῆς</strong></span> <span class='ocrx_word' id='word_1_190' title='bbox 694 1300 742 1327; x_wconf 79' lang='grc' dir='ltr'>τοῦ</span> <span class='ocrx_word' id='word_1_191' title='bbox 753 1300 925 1335; x_wconf 77' lang='grc' dir='ltr'><strong>ἀρχαγγέλου</strong></span> <span class='ocrx_word' id='word_1_192' title='bbox 941 1300 992 1335; x_wconf 79' lang='grc' dir='ltr'><strong>ῥή-</strong></span> 
     </span>
    </p>
   </div>
   <div class='ocr_carea' id='block_1_29' title="bbox 202 1346 991 1382">
    <p class='ocr_par' dir='ltr' id='par_1_29' title="bbox 202 1346 991 1382">
     <span class='ocr_line' id='line_1_29' title="bbox 202 1346 991 1382; baseline 0 -10"><span class='ocrx_word' id='word_1_193' title='bbox 202 1355 275 1381; x_wconf 88' lang='grc' dir='ltr'>ματα</span> <span class='ocrx_word' id='word_1_194' title='bbox 286 1366 293 1378; x_wconf 87' lang='grc'><strong>,</strong></span> <span class='ocrx_word' id='word_1_195' title='bbox 308 1346 362 1372; x_wconf 85' lang='grc' dir='ltr'>τῶν</span> <span class='ocrx_word' id='word_1_196' title='bbox 387 1346 526 1382; x_wconf 77' lang='grc' dir='ltr'>ῥηθέντων</span> <span class='ocrx_word' id='word_1_197' title='bbox 543 1346 598 1373; x_wconf 78' lang='grc' dir='ltr'>είσὶ</span> <span class='ocrx_word' id='word_1_198' title='bbox 612 1346 789 1382; x_wconf 72' lang='grc' dir='ltr'>φοϐερώτερα</span> <span class='ocrx_word' id='word_1_199' title='bbox 800 1355 806 1361; x_wconf 90' lang='grc'><strong>·</strong></span> <span class='ocrx_word' id='word_1_200' title='bbox 828 1346 903 1380; x_wconf 83' lang='grc' dir='ltr'>λέγει</span> <span class='ocrx_word' id='word_1_201' title='bbox 917 1346 972 1381; x_wconf 85' lang='grc' dir='ltr'>γάρ</span> <span class='ocrx_word' id='word_1_202' title='bbox 983 1353 991 1361; x_wconf 89' lang='grc'><strong>·</strong></span> 
     </span>
    </p>
   </div>
   <div class='ocr_carea' id='block_1_30' title="bbox 200 1391 990 1427">
    <p class='ocr_par' dir='ltr' id='par_1_30' title="bbox 200 1391 990 1427">
     <span class='ocr_line' id='line_1_30' title="bbox 200 1391 990 1427; baseline 0 -9"><span class='ocrx_word' id='word_1_203' title='bbox 200 1392 250 1418; x_wconf 88' lang='grc' dir='ltr'><strong>Διὸ</strong></span> <span class='ocrx_word' id='word_1_204' title='bbox 273 1392 323 1419; x_wconf 78' lang='grc' dir='ltr'>καὶ</span> <span class='ocrx_word' id='word_1_205' title='bbox 346 1392 380 1419; x_wconf 79' lang='grc' dir='ltr'>τὸ</span> <span class='ocrx_word' id='word_1_206' title='bbox 399 1392 588 1427; x_wconf 76' lang='grc' dir='ltr'>γεννώμενον</span> <span class='ocrx_word' id='word_1_207' title='bbox 606 1392 702 1427; x_wconf 76' lang='grc' dir='ltr'>ἅγιον,</span> <span class='ocrx_word' id='word_1_208' title='bbox 721 1393 907 1426; x_wconf 70' lang='grc' dir='ltr'>κληθήσεται</span> <span class='ocrx_word' id='word_1_209' title='bbox 927 1391 990 1425; x_wconf 81' lang='grc' dir='ltr'><strong>Υιὸς</strong></span> 
     </span>
    </p>
   </div>
   <div class='ocr_carea' id='block_1_31' title="bbox 203 1436 993 1474">
    <p class='ocr_par' dir='ltr' id='par_1_31' title="bbox 203 1436 993 1474">
     <span class='ocr_line' id='line_1_31' title="bbox 203 1436 993 1474; baseline -0.003 -9"><span class='ocrx_word' id='word_1_210' title='bbox 203 1438 287 1465; x_wconf 83' lang='grc' dir='ltr'>Θεοῦ.</span> <span class='ocrx_word' id='word_1_211' title='bbox 303 1438 351 1470; x_wconf 84' lang='grc' dir='ltr'><strong>Τις</strong></span> <span class='ocrx_word' id='word_1_212' title='bbox 369 1436 416 1465; x_wconf 80' lang='grc' dir='ltr'><strong>οὖν</strong></span> <span class='ocrx_word' id='word_1_213' title='bbox 429 1438 551 1470; x_wconf 85' lang='grc' dir='ltr'>ἀκούσας</span> <span class='ocrx_word' id='word_1_214' title='bbox 565 1438 661 1474; x_wconf 81' lang='grc' dir='ltr'>πρώην</span> <span class='ocrx_word' id='word_1_215' title='bbox 676 1438 751 1473; x_wconf 80' lang='grc' dir='ltr'>παρᾶ</span> <span class='ocrx_word' id='word_1_216' title='bbox 769 1437 815 1464; x_wconf 76' lang='grc' dir='ltr'><strong>σοῦ</strong></span> <span class='ocrx_word' id='word_1_217' title='bbox 832 1437 930 1469; x_wconf 83' lang='grc' dir='ltr'>ταῦτα,</span> <span class='ocrx_word' id='word_1_218' title='bbox 946 1437 993 1463; x_wconf 85' lang='grc' dir='ltr'><strong>καὶ</strong></span> 
     </span>
    </p>
   </div>
   <div class='ocr_carea' id='block_1_32' title="bbox 202 1483 993 1520">
    <p class='ocr_par' dir='ltr' id='par_1_32' title="bbox 202 1483 993 1520">
     <span class='ocr_line' id='line_1_32' title="bbox 202 1483 993 1520; baseline 0 -10"><span class='ocrx_word' id='word_1_219' title='bbox 202 1484 250 1512; x_wconf 82' lang='grc' dir='ltr'>νῦν</span> <span class='ocrx_word' id='word_1_220' title='bbox 268 1484 375 1511; x_wconf 77' lang='grc' dir='ltr'>ἀκούων</span> <span class='ocrx_word' id='word_1_221' title='bbox 393 1484 473 1512; x_wconf 81' lang='grc' dir='ltr'>πάλιν</span> <span class='ocrx_word' id='word_1_222' title='bbox 492 1484 609 1520; x_wconf 82' lang='grc' dir='ltr'>βοῶντός</span> <span class='ocrx_word' id='word_1_223' title='bbox 627 1493 691 1511; x_wconf 79' lang='grc' dir='ltr'>σου’</span> <span class='ocrx_word' id='word_1_224' title='bbox 708 1485 773 1511; x_wconf 82' lang='grc' dir='ltr'><strong>Ὅτε</strong></span> <span class='ocrx_word' id='word_1_225' title='bbox 789 1483 993 1517; x_wconf 76' lang='grc' dir='ltr'>ἐπλήσθησαν</span> 
     </span>
    </p>
   </div>
   <div class='ocr_carea' id='block_1_33' title="bbox 202 1527 994 1567">
    <p class='ocr_par' dir='ltr' id='par_1_33' title="bbox 202 1527 994 1567">
     <span class='ocr_line' id='line_1_33' title="bbox 202 1527 994 1567; baseline -0.006 -10"><span class='ocrx_word' id='word_1_226' title='bbox 202 1531 231 1557; x_wconf 75' lang='grc' dir='ltr'>αἱ</span> <span class='ocrx_word' id='word_1_227' title='bbox 247 1529 352 1564; x_wconf 76' lang='grc' dir='ltr'>ἡμέραι</span> <span class='ocrx_word' id='word_1_228' title='bbox 367 1529 420 1556; x_wconf 87' lang='grc' dir='ltr'>τοῦ</span> <span class='ocrx_word' id='word_1_229' title='bbox 433 1528 622 1563; x_wconf 83' lang='grc' dir='ltr'>καθαρισμοῦ</span> <span class='ocrx_word' id='word_1_230' title='bbox 642 1528 741 1555; x_wconf 77' lang='grc' dir='ltr'>αὐτῶν</span> <span class='ocrx_word' id='word_1_231' title='bbox 751 1536 758 1543; x_wconf 83' lang='grc'><strong>”</strong></span> <span class='ocrx_word' id='word_1_232' title='bbox 776 1528 806 1554; x_wconf 87' lang='grc' dir='ltr'>οὐ</span> <span class='ocrx_word' id='word_1_233' title='bbox 823 1527 936 1567; x_wconf 65' lang='grc' dir='ltr'>δικαίως</span> <span class='ocrx_word' id='word_1_234' title='bbox 948 1527 994 1552; x_wconf 82' lang='grc' dir='ltr'><strong>ὲκ-</strong></span> 
     </span>
    </p>
   </div>
   <div class='ocr_carea' id='block_1_34' title="bbox 203 1572 1031 1622">
    <p class='ocr_par' dir='ltr' id='par_1_34' title="bbox 203 1572 1031 1622">
     <span class='ocr_line' id='line_1_34' title="bbox 203 1572 1031 1622; baseline -0.005 -20"><span class='ocrx_word' id='word_1_235' title='bbox 203 1575 318 1610; x_wconf 72' lang='grc' dir='ltr'>πλαγεὶς</span> <span class='ocrx_word' id='word_1_236' title='bbox 341 1575 485 1610; x_wconf 74' lang='grc' dir='ltr'><strong>ἐγκαλέσει</strong></span> <span class='ocrx_word' id='word_1_237' title='bbox 512 1575 615 1619; x_wconf 22' lang='grc' dir='ltr'>σοιηγΕί</span> <span class='ocrx_word' id='word_1_238' title='bbox 634 1574 823 1622; x_wconf 84' lang='grc' dir='ltr'><strong>γὰρ</strong></span> <span class='ocrx_word' id='word_1_239' title='bbox 846 1572 926 1622; x_wconf 61' lang='grc' dir='ltr'>ἅγιον</span> <span class='ocrx_word' id='word_1_240' title='bbox 945 1573 994 1608; x_wconf 80' lang='grc' dir='ltr'>τὴν</span> <span class='ocrx_word' id='word_1_241' title='bbox 1008 1590 1031 1622; x_wconf 80' lang='lat' dir='ltr'><strong>c</strong></span> 
     </span>
    </p>
   </div>
   <div class='ocr_carea' id='block_1_35' title="bbox 204 1614 994 1656">
    <p class='ocr_par' dir='ltr' id='par_1_35' title="bbox 204 1614 994 1656">
     <span class='ocr_line' id='line_1_35' title="bbox 204 1614 994 1656; baseline -0.005 -9"><span class='ocrx_word' id='word_1_242' title='bbox 204 1620 344 1656; x_wconf 82' lang='grc' dir='ltr'>Παρθένον</span> <span class='ocrx_word' id='word_1_243' title='bbox 367 1620 540 1655; x_wconf 73' lang='grc' dir='ltr'>ἐπλήρωσεν,</span> <span class='ocrx_word' id='word_1_244' title='bbox 558 1614 605 1646; x_wconf 75' lang='grc' dir='ltr'>καὶ</span> <span class='ocrx_word' id='word_1_245' title='bbox 624 1621 640 1655; x_wconf 78' lang='grc' dir='ltr'>ἡ</span> <span class='ocrx_word' id='word_1_246' title='bbox 663 1619 711 1646; x_wconf 76' lang='grc' dir='ltr'><strong>τοῦ</strong></span> <span class='ocrx_word' id='word_1_247' title='bbox 729 1618 858 1653; x_wconf 78' lang='grc' dir='ltr'>Ὑψίστου</span> <span class='ocrx_word' id='word_1_248' title='bbox 880 1617 994 1652; x_wconf 82' lang='grc' dir='ltr'>δύναμις</span> 
     </span>
    </p>
   </div>
   <div class='ocr_carea' id='block_1_36' title="bbox 205 1663 993 1702">
    <p class='ocr_par' dir='ltr' id='par_1_36' title="bbox 205 1663 993 1702">
     <span class='ocr_line' id='line_1_36' title="bbox 205 1663 993 1702; baseline -0.005 -9"><span class='ocrx_word' id='word_1_249' title='bbox 205 1667 248 1694; x_wconf 72' lang='grc' dir='ltr'><strong>ἐπ’</strong></span> <span class='ocrx_word' id='word_1_250' title='bbox 259 1667 329 1702; x_wconf 82' lang='grc' dir='ltr'><strong>αὐτῇ</strong></span> <span class='ocrx_word' id='word_1_251' title='bbox 347 1666 511 1693; x_wconf 74' lang='grc' dir='ltr'>ἐπεσκίασεν</span> <span class='ocrx_word' id='word_1_252' title='bbox 522 1673 529 1680; x_wconf 92' lang='grc'>·</span> <span class='ocrx_word' id='word_1_253' title='bbox 545 1666 591 1692; x_wconf 70' lang='grc' dir='ltr'><strong>καὶ</strong></span> <span class='ocrx_word' id='word_1_254' title='bbox 612 1665 644 1692; x_wconf 80' lang='grc' dir='ltr'>τὸ</span> <span class='ocrx_word' id='word_1_255' title='bbox 666 1664 836 1700; x_wconf 72' lang='grc' dir='ltr'>γεννώμενον</span> <span class='ocrx_word' id='word_1_256' title='bbox 851 1663 882 1696; x_wconf 74' lang='grc' dir='ltr'><strong>ἐξ</strong></span> <span class='ocrx_word' id='word_1_257' title='bbox 897 1663 993 1698; x_wconf 82' lang='grc' dir='ltr'>αὐτῆς,</span> 
     </span>
    </p>
   </div>
   <div class='ocr_carea' id='block_1_37' title="bbox 206 1707 997 1746">
    <p class='ocr_par' dir='ltr' id='par_1_37' title="bbox 206 1707 997 1746">
     <span class='ocr_line' id='line_1_37' title="bbox 206 1707 997 1746; baseline -0.004 -8"><span class='ocrx_word' id='word_1_258' title='bbox 206 1711 270 1743; x_wconf 59' lang='lat' dir='ltr'><strong>rte;</strong></span> <span class='ocrx_word' id='word_1_259' title='bbox 285 1711 336 1746; x_wconf 83' lang='grc' dir='ltr'><strong>μέν</strong></span> <span class='ocrx_word' id='word_1_260' title='bbox 352 1711 410 1738; x_wconf 79' lang='grc' dir='ltr'>ἐστι</span> <span class='ocrx_word' id='word_1_261' title='bbox 423 1711 470 1738; x_wconf 82' lang='grc' dir='ltr'><strong>τοῦ</strong></span> <span class='ocrx_word' id='word_1_262' title='bbox 486 1711 540 1746; x_wconf 74' lang='grc' dir='ltr'>πρὸ</span> <span class='ocrx_word' id='word_1_263' title='bbox 554 1711 660 1738; x_wconf 72' lang='grc' dir='ltr'>αἰώνων</span> <span class='ocrx_word' id='word_1_264' title='bbox 671 1710 739 1737; x_wconf 72' lang='grc' dir='ltr'>θεοῦ</span> <span class='ocrx_word' id='word_1_265' title='bbox 753 1719 759 1726; x_wconf 91' lang='grc'><strong>·</strong></span> <span class='ocrx_word' id='word_1_266' title='bbox 779 1710 826 1736; x_wconf 72' lang='grc' dir='ltr'>καὶ</span> <span class='ocrx_word' id='word_1_267' title='bbox 840 1709 887 1736; x_wconf 83' lang='grc' dir='ltr'><strong>νῦν</strong></span> <span class='ocrx_word' id='word_1_268' title='bbox 901 1709 940 1742; x_wconf 78' lang='grc' dir='ltr'><strong>δὲ,</strong></span> <span class='ocrx_word' id='word_1_269' title='bbox 952 1707 997 1735; x_wconf 67' lang='grc' dir='ltr'><strong>διὰ</strong></span> 
     </span>
    </p>
   </div>
   <div class='ocr_carea' id='block_1_38' title="bbox 207 1755 997 1793">
    <p class='ocr_par' dir='ltr' id='par_1_38' title="bbox 207 1755 997 1793">
     <span class='ocr_line' id='line_1_38' title="bbox 207 1755 997 1793; baseline -0.003 -9"><span class='ocrx_word' id='word_1_270' title='bbox 207 1757 256 1793; x_wconf 84' lang='grc' dir='ltr'>τὴν</span> <span class='ocrx_word' id='word_1_271' title='bbox 276 1757 433 1792; x_wconf 74' lang='grc' dir='ltr'>οἰκονομίαν</span> <span class='ocrx_word' id='word_1_272' title='bbox 446 1758 649 1792; x_wconf 71' lang='grc' dir='ltr'>κληθήσεται·</span> <span class='ocrx_word' id='word_1_273' title='bbox 665 1757 723 1788; x_wconf 75' lang='grc' dir='ltr'>πῶς</span> <span class='ocrx_word' id='word_1_274' title='bbox 745 1757 761 1791; x_wconf 89' lang='grc' dir='ltr'>ὴ</span> <span class='ocrx_word' id='word_1_275' title='bbox 779 1756 831 1791; x_wconf 84' lang='grc' dir='ltr'>τῆς</span> <span class='ocrx_word' id='word_1_276' title='bbox 850 1755 927 1787; x_wconf 78' lang='grc' dir='ltr'>θείας</span> <span class='ocrx_word' id='word_1_277' title='bbox 948 1755 997 1782; x_wconf 77' lang='grc' dir='ltr'>καὶ</span> 
     </span>
    </p>
   </div>
   <div class='ocr_carea' id='block_1_39' title="bbox 206 1801 996 1840">
    <p class='ocr_par' dir='ltr' id='par_1_39' title="bbox 206 1801 996 1840">
     <span class='ocr_line' id='line_1_39' title="bbox 206 1801 996 1840; baseline -0.004 -9"><span class='ocrx_word' id='word_1_278' title='bbox 206 1804 350 1838; x_wconf 77' lang='grc' dir='ltr'>όμοουσῐου</span> <span class='ocrx_word' id='word_1_279' title='bbox 367 1804 482 1839; x_wconf 82' lang='grc' dir='ltr'>Τριάδος</span> <span class='ocrx_word' id='word_1_280' title='bbox 497 1804 668 1840; x_wconf 84' lang='grc' dir='ltr'>γεγενημένη</span> <span class='ocrx_word' id='word_1_281' title='bbox 687 1803 809 1838; x_wconf 76' lang='grc' dir='ltr'>μέτοχος,</span> <span class='ocrx_word' id='word_1_282' title='bbox 826 1803 855 1829; x_wconf 81' lang='grc' dir='ltr'>οὐ</span> <span class='ocrx_word' id='word_1_283' title='bbox 874 1802 954 1836; x_wconf 88' lang='grc' dir='ltr'>μόνον</span> <span class='ocrx_word' id='word_1_284' title='bbox 965 1801 996 1828; x_wconf 78' lang='grc' dir='ltr'>οὗ</span> 
     </span>
    </p>
   </div>
   <div class='ocr_carea' id='block_1_40' title="bbox 206 1847 998 1884">
    <p class='ocr_par' dir='ltr' id='par_1_40' title="bbox 206 1847 998 1884">
     <span class='ocr_line' id='line_1_40' title="bbox 206 1847 998 1884; baseline -0.004 -8"><span class='ocrx_word' id='word_1_285' title='bbox 206 1849 329 1876; x_wconf 84' lang='grc' dir='ltr'>λείπεται</span> <span class='ocrx_word' id='word_1_286' title='bbox 353 1849 492 1883; x_wconf 79' lang='grc' dir='ltr'>ἁγιασμοῦ</span> <span class='ocrx_word' id='word_1_287' title='bbox 516 1849 565 1876; x_wconf 76' lang='grc' dir='ltr'><strong>καὶ</strong></span> <span class='ocrx_word' id='word_1_288' title='bbox 589 1849 767 1884; x_wconf 73' lang='grc' dir='ltr'>καθάρσεως¹</span> <span class='ocrx_word' id='word_1_289' title='bbox 792 1848 850 1875; x_wconf 82' lang='grc' dir='ltr'>ἀλλ’</span> <span class='ocrx_word' id='word_1_290' title='bbox 867 1848 929 1882; x_wconf 75' lang='grc' dir='ltr'>οὐχὶ</span> <span class='ocrx_word' id='word_1_291' title='bbox 949 1847 998 1874; x_wconf 74' lang='grc' dir='ltr'>καὶ</span> 
     </span>
    </p>
   </div>
   <div class='ocr_carea' id='block_1_41' title="bbox 208 1893 999 1932">
    <p class='ocr_par' dir='ltr' id='par_1_41' title="bbox 208 1893 999 1932">
     <span class='ocr_line' id='line_1_41' title="bbox 208 1893 999 1932; baseline -0.004 -10"><span class='ocrx_word' id='word_1_292' title='bbox 208 1896 284 1932; x_wconf 82' lang='grc' dir='ltr'>πάσῃ</span> <span class='ocrx_word' id='word_1_293' title='bbox 298 1897 332 1931; x_wconf 80' lang='grc' dir='ltr'>τῇ</span> <span class='ocrx_word' id='word_1_294' title='bbox 348 1895 435 1922; x_wconf 78' lang='grc' dir='ltr'>κτίσει</span> <span class='ocrx_word' id='word_1_295' title='bbox 450 1895 588 1930; x_wconf 82' lang='grc' dir='ltr'>ἁγιασμοῦ</span> <span class='ocrx_word' id='word_1_296' title='bbox 604 1895 652 1922; x_wconf 78' lang='grc' dir='ltr'><strong>καὶ</strong></span> <span class='ocrx_word' id='word_1_297' title='bbox 671 1895 832 1929; x_wconf 83' lang='grc' dir='ltr'>καθάρσεως</span> <span class='ocrx_word' id='word_1_298' title='bbox 852 1893 999 1928; x_wconf 81' lang='grc' dir='ltr'>γενήσεται</span> 
     </span>
    </p>
   </div>
   <div class='ocr_carea' id='block_1_42' title="bbox 208 1942 350 1977">
    <p class='ocr_par' dir='ltr' id='par_1_42' title="bbox 208 1942 350 1977">
     <span class='ocr_line' id='line_1_42' title="bbox 208 1942 350 1977; baseline 0 -10"><span class='ocrx_word' id='word_1_299' title='bbox 208 1942 350 1977; x_wconf 78' lang='grc' dir='ltr'>πρόξενος.</span> 
     </span>
    </p>
   </div>
   <div class='ocr_carea' id='block_1_43' title="bbox 246 1983 997 2022">
    <p class='ocr_par' dir='ltr' id='par_1_43' title="bbox 246 1983 997 2022">
     <span class='ocr_line' id='line_1_43' title="bbox 246 1983 997 2022; baseline -0.004 -9"><span class='ocrx_word' id='word_1_300' title='bbox 246 1987 278 2013; x_wconf 88' lang='grc' dir='ltr'>Τί</span> <span class='ocrx_word' id='word_1_301' title='bbox 297 1987 326 2013; x_wconf 83' lang='grc' dir='ltr'>δὲ</span> <span class='ocrx_word' id='word_1_302' title='bbox 352 1986 421 2022; x_wconf 72' lang='grc' dir='ltr'>πρὸς</span> <span class='ocrx_word' id='word_1_303' title='bbox 444 1985 532 2012; x_wconf 79' lang='grc' dir='ltr'>ταῦτα</span> <span class='ocrx_word' id='word_1_304' title='bbox 554 1986 568 2011; x_wconf 88' lang='grc' dir='ltr'><strong>ό</strong></span> <span class='ocrx_word' id='word_1_305' title='bbox 594 1984 811 2020; x_wconf 65' lang='grc' dir='ltr'>εὐαγγελιστήςς</span> <span class='ocrx_word' id='word_1_306' title='bbox 836 1983 886 2015; x_wconf 80' lang='grc' dir='ltr'><strong>οὒ,</strong></span> <span class='ocrx_word' id='word_1_307' title='bbox 904 1985 997 2020; x_wconf 78' lang='grc' dir='ltr'>φησὶν,</span> 
     </span>
    </p>
   </div>
   <div class='ocr_carea' id='block_1_44' title="bbox 208 2030 997 2068">
    <p class='ocr_par' dir='ltr' id='par_1_44' title="bbox 208 2030 997 2068">
     <span class='ocr_line' id='line_1_44' title="bbox 208 2030 997 2068; baseline -0.004 -9"><span class='ocrx_word' id='word_1_308' title='bbox 208 2032 370 2068; x_wconf 66' lang='grc' dir='ltr'>ἐπιλήσμων</span> <span class='ocrx_word' id='word_1_309' title='bbox 384 2032 439 2058; x_wconf 78' lang='grc' dir='ltr'>τῶν</span> <span class='ocrx_word' id='word_1_310' title='bbox 451 2032 496 2058; x_wconf 78' lang='grc' dir='ltr'><strong>ὑπ’</strong></span> <span class='ocrx_word' id='word_1_311' title='bbox 507 2031 574 2066; x_wconf 76' lang='grc' dir='ltr'>ἐμοῦ</span> <span class='ocrx_word' id='word_1_312' title='bbox 590 2031 730 2067; x_wconf 77' lang='grc' dir='ltr'>ῥηθέντων</span> <span class='ocrx_word' id='word_1_313' title='bbox 740 2031 870 2067; x_wconf 71' lang='grc' dir='ltr'>ἀνωτέρω</span> <span class='ocrx_word' id='word_1_314' title='bbox 881 2030 981 2064; x_wconf 81' lang='grc' dir='ltr'>γέγονα</span> <span class='ocrx_word' id='word_1_315' title='bbox 990 2038 997 2045; x_wconf 69' lang='grc' dir='ltr'>υ</span> 
     </span>
    </p>
   </div>
   <div class='ocr_carea' id='block_1_45' title="bbox 208 2075 998 2113">
    <p class='ocr_par' dir='ltr' id='par_1_45' title="bbox 208 2075 998 2113">
     <span class='ocr_line' id='line_1_45' title="bbox 208 2075 998 2113; baseline -0.003 -9"><span class='ocrx_word' id='word_1_316' title='bbox 208 2078 258 2105; x_wconf 74' lang='grc' dir='ltr'><strong>ἀλλ</strong></span> <span class='ocrx_word' id='word_1_317' title='bbox 278 2077 341 2105; x_wconf 77' lang='grc' dir='ltr'>οὔτε</span> <span class='ocrx_word' id='word_1_318' title='bbox 358 2077 529 2104; x_wconf 85' lang='grc' dir='ltr'>ἀνακόλουθα</span> <span class='ocrx_word' id='word_1_319' title='bbox 550 2079 606 2109; x_wconf 83' lang='grc' dir='ltr'>τοῖς</span> <span class='ocrx_word' id='word_1_320' title='bbox 628 2077 796 2113; x_wconf 70' lang='grc' dir='ltr'>προλαϐοῦσι</span> <span class='ocrx_word' id='word_1_321' title='bbox 808 2097 816 2110; x_wconf 83' lang='grc'><em>,</em></span> <span class='ocrx_word' id='word_1_322' title='bbox 834 2077 868 2104; x_wconf 84' lang='grc' dir='ltr'><strong>τὰ</strong></span> <span class='ocrx_word' id='word_1_323' title='bbox 883 2077 930 2103; x_wconf 73' lang='grc' dir='ltr'>ἐπὶ</span> <span class='ocrx_word' id='word_1_324' title='bbox 951 2075 998 2102; x_wconf 78' lang='grc' dir='ltr'>τοῦ</span> 
     </span>
    </p>
   </div>
   <div class='ocr_carea' id='block_1_46' title="bbox 209 2122 1001 2160">
    <p class='ocr_par' dir='ltr' id='par_1_46' title="bbox 209 2122 1001 2160">
     <span class='ocr_line' id='line_1_46' title="bbox 209 2122 1001 2160; baseline -0.004 -8"><span class='ocrx_word' id='word_1_325' title='bbox 209 2124 344 2160; x_wconf 83' lang='grc' dir='ltr'>παρόντος</span> <span class='ocrx_word' id='word_1_326' title='bbox 360 2124 478 2159; x_wconf 82' lang='grc' dir='ltr'>ρηθέντα</span> <span class='ocrx_word' id='word_1_327' title='bbox 498 2133 553 2159; x_wconf 91' lang='grc' dir='ltr'>μοι.</span> <span class='ocrx_word' id='word_1_328' title='bbox 578 2124 609 2150; x_wconf 80' lang='lat' dir='ltr'><strong>El</strong></span> <span class='ocrx_word' id='word_1_329' title='bbox 633 2124 682 2159; x_wconf 81' lang='grc' dir='ltr'>μὲν</span> <span class='ocrx_word' id='word_1_330' title='bbox 698 2123 751 2159; x_wconf 85' lang='grc' dir='ltr'>γὰρ</span> <span class='ocrx_word' id='word_1_331' title='bbox 773 2123 880 2158; x_wconf 73' lang='grc' dir='ltr'>ἔμεινεν</span> <span class='ocrx_word' id='word_1_332' title='bbox 897 2122 1001 2149; x_wconf 65' lang='lat' dir='ltr'><strong>mm.</strong></span> 
     </span>
    </p>
   </div>
   <div class='ocr_carea' id='block_1_47' title="bbox 209 2169 1000 2206">
    <p class='ocr_par' dir='ltr' id='par_1_47' title="bbox 209 2169 1000 2206">
     <span class='ocr_line' id='line_1_47' title="bbox 209 2169 1000 2206; baseline -0.003 -8"><span class='ocrx_word' id='word_1_333' title='bbox 209 2180 293 2198; x_wconf 87' lang='grc' dir='ltr'>πασιν</span> <span class='ocrx_word' id='word_1_334' title='bbox 307 2172 321 2198; x_wconf 84' lang='grc' dir='ltr'><strong>ὸ</strong></span> <span class='ocrx_word' id='word_1_335' title='bbox 335 2171 406 2203; x_wconf 78' lang='grc' dir='ltr'>θεῖος</span> <span class='ocrx_word' id='word_1_336' title='bbox 423 2171 510 2206; x_wconf 80' lang='grc' dir='ltr'>Λόγος</span> <span class='ocrx_word' id='word_1_337' title='bbox 526 2172 555 2198; x_wconf 79' lang='grc' dir='ltr'>ἐν</span> <span class='ocrx_word' id='word_1_338' title='bbox 571 2172 628 2203; x_wconf 82' lang='grc' dir='ltr'>τοῖς</span> <span class='ocrx_word' id='word_1_339' title='bbox 641 2171 724 2202; x_wconf 85' lang='grc' dir='ltr'>θείοις</span> <span class='ocrx_word' id='word_1_340' title='bbox 742 2170 883 2206; x_wconf 73' lang='grc' dir='ltr'>ὑψώμασι,</span> <span class='ocrx_word' id='word_1_341' title='bbox 900 2169 946 2196; x_wconf 76' lang='grc' dir='ltr'><strong>καὶ</strong></span> <span class='ocrx_word' id='word_1_342' title='bbox 961 2169 1000 2205; x_wconf 84' lang='grc' dir='ltr'>μὴ</span> 
     </span>
    </p>
   </div>
   <div class='ocr_carea' id='block_1_48' title="bbox 210 2215 997 2253">
    <p class='ocr_par' dir='ltr' id='par_1_48' title="bbox 210 2215 997 2253">
     <span class='ocr_line' id='line_1_48' title="bbox 210 2215 997 2253; baseline -0.005 -8"><span class='ocrx_word' id='word_1_343' title='bbox 210 2218 373 2251; x_wconf 80' lang='grc' dir='ltr'>κατεδέξατο</span> <span class='ocrx_word' id='word_1_344' title='bbox 386 2217 518 2249; x_wconf 76' lang='grc' dir='ltr'>ἑκουσίως</span> <span class='ocrx_word' id='word_1_345' title='bbox 535 2216 586 2253; x_wconf 82' lang='grc' dir='ltr'>τὴν</span> <span class='ocrx_word' id='word_1_346' title='bbox 601 2217 671 2252; x_wconf 76' lang='grc' dir='ltr'>πρὸς</span> <span class='ocrx_word' id='word_1_347' title='bbox 685 2217 736 2252; x_wconf 82' lang='grc' dir='ltr'>τὴν</span> <span class='ocrx_word' id='word_1_348' title='bbox 749 2216 889 2252; x_wconf 79' lang='grc' dir='ltr'>ἡμετέραν</span> <span class='ocrx_word' id='word_1_349' title='bbox 902 2215 997 2242; x_wconf 88' lang='grc' dir='ltr'>ταπεί-</span> 
     </span>
    </p>
   </div>
   <div class='ocr_carea' id='block_1_49' title="bbox 209 2256 1037 2298">
    <p class='ocr_par' dir='ltr' id='par_1_49' title="bbox 209 2256 1037 2298">
     <span class='ocr_line' id='line_1_49' title="bbox 209 2256 1037 2298; baseline -0.005 -7"><span class='ocrx_word' id='word_1_350' title='bbox 209 2273 293 2292; x_wconf 80' lang='grc' dir='ltr'>νωσιν</span> <span class='ocrx_word' id='word_1_351' title='bbox 309 2264 525 2298; x_wconf 71' lang='grc' dir='ltr'>συγκατάσασιν,</span> <span class='ocrx_word' id='word_1_352' title='bbox 539 2263 630 2295; x_wconf 84' lang='grc' dir='ltr'>καλῶς</span> <span class='ocrx_word' id='word_1_353' title='bbox 653 2262 772 2295; x_wconf 74' lang='grc' dir='ltr'>ἐξένιζεν</span> <span class='ocrx_word' id='word_1_354' title='bbox 795 2263 867 2298; x_wconf 81' lang='grc' dir='ltr'>ὑμᾶς</span> <span class='ocrx_word' id='word_1_355' title='bbox 889 2262 949 2295; x_wconf 83' lang='grc' dir='ltr'>νῦν,</span> <span class='ocrx_word' id='word_1_356' title='bbox 964 2262 999 2288; x_wconf 83' lang='grc' dir='ltr'>τὰ</span> <span class='ocrx_word' id='word_1_357' title='bbox 1014 2256 1037 2284; x_wconf 80' lang='grc' dir='ltr'><strong>Ῐ)</strong></span> 
     </span>
    </p>
   </div>
   <div class='ocr_carea' id='block_1_50' title="bbox 210 2308 1000 2346">
    <p class='ocr_par' dir='ltr' id='par_1_50' title="bbox 210 2308 1000 2346">
     <span class='ocr_line' id='line_1_50' title="bbox 210 2308 1000 2346; baseline -0.004 -9"><span class='ocrx_word' id='word_1_358' title='bbox 210 2310 277 2346; x_wconf 81' lang='grc' dir='ltr'>παρ’</span> <span class='ocrx_word' id='word_1_359' title='bbox 289 2310 358 2345; x_wconf 83' lang='grc' dir='ltr'><strong>ὲμοῦ</strong></span> <span class='ocrx_word' id='word_1_360' title='bbox 377 2310 531 2345; x_wconf 84' lang='grc' dir='ltr'>λεγόμενα·</span> <span class='ocrx_word' id='word_1_361' title='bbox 548 2310 573 2336; x_wconf 83' lang='grc' dir='ltr'><strong>εί</strong></span> <span class='ocrx_word' id='word_1_362' title='bbox 595 2309 623 2336; x_wconf 75' lang='grc' dir='ltr'>δὲ</span> <span class='ocrx_word' id='word_1_363' title='bbox 640 2308 761 2344; x_wconf 75' lang='grc' dir='ltr'>ἄσαρκος</span> <span class='ocrx_word' id='word_1_364' title='bbox 778 2308 817 2335; x_wconf 83' lang='grc' dir='ltr'>ὢν</span> <span class='ocrx_word' id='word_1_365' title='bbox 833 2309 847 2335; x_wconf 87' lang='grc' dir='ltr'><strong><em>ὸ</em></strong></span> <span class='ocrx_word' id='word_1_366' title='bbox 865 2308 933 2340; x_wconf 80' lang='grc' dir='ltr'>Θεὸς</span> <span class='ocrx_word' id='word_1_367' title='bbox 952 2308 1000 2335; x_wconf 85' lang='grc' dir='ltr'>καὶ</span> 
     </span>
    </p>
   </div>
   <div class='ocr_carea' id='block_1_51' title="bbox 209 2354 1001 2392">
    <p class='ocr_par' dir='ltr' id='par_1_51' title="bbox 209 2354 1001 2392">
     <span class='ocr_line' id='line_1_51' title="bbox 209 2354 1001 2392; baseline -0.003 -8"><span class='ocrx_word' id='word_1_368' title='bbox 209 2356 368 2392; x_wconf 69' lang='grc' dir='ltr'>ἀσώματος,</span> <span class='ocrx_word' id='word_1_369' title='bbox 384 2356 465 2391; x_wconf 85' lang='grc' dir='ltr'>σῶμα</span> <span class='ocrx_word' id='word_1_370' title='bbox 480 2356 530 2392; x_wconf 78' lang='grc' dir='ltr'>μὲν</span> <span class='ocrx_word' id='word_1_371' title='bbox 544 2355 722 2392; x_wconf 73' lang='grc' dir='ltr'>ἑψυχωμένον</span> <span class='ocrx_word' id='word_1_372' title='bbox 741 2355 814 2391; x_wconf 78' lang='grc' dir='ltr'>ψυχῇ</span> <span class='ocrx_word' id='word_1_373' title='bbox 833 2355 930 2391; x_wconf 81' lang='grc' dir='ltr'>λογικῇ</span> <span class='ocrx_word' id='word_1_374' title='bbox 953 2354 1001 2382; x_wconf 81' lang='grc' dir='ltr'><strong>καὶ</strong></span> 
     </span>
    </p>
   </div>
   <div class='ocr_carea' id='block_1_52' title="bbox 209 2400 998 2439">
    <p class='ocr_par' dir='ltr' id='par_1_52' title="bbox 209 2400 998 2439">
     <span class='ocr_line' id='line_1_52' title="bbox 209 2400 998 2439; baseline -0.006 -8"><span class='ocrx_word' id='word_1_375' title='bbox 209 2404 292 2439; x_wconf 76' lang='grc' dir='ltr'>νοερᾷ</span> <span class='ocrx_word' id='word_1_376' title='bbox 307 2403 338 2437; x_wconf 74' lang='grc' dir='ltr'><strong>ἐξ</strong></span> <span class='ocrx_word' id='word_1_377' title='bbox 352 2402 544 2438; x_wconf 75' lang='grc' dir='ltr'>ἁπιιρογάμου</span> <span class='ocrx_word' id='word_1_378' title='bbox 561 2402 647 2438; x_wconf 80' lang='grc' dir='ltr'>κόρης</span> <span class='ocrx_word' id='word_1_379' title='bbox 662 2401 780 2436; x_wconf 80' lang='grc' dir='ltr'>δι’ἡμᾶς</span> <span class='ocrx_word' id='word_1_380' title='bbox 791 2400 998 2436; x_wconf 76' lang='grc' dir='ltr'>περιϐάλλεται·</span> 
     </span>
    </p>
   </div>
   <div class='ocr_carea' id='block_1_53' title="bbox 209 2445 1001 2485">
    <p class='ocr_par' dir='ltr' id='par_1_53' title="bbox 209 2445 1001 2485">
     <span class='ocr_line' id='line_1_53' title="bbox 209 2445 1001 2485; baseline -0.005 -8"><span class='ocrx_word' id='word_1_381' title='bbox 209 2451 280 2477; x_wconf 74' lang='lat' dir='ltr'><strong>oi.st</strong></span> <span class='ocrx_word' id='word_1_382' title='bbox 293 2449 322 2477; x_wconf 68' lang='grc' dir='ltr'>δὲ</span> <span class='ocrx_word' id='word_1_383' title='bbox 338 2450 448 2485; x_wconf 83' lang='grc' dir='ltr'>μήτραν</span> <span class='ocrx_word' id='word_1_384' title='bbox 462 2449 680 2485; x_wconf 71' lang='grc' dir='ltr'>ἀπεριγράπτως</span> <span class='ocrx_word' id='word_1_385' title='bbox 697 2447 878 2484; x_wconf 74' lang='grc' dir='ltr'>παρθενικὴν,</span> <span class='ocrx_word' id='word_1_386' title='bbox 895 2447 909 2474; x_wconf 85' lang='grc' dir='ltr'><strong><em>ὸ</em></strong></span> <span class='ocrx_word' id='word_1_387' title='bbox 929 2445 1001 2482; x_wconf 83' lang='grc' dir='ltr'>πλη-</span> 
     </span>
    </p>
   </div>
   <div class='ocr_carea' id='block_1_54' title="bbox 212 2492 1003 2530">
    <p class='ocr_par' dir='ltr' id='par_1_54' title="bbox 212 2492 1003 2530">
     <span class='ocr_line' id='line_1_54' title="bbox 212 2492 1003 2530; baseline -0.004 -9"><span class='ocrx_word' id='word_1_388' title='bbox 212 2495 266 2530; x_wconf 86' lang='grc' dir='ltr'>ρῶν</span> <span class='ocrx_word' id='word_1_389' title='bbox 291 2495 325 2521; x_wconf 82' lang='grc' dir='ltr'>τὰ</span> <span class='ocrx_word' id='word_1_390' title='bbox 350 2493 513 2529; x_wconf 84' lang='grc' dir='ltr'>σύμπαντα·</span> <span class='ocrx_word' id='word_1_391' title='bbox 527 2494 655 2528; x_wconf 76' lang='grc' dir='ltr'>γεννᾶται</span> <span class='ocrx_word' id='word_1_392' title='bbox 672 2492 700 2519; x_wconf 71' lang='grc' dir='ltr'>δὶ</span> <span class='ocrx_word' id='word_1_393' title='bbox 716 2494 744 2520; x_wconf 81' lang='grc' dir='ltr'>ὲν</span> <span class='ocrx_word' id='word_1_394' title='bbox 759 2493 849 2528; x_wconf 78' lang='grc' dir='ltr'>χρόνῳ</span> <span class='ocrx_word' id='word_1_395' title='bbox 870 2492 914 2519; x_wconf 73' lang='grc' dir='ltr'>διὰ</span> <span class='ocrx_word' id='word_1_396' title='bbox 939 2492 1003 2524; x_wconf 75' lang='grc' dir='ltr'>τοὺς</span> 
     </span>
    </p>
   </div>
   <div class='ocr_carea' id='block_1_55' title="bbox 211 2538 1003 2575">
    <p class='ocr_par' dir='ltr' id='par_1_55' title="bbox 211 2538 1003 2575">
     <span class='ocr_line' id='line_1_55' title="bbox 211 2538 1003 2575; baseline -0.004 -7"><span class='ocrx_word' id='word_1_397' title='bbox 211 2540 264 2568; x_wconf 72' lang='grc' dir='ltr'><strong>ὑπὸ</strong></span> <span class='ocrx_word' id='word_1_398' title='bbox 277 2540 383 2575; x_wconf 80' lang='grc' dir='ltr'>χρόνον,</span> <span class='ocrx_word' id='word_1_399' title='bbox 393 2541 407 2567; x_wconf 86' lang='grc' dir='ltr'>ὁ</span> <span class='ocrx_word' id='word_1_400' title='bbox 420 2540 524 2575; x_wconf 87' lang='grc' dir='ltr'>χρόνων</span> <span class='ocrx_word' id='word_1_401' title='bbox 534 2539 580 2566; x_wconf 81' lang='grc' dir='ltr'>καὶ</span> <span class='ocrx_word' id='word_1_402' title='bbox 591 2539 698 2567; x_wconf 78' lang='grc' dir='ltr'>αἰώνων</span> <span class='ocrx_word' id='word_1_403' title='bbox 713 2539 915 2574; x_wconf 76' lang='grc' dir='ltr'>πρεσϐύτερος²</span> <span class='ocrx_word' id='word_1_404' title='bbox 933 2538 1003 2573; x_wconf 82' lang='grc' dir='ltr'>μᾶλ-</span> 
     </span>
    </p>
   </div>
   <div class='ocr_carea' id='block_1_56' title="bbox 211 2581 1001 2619">
    <p class='ocr_par' dir='ltr' id='par_1_56' title="bbox 211 2581 1001 2619">
     <span class='ocr_line' id='line_1_56' title="bbox 211 2581 1001 2619; baseline -0.001 -9"><span class='ocrx_word' id='word_1_405' title='bbox 211 2581 257 2610; x_wconf 84' lang='grc' dir='ltr'><strong>λον</strong></span> <span class='ocrx_word' id='word_1_406' title='bbox 283 2584 323 2615; x_wconf 79' lang='grc' dir='ltr'><strong>δὲ,</strong></span> <span class='ocrx_word' id='word_1_407' title='bbox 345 2585 460 2619; x_wconf 79' lang='grc' dir='ltr'>ποιητής</span> <span class='ocrx_word' id='word_1_408' title='bbox 505 2583 642 2618; x_wconf 83' lang='grc' dir='ltr'>ἀγκάλαις</span> <span class='ocrx_word' id='word_1_409' title='bbox 664 2583 693 2610; x_wconf 82' lang='grc' dir='ltr'>δὲ</span> <span class='ocrx_word' id='word_1_410' title='bbox 722 2583 834 2618; x_wconf 81' lang='grc' dir='ltr'>Μητρὸς</span> <span class='ocrx_word' id='word_1_411' title='bbox 861 2583 1001 2618; x_wconf 86' lang='grc' dir='ltr'>Παρθένου</span> 
     </span>
    </p>
   </div>
   <div class='ocr_carea' id='block_1_57' title="bbox 212 2629 1002 2665">
    <p class='ocr_par' dir='ltr' id='par_1_57' title="bbox 212 2629 1002 2665">
     <span class='ocr_line' id='line_1_57' title="bbox 212 2629 1002 2665; baseline 0 -10"><span class='ocrx_word' id='word_1_412' title='bbox 212 2629 463 2664; x_wconf 66' lang='grc' dir='ltr'>περιλαμᾶίνεται,</span> <span class='ocrx_word' id='word_1_413' title='bbox 483 2630 497 2656; x_wconf 81' lang='grc' dir='ltr'><strong><em>ὁ</em></strong></span> <span class='ocrx_word' id='word_1_414' title='bbox 515 2629 609 2665; x_wconf 87' lang='grc' dir='ltr'>θρόνον</span> <span class='ocrx_word' id='word_1_415' title='bbox 633 2629 702 2665; x_wconf 71' lang='grc' dir='ltr'>ἔχων</span> <span class='ocrx_word' id='word_1_416' title='bbox 717 2629 752 2656; x_wconf 84' lang='grc' dir='ltr'><strong>τὰ</strong></span> <span class='ocrx_word' id='word_1_417' title='bbox 766 2629 907 2664; x_wconf 60' lang='grc' dir='ltr'>Χερουαμ</span> <span class='ocrx_word' id='word_1_418' title='bbox 917 2638 924 2645; x_wconf 94' lang='grc'><strong>·</strong></span> <span class='ocrx_word' id='word_1_419' title='bbox 940 2629 1002 2664; x_wconf 82' lang='grc' dir='ltr'>τρέ-</span> 
     </span>
    </p>
   </div>
   <div class='ocr_carea' id='block_1_58' title="bbox 213 2673 1002 2710">
    <p class='ocr_par' dir='ltr' id='par_1_58' title="bbox 213 2673 1002 2710">
     <span class='ocr_line' id='line_1_58' title="bbox 213 2673 1002 2710; baseline 0.003 -11"><span class='ocrx_word' id='word_1_420' title='bbox 213 2681 294 2708; x_wconf 85' lang='grc' dir='ltr'>φεται</span> <span class='ocrx_word' id='word_1_421' title='bbox 309 2673 337 2700; x_wconf 75' lang='grc' dir='ltr'>δὲ</span> <span class='ocrx_word' id='word_1_422' title='bbox 351 2673 479 2708; x_wconf 76' lang='grc' dir='ltr'>γάλακτι,</span> <span class='ocrx_word' id='word_1_423' title='bbox 497 2674 511 2700; x_wconf 86' lang='grc' dir='ltr'><strong>ὀ</strong></span> <span class='ocrx_word' id='word_1_424' title='bbox 529 2675 603 2710; x_wconf 77' lang='grc' dir='ltr'>πάσῃ</span> <span class='ocrx_word' id='word_1_425' title='bbox 619 2676 653 2710; x_wconf 82' lang='grc' dir='ltr'>τῇ</span> <span class='ocrx_word' id='word_1_426' title='bbox 669 2675 758 2701; x_wconf 83' lang='grc' dir='ltr'>κτίσει</span> <span class='ocrx_word' id='word_1_427' title='bbox 772 2675 821 2710; x_wconf 85' lang='grc' dir='ltr'>τὴν</span> <span class='ocrx_word' id='word_1_428' title='bbox 835 2674 909 2710; x_wconf 77' lang='grc' dir='ltr'>ζωὴν</span> <span class='ocrx_word' id='word_1_429' title='bbox 923 2684 1002 2710; x_wconf 83' lang='grc' dir='ltr'>χαρι-</span> 
     </span>
    </p>
   </div>
   <div class='ocr_carea' id='block_1_59' title="bbox 211 2719 1004 2756">
    <p class='ocr_par' dir='ltr' id='par_1_59' title="bbox 211 2719 1004 2756">
     <span class='ocr_line' id='line_1_59' title="bbox 211 2719 1004 2756; baseline 0.003 -10"><span class='ocrx_word' id='word_1_430' title='bbox 211 2719 342 2755; x_wconf 70' lang='grc' dir='ltr'>ζόμενοςο</span> <span class='ocrx_word' id='word_1_431' title='bbox 360 2719 456 2754; x_wconf 77' lang='grc' dir='ltr'>φεύγει</span> <span class='ocrx_word' id='word_1_432' title='bbox 472 2719 501 2746; x_wconf 83' lang='grc' dir='ltr'>δὲ</span> <span class='ocrx_word' id='word_1_433' title='bbox 519 2721 564 2746; x_wconf 76' lang='grc' dir='ltr'><strong>καὶ</strong></span> <span class='ocrx_word' id='word_1_434' title='bbox 580 2720 704 2756; x_wconf 80' lang='grc' dir='ltr'>Ἡρώδην</span> <span class='ocrx_word' id='word_1_435' title='bbox 719 2722 760 2752; x_wconf 82' lang='grc' dir='ltr'>εἰς</span> <span class='ocrx_word' id='word_1_436' title='bbox 776 2722 925 2755; x_wconf 78' lang='grc' dir='ltr'>Αἴγυπτον,</span> <span class='ocrx_word' id='word_1_437' title='bbox 941 2723 955 2748; x_wconf 86' lang='grc' dir='ltr'>ὁ</span> <span class='ocrx_word' id='word_1_438' title='bbox 969 2721 1004 2748; x_wconf 80' lang='grc' dir='ltr'>τὰ</span> 
     </span>
    </p>
   </div>
   <div class='ocr_carea' id='block_1_60' title="bbox 212 2765 1004 2802">
    <p class='ocr_par' dir='ltr' id='par_1_60' title="bbox 212 2765 1004 2802">
     <span class='ocr_line' id='line_1_60' title="bbox 212 2765 1004 2802; baseline 0.004 -11"><span class='ocrx_word' id='word_1_439' title='bbox 212 2766 375 2800; x_wconf 74' lang='grc' dir='ltr'>πρωτότοκα</span> <span class='ocrx_word' id='word_1_440' title='bbox 389 2765 527 2800; x_wconf 83' lang='grc' dir='ltr'>Λίγύπτου</span> <span class='ocrx_word' id='word_1_441' title='bbox 543 2767 675 2798; x_wconf 78' lang='grc' dir='ltr'>πατάξας,</span> <span class='ocrx_word' id='word_1_442' title='bbox 692 2767 741 2793; x_wconf 81' lang='grc' dir='ltr'>καὶ</span> <span class='ocrx_word' id='word_1_443' title='bbox 752 2766 852 2802; x_wconf 80' lang='grc' dir='ltr'>Φαραὼ</span> <span class='ocrx_word' id='word_1_444' title='bbox 865 2775 1004 2794; x_wconf 69' lang='grc' dir='ltr'>καταπον-</span> 
     </span>
    </p>
   </div>
   <div class='ocr_carea' id='block_1_61' title="bbox 211 2809 1003 2858">
    <p class='ocr_par' dir='ltr' id='par_1_61' title="bbox 211 2809 1003 2858">
     <span class='ocr_line' id='line_1_61' title="bbox 211 2809 1003 2847; baseline 0.005 -11"><span class='ocrx_word' id='word_1_445' title='bbox 211 2809 290 2842; x_wconf 79' lang='grc' dir='ltr'>τίσας</span> <span class='ocrx_word' id='word_1_446' title='bbox 309 2811 355 2837; x_wconf 74' lang='grc' dir='ltr'>τὸν</span> <span class='ocrx_word' id='word_1_447' title='bbox 376 2811 507 2846; x_wconf 73' lang='grc' dir='ltr'>τύραννον</span> <span class='ocrx_word' id='word_1_448' title='bbox 519 2819 527 2827; x_wconf 81' lang='grc'><strong><em>⁸</em></strong></span> <span class='ocrx_word' id='word_1_449' title='bbox 549 2812 735 2840; x_wconf 83' lang='grc' dir='ltr'>ὑποτάσσεται</span> <span class='ocrx_word' id='word_1_450' title='bbox 758 2812 787 2839; x_wconf 83' lang='grc' dir='ltr'>δὲ</span> <span class='ocrx_word' id='word_1_451' title='bbox 806 2814 862 2845; x_wconf 76' lang='grc' dir='ltr'>τοῖς</span> <span class='ocrx_word' id='word_1_452' title='bbox 878 2812 1003 2847; x_wconf 81' lang='grc' dir='ltr'>γονεῦσιν</span> 
     </span>
     <span class='ocr_line' id='line_1_62' title="bbox 309 2849 318 2858; baseline 0 0"><span class='ocrx_word' id='word_1_453' title='bbox 309 2849 318 2858; x_wconf 94' lang='grc'><em>.</em></span> 
     </span>
    </p>
   </div>
   <div class='ocr_carea' id='block_1_62' title="bbox 255 2901 697 2945">
    <p class='ocr_par' dir='ltr' id='par_1_62' title="bbox 255 2901 697 2945">
     <span class='ocr_line' id='line_1_63' title="bbox 255 2901 697 2945; baseline 0.007 -6"><span class='ocrx_word' id='word_1_454' title='bbox 255 2901 283 2940; x_wconf 57' lang='grc'><strong>⁸1</strong></span> <span class='ocrx_word' id='word_1_455' title='bbox 299 2911 370 2939; x_wconf 86' lang='lat' dir='ltr'><strong>Tim.</strong></span> <span class='ocrx_word' id='word_1_456' title='bbox 384 2920 403 2945; x_wconf 86' lang='grc' dir='ltr'>ι,</span> <span class='ocrx_word' id='word_1_457' title='bbox 418 2913 461 2940; x_wconf 83' lang='lat' dir='ltr'><strong>l7.</strong></span> <span class='ocrx_word' id='word_1_458' title='bbox 501 2914 510 2929; x_wconf 88' lang='lat'><strong>&#39;</strong></span> <span class='ocrx_word' id='word_1_459' title='bbox 526 2915 590 2942; x_wconf 81' lang='lat' dir='ltr'><strong>Luc.</strong></span> <span class='ocrx_word' id='word_1_460' title='bbox 607 2923 637 2945; x_wconf 84' lang='lat' dir='ltr'><strong>ll.</strong></span> <span class='ocrx_word' id='word_1_461' title='bbox 651 2915 697 2942; x_wconf 67' lang='lat'><strong>2‘2.</strong></span> 
     </span>
    </p>
   </div>
   <div class='ocr_carea' id='block_1_63' title="bbox 1037 283 1830 321">
    <p class='ocr_par' dir='ltr' id='par_1_63' title="bbox 1037 283 1830 321">
     <span class='ocr_line' id='line_1_64' title="bbox 1037 283 1830 321; baseline 0.004 -11"><span class='ocrx_word' id='word_1_462' title='bbox 1037 283 1192 313; x_wconf 68' lang='lat' dir='ltr'><strong>stu-uiarum</strong></span> <span class='ocrx_word' id='word_1_463' title='bbox 1202 283 1224 317; x_wconf 76' lang='grc'><strong>⁸,</strong></span> <span class='ocrx_word' id='word_1_464' title='bbox 1243 283 1376 311; x_wconf 86' lang='lat' dir='ltr'><strong>Salvatori</strong></span> <span class='ocrx_word' id='word_1_465' title='bbox 1386 283 1507 312; x_wconf 85' lang='lat' dir='ltr'><strong>Christo.</strong></span> <span class='ocrx_word' id='word_1_466' title='bbox 1525 284 1571 311; x_wconf 80' lang='lat' dir='ltr'><strong>Ait</strong></span> <span class='ocrx_word' id='word_1_467' title='bbox 1578 285 1680 320; x_wconf 86' lang='lat' dir='ltr'><strong>quippe</strong></span> <span class='ocrx_word' id='word_1_468' title='bbox 1690 286 1814 321; x_wconf 81' lang='lat' dir='ltr'><strong>evangeli</strong></span> <span class='ocrx_word' id='word_1_469' title='bbox 1824 300 1830 305; x_wconf 96' lang='lat'><strong><em>-</em></strong></span> 
     </span>
    </p>
   </div>
   <div class='ocr_carea' id='block_1_64' title="bbox 1037 330 1827 366">
    <p class='ocr_par' dir='ltr' id='par_1_64' title="bbox 1037 330 1827 366">
     <span class='ocr_line' id='line_1_65' title="bbox 1037 330 1827 366; baseline 0.004 -9"><span class='ocrx_word' id='word_1_470' title='bbox 1037 334 1078 357; x_wconf 83' lang='lat' dir='ltr'><strong>sta</strong></span> <span class='ocrx_word' id='word_1_471' title='bbox 1094 330 1191 363; x_wconf 84' lang='lat' dir='ltr'><strong>Lucas,</strong></span> <span class='ocrx_word' id='word_1_472' title='bbox 1214 335 1277 365; x_wconf 86' lang='lat' dir='ltr'><strong>post</strong></span> <span class='ocrx_word' id='word_1_473' title='bbox 1291 330 1454 366; x_wconf 83' lang='lat' dir='ltr'><strong>legislatoris</strong></span> <span class='ocrx_word' id='word_1_474' title='bbox 1469 338 1503 358; x_wconf 74' lang='lat' dir='ltr'><strong>ex</strong></span> <span class='ocrx_word' id='word_1_475' title='bbox 1521 330 1590 366; x_wconf 97' lang='lat' dir='ltr'><strong>legis</strong></span> <span class='ocrx_word' id='word_1_476' title='bbox 1604 332 1711 358; x_wconf 89' lang='lat' dir='ltr'><strong>ratione</strong></span> <span class='ocrx_word' id='word_1_477' title='bbox 1732 337 1827 360; x_wconf 80' lang='lat' dir='ltr'><strong>octava</strong></span> 
     </span>
    </p>
   </div>
   <div class='ocr_carea' id='block_1_65' title="bbox 1037 375 1830 412">
    <p class='ocr_par' dir='ltr' id='par_1_65' title="bbox 1037 375 1830 412">
     <span class='ocr_line' id='line_1_66' title="bbox 1037 375 1830 412; baseline 0.004 -10"><span class='ocrx_word' id='word_1_478' title='bbox 1037 375 1081 402; x_wconf 88' lang='lat' dir='ltr'><strong>die</strong></span> <span class='ocrx_word' id='word_1_479' title='bbox 1109 375 1347 403; x_wconf 84' lang='lat' dir='ltr'><strong>circumcisionem</strong></span> <span class='ocrx_word' id='word_1_480' title='bbox 1367 385 1374 403; x_wconf 83' lang='lat'><strong>:</strong></span> <span class='ocrx_word' id='word_1_481' title='bbox 1391 376 1537 412; x_wconf 74' lang='lat' dir='ltr'><strong>Postquam</strong></span> <span class='ocrx_word' id='word_1_482' title='bbox 1556 377 1660 412; x_wconf 78' lang='lat' dir='ltr'><strong>impleti</strong></span> <span class='ocrx_word' id='word_1_483' title='bbox 1687 382 1748 404; x_wconf 76' lang='lat' dir='ltr'><strong>sunt</strong></span> <span class='ocrx_word' id='word_1_484' title='bbox 1771 378 1830 405; x_wconf 74' lang='lat' dir='ltr'><strong>dies</strong></span> 
     </span>
    </p>
   </div>
   <div class='ocr_carea' id='block_1_66' title="bbox 1036 422 1830 459">
    <p class='ocr_par' dir='ltr' id='par_1_66' title="bbox 1036 422 1830 459">
     <span class='ocr_line' id='line_1_67' title="bbox 1036 422 1830 459; baseline 0.003 -11"><span class='ocrx_word' id='word_1_485' title='bbox 1036 422 1202 457; x_wconf 80' lang='lat' dir='ltr'><strong>purgationis</strong></span> <span class='ocrx_word' id='word_1_486' title='bbox 1210 430 1301 449; x_wconf 76' lang='lat' dir='ltr'><strong>eorum</strong></span> <span class='ocrx_word' id='word_1_487' title='bbox 1310 423 1452 450; x_wconf 73' lang='lat' dir='ltr'><strong>secuudum</strong></span> <span class='ocrx_word' id='word_1_488' title='bbox 1461 423 1542 458; x_wconf 80' lang='lat' dir='ltr'><strong><em>legem</em></strong></span> <span class='ocrx_word' id='word_1_489' title='bbox 1556 423 1654 458; x_wconf 76' lang='lat' dir='ltr'><strong>Moysis</strong></span> <span class='ocrx_word' id='word_1_490' title='bbox 1663 424 1684 450; x_wconf 83' lang='grc'><strong>⁸.</strong></span> <span class='ocrx_word' id='word_1_491' title='bbox 1693 424 1830 459; x_wconf 83' lang='lat' dir='ltr'><strong>Purgatio-</strong></span> 
     </span>
    </p>
   </div>
   <div class='ocr_carea' id='block_1_67' title="bbox 1037 468 1829 504">
    <p class='ocr_par' dir='ltr' id='par_1_67' title="bbox 1037 468 1829 504">
     <span class='ocr_line' id='line_1_68' title="bbox 1037 468 1829 504; baseline 0.001 -9"><span class='ocrx_word' id='word_1_492' title='bbox 1037 469 1081 495; x_wconf 92' lang='lat' dir='ltr'><strong>nis</strong></span> <span class='ocrx_word' id='word_1_493' title='bbox 1105 468 1211 503; x_wconf 82' lang='lat' dir='ltr'><strong>utique,</strong></span> <span class='ocrx_word' id='word_1_494' title='bbox 1227 473 1284 495; x_wconf 90' lang='lat' dir='ltr'><strong>tum</strong></span> <span class='ocrx_word' id='word_1_495' title='bbox 1311 468 1413 501; x_wconf 63' lang='lat' dir='ltr'><strong>Mariae,</strong></span> <span class='ocrx_word' id='word_1_496' title='bbox 1434 474 1491 496; x_wconf 88' lang='lat' dir='ltr'><strong>tum</strong></span> <span class='ocrx_word' id='word_1_497' title='bbox 1513 469 1635 501; x_wconf 78' lang='lat' dir='ltr'><strong>infantis,</strong></span> <span class='ocrx_word' id='word_1_498' title='bbox 1651 469 1765 504; x_wconf 83' lang='lat' dir='ltr'><strong>ejusque</strong></span> <span class='ocrx_word' id='word_1_499' title='bbox 1781 469 1829 504; x_wconf 87' lang='lat' dir='ltr'><strong>qui</strong></span> 
     </span>
    </p>
   </div>
   <div class='ocr_carea' id='block_1_68' title="bbox 1038 514 1828 549">
    <p class='ocr_par' dir='ltr' id='par_1_68' title="bbox 1038 514 1828 549">
     <span class='ocr_line' id='line_1_69' title="bbox 1038 514 1828 549; baseline 0 -8"><span class='ocrx_word' id='word_1_500' title='bbox 1038 518 1115 549; x_wconf 86' lang='lat' dir='ltr'><strong>pater</strong></span> <span class='ocrx_word' id='word_1_501' title='bbox 1138 514 1346 541; x_wconf 80' lang='lat' dir='ltr'><strong>existimabatur</strong></span> <span class='ocrx_word' id='word_1_502' title='bbox 1368 521 1442 545; x_wconf 87' lang='lat' dir='ltr'><strong>esse,</strong></span> <span class='ocrx_word' id='word_1_503' title='bbox 1470 521 1569 549; x_wconf 84' lang='lat' dir='ltr'><strong>nempe</strong></span> <span class='ocrx_word' id='word_1_504' title='bbox 1592 514 1716 549; x_wconf 65' lang='lat' dir='ltr'><strong>Iosephi.</strong></span> <span class='ocrx_word' id='word_1_505' title='bbox 1736 514 1828 541; x_wconf 66' lang='lat' dir='ltr'><strong>Caete-</strong></span> 
     </span>
    </p>
   </div>
   <div class='ocr_carea' id='block_1_69' title="bbox 1039 560 1829 595">
    <p class='ocr_par' dir='ltr' id='par_1_69' title="bbox 1039 560 1829 595">
     <span class='ocr_line' id='line_1_70' title="bbox 1039 560 1829 595; baseline 0.001 -8"><span class='ocrx_word' id='word_1_506' title='bbox 1039 569 1099 587; x_wconf 91' lang='lat' dir='ltr'><strong>rum</strong></span> <span class='ocrx_word' id='word_1_507' title='bbox 1123 564 1240 595; x_wconf 89' lang='lat' dir='ltr'><strong>stupens</strong></span> <span class='ocrx_word' id='word_1_508' title='bbox 1257 561 1290 588; x_wconf 90' lang='lat' dir='ltr'><strong>ad</strong></span> <span class='ocrx_word' id='word_1_509' title='bbox 1302 561 1385 587; x_wconf 87' lang='lat' dir='ltr'><strong>verba</strong></span> <span class='ocrx_word' id='word_1_510' title='bbox 1403 561 1472 593; x_wconf 66' lang='lat' dir='ltr'><strong>haec,</strong></span> <span class='ocrx_word' id='word_1_511' title='bbox 1491 561 1519 587; x_wconf 90' lang='lat' dir='ltr'><strong>in</strong></span> <span class='ocrx_word' id='word_1_512' title='bbox 1536 561 1610 588; x_wconf 92' lang='lat' dir='ltr'><strong>hunc</strong></span> <span class='ocrx_word' id='word_1_513' title='bbox 1624 560 1738 588; x_wconf 87' lang='lat' dir='ltr'><strong>modum</strong></span> <span class='ocrx_word' id='word_1_514' title='bbox 1750 568 1829 588; x_wconf 91' lang='lat' dir='ltr'><strong>com-</strong></span> 
     </span>
    </p>
   </div>
   <div class='ocr_carea' id='block_1_70' title="bbox 1039 608 1829 642">
    <p class='ocr_par' dir='ltr' id='par_1_70' title="bbox 1039 608 1829 642">
     <span class='ocr_line' id='line_1_71' title="bbox 1039 608 1829 642; baseline -0.001 -7"><span class='ocrx_word' id='word_1_515' title='bbox 1039 608 1197 642; x_wconf 80' lang='lat' dir='ltr'><strong>pellaverim</strong></span> <span class='ocrx_word' id='word_1_516' title='bbox 1221 608 1409 636; x_wconf 83' lang='lat' dir='ltr'><strong>admirabilem</strong></span> <span class='ocrx_word' id='word_1_517' title='bbox 1435 608 1547 636; x_wconf 83' lang='lat' dir='ltr'><strong>Lucam.</strong></span> <span class='ocrx_word' id='word_1_518' title='bbox 1561 608 1631 640; x_wconf 85' lang='lat' dir='ltr'><strong>Ouid</strong></span> <span class='ocrx_word' id='word_1_519' title='bbox 1649 608 1700 641; x_wconf 89' lang='lat' dir='ltr'><strong>ais,</strong></span> <span class='ocrx_word' id='word_1_520' title='bbox 1716 615 1733 635; x_wconf 92' lang='grc' dir='ltr'><strong>ο</strong></span> <span class='ocrx_word' id='word_1_521' title='bbox 1750 608 1829 635; x_wconf 79' lang='lat' dir='ltr'><strong>beate</strong></span> 
     </span>
    </p>
   </div>
   <div class='ocr_carea' id='block_1_71' title="bbox 1039 653 1829 689">
    <p class='ocr_par' dir='ltr' id='par_1_71' title="bbox 1039 653 1829 689">
     <span class='ocr_line' id='line_1_72' title="bbox 1039 653 1829 689; baseline 0.001 -9"><span class='ocrx_word' id='word_1_522' title='bbox 1039 653 1111 680; x_wconf 88' lang='lat' dir='ltr'><strong>Luca</strong></span> <span class='ocrx_word' id='word_1_523' title='bbox 1127 653 1139 680; x_wconf 65' lang='grc' dir='ltr'><strong>ἶ)</strong></span> <span class='ocrx_word' id='word_1_524' title='bbox 1156 653 1265 681; x_wconf 86' lang='lat' dir='ltr'><strong>Videris</strong></span> <span class='ocrx_word' id='word_1_525' title='bbox 1286 654 1387 681; x_wconf 88' lang='lat' dir='ltr'><strong>oblitus</strong></span> <span class='ocrx_word' id='word_1_526' title='bbox 1403 661 1512 685; x_wconf 89' lang='lat' dir='ltr'><strong>eorum,</strong></span> <span class='ocrx_word' id='word_1_527' title='bbox 1533 662 1594 689; x_wconf 64' lang='lat' dir='ltr'><strong>quae</strong></span> <span class='ocrx_word' id='word_1_528' title='bbox 1614 654 1742 689; x_wconf 84' lang='lat' dir='ltr'><strong>superius</strong></span> <span class='ocrx_word' id='word_1_529' title='bbox 1759 653 1829 681; x_wconf 85' lang='lat' dir='ltr'><strong>scri-</strong></span> 
     </span>
    </p>
   </div>
   <div class='ocr_carea' id='block_1_72' title="bbox 1038 699 1829 735">
    <p class='ocr_par' dir='ltr' id='par_1_72' title="bbox 1038 699 1829 735">
     <span class='ocr_line' id='line_1_73' title="bbox 1038 699 1829 735; baseline 0 -8"><span class='ocrx_word' id='word_1_530' title='bbox 1038 707 1142 735; x_wconf 87' lang='lat' dir='ltr'><strong>pseras.</strong></span> <span class='ocrx_word' id='word_1_531' title='bbox 1161 700 1228 727; x_wconf 87' lang='lat' dir='ltr'><strong>Nam</strong></span> <span class='ocrx_word' id='word_1_532' title='bbox 1250 700 1393 727; x_wconf 89' lang='lat' dir='ltr'><strong>dissonant</strong></span> <span class='ocrx_word' id='word_1_533' title='bbox 1407 700 1456 727; x_wconf 89' lang='lat' dir='ltr'><strong>abs</strong></span> <span class='ocrx_word' id='word_1_534' title='bbox 1474 705 1500 727; x_wconf 92' lang='lat' dir='ltr'><strong>te</strong></span> <span class='ocrx_word' id='word_1_535' title='bbox 1519 701 1602 727; x_wconf 92' lang='lat' dir='ltr'><strong>modo</strong></span> <span class='ocrx_word' id='word_1_536' title='bbox 1632 700 1716 727; x_wconf 88' lang='lat' dir='ltr'><strong>dicta.</strong></span> <span class='ocrx_word' id='word_1_537' title='bbox 1732 699 1829 727; x_wconf 82' lang='lat' dir='ltr'><strong>Nonne</strong></span> 
     </span>
    </p>
   </div>
   <div class='ocr_carea' id='block_1_73' title="bbox 1038 745 1830 781">
    <p class='ocr_par' dir='ltr' id='par_1_73' title="bbox 1038 745 1830 781">
     <span class='ocr_line' id='line_1_74' title="bbox 1038 745 1830 781; baseline -0.001 -8"><span class='ocrx_word' id='word_1_538' title='bbox 1038 746 1065 773; x_wconf 90' lang='lat' dir='ltr'><strong>in</strong></span> <span class='ocrx_word' id='word_1_539' title='bbox 1089 745 1243 781; x_wconf 83' lang='lat' dir='ltr'><strong>Evangeliis</strong></span> <span class='ocrx_word' id='word_1_540' title='bbox 1264 746 1386 773; x_wconf 87' lang='lat' dir='ltr'><strong>divinum</strong></span> <span class='ocrx_word' id='word_1_541' title='bbox 1408 746 1563 774; x_wconf 78' lang='lat' dir='ltr'><strong>Gabrielcm</strong></span> <span class='ocrx_word' id='word_1_542' title='bbox 1580 746 1698 778; x_wconf 86' lang='lat' dir='ltr'><strong>inducis,</strong></span> <span class='ocrx_word' id='word_1_543' title='bbox 1723 746 1750 772; x_wconf 90' lang='lat' dir='ltr'><strong>in</strong></span> <span class='ocrx_word' id='word_1_544' title='bbox 1770 746 1830 772; x_wconf 67' lang='lat' dir='ltr'><strong>haec</strong></span> 
     </span>
    </p>
   </div>
   <div class='ocr_carea' id='block_1_74' title="bbox 1038 791 1829 825">
    <p class='ocr_par' dir='ltr' id='par_1_74' title="bbox 1038 791 1829 825">
     <span class='ocr_line' id='line_1_75' title="bbox 1038 791 1829 825; baseline -0.001 -7"><span class='ocrx_word' id='word_1_545' title='bbox 1038 792 1131 822; x_wconf 74' lang='lat' dir='ltr'><strong>verba,</strong></span> <span class='ocrx_word' id='word_1_546' title='bbox 1157 791 1204 818; x_wconf 84' lang='lat' dir='ltr'><strong>Dei</strong></span> <span class='ocrx_word' id='word_1_547' title='bbox 1227 791 1392 818; x_wconf 88' lang='lat' dir='ltr'><strong>Genitricem</strong></span> <span class='ocrx_word' id='word_1_548' title='bbox 1410 799 1443 818; x_wconf 86' lang='lat' dir='ltr'><strong>ac</strong></span> <span class='ocrx_word' id='word_1_549' title='bbox 1466 792 1666 819; x_wconf 82' lang='lat' dir='ltr'><strong>sanctissimam</strong></span> <span class='ocrx_word' id='word_1_550' title='bbox 1689 791 1829 825; x_wconf 78' lang='lat' dir='ltr'><strong>Virginem</strong></span> 
     </span>
    </p>
   </div>
   <div class='ocr_carea' id='block_1_75' title="bbox 1037 836 1831 871">
    <p class='ocr_par' dir='ltr' id='par_1_75' title="bbox 1037 836 1831 871">
     <span class='ocr_line' id='line_1_76' title="bbox 1037 836 1831 871; baseline -0.001 -8"><span class='ocrx_word' id='word_1_551' title='bbox 1037 837 1188 864; x_wconf 76' lang='lat' dir='ltr'><strong>aﬂ&#39;antem?</strong></span> <span class='ocrx_word' id='word_1_552' title='bbox 1203 836 1317 871; x_wconf 72' lang='lat' dir='ltr'><strong>Spiritus</strong></span> <span class='ocrx_word' id='word_1_553' title='bbox 1332 841 1438 864; x_wconf 76' lang='lat' dir='ltr'><strong>sanctus</strong></span> <span class='ocrx_word' id='word_1_554' title='bbox 1452 837 1615 871; x_wconf 74' lang='lat' dir='ltr'><strong>superueniet</strong></span> <span class='ocrx_word' id='word_1_555' title='bbox 1625 837 1697 869; x_wconf 82' lang='lat' dir='ltr'><strong>inte,</strong></span> <span class='ocrx_word' id='word_1_556' title='bbox 1714 841 1738 863; x_wconf 76' lang='grc' dir='ltr'><strong>ει</strong></span> <span class='ocrx_word' id='word_1_557' title='bbox 1748 836 1831 863; x_wconf 73' lang='lat' dir='ltr'><strong>uirtus</strong></span> 
     </span>
    </p>
   </div>
   <div class='ocr_carea' id='block_1_76' title="bbox 1039 881 1831 916">
    <p class='ocr_par' dir='ltr' id='par_1_76' title="bbox 1039 881 1831 916">
     <span class='ocr_line' id='line_1_77' title="bbox 1039 881 1831 916; baseline -0.003 -7"><span class='ocrx_word' id='word_1_558' title='bbox 1039 881 1169 909; x_wconf 77' lang='lat' dir='ltr'><strong>Altissimi</strong></span> <span class='ocrx_word' id='word_1_559' title='bbox 1191 881 1354 908; x_wconf 83' lang='lat' dir='ltr'><strong>obumbrabit</strong></span> <span class='ocrx_word' id='word_1_560' title='bbox 1375 881 1444 908; x_wconf 80' lang='lat' dir='ltr'><strong>tibi?</strong></span> <span class='ocrx_word' id='word_1_561' title='bbox 1461 882 1518 913; x_wconf 80' lang='lat' dir='ltr'><strong>Qua</strong></span> <span class='ocrx_word' id='word_1_562' title='bbox 1543 888 1608 916; x_wconf 80' lang='lat' dir='ltr'><strong>ergo</strong></span> <span class='ocrx_word' id='word_1_563' title='bbox 1627 881 1743 912; x_wconf 89' lang='lat' dir='ltr'><strong>ratione,</strong></span> <span class='ocrx_word' id='word_1_564' title='bbox 1769 887 1831 914; x_wconf 70' lang='lat' dir='ltr'><strong>quae</strong></span> 
     </span>
    </p>
   </div>
   <div class='ocr_carea' id='block_1_77' title="bbox 1040 925 1829 962">
    <p class='ocr_par' dir='ltr' id='par_1_77' title="bbox 1040 925 1829 962">
     <span class='ocr_line' id='line_1_78' title="bbox 1040 925 1829 962; baseline -0.004 -7"><span class='ocrx_word' id='word_1_565' title='bbox 1040 935 1074 955; x_wconf 82' lang='lat' dir='ltr'><strong>cx</strong></span> <span class='ocrx_word' id='word_1_566' title='bbox 1104 925 1210 962; x_wconf 85' lang='lat' dir='ltr'><strong>Spiritu</strong></span> <span class='ocrx_word' id='word_1_567' title='bbox 1232 931 1339 959; x_wconf 86' lang='lat' dir='ltr'><strong>sancto,</strong></span> <span class='ocrx_word' id='word_1_568' title='bbox 1361 935 1392 954; x_wconf 86' lang='lat' dir='ltr'><strong>ac</strong></span> <span class='ocrx_word' id='word_1_569' title='bbox 1408 926 1541 954; x_wconf 82' lang='lat' dir='ltr'><strong>Altissimi</strong></span> <span class='ocrx_word' id='word_1_570' title='bbox 1563 926 1665 953; x_wconf 86' lang='lat' dir='ltr'><strong>virtute</strong></span> <span class='ocrx_word' id='word_1_571' title='bbox 1689 925 1829 959; x_wconf 85' lang='lat' dir='ltr'><strong>concepit.</strong></span> 
     </span>
    </p>
   </div>
   <div class='ocr_carea' id='block_1_78' title="bbox 1040 971 1829 1008">
    <p class='ocr_par' dir='ltr' id='par_1_78' title="bbox 1040 971 1829 1008">
     <span class='ocr_line' id='line_1_79' title="bbox 1040 971 1829 1008; baseline -0.005 -8"><span class='ocrx_word' id='word_1_572' title='bbox 1040 981 1096 1000; x_wconf 85' lang='lat' dir='ltr'><strong>non</strong></span> <span class='ocrx_word' id='word_1_573' title='bbox 1120 980 1186 1000; x_wconf 79' lang='lat' dir='ltr'><strong>vero</strong></span> <span class='ocrx_word' id='word_1_574' title='bbox 1203 973 1355 1000; x_wconf 88' lang='lat' dir='ltr'><strong>secundum</strong></span> <span class='ocrx_word' id='word_1_575' title='bbox 1369 973 1457 1008; x_wconf 90' lang='lat' dir='ltr'><strong>legem</strong></span> <span class='ocrx_word' id='word_1_576' title='bbox 1480 973 1609 1000; x_wconf 73' lang='lat' dir='ltr'><strong>humana:</strong></span> <span class='ocrx_word' id='word_1_577' title='bbox 1630 971 1829 1006; x_wconf 82' lang='lat' dir='ltr'><strong>conceptionis,</strong></span> 
     </span>
    </p>
   </div>
   <div class='ocr_carea' id='block_1_79' title="bbox 1041 1016 1832 1054">
    <p class='ocr_par' dir='ltr' id='par_1_79' title="bbox 1041 1016 1832 1054">
     <span class='ocr_line' id='line_1_80' title="bbox 1041 1016 1832 1054; baseline -0.006 -8"><span class='ocrx_word' id='word_1_578' title='bbox 1041 1020 1202 1054; x_wconf 83' lang='lat' dir='ltr'><strong>purgatione</strong></span> <span class='ocrx_word' id='word_1_579' title='bbox 1217 1019 1298 1054; x_wconf 77' lang='lat' dir='ltr'><strong>eget?</strong></span> <span class='ocrx_word' id='word_1_580' title='bbox 1313 1019 1456 1052; x_wconf 86' lang='lat' dir='ltr'><strong>Quomodo</strong></span> <span class='ocrx_word' id='word_1_581' title='bbox 1470 1023 1573 1050; x_wconf 86' lang='lat' dir='ltr'><strong>autem,</strong></span> <span class='ocrx_word' id='word_1_582' title='bbox 1591 1025 1651 1052; x_wconf 64' lang='lat' dir='ltr'><strong>qua;</strong></span> <span class='ocrx_word' id='word_1_583' title='bbox 1669 1024 1702 1044; x_wconf 89' lang='lat' dir='ltr'><strong>eo</strong></span> <span class='ocrx_word' id='word_1_584' title='bbox 1718 1016 1832 1050; x_wconf 80' lang='lat' dir='ltr'><strong>impleta</strong></span> 
     </span>
    </p>
   </div>
   <div class='ocr_carea' id='block_1_80' title="bbox 1042 1063 1829 1100">
    <p class='ocr_par' dir='ltr' id='par_1_80' title="bbox 1042 1063 1829 1100">
     <span class='ocr_line' id='line_1_81' title="bbox 1042 1063 1829 1100; baseline -0.006 -7"><span class='ocrx_word' id='word_1_585' title='bbox 1042 1065 1102 1098; x_wconf 76' lang='lat' dir='ltr'><strong>fuit,</strong></span> <span class='ocrx_word' id='word_1_586' title='bbox 1123 1066 1170 1100; x_wconf 88' lang='lat' dir='ltr'><strong>qui</strong></span> <span class='ocrx_word' id='word_1_587' title='bbox 1194 1070 1320 1092; x_wconf 87' lang='lat' dir='ltr'><strong>naturam</strong></span> <span class='ocrx_word' id='word_1_588' title='bbox 1343 1073 1453 1093; x_wconf 87' lang='lat' dir='ltr'><strong>omnem</strong></span> <span class='ocrx_word' id='word_1_589' title='bbox 1471 1069 1527 1091; x_wconf 90' lang='lat' dir='ltr'><strong>tum</strong></span> <span class='ocrx_word' id='word_1_590' title='bbox 1552 1064 1640 1091; x_wconf 89' lang='lat' dir='ltr'><strong>oculis</strong></span> <span class='ocrx_word' id='word_1_591' title='bbox 1664 1063 1829 1097; x_wconf 73' lang='lat' dir='ltr'><strong>subiectam,</strong></span> 
     </span>
    </p>
   </div>
   <div class='ocr_carea' id='block_1_81' title="bbox 1042 1107 1832 1147">
    <p class='ocr_par' dir='ltr' id='par_1_81' title="bbox 1042 1107 1832 1147">
     <span class='ocr_line' id='line_1_82' title="bbox 1042 1107 1832 1147; baseline -0.005 -8"><span class='ocrx_word' id='word_1_592' title='bbox 1042 1117 1099 1139; x_wconf 88' lang='lat' dir='ltr'><strong>tum</strong></span> <span class='ocrx_word' id='word_1_593' title='bbox 1122 1120 1176 1139; x_wconf 90' lang='lat' dir='ltr'><strong>non</strong></span> <span class='ocrx_word' id='word_1_594' title='bbox 1195 1112 1389 1147; x_wconf 87' lang='lat' dir='ltr'><strong>aspectabilem</strong></span> <span class='ocrx_word' id='word_1_595' title='bbox 1419 1111 1582 1142; x_wconf 80' lang='lat' dir='ltr'><strong>sanctiﬁcat,</strong></span> <span class='ocrx_word' id='word_1_596' title='bbox 1600 1110 1720 1145; x_wconf 88' lang='lat' dir='ltr'><strong>Spiritus</strong></span> <span class='ocrx_word' id='word_1_597' title='bbox 1743 1107 1832 1136; x_wconf 80' lang='lat' dir='ltr'><strong>sancti</strong></span> 
     </span>
    </p>
   </div>
   <div class='ocr_carea' id='block_1_82' title="bbox 1042 1153 1834 1191">
    <p class='ocr_par' dir='ltr' id='par_1_82' title="bbox 1042 1153 1834 1191">
     <span class='ocr_line' id='line_1_83' title="bbox 1042 1153 1834 1191; baseline -0.006 -7"><span class='ocrx_word' id='word_1_598' title='bbox 1042 1165 1139 1191; x_wconf 86' lang='lat' dir='ltr'><strong>expers</strong></span> <span class='ocrx_word' id='word_1_599' title='bbox 1169 1157 1306 1184; x_wconf 81' lang='lat' dir='ltr'><strong>exsistit?</strong></span> <span class='ocrx_word' id='word_1_600' title='bbox 1328 1156 1379 1189; x_wconf 86' lang='lat' dir='ltr'><strong>Qui</strong></span> <span class='ocrx_word' id='word_1_601' title='bbox 1392 1157 1515 1187; x_wconf 79' lang='lat' dir='ltr'><strong>demum,</strong></span> <span class='ocrx_word' id='word_1_602' title='bbox 1545 1163 1627 1190; x_wconf 91' lang='lat' dir='ltr'><strong>quam</strong></span> <span class='ocrx_word' id='word_1_603' title='bbox 1659 1153 1834 1181; x_wconf 84' lang='lat' dir='ltr'><strong>obumbravit</strong></span> 
     </span>
    </p>
   </div>
   <div class='ocr_carea' id='block_1_83' title="bbox 1042 1200 1833 1234">
    <p class='ocr_par' dir='ltr' id='par_1_83' title="bbox 1042 1200 1833 1234">
     <span class='ocr_line' id='line_1_84' title="bbox 1042 1200 1833 1234; baseline -0.006 -4"><span class='ocrx_word' id='word_1_604' title='bbox 1042 1204 1131 1230; x_wconf 89' lang='lat' dir='ltr'><strong>virtus</strong></span> <span class='ocrx_word' id='word_1_605' title='bbox 1152 1202 1298 1234; x_wconf 80' lang='lat' dir='ltr'><strong>Altissimi,</strong></span> <span class='ocrx_word' id='word_1_606' title='bbox 1319 1210 1375 1230; x_wconf 89' lang='lat' dir='ltr'><strong>non</strong></span> <span class='ocrx_word' id='word_1_607' title='bbox 1393 1203 1466 1230; x_wconf 88' lang='lat' dir='ltr'><strong>omni</strong></span> <span class='ocrx_word' id='word_1_608' title='bbox 1483 1201 1616 1229; x_wconf 85' lang='lat' dir='ltr'><strong>munditia</strong></span> <span class='ocrx_word' id='word_1_609' title='bbox 1631 1208 1663 1227; x_wconf 88' lang='lat' dir='ltr'><strong>ac</strong></span> <span class='ocrx_word' id='word_1_610' title='bbox 1687 1200 1833 1227; x_wconf 83' lang='lat' dir='ltr'><strong>sanctitate</strong></span> 
     </span>
    </p>
   </div>
   <div class='ocr_carea' id='block_1_84' title="bbox 1042 1244 1831 1284">
    <p class='ocr_par' dir='ltr' id='par_1_84' title="bbox 1042 1244 1831 1284">
     <span class='ocr_line' id='line_1_85' title="bbox 1042 1244 1831 1284; baseline -0.008 -8"><span class='ocrx_word' id='word_1_611' title='bbox 1042 1249 1122 1284; x_wconf 85' lang='lat' dir='ltr'><strong>plena</strong></span> <span class='ocrx_word' id='word_1_612' title='bbox 1139 1249 1197 1276; x_wconf 87' lang='lat' dir='ltr'><strong>sit?</strong></span> <span class='ocrx_word' id='word_1_613' title='bbox 1213 1247 1312 1275; x_wconf 76' lang='lat' dir='ltr'><strong>Vcrum</strong></span> <span class='ocrx_word' id='word_1_614' title='bbox 1326 1256 1386 1283; x_wconf 69' lang='lat' dir='ltr'><strong>qum</strong></span> <span class='ocrx_word' id='word_1_615' title='bbox 1404 1252 1557 1282; x_wconf 87' lang='lat' dir='ltr'><strong>sequuntnr</strong></span> <span class='ocrx_word' id='word_1_616' title='bbox 1572 1246 1654 1273; x_wconf 82' lang='lat' dir='ltr'><strong>verba</strong></span> <span class='ocrx_word' id='word_1_617' title='bbox 1666 1244 1831 1279; x_wconf 85' lang='lat' dir='ltr'><strong>archangeli,</strong></span> 
     </span>
    </p>
   </div>
   <div class='ocr_carea' id='block_1_85' title="bbox 1043 1291 1833 1326">
    <p class='ocr_par' dir='ltr' id='par_1_85' title="bbox 1043 1291 1833 1326">
     <span class='ocr_line' id='line_1_86' title="bbox 1043 1291 1833 1326; baseline -0.006 -4"><span class='ocrx_word' id='word_1_618' title='bbox 1043 1295 1123 1322; x_wconf 87' lang='lat' dir='ltr'><strong>dictis</strong></span> <span class='ocrx_word' id='word_1_619' title='bbox 1147 1294 1310 1322; x_wconf 83' lang='lat' dir='ltr'><strong>terribiliora</strong></span> <span class='ocrx_word' id='word_1_620' title='bbox 1327 1298 1407 1326; x_wconf 92' lang='lat' dir='ltr'><strong>sunt;</strong></span> <span class='ocrx_word' id='word_1_621' title='bbox 1422 1294 1461 1320; x_wconf 85' lang='lat' dir='ltr'><strong>ait</strong></span> <span class='ocrx_word' id='word_1_622' title='bbox 1476 1293 1567 1320; x_wconf 88' lang='lat' dir='ltr'><strong>enim:</strong></span> <span class='ocrx_word' id='word_1_623' title='bbox 1583 1292 1617 1319; x_wconf 81' lang='lat' dir='ltr'><strong>Et</strong></span> <span class='ocrx_word' id='word_1_624' title='bbox 1629 1292 1688 1318; x_wconf 83' lang='lat' dir='ltr'><strong>ideo</strong></span> <span class='ocrx_word' id='word_1_625' title='bbox 1700 1291 1769 1326; x_wconf 85' lang='lat' dir='ltr'><strong>quod</strong></span> <span class='ocrx_word' id='word_1_626' title='bbox 1782 1299 1833 1317; x_wconf 83' lang='lat' dir='ltr'><strong>na-</strong></span> 
     </span>
    </p>
   </div>
   <div class='ocr_carea' id='block_1_86' title="bbox 1044 1337 1834 1372">
    <p class='ocr_par' dir='ltr' id='par_1_86' title="bbox 1044 1337 1834 1372">
     <span class='ocr_line' id='line_1_87' title="bbox 1044 1337 1834 1372; baseline -0.004 -6"><span class='ocrx_word' id='word_1_627' title='bbox 1044 1345 1129 1366; x_wconf 75' lang='lat' dir='ltr'><strong>scetur</strong></span> <span class='ocrx_word' id='word_1_628' title='bbox 1140 1347 1173 1366; x_wconf 80' lang='lat' dir='ltr'><strong>ea:</strong></span> <span class='ocrx_word' id='word_1_629' title='bbox 1182 1344 1208 1366; x_wconf 82' lang='lat' dir='ltr'><strong>te</strong></span> <span class='ocrx_word' id='word_1_630' title='bbox 1216 1343 1348 1371; x_wconf 72' lang='lat' dir='ltr'><strong>sanctum,</strong></span> <span class='ocrx_word' id='word_1_631' title='bbox 1360 1338 1444 1366; x_wconf 74' lang='lat' dir='ltr'><strong>Filius</strong></span> <span class='ocrx_word' id='word_1_632' title='bbox 1459 1338 1509 1365; x_wconf 82' lang='lat' dir='ltr'><strong>Dei</strong></span> <span class='ocrx_word' id='word_1_633' title='bbox 1524 1337 1670 1365; x_wconf 68' lang='lat' dir='ltr'><strong>vocabitur.</strong></span> <span class='ocrx_word' id='word_1_634' title='bbox 1687 1337 1754 1369; x_wconf 84' lang='lat' dir='ltr'><strong>Quis</strong></span> <span class='ocrx_word' id='word_1_635' title='bbox 1768 1343 1834 1372; x_wconf 90' lang='lat' dir='ltr'><strong>ergo</strong></span> 
     </span>
    </p>
   </div>
   <div class='ocr_carea' id='block_1_87' title="bbox 1044 1383 1833 1421">
    <p class='ocr_par' dir='ltr' id='par_1_87' title="bbox 1044 1383 1833 1421">
     <span class='ocr_line' id='line_1_88' title="bbox 1044 1383 1833 1421; baseline -0.005 -8"><span class='ocrx_word' id='word_1_636' title='bbox 1044 1386 1091 1412; x_wconf 92' lang='lat' dir='ltr'><strong>ubi</strong></span> <span class='ocrx_word' id='word_1_637' title='bbox 1103 1386 1161 1413; x_wconf 76' lang='lat' dir='ltr'><strong>haec</strong></span> <span class='ocrx_word' id='word_1_638' title='bbox 1173 1393 1262 1421; x_wconf 89' lang='lat' dir='ltr'><strong>nuper</strong></span> <span class='ocrx_word' id='word_1_639' title='bbox 1274 1393 1305 1412; x_wconf 81' lang='lat' dir='ltr'><strong>ex</strong></span> <span class='ocrx_word' id='word_1_640' title='bbox 1319 1389 1346 1412; x_wconf 86' lang='lat' dir='ltr'><strong>te</strong></span> <span class='ocrx_word' id='word_1_641' title='bbox 1355 1384 1489 1415; x_wconf 82' lang='lat' dir='ltr'><strong>audisset,</strong></span> <span class='ocrx_word' id='word_1_642' title='bbox 1506 1392 1579 1411; x_wconf 90' lang='lat' dir='ltr'><strong>nunc</strong></span> <span class='ocrx_word' id='word_1_643' title='bbox 1594 1383 1692 1410; x_wconf 90' lang='lat' dir='ltr'><strong>iterum</strong></span> <span class='ocrx_word' id='word_1_644' title='bbox 1711 1383 1833 1410; x_wconf 86' lang='lat' dir='ltr'><strong>claman-</strong></span> 
     </span>
    </p>
   </div>
   <div class='ocr_carea' id='block_1_88' title="bbox 1045 1429 1834 1466">
    <p class='ocr_par' dir='ltr' id='par_1_88' title="bbox 1045 1429 1834 1466">
     <span class='ocr_line' id='line_1_89' title="bbox 1045 1429 1834 1466; baseline -0.004 -8"><span class='ocrx_word' id='word_1_645' title='bbox 1045 1436 1099 1458; x_wconf 87' lang='lat' dir='ltr'><strong>tem</strong></span> <span class='ocrx_word' id='word_1_646' title='bbox 1115 1431 1240 1462; x_wconf 86' lang='lat' dir='ltr'><strong>audiens,</strong></span> <span class='ocrx_word' id='word_1_647' title='bbox 1256 1431 1400 1466; x_wconf 76' lang='lat' dir='ltr'><strong>Postquam</strong></span> <span class='ocrx_word' id='word_1_648' title='bbox 1415 1430 1587 1464; x_wconf 75' lang='lat' dir='ltr'><strong>impletisunl</strong></span> <span class='ocrx_word' id='word_1_649' title='bbox 1601 1429 1658 1456; x_wconf 74' lang='lat' dir='ltr'><strong>dies</strong></span> <span class='ocrx_word' id='word_1_650' title='bbox 1669 1429 1834 1464; x_wconf 71' lang='lat' dir='ltr'><strong>purgationis</strong></span> 
     </span>
    </p>
   </div>
   <div class='ocr_carea' id='block_1_89' title="bbox 1045 1474 1835 1511">
    <p class='ocr_par' dir='ltr' id='par_1_89' title="bbox 1045 1474 1835 1511">
     <span class='ocr_line' id='line_1_90' title="bbox 1045 1474 1835 1511; baseline -0.003 -9"><span class='ocrx_word' id='word_1_651' title='bbox 1045 1484 1134 1502; x_wconf 81' lang='lat' dir='ltr'><strong>eorum</strong></span> <span class='ocrx_word' id='word_1_652' title='bbox 1147 1475 1231 1511; x_wconf 69' lang='grc' dir='ltr'>[νοις.</span> <span class='ocrx_word' id='word_1_653' title='bbox 1245 1475 1325 1511; x_wconf 72' lang='lat' dir='ltr'><strong>ejus],</strong></span> <span class='ocrx_word' id='word_1_654' title='bbox 1340 1483 1394 1502; x_wconf 91' lang='lat' dir='ltr'><strong>non</strong></span> <span class='ocrx_word' id='word_1_655' title='bbox 1407 1475 1506 1502; x_wconf 87' lang='lat' dir='ltr'><strong>merito</strong></span> <span class='ocrx_word' id='word_1_656' title='bbox 1523 1479 1648 1509; x_wconf 82' lang='lat' dir='ltr'><strong>stupens,</strong></span> <span class='ocrx_word' id='word_1_657' title='bbox 1664 1478 1690 1502; x_wconf 91' lang='lat' dir='ltr'><strong>te</strong></span> <span class='ocrx_word' id='word_1_658' title='bbox 1705 1474 1835 1501; x_wconf 82' lang='lat' dir='ltr'><strong>accuset?</strong></span> 
     </span>
    </p>
   </div>
   <div class='ocr_carea' id='block_1_90' title="bbox 1046 1519 1832 1561">
    <p class='ocr_par' dir='ltr' id='par_1_90' title="bbox 1046 1519 1832 1561">
     <span class='ocr_line' id='line_1_91' title="bbox 1046 1519 1832 1561; baseline 0.001 -15"><span class='ocrx_word' id='word_1_659' title='bbox 1046 1520 1188 1554; x_wconf 76' lang='lat' dir='ltr'><strong>Siquidem</strong></span> <span class='ocrx_word' id='word_1_660' title='bbox 1201 1520 1275 1561; x_wconf 76' lang='lat' dir='ltr'><strong>enim</strong></span> <span class='ocrx_word' id='word_1_661' title='bbox 1287 1520 1407 1555; x_wconf 89' lang='lat' dir='ltr'><strong>Spiritus</strong></span> <span class='ocrx_word' id='word_1_662' title='bbox 1418 1524 1530 1547; x_wconf 85' lang='lat' dir='ltr'><strong>sanctus</strong></span> <span class='ocrx_word' id='word_1_663' title='bbox 1545 1519 1682 1555; x_wconf 85' lang='lat' dir='ltr'><strong>Virginem</strong></span> <span class='ocrx_word' id='word_1_664' title='bbox 1700 1519 1832 1555; x_wconf 84' lang='lat' dir='ltr'><strong>implevit,</strong></span> 
     </span>
    </p>
   </div>
   <div class='ocr_carea' id='block_1_91' title="bbox 1046 1566 1835 1601">
    <p class='ocr_par' dir='ltr' id='par_1_91' title="bbox 1046 1566 1835 1601">
     <span class='ocr_line' id='line_1_92' title="bbox 1046 1566 1835 1601; baseline 0 -8"><span class='ocrx_word' id='word_1_665' title='bbox 1046 1574 1078 1593; x_wconf 90' lang='lat' dir='ltr'><strong>ac</strong></span> <span class='ocrx_word' id='word_1_666' title='bbox 1088 1566 1220 1594; x_wconf 78' lang='lat' dir='ltr'><strong>Altissimi</strong></span> <span class='ocrx_word' id='word_1_667' title='bbox 1241 1567 1327 1593; x_wconf 88' lang='lat' dir='ltr'><strong>virtus</strong></span> <span class='ocrx_word' id='word_1_668' title='bbox 1348 1573 1431 1601; x_wconf 86' lang='lat' dir='ltr'><strong>super</strong></span> <span class='ocrx_word' id='word_1_669' title='bbox 1450 1573 1510 1593; x_wconf 89' lang='lat' dir='ltr'><strong>eam</strong></span> <span class='ocrx_word' id='word_1_670' title='bbox 1532 1566 1717 1598; x_wconf 81' lang='lat' dir='ltr'><strong>obumbravit,</strong></span> <span class='ocrx_word' id='word_1_671' title='bbox 1745 1566 1835 1601; x_wconf 91' lang='lat' dir='ltr'><strong>quod-</strong></span> 
     </span>
    </p>
   </div>
   <div class='ocr_carea' id='block_1_92' title="bbox 1046 1611 1836 1647">
    <p class='ocr_par' dir='ltr' id='par_1_92' title="bbox 1046 1611 1836 1647">
     <span class='ocr_line' id='line_1_93' title="bbox 1046 1611 1836 1647; baseline -0.001 -8"><span class='ocrx_word' id='word_1_672' title='bbox 1046 1620 1100 1647; x_wconf 89' lang='lat' dir='ltr'><strong>que</strong></span> <span class='ocrx_word' id='word_1_673' title='bbox 1121 1617 1217 1639; x_wconf 85' lang='lat' dir='ltr'><strong>natum</strong></span> <span class='ocrx_word' id='word_1_674' title='bbox 1241 1616 1283 1639; x_wconf 89' lang='lat' dir='ltr'><strong>est</strong></span> <span class='ocrx_word' id='word_1_675' title='bbox 1309 1612 1336 1638; x_wconf 92' lang='lat' dir='ltr'><strong>in</strong></span> <span class='ocrx_word' id='word_1_676' title='bbox 1357 1619 1399 1644; x_wconf 85' lang='lat' dir='ltr'><strong>ea,</strong></span> <span class='ocrx_word' id='word_1_677' title='bbox 1417 1611 1464 1638; x_wconf 89' lang='lat' dir='ltr'><strong>Dei</strong></span> <span class='ocrx_word' id='word_1_678' title='bbox 1490 1611 1599 1646; x_wconf 86' lang='lat' dir='ltr'><strong>quidem</strong></span> <span class='ocrx_word' id='word_1_679' title='bbox 1620 1611 1705 1639; x_wconf 85' lang='lat' dir='ltr'><strong>Filius</strong></span> <span class='ocrx_word' id='word_1_680' title='bbox 1728 1611 1836 1639; x_wconf 82' lang='lat' dir='ltr'><strong>exsistit</strong></span> 
     </span>
    </p>
   </div>
   <div class='ocr_carea' id='block_1_93' title="bbox 1046 1657 1837 1690">
    <p class='ocr_par' dir='ltr' id='par_1_93' title="bbox 1046 1657 1837 1690">
     <span class='ocr_line' id='line_1_94' title="bbox 1046 1657 1837 1690; baseline 0 -5"><span class='ocrx_word' id='word_1_681' title='bbox 1046 1661 1110 1685; x_wconf 83' lang='lat' dir='ltr'><strong>ante</strong></span> <span class='ocrx_word' id='word_1_682' title='bbox 1130 1658 1251 1690; x_wconf 66' lang='lat' dir='ltr'><strong>saecula;</strong></span> <span class='ocrx_word' id='word_1_683' title='bbox 1272 1664 1346 1684; x_wconf 91' lang='lat' dir='ltr'><strong>nunc</strong></span> <span class='ocrx_word' id='word_1_684' title='bbox 1371 1664 1437 1684; x_wconf 89' lang='lat' dir='ltr'><strong>vero</strong></span> <span class='ocrx_word' id='word_1_685' title='bbox 1458 1657 1539 1684; x_wconf 83' lang='lat' dir='ltr'><strong>etiam</strong></span> <span class='ocrx_word' id='word_1_686' title='bbox 1556 1657 1703 1689; x_wconf 80' lang='lat' dir='ltr'><strong>vocabitur,</strong></span> <span class='ocrx_word' id='word_1_687' title='bbox 1730 1658 1837 1685; x_wconf 82' lang='lat' dir='ltr'><strong>ratione</strong></span> 
     </span>
    </p>
   </div>
   <div class='ocr_carea' id='block_1_94' title="bbox 1047 1703 1837 1738">
    <p class='ocr_par' dir='ltr' id='par_1_94' title="bbox 1047 1703 1837 1738">
     <span class='ocr_line' id='line_1_95' title="bbox 1047 1703 1837 1738; baseline 0 -7"><span class='ocrx_word' id='word_1_688' title='bbox 1047 1704 1244 1731; x_wconf 86' lang='lat' dir='ltr'><strong>incarnationis</strong></span> <span class='ocrx_word' id='word_1_689' title='bbox 1261 1711 1268 1736; x_wconf 88' lang='lat'><strong>;</strong></span> <span class='ocrx_word' id='word_1_690' title='bbox 1295 1703 1442 1738; x_wconf 89' lang='lat' dir='ltr'><strong>quomodo,</strong></span> <span class='ocrx_word' id='word_1_691' title='bbox 1470 1711 1531 1738; x_wconf 81' lang='lat' dir='ltr'><strong>quae</strong></span> <span class='ocrx_word' id='word_1_692' title='bbox 1551 1703 1650 1731; x_wconf 65' lang='lat' dir='ltr'><strong>divina:</strong></span> <span class='ocrx_word' id='word_1_693' title='bbox 1668 1711 1700 1731; x_wconf 89' lang='lat' dir='ltr'><strong>ac</strong></span> <span class='ocrx_word' id='word_1_694' title='bbox 1717 1704 1837 1731; x_wconf 90' lang='lat' dir='ltr'><strong>consub-</strong></span> 
     </span>
    </p>
   </div>
   <div class='ocr_carea' id='block_1_95' title="bbox 1048 1748 1838 1784">
    <p class='ocr_par' dir='ltr' id='par_1_95' title="bbox 1048 1748 1838 1784">
     <span class='ocr_line' id='line_1_96' title="bbox 1048 1748 1838 1784; baseline 0 -8"><span class='ocrx_word' id='word_1_695' title='bbox 1048 1749 1185 1777; x_wconf 79' lang='lat' dir='ltr'><strong>stantialis</strong></span> <span class='ocrx_word' id='word_1_696' title='bbox 1205 1749 1346 1776; x_wconf 87' lang='lat' dir='ltr'><strong>Trinilalis</strong></span> <span class='ocrx_word' id='word_1_697' title='bbox 1368 1748 1421 1776; x_wconf 79' lang='lat' dir='ltr'><strong>fuit</strong></span> <span class='ocrx_word' id='word_1_698' title='bbox 1446 1749 1543 1776; x_wconf 81' lang='lat' dir='ltr'><strong>cll‘ecta</strong></span> <span class='ocrx_word' id='word_1_699' title='bbox 1560 1749 1709 1784; x_wconf 80' lang='lat' dir='ltr'><strong>particeps.</strong></span> <span class='ocrx_word' id='word_1_700' title='bbox 1734 1750 1838 1776; x_wconf 89' lang='lat' dir='ltr'><strong>nedum</strong></span> 
     </span>
    </p>
   </div>
   <div class='ocr_carea' id='block_1_96' title="bbox 1047 1795 1839 1830">
    <p class='ocr_par' dir='ltr' id='par_1_96' title="bbox 1047 1795 1839 1830">
     <span class='ocr_line' id='line_1_97' title="bbox 1047 1795 1839 1830; baseline 0 -8"><span class='ocrx_word' id='word_1_701' title='bbox 1047 1803 1102 1823; x_wconf 90' lang='lat' dir='ltr'><strong>non</strong></span> <span class='ocrx_word' id='word_1_702' title='bbox 1121 1795 1229 1822; x_wconf 82' lang='lat' dir='ltr'><strong>deﬁciet</strong></span> <span class='ocrx_word' id='word_1_703' title='bbox 1251 1795 1434 1823; x_wconf 85' lang='lat' dir='ltr'><strong>sanctitudine</strong></span> <span class='ocrx_word' id='word_1_704' title='bbox 1445 1803 1477 1822; x_wconf 88' lang='lat' dir='ltr'><strong>ac</strong></span> <span class='ocrx_word' id='word_1_705' title='bbox 1499 1795 1627 1829; x_wconf 86' lang='lat' dir='ltr'><strong>puritate,</strong></span> <span class='ocrx_word' id='word_1_706' title='bbox 1644 1795 1710 1830; x_wconf 87' lang='lat' dir='ltr'><strong>quin</strong></span> <span class='ocrx_word' id='word_1_707' title='bbox 1722 1800 1749 1823; x_wconf 90' lang='lat' dir='ltr'><strong>et</strong></span> <span class='ocrx_word' id='word_1_708' title='bbox 1759 1803 1839 1822; x_wconf 81' lang='lat' dir='ltr'><strong>crea-</strong></span> 
     </span>
    </p>
   </div>
   <div class='ocr_carea' id='block_1_97' title="bbox 1049 1840 1838 1876">
    <p class='ocr_par' dir='ltr' id='par_1_97' title="bbox 1049 1840 1838 1876">
     <span class='ocr_line' id='line_1_98' title="bbox 1049 1840 1838 1876; baseline -0.003 -7"><span class='ocrx_word' id='word_1_709' title='bbox 1049 1847 1139 1870; x_wconf 70' lang='lat' dir='ltr'><strong>tonum</strong></span> <span class='ocrx_word' id='word_1_710' title='bbox 1158 1841 1341 1875; x_wconf 79' lang='lat' dir='ltr'><strong>universitati,</strong></span> <span class='ocrx_word' id='word_1_711' title='bbox 1363 1841 1558 1868; x_wconf 80' lang='lat' dir='ltr'><strong>sanctitudinis</strong></span> <span class='ocrx_word' id='word_1_712' title='bbox 1572 1848 1604 1868; x_wconf 88' lang='lat' dir='ltr'><strong>ac</strong></span> <span class='ocrx_word' id='word_1_713' title='bbox 1621 1840 1750 1876; x_wconf 86' lang='lat' dir='ltr'><strong>puritatis</strong></span> <span class='ocrx_word' id='word_1_714' title='bbox 1770 1847 1838 1868; x_wconf 89' lang='lat' dir='ltr'><strong>con-</strong></span> 
     </span>
    </p>
   </div>
   <div class='ocr_carea' id='block_1_98' title="bbox 1049 1886 1312 1914">
    <p class='ocr_par' dir='ltr' id='par_1_98' title="bbox 1049 1886 1312 1914">
     <span class='ocr_line' id='line_1_99' title="bbox 1049 1886 1312 1914; baseline -0.004 0"><span class='ocrx_word' id='word_1_715' title='bbox 1049 1886 1166 1914; x_wconf 82' lang='lat' dir='ltr'><strong>ciliatrix</strong></span> <span class='ocrx_word' id='word_1_716' title='bbox 1180 1886 1312 1913; x_wconf 76' lang='lat' dir='ltr'><strong>exsistet?</strong></span> 
     </span>
    </p>
   </div>
   <div class='ocr_carea' id='block_1_99' title="bbox 1085 1987 1849 2025">
    <p class='ocr_par' dir='ltr' id='par_1_99' title="bbox 1085 1987 1849 2025">
     <span class='ocr_line' id='line_1_100' title="bbox 1085 1987 1849 2025; baseline 0.005 -11"><span class='ocrx_word' id='word_1_717' title='bbox 1085 1988 1154 2020; x_wconf 88' lang='lat' dir='ltr'><strong>Quid</strong></span> <span class='ocrx_word' id='word_1_718' title='bbox 1177 1995 1242 2014; x_wconf 81' lang='lat' dir='ltr'><strong>vero</strong></span> <span class='ocrx_word' id='word_1_719' title='bbox 1264 1987 1297 2014; x_wconf 83' lang='lat' dir='ltr'><strong>ad</strong></span> <span class='ocrx_word' id='word_1_720' title='bbox 1322 1987 1380 2014; x_wconf 77' lang='lat' dir='ltr'><strong>inec</strong></span> <span class='ocrx_word' id='word_1_721' title='bbox 1400 1987 1590 2023; x_wconf 74' lang='lat' dir='ltr'><strong>evangelista?</strong></span> <span class='ocrx_word' id='word_1_722' title='bbox 1613 1987 1849 2025; x_wconf 61' lang='lat' dir='ltr'><strong>Haudquaquam,</strong></span> 
     </span>
    </p>
   </div>
   <div class='ocr_carea' id='block_1_100' title="bbox 1051 2034 1841 2070">
    <p class='ocr_par' dir='ltr' id='par_1_100' title="bbox 1051 2034 1841 2070">
     <span class='ocr_line' id='line_1_101' title="bbox 1051 2034 1841 2070; baseline 0.003 -9"><span class='ocrx_word' id='word_1_723' title='bbox 1051 2034 1150 2068; x_wconf 87' lang='lat' dir='ltr'><strong>inquit,</strong></span> <span class='ocrx_word' id='word_1_724' title='bbox 1173 2034 1274 2060; x_wconf 89' lang='lat' dir='ltr'><strong>oblitus</strong></span> <span class='ocrx_word' id='word_1_725' title='bbox 1297 2041 1356 2060; x_wconf 90' lang='lat' dir='ltr'><strong>sum</strong></span> <span class='ocrx_word' id='word_1_726' title='bbox 1379 2041 1473 2061; x_wconf 84' lang='lat' dir='ltr'><strong>eorum</strong></span> <span class='ocrx_word' id='word_1_727' title='bbox 1494 2042 1555 2067; x_wconf 66' lang='lat' dir='ltr'><strong>qua:</strong></span> <span class='ocrx_word' id='word_1_728' title='bbox 1578 2034 1633 2062; x_wconf 85' lang='lat' dir='ltr'><strong>dixi</strong></span> <span class='ocrx_word' id='word_1_729' title='bbox 1649 2036 1795 2070; x_wconf 74' lang='lat' dir='ltr'><strong>superius:</strong></span> <span class='ocrx_word' id='word_1_730' title='bbox 1813 2040 1841 2064; x_wconf 86' lang='lat' dir='ltr'><strong>at</strong></span> 
     </span>
    </p>
   </div>
   <div class='ocr_carea' id='block_1_101' title="bbox 1050 2079 1841 2115">
    <p class='ocr_par' dir='ltr' id='par_1_101' title="bbox 1050 2079 1841 2115">
     <span class='ocr_line' id='line_1_102' title="bbox 1050 2079 1841 2115; baseline 0.004 -9"><span class='ocrx_word' id='word_1_731' title='bbox 1050 2087 1141 2114; x_wconf 79' lang='lat' dir='ltr'><strong>neque</strong></span> <span class='ocrx_word' id='word_1_732' title='bbox 1153 2080 1208 2114; x_wconf 82' lang='lat' dir='ltr'><strong>jam</strong></span> <span class='ocrx_word' id='word_1_733' title='bbox 1224 2084 1288 2106; x_wconf 87' lang='lat' dir='ltr'><strong>autc</strong></span> <span class='ocrx_word' id='word_1_734' title='bbox 1309 2079 1400 2112; x_wconf 89' lang='lat' dir='ltr'><strong>dictis,</strong></span> <span class='ocrx_word' id='word_1_735' title='bbox 1415 2088 1476 2115; x_wconf 70' lang='lat' dir='ltr'><strong>quae</strong></span> <span class='ocrx_word' id='word_1_736' title='bbox 1496 2080 1576 2107; x_wconf 87' lang='lat' dir='ltr'><strong>modo</strong></span> <span class='ocrx_word' id='word_1_737' title='bbox 1592 2081 1658 2114; x_wconf 82' lang='lat' dir='ltr'><strong>dixi,</strong></span> <span class='ocrx_word' id='word_1_738' title='bbox 1672 2081 1763 2109; x_wconf 87' lang='lat' dir='ltr'><strong>minus</strong></span> <span class='ocrx_word' id='word_1_739' title='bbox 1775 2090 1841 2109; x_wconf 87' lang='lat' dir='ltr'><strong>con-</strong></span> 
     </span>
    </p>
   </div>
   <div class='ocr_carea' id='block_1_102' title="bbox 1051 2125 1840 2160">
    <p class='ocr_par' dir='ltr' id='par_1_102' title="bbox 1051 2125 1840 2160">
     <span class='ocr_line' id='line_1_103' title="bbox 1051 2125 1840 2160; baseline 0.005 -7"><span class='ocrx_word' id='word_1_740' title='bbox 1051 2133 1117 2153; x_wconf 86' lang='lat' dir='ltr'><strong>sona</strong></span> <span class='ocrx_word' id='word_1_741' title='bbox 1145 2130 1219 2153; x_wconf 90' lang='lat' dir='ltr'><strong>sunt.</strong></span> <span class='ocrx_word' id='word_1_742' title='bbox 1247 2125 1387 2160; x_wconf 87' lang='lat' dir='ltr'><strong>Siquidem</strong></span> <span class='ocrx_word' id='word_1_743' title='bbox 1421 2126 1493 2153; x_wconf 91' lang='lat' dir='ltr'><strong>enim</strong></span> <span class='ocrx_word' id='word_1_744' title='bbox 1519 2126 1642 2154; x_wconf 89' lang='lat' dir='ltr'><strong>divinum</strong></span> <span class='ocrx_word' id='word_1_745' title='bbox 1664 2127 1782 2156; x_wconf 85' lang='lat' dir='ltr'><strong>Verbum</strong></span> <span class='ocrx_word' id='word_1_746' title='bbox 1811 2129 1840 2157; x_wconf 90' lang='lat' dir='ltr'><strong>in</strong></span> 
     </span>
    </p>
   </div>
   <div class='ocr_carea' id='block_1_103' title="bbox 1052 2171 1841 2210">
    <p class='ocr_par' dir='ltr' id='par_1_103' title="bbox 1052 2171 1841 2210">
     <span class='ocr_line' id='line_1_104' title="bbox 1052 2171 1841 2210; baseline 0.004 -10"><span class='ocrx_word' id='word_1_747' title='bbox 1052 2172 1152 2200; x_wconf 89' lang='lat' dir='ltr'><strong>divinis</strong></span> <span class='ocrx_word' id='word_1_748' title='bbox 1162 2172 1274 2199; x_wconf 91' lang='lat' dir='ltr'><strong>omnino</strong></span> <span class='ocrx_word' id='word_1_749' title='bbox 1284 2171 1430 2200; x_wconf 87' lang='lat' dir='ltr'><strong>mansisset</strong></span> <span class='ocrx_word' id='word_1_750' title='bbox 1440 2173 1664 2206; x_wconf 76' lang='lat' dir='ltr'><strong>snblimilatibos,</strong></span> <span class='ocrx_word' id='word_1_751' title='bbox 1680 2182 1732 2202; x_wconf 89' lang='lat' dir='ltr'><strong>nec</strong></span> <span class='ocrx_word' id='word_1_752' title='bbox 1743 2181 1841 2210; x_wconf 85' lang='lat' dir='ltr'><strong>sponte</strong></span> 
     </span>
    </p>
   </div>
   <div class='ocr_carea' id='block_1_104' title="bbox 1052 2216 1839 2253">
    <p class='ocr_par' dir='ltr' id='par_1_104' title="bbox 1052 2216 1839 2253">
     <span class='ocr_line' id='line_1_105' title="bbox 1052 2216 1839 2253; baseline 0 -7"><span class='ocrx_word' id='word_1_753' title='bbox 1052 2225 1100 2246; x_wconf 87' lang='lat' dir='ltr'><strong>sua</strong></span> <span class='ocrx_word' id='word_1_754' title='bbox 1112 2217 1144 2245; x_wconf 86' lang='lat' dir='ltr'><strong>ad</strong></span> <span class='ocrx_word' id='word_1_755' title='bbox 1164 2221 1285 2244; x_wconf 87' lang='lat' dir='ltr'><strong>nostram</strong></span> <span class='ocrx_word' id='word_1_756' title='bbox 1302 2224 1331 2244; x_wconf 86' lang='lat' dir='ltr'><strong>se</strong></span> <span class='ocrx_word' id='word_1_757' title='bbox 1342 2216 1524 2244; x_wconf 83' lang='lat' dir='ltr'><strong>humilitatem</strong></span> <span class='ocrx_word' id='word_1_758' title='bbox 1546 2217 1677 2245; x_wconf 84' lang='lat' dir='ltr'><strong>inclinare</strong></span> <span class='ocrx_word' id='word_1_759' title='bbox 1699 2218 1839 2253; x_wconf 86' lang='lat' dir='ltr'><strong>voluisset,</strong></span> 
     </span>
    </p>
   </div>
   <div class='ocr_carea' id='block_1_105' title="bbox 1051 2263 1839 2299">
    <p class='ocr_par' dir='ltr' id='par_1_105' title="bbox 1051 2263 1839 2299">
     <span class='ocr_line' id='line_1_106' title="bbox 1051 2263 1839 2299; baseline -0.001 -7"><span class='ocrx_word' id='word_1_760' title='bbox 1051 2264 1149 2292; x_wconf 90' lang='lat' dir='ltr'><strong>merito</strong></span> <span class='ocrx_word' id='word_1_761' title='bbox 1160 2271 1232 2291; x_wconf 89' lang='lat' dir='ltr'><strong>nunc</strong></span> <span class='ocrx_word' id='word_1_762' title='bbox 1242 2271 1290 2290; x_wconf 89' lang='lat' dir='ltr'><strong>vos</strong></span> <span class='ocrx_word' id='word_1_763' title='bbox 1312 2263 1530 2298; x_wconf 88' lang='lat' dir='ltr'><strong>perturbassent,</strong></span> <span class='ocrx_word' id='word_1_764' title='bbox 1542 2272 1602 2299; x_wconf 71' lang='lat' dir='ltr'><strong>qua:</strong></span> <span class='ocrx_word' id='word_1_765' title='bbox 1615 2272 1630 2291; x_wconf 87' lang='lat' dir='ltr'><strong>a</strong></span> <span class='ocrx_word' id='word_1_766' title='bbox 1641 2272 1685 2291; x_wconf 90' lang='lat' dir='ltr'><strong>me</strong></span> <span class='ocrx_word' id='word_1_767' title='bbox 1694 2264 1839 2292; x_wconf 86' lang='lat' dir='ltr'><strong>dicuntur:</strong></span> 
     </span>
    </p>
   </div>
   <div class='ocr_carea' id='block_1_106' title="bbox 1051 2308 1839 2344">
    <p class='ocr_par' dir='ltr' id='par_1_106' title="bbox 1051 2308 1839 2344">
     <span class='ocr_line' id='line_1_107' title="bbox 1051 2308 1839 2344; baseline 0.003 -8"><span class='ocrx_word' id='word_1_768' title='bbox 1051 2309 1093 2337; x_wconf 87' lang='lat' dir='ltr'><strong>sin</strong></span> <span class='ocrx_word' id='word_1_769' title='bbox 1117 2313 1220 2339; x_wconf 87' lang='lat' dir='ltr'><strong>autem.</strong></span> <span class='ocrx_word' id='word_1_770' title='bbox 1245 2316 1307 2336; x_wconf 89' lang='lat' dir='ltr'><strong>cum</strong></span> <span class='ocrx_word' id='word_1_771' title='bbox 1327 2308 1399 2336; x_wconf 83' lang='lat' dir='ltr'><strong>Deus</strong></span> <span class='ocrx_word' id='word_1_772' title='bbox 1426 2313 1510 2341; x_wconf 84' lang='lat' dir='ltr'><strong>esset,</strong></span> <span class='ocrx_word' id='word_1_773' title='bbox 1531 2316 1564 2336; x_wconf 82' lang='lat' dir='ltr'><strong>ac</strong></span> <span class='ocrx_word' id='word_1_774' title='bbox 1584 2316 1681 2344; x_wconf 83' lang='lat' dir='ltr'><strong>expers</strong></span> <span class='ocrx_word' id='word_1_775' title='bbox 1705 2310 1839 2344; x_wconf 84' lang='lat' dir='ltr'><strong>corporis,</strong></span> 
     </span>
    </p>
   </div>
   <div class='ocr_carea' id='block_1_107' title="bbox 1051 2354 1842 2390">
    <p class='ocr_par' dir='ltr' id='par_1_107' title="bbox 1051 2354 1842 2390">
     <span class='ocr_line' id='line_1_108' title="bbox 1051 2354 1842 2390; baseline 0.003 -8"><span class='ocrx_word' id='word_1_776' title='bbox 1051 2362 1151 2390; x_wconf 90' lang='lat' dir='ltr'><strong>corpus</strong></span> <span class='ocrx_word' id='word_1_777' title='bbox 1162 2354 1274 2390; x_wconf 90' lang='lat' dir='ltr'><strong>quidem</strong></span> <span class='ocrx_word' id='word_1_778' title='bbox 1290 2355 1382 2382; x_wconf 83' lang='lat' dir='ltr'><strong>anima</strong></span> <span class='ocrx_word' id='word_1_779' title='bbox 1401 2355 1515 2382; x_wconf 82' lang='lat' dir='ltr'><strong>rationis</strong></span> <span class='ocrx_word' id='word_1_780' title='bbox 1528 2363 1561 2382; x_wconf 90' lang='lat' dir='ltr'><strong>ac</strong></span> <span class='ocrx_word' id='word_1_781' title='bbox 1575 2355 1730 2383; x_wconf 84' lang='lat' dir='ltr'><strong>intellectus</strong></span> <span class='ocrx_word' id='word_1_782' title='bbox 1753 2356 1842 2384; x_wconf 81' lang='lat' dir='ltr'><strong>facul-</strong></span> 
     </span>
    </p>
   </div>
   <div class='ocr_carea' id='block_1_108' title="bbox 1051 2401 1840 2436">
    <p class='ocr_par' dir='ltr' id='par_1_108' title="bbox 1051 2401 1840 2436">
     <span class='ocr_line' id='line_1_109' title="bbox 1051 2401 1840 2436; baseline 0.004 -8"><span class='ocrx_word' id='word_1_783' title='bbox 1051 2404 1107 2428; x_wconf 79' lang='lat' dir='ltr'><strong>tate</strong></span> <span class='ocrx_word' id='word_1_784' title='bbox 1127 2401 1239 2436; x_wconf 65' lang='lat' dir='ltr'><strong>praedita</strong></span> <span class='ocrx_word' id='word_1_785' title='bbox 1258 2401 1408 2428; x_wconf 89' lang='lat' dir='ltr'><strong>animatum</strong></span> <span class='ocrx_word' id='word_1_786' title='bbox 1422 2421 1429 2434; x_wconf 94' lang='lat'><strong>,</strong></span> <span class='ocrx_word' id='word_1_787' title='bbox 1453 2408 1486 2428; x_wconf 82' lang='lat' dir='ltr'><strong>ex</strong></span> <span class='ocrx_word' id='word_1_788' title='bbox 1505 2401 1618 2436; x_wconf 90' lang='lat' dir='ltr'><strong>innupta</strong></span> <span class='ocrx_word' id='word_1_789' title='bbox 1641 2402 1730 2436; x_wconf 89' lang='lat' dir='ltr'><strong>puella</strong></span> <span class='ocrx_word' id='word_1_790' title='bbox 1751 2403 1840 2431; x_wconf 83' lang='lat' dir='ltr'><strong>nostri</strong></span> 
     </span>
    </p>
   </div>
   <div class='ocr_carea' id='block_1_109' title="bbox 1051 2447 1841 2484">
    <p class='ocr_par' dir='ltr' id='par_1_109' title="bbox 1051 2447 1841 2484">
     <span class='ocr_line' id='line_1_110' title="bbox 1051 2447 1841 2484; baseline 0.004 -10"><span class='ocrx_word' id='word_1_791' title='bbox 1051 2455 1134 2475; x_wconf 88' lang='lat' dir='ltr'><strong>causa</strong></span> <span class='ocrx_word' id='word_1_792' title='bbox 1154 2447 1252 2480; x_wconf 89' lang='lat' dir='ltr'><strong>induit,</strong></span> <span class='ocrx_word' id='word_1_793' title='bbox 1269 2455 1301 2474; x_wconf 88' lang='lat' dir='ltr'><strong>ac</strong></span> <span class='ocrx_word' id='word_1_794' title='bbox 1314 2447 1486 2483; x_wconf 79' lang='lat' dir='ltr'><strong>virginalem,</strong></span> <span class='ocrx_word' id='word_1_795' title='bbox 1502 2447 1549 2482; x_wconf 93' lang='lat' dir='ltr'><strong>qui</strong></span> <span class='ocrx_word' id='word_1_796' title='bbox 1562 2448 1654 2475; x_wconf 89' lang='lat' dir='ltr'><strong>omnia</strong></span> <span class='ocrx_word' id='word_1_797' title='bbox 1675 2449 1779 2484; x_wconf 86' lang='lat' dir='ltr'><strong>implet,</strong></span> <span class='ocrx_word' id='word_1_798' title='bbox 1798 2449 1841 2477; x_wconf 88' lang='lat' dir='ltr'><strong>in-</strong></span> 
     </span>
    </p>
   </div>
   <div class='ocr_carea' id='block_1_110' title="bbox 1053 2492 1841 2528">
    <p class='ocr_par' dir='ltr' id='par_1_110' title="bbox 1053 2492 1841 2528">
     <span class='ocr_line' id='line_1_111' title="bbox 1053 2492 1841 2528; baseline 0.003 -9"><span class='ocrx_word' id='word_1_799' title='bbox 1053 2492 1261 2527; x_wconf 83' lang='lat' dir='ltr'><strong>circumscripta</strong></span> <span class='ocrx_word' id='word_1_800' title='bbox 1288 2492 1395 2520; x_wconf 89' lang='lat' dir='ltr'><strong>ratione</strong></span> <span class='ocrx_word' id='word_1_801' title='bbox 1408 2492 1544 2520; x_wconf 87' lang='lat' dir='ltr'><strong>inhabitat</strong></span> <span class='ocrx_word' id='word_1_802' title='bbox 1563 2497 1692 2520; x_wconf 92' lang='lat' dir='ltr'><strong>uterum:</strong></span> <span class='ocrx_word' id='word_1_803' title='bbox 1712 2497 1793 2528; x_wconf 87' lang='lat' dir='ltr'><strong>atque</strong></span> <span class='ocrx_word' id='word_1_804' title='bbox 1806 2494 1841 2527; x_wconf 90' lang='lat' dir='ltr'><strong>is,</strong></span> 
     </span>
    </p>
   </div>
   <div class='ocr_carea' id='block_1_111' title="bbox 1053 2538 1842 2574">
    <p class='ocr_par' dir='ltr' id='par_1_111' title="bbox 1053 2538 1842 2574">
     <span class='ocr_line' id='line_1_112' title="bbox 1053 2538 1842 2574; baseline 0.003 -9"><span class='ocrx_word' id='word_1_805' title='bbox 1053 2538 1099 2573; x_wconf 91' lang='lat' dir='ltr'><strong>qui</strong></span> <span class='ocrx_word' id='word_1_806' title='bbox 1115 2543 1157 2566; x_wconf 85' lang='lat' dir='ltr'><strong>est</strong></span> <span class='ocrx_word' id='word_1_807' title='bbox 1173 2539 1280 2566; x_wconf 70' lang='lat' dir='ltr'><strong>szeculis</strong></span> <span class='ocrx_word' id='word_1_808' title='bbox 1302 2539 1459 2574; x_wconf 84' lang='lat' dir='ltr'><strong>antiquior;</strong></span> <span class='ocrx_word' id='word_1_809' title='bbox 1474 2540 1597 2574; x_wconf 92' lang='lat' dir='ltr'><strong>quinimo</strong></span> <span class='ocrx_word' id='word_1_810' title='bbox 1614 2539 1740 2567; x_wconf 91' lang='lat' dir='ltr'><strong>conditor</strong></span> <span class='ocrx_word' id='word_1_811' title='bbox 1753 2547 1842 2568; x_wconf 65' lang='lat' dir='ltr'><strong>saecu-</strong></span> 
     </span>
    </p>
   </div>
   <div class='ocr_carea' id='block_1_112' title="bbox 1053 2584 1843 2621">
    <p class='ocr_par' dir='ltr' id='par_1_112' title="bbox 1053 2584 1843 2621">
     <span class='ocr_line' id='line_1_113' title="bbox 1053 2584 1843 2621; baseline 0.004 -10"><span class='ocrx_word' id='word_1_812' title='bbox 1053 2584 1153 2617; x_wconf 88' lang='lat' dir='ltr'><strong>lorum,</strong></span> <span class='ocrx_word' id='word_1_813' title='bbox 1170 2584 1197 2611; x_wconf 90' lang='lat' dir='ltr'><strong>in</strong></span> <span class='ocrx_word' id='word_1_814' title='bbox 1214 2589 1337 2619; x_wconf 89' lang='lat' dir='ltr'><strong>tempore</strong></span> <span class='ocrx_word' id='word_1_815' title='bbox 1356 2586 1486 2619; x_wconf 84' lang='lat' dir='ltr'><strong>nascitur,</strong></span> <span class='ocrx_word' id='word_1_816' title='bbox 1495 2590 1608 2620; x_wconf 90' lang='lat' dir='ltr'><strong>propter</strong></span> <span class='ocrx_word' id='word_1_817' title='bbox 1623 2594 1670 2613; x_wconf 90' lang='lat' dir='ltr'><strong>eos</strong></span> <span class='ocrx_word' id='word_1_818' title='bbox 1686 2586 1732 2621; x_wconf 91' lang='lat' dir='ltr'><strong>qui</strong></span> <span class='ocrx_word' id='word_1_819' title='bbox 1748 2591 1843 2614; x_wconf 82' lang='lat' dir='ltr'><strong>essent</strong></span> 
     </span>
    </p>
   </div>
   <div class='ocr_carea' id='block_1_113' title="bbox 1054 2630 1842 2668">
    <p class='ocr_par' dir='ltr' id='par_1_113' title="bbox 1054 2630 1842 2668">
     <span class='ocr_line' id='line_1_114' title="bbox 1054 2630 1842 2668; baseline 0.001 -10"><span class='ocrx_word' id='word_1_820' title='bbox 1054 2631 1105 2658; x_wconf 89' lang='lat' dir='ltr'><strong>sub</strong></span> <span class='ocrx_word' id='word_1_821' title='bbox 1118 2634 1241 2666; x_wconf 89' lang='lat' dir='ltr'><strong>tempore</strong></span> <span class='ocrx_word' id='word_1_822' title='bbox 1255 2639 1262 2658; x_wconf 90' lang='lat'><strong>:</strong></span> <span class='ocrx_word' id='word_1_823' title='bbox 1284 2630 1378 2658; x_wconf 80' lang='lat' dir='ltr'><strong>Matris</strong></span> <span class='ocrx_word' id='word_1_824' title='bbox 1392 2631 1513 2667; x_wconf 81' lang='lat' dir='ltr'><strong>Virginis</strong></span> <span class='ocrx_word' id='word_1_825' title='bbox 1528 2632 1601 2659; x_wconf 89' lang='lat' dir='ltr'><strong>ulnis</strong></span> <span class='ocrx_word' id='word_1_826' title='bbox 1616 2633 1784 2668; x_wconf 87' lang='lat' dir='ltr'><strong>astringitur,</strong></span> <span class='ocrx_word' id='word_1_827' title='bbox 1796 2632 1842 2667; x_wconf 89' lang='lat' dir='ltr'><strong>qui</strong></span> 
     </span>
    </p>
   </div>
   <div class='ocr_carea' id='block_1_114' title="bbox 1055 2675 1844 2712">
    <p class='ocr_par' dir='ltr' id='par_1_114' title="bbox 1055 2675 1844 2712">
     <span class='ocr_line' id='line_1_115' title="bbox 1055 2675 1844 2712; baseline 0.003 -9"><span class='ocrx_word' id='word_1_828' title='bbox 1055 2676 1132 2703; x_wconf 87' lang='lat' dir='ltr'><strong>sedet</strong></span> <span class='ocrx_word' id='word_1_829' title='bbox 1154 2683 1237 2711; x_wconf 85' lang='lat' dir='ltr'><strong>super</strong></span> <span class='ocrx_word' id='word_1_830' title='bbox 1249 2675 1397 2703; x_wconf 85' lang='lat' dir='ltr'><strong>Cherubim</strong></span> <span class='ocrx_word' id='word_1_831' title='bbox 1413 2685 1420 2703; x_wconf 88' lang='lat'><strong>:</strong></span> <span class='ocrx_word' id='word_1_832' title='bbox 1435 2677 1505 2704; x_wconf 90' lang='lat' dir='ltr'><strong>lacte</strong></span> <span class='ocrx_word' id='word_1_833' title='bbox 1522 2677 1654 2710; x_wconf 90' lang='lat' dir='ltr'><strong>nutritur,</strong></span> <span class='ocrx_word' id='word_1_834' title='bbox 1676 2677 1722 2712; x_wconf 89' lang='lat' dir='ltr'><strong>qui</strong></span> <span class='ocrx_word' id='word_1_835' title='bbox 1744 2677 1844 2705; x_wconf 86' lang='lat' dir='ltr'><strong>creatis</strong></span> 
     </span>
    </p>
   </div>
   <div class='ocr_carea' id='block_1_115' title="bbox 1055 2722 1844 2758">
    <p class='ocr_par' dir='ltr' id='par_1_115' title="bbox 1055 2722 1844 2758">
     <span class='ocr_line' id='line_1_116' title="bbox 1055 2722 1844 2758; baseline 0.001 -9"><span class='ocrx_word' id='word_1_836' title='bbox 1055 2722 1192 2750; x_wconf 89' lang='lat' dir='ltr'><strong>universis</strong></span> <span class='ocrx_word' id='word_1_837' title='bbox 1203 2722 1285 2750; x_wconf 84' lang='lat' dir='ltr'><strong>vitam</strong></span> <span class='ocrx_word' id='word_1_838' title='bbox 1298 2722 1410 2758; x_wconf 83' lang='lat' dir='ltr'><strong>largitur</strong></span> <span class='ocrx_word' id='word_1_839' title='bbox 1423 2731 1430 2750; x_wconf 87' lang='lat'><strong>:</strong></span> <span class='ocrx_word' id='word_1_840' title='bbox 1445 2723 1472 2750; x_wconf 91' lang='lat' dir='ltr'><strong>in</strong></span> <span class='ocrx_word' id='word_1_841' title='bbox 1483 2722 1629 2758; x_wconf 57' lang='lat' dir='ltr'><strong>Egi-ptum</strong></span> <span class='ocrx_word' id='word_1_842' title='bbox 1638 2731 1748 2758; x_wconf 85' lang='lat' dir='ltr'><strong>quoque</strong></span> <span class='ocrx_word' id='word_1_843' title='bbox 1761 2722 1844 2750; x_wconf 83' lang='lat' dir='ltr'><strong>llero—</strong></span> 
     </span>
    </p>
   </div>
   <div class='ocr_carea' id='block_1_116' title="bbox 1054 2767 1845 2804">
    <p class='ocr_par' dir='ltr' id='par_1_116' title="bbox 1054 2767 1845 2804">
     <span class='ocr_line' id='line_1_117' title="bbox 1054 2767 1845 2804; baseline -0.001 -8"><span class='ocrx_word' id='word_1_844' title='bbox 1054 2768 1117 2796; x_wconf 91' lang='lat' dir='ltr'><strong>dem</strong></span> <span class='ocrx_word' id='word_1_845' title='bbox 1139 2767 1218 2804; x_wconf 78' lang='lat' dir='ltr'><strong>fugit,</strong></span> <span class='ocrx_word' id='word_1_846' title='bbox 1247 2768 1293 2803; x_wconf 92' lang='lat' dir='ltr'><strong>qui</strong></span> <span class='ocrx_word' id='word_1_847' title='bbox 1313 2769 1448 2803; x_wconf 89' lang='lat' dir='ltr'><strong>percussit</strong></span> <span class='ocrx_word' id='word_1_848' title='bbox 1471 2768 1649 2804; x_wconf 71' lang='lat' dir='ltr'><strong>primogenita</strong></span> <span class='ocrx_word' id='word_1_849' title='bbox 1668 2767 1786 2802; x_wconf 65' lang='lat' dir='ltr'><strong>Egypti,</strong></span> <span class='ocrx_word' id='word_1_850' title='bbox 1810 2774 1845 2795; x_wconf 77' lang='lat' dir='ltr'><strong>ac</strong></span> 
     </span>
    </p>
   </div>
   <div class='ocr_carea' id='block_1_117' title="bbox 1055 2814 1845 2851">
    <p class='ocr_par' dir='ltr' id='par_1_117' title="bbox 1055 2814 1845 2851">
     <span class='ocr_line' id='line_1_118' title="bbox 1055 2814 1845 2851; baseline -0.003 -8"><span class='ocrx_word' id='word_1_851' title='bbox 1055 2820 1200 2851; x_wconf 83' lang='lat' dir='ltr'><strong>tyrannum</strong></span> <span class='ocrx_word' id='word_1_852' title='bbox 1218 2815 1388 2844; x_wconf 86' lang='lat' dir='ltr'><strong>Pharaonem</strong></span> <span class='ocrx_word' id='word_1_853' title='bbox 1404 2815 1551 2844; x_wconf 83' lang='lat' dir='ltr'><strong>submersit</strong></span> <span class='ocrx_word' id='word_1_854' title='bbox 1565 2825 1572 2843; x_wconf 86' lang='lat'><strong>;</strong></span> <span class='ocrx_word' id='word_1_855' title='bbox 1586 2814 1730 2850; x_wconf 83' lang='lat' dir='ltr'><strong>subjicitur</strong></span> <span class='ocrx_word' id='word_1_856' title='bbox 1742 2819 1845 2849; x_wconf 74' lang='lat' dir='ltr'><strong>peren-</strong></span> 
     </span>
    </p>
   </div>
  </div>
