2069 3147
233 147 299 181 1571

235 209 307 234 tibus
339 207 365 234 in
393 213 496 233 morem
521 205 645 234 infantis.
670 206 714 240 qui
743 205 868 232 universa
899 205 1021 239 subjecta

234 253 334 281 habet:
351 261 365 279 a
381 252 486 279 Joanne
510 252 674 286 baptizatur,
705 251 750 285 qui
768 251 853 277 donat
878 250 1021 277 remissio~

230 307 296 326 nem
321 303 494 333 peccatorum
511 307 518 324 :
543 302 665 325 tentatur
684 298 736 324 mei
756 304 849 329 causa,
867 297 913 331 qui
933 297 1022 331 major

233 349 276 372 est
296 353 376 379 qualn
399 348 427 370 ut
448 343 546 370 tentari
578 343 673 377 possit,
702 347 731 369 ut
748 351 811 369 eum
841 342 942 372 tinent,
968 350 1022 376 quo

235 395 370 418 tentalore
388 398 402 417 c
422 389 546 424 paradiso
561 390 691 424 expulsus
715 388 771 415 fili:
789 393 870 422 atque
892 393 921 415 ut
939 389 1022 415 verbo

233 436 332 467 dicam,
347 440 409 470 pest
427 436 519 462 omnia
538 440 642 470 patrata
667 434 810 466 miracula,
825 435 871 469 qui
891 434 1022 461 immunis

232 485 275 509 est
292 490 307 508 a
325 482 463 516 passione,
485 481 628 516 passiones
639 480 754 515 suscipit
770 489 778 506 :
794 481 839 514 qui
856 484 897 506 est
910 480 1022 506 immor-

234 527 296 553 talis
316 527 383 553 mori
402 534 485 553 carne
512 526 639 556 su~tinet,
658 533 688 552 ac
703 525 823 559 sepeliri,
845 530 875 551 ut
889 532 932 551 me
947 532 1021 551 mor-

234 577 322 600 tuum.
338 580 386 599 sua
399 571 598 598 resurrectione
612 570 792 597 immortalem
808 575 937 604 prtestet:
956 569 1021 604 quid

234 618 342 648 mirum,
370 622 399 644 ιιι
416 617 523 644 illorum
539 616 660 643 omnium
681 616 849 646 accessione,
874 623 959 649 purus
979 615 1023 642 ille

233 671 265 690 ac
278 662 520 692 incontatziinatus.
534 670 585 688 una
597 669 658 688 cum
672 661 884 688 incontaminata
899 661 1021 687 acinnu-

235 713 279 743 pta
293 708 402 743 Virgine
418 715 450 734 ac
465 711 561 739 matre,
583 707 642 742 lege
656 707 837 742 perscriptam
850 707 932 733 obeat
947 707 1022 741 puri-

235 754 389 781 ﬁcationem
408 762 415 784 ;
431 761 486 788 quo
501 753 589 780 factus
602 753 652 780 sub
669 754 739 788 lege,
758 757 788 780 ut
804 752 843 779 ait
861 752 1021 788 Apostolus,

234 806 282 826 eos
298 799 405 830 liberet,
421 799 466 832 qui
480 798 531 825 sub
542 798 601 832 lege
618 801 697 825 erant
709 798 719 812 °
734 798 745 824 ?

270 843 371 872 Verum
394 845 520 872 nesciens
542 844 756 879 quodammodo,
780 843 946 874 charissimi,
970 843 1022 882 irq-

235 898 330 918 menso
351 898 393 917 me
413 890 608 917 incarnationis
633 889 781 916 Salvatoris
805 890 874 916 mari
899 888 1022 924 permisi,

236 936 362 964 trahente
386 935 521 963 sermonis
544 936 656 970 impetu.
683 936 791 970 Quippe
815 935 922 962 facilius
948 935 1020 969 quis,

235 982 318 1010 maris
326 982 497 1009 latitudinem
509 982 577 1008 vola:
587 990 683 1009 manus
696 982 806 1009 modulo
816 981 1023 1016 complectatur,

235 1034 316 1061 quant
334 1030 363 1053 ut
386 1027 486 1053 multos
502 1026 601 1053 divime
612 1026 645 1053 ad
663 1034 714 1053 nos
729 1025 912 1052 inclinationis
931 1025 1025 1052 modos

235 1079 268 1098 ex
282 1071 481 1103 incarnatione,
492 1071 629 1105 prolatitio
637 1079 763 1098 sermone
772 1071 869 1098 edicat.
881 1071 1026 1098 Enimvero

235 1116 270 1144 ad
291 1117 456 1152 evangelica:
479 1116 652 1143 celsitudinis
670 1116 806 1143 sublatum
823 1116 910 1151 ignem
933 1123 1026 1142 recur-

236 1168 339 1193 ramus,
358 1161 441 1196 inque
462 1169 536 1194 eum,
554 1161 673 1196 Spiritus
697 1161 785 1189 sancti
814 1161 1024 1196 gubernatione,

236 1213 393 1234 sermonum
407 1207 560 1234 onerariam
584 1207 743 1242 dirigamus.

272 1252 419 1287 Postquam
430 1256 530 1284 autent,
554 1251 653 1285 inquit,
671 1251 772 1285 impleti
785 1256 845 1279 sunt
857 1251 912 1278 dies
929 1259 1027 1287 purga-

237 1297 315 1324 tionis
324 1305 414 1323 eorum
428 1297 571 1323 secundum
583 1296 665 1332 legem
679 1296 777 1332 Moysi,
787 1297 905 1324 tulerunt
917 1305 1026 1331 puerum

236 1343 264 1370 in
277 1341 436 1372 Jerusalem.
459 1346 487 1368 ut
500 1342 620 1368 sisterent
633 1350 694 1368 eum
708 1341 832 1369 Domino.
850 1342 923 1370 Bene
942 1349 1027 1377 expo-

237 1388 293 1416 suit
307 1387 482 1423 evangelista.
499 1387 596 1414 Omnia
611 1388 684 1414 enim
699 1387 779 1415 nobis
793 1388 852 1423 lege
869 1388 1027 1422 praescripta

237 1433 363 1468 prudenti
380 1433 497 1468 quodam
514 1432 640 1464 consilio,
652 1433 739 1461 nostri
754 1440 836 1460 causa
848 1432 974 1468 suscipit.
987 1432 1026 1459 En

237 1480 322 1512 enim,
336 1479 382 1514 qui
393 1479 470 1506 culos
482 1483 507 1505 et
524 1483 622 1505 terram
632 1478 755 1514 implet’,
771 1478 953 1506 ministerium
966 1485 1028 1505 sus-

235 1526 314 1560 cipit,
343 1532 425 1559 quoe
439 1525 500 1552 loco
515 1524 542 1551 in
565 1524 655 1551 locum
681 1524 794 1551 feratur.
818 1524 932 1552 Cuinam
962 1531 1027 1551 vero

237 1571 320 1598 etiam
335 1570 461 1600 Domino,
489 1577 604 1604 prterunt
627 1569 742 1596 festinas
756 1569 864 1602 sistere,
879 1577 895 1596 ο
909 1569 1028 1596 sanctis-

239 1616 308 1643 sima
326 1615 542 1650 Virgo?Audisti
560 1615 648 1649 palam
663 1622 695 1641 ex
714 1615 850 1648 Gabrielc,
867 1615 1028 1642 DeiFilium

238 1669 311 1693 csse,
326 1661 371 1695 qui
385 1660 412 1687 in
429 1665 476 1687 tuo
489 1666 567 1687 utero
587 1661 791 1695 conciperetur.
807 1661 948 1695 Siquidem
963 1669 1028 1696 ergo

240 1706 288 1733 Dci
303 1706 388 1733 Filius
403 1711 454 1738 est,
477 1706 523 1741 qui
543 1714 598 1733 non
615 1707 681 1733 citra
699 1714 807 1733 onmem
829 1707 1028 1734 dubitationem

239 1753 322 1780 etiam
342 1752 473 1780 Dominus
496 1753 560 1780 est?
581 1752 655 1786 Scio,
672 1753 760 1787 inquit
775 1753 854 1780 beata
873 1753 964 1788 Virgo,
980 1753 1027 1780 Dei

239 1799 338 1827 Filium
352 1799 453 1834 pariter
467 1806 527 1827 esse
539 1803 621 1833 atque
635 1799 792 1831 Dominum,
806 1799 853 1833 qui
865 1799 935 1826 idem
948 1798 1029 1826 simul

241 1853 317 1872 meus
334 1845 411 1872 lictor
428 1848 468 1871 est
483 1852 514 1871 ac
535 1844 617 1875 ﬁlius,
633 1852 714 1879 quem
729 1849 759 1871 ut
781 1852 907 1879 puerum,
919 1845 955 1872 ob
970 1845 1030 1880 ejus

240 1891 414 1918 clementiam
430 1898 462 1917 ac
484 1890 693 1925 benignitatem.
705 1890 777 1917 ulnis
800 1891 947 1925 amplector
960 1899 967 1917 ε
981 1898 1030 1917 ve-

241 1945 301 1964 rum
318 1938 355 1964 illi
371 1938 468 1965 sistere
492 1937 603 1969 festino.
624 1938 726 1973 dequo
747 1945 814 1965 avus
831 1945 908 1966 meus
934 1937 1028 1968 David.

238 1983 323 2010 divini
339 1983 458 2018 Spiritus
466 1983 567 2017 aﬂlatu,
581 1984 692 2011 modulo
706 1984 817 2016 cecinit,
827 1983 922 2011 dicens
934 1991 942 2011 :
956 1983 1030 2010 Dixit

240 2029 368 2056 Dominus
389 2029 501 2056 Duniin
523 2038 593 2061 meo,
605 2029 672 2057 Sede
694 2038 710 2056 a
727 2030 826 2057 dextris
841 2029 925 2062 meis,
949 2030 1030 2056 dattec

238 2083 340 2110 ponam
357 2075 477 2102 inimicos
492 2080 551 2102 tuos
568 2075 710 2102 scabellum
721 2076 817 2110 pedum
831 2080 938 2102 tuorum
951 2075 973 2103 ⁸.
991 2075 1030 2103 Ειι

238 2119 290 2146 tibi
304 2119 437 2148 Dominus
451 2119 548 2148 Pater:
561 2128 596 2148 en
612 2125 639 2148 et
655 2121 786 2148 Dominus
800 2121 894 2152 Filius.
907 2121 940 2148 ad
949 2129 1031 2156 quem

239 2165 329 2192 [actus
344 2170 386 2193 est
400 2173 502 2193 sermo.
520 2166 641 2194 Tametsi
660 2175 725 2194 vero
742 2167 796 2194 (luo
813 2166 920 2194 Domini
932 2167 1031 2194 dicun-

238 2218 295 2246 tur,
324 2220 376 2239 una
395 2217 485 2240 tamen
511 2220 608 2240 eorum
628 2213 780 2240 dominatio
800 2218 852 2246 cst,
877 2213 914 2240 uti
932 2218 960 2241 ct
976 2221 1028 2240 una

236 2267 348 2295 quoque
369 2259 467 2287 deitas.
493 2258 532 2285 Illi
544 2267 609 2294 ergo
627 2259 754 2290 Domino,
770 2259 913 2286 Dominum
928 2259 1029 2287 festino

237 2305 348 2338 sistere,
376 2313 390 2332 a
409 2313 475 2340 quo,
493 2305 565 2340 quod
591 2309 696 2339 spectat
720 2305 753 2332 ad
772 2305 917 2338 Deitatcm,
939 2314 1027 2340 neque

237 2352 304 2378 olim
327 2356 474 2387 antequam
497 2351 523 2378 in
541 2358 602 2378 meo
620 2355 698 2378 utero
721 2351 923 2386 conciperetur,
939 2360 1028 2387 neque

237 2399 332 2431 modo,
350 2403 398 2426 aut
412 2406 531 2434 unquam
549 2398 694 2433 aliquando
713 2398 894 2433 scparabitur.

277 2485 375 2513 Subdit
391 2487 488 2515 deinde
506 2488 672 2524 evangelista
689 2497 694 2514 :
714 2487 787 2515 Sicut
807 2489 933 2523 scriptum
951 2495 987 2516 est
1003 2490 1032 2516 in

238 2531 297 2566 tege
322 2531 452 2559 Domini:
473 2533 543 2565 Quia
570 2542 646 2561 omne
675 2534 849 2561 masculinum
875 2535 1031 2569 adaperiam

240 2577 366 2610 ιιιιίυιιπι,
395 2584 515 2606 satiatura
538 2579 649 2607 Domino
673 2580 809 2607 vetabitur
820 2580 841 2606 ’.
861 2579 932 2607 Bene
954 2580 1031 2608 ﬁctor

241 2629 331 2653 lucus,
346 2626 374 2648 et
388 2621 525 2657 legislator
547 2631 579 2651 ac
595 2625 725 2652 Dominus
738 2644 747 2658 ,
779 2625 812 2652 de
843 2625 874 2652 iis
903 2625 1032 2652 masculis

213 2700 215 2709 λ
241 2670 301 2705 lege
317 2669 417 2701 sanxit,
439 2670 485 2704 qui
501 2671 609 2698 vulvam
626 2673 767 2707 aperiunt.
788 2673 843 2706 At,
863 2681 916 2700 non
936 2673 1032 2708 subia-

211 2711 214 2720 “
241 2720 285 2743 cet
301 2715 417 2751 legibus,
432 2715 591 2751 legumlator
604 2726 611 2749 ς
626 2720 734 2752 quando
746 2720 827 2748 etiam
840 2719 899 2754 ejus
912 2719 971 2747 sine
986 2728 1031 2746 se—

242 2761 315 2788 mine
338 2761 478 2795 nativitas,
495 2769 577 2797 supra
594 2763 705 2791 humani
725 2770 820 2800 partus
834 2766 968 2793 rationem
983 2774 1032 2793 cx-

277 2852 287 2868 '
302 2851 389 2880 Galat.
402 2859 439 2885 tv,
455 2852 480 2880 5.

727 144 884 192 LEONTII
903 145 1161 178 NEAPOLITANI
1179 147 1351 178 EPISCOPI

519 2853 527 2868 "
542 2852 645 2880 Jcrcm.
664 2860 741 2885 xxtu,
753 2853 798 2880 24.
837 2854 847 2869 ’⁸
860 2853 932 2881 Psal.
953 2861 1007 2886 crx,
1024 2853 1050 2881 (Ξ,

1798 146 1875 180 1572

1036 207 1056 234 Α
1072 204 1109 237 ὡς
1124 206 1230 240 νήπιον,
1246 207 1259 232 ὁ
1276 206 1344 240 ἔχων
1366 205 1574 240 ὑποτεταγμένα
1591 205 1624 231 τὰ
1641 204 1788 237 σύμπαντα
1799 214 1805 220 ·
1821 208 1868 240 βα-

1074 251 1198 283 πτίζεται
1219 252 1247 278 δὲ
1266 251 1319 278 ὑπὸ
1336 251 1470 278 Ἰωάννου.
1490 252 1504 277 ὁ
1517 251 1690 287 δωρούμενος
1705 251 1760 277 τῶν
1778 252 1871 286 ἀμαρ-

1073 298 1204 332 τημάτων
1220 298 1269 333 τὴν
1286 299 1399 332 ἄφεσιν·
1426 297 1588 332 πειράζεται
1611 297 1640 323 δὲ
1658 297 1672 323 ὸ
1689 297 1867 332 ἁπείραστος,

1072 343 1106 370 δι’
1125 343 1184 378 ἐμὲ,
1208 343 1253 370 ἴνα
1276 344 1376 379 νικήσῃ
1404 343 1450 369 τὸν
1477 343 1527 378 ἐμὲ
1549 343 1732 377 πειράσαντα,
1753 343 1801 369 καὶ
1824 343 1872 369 τοῦ

1074 389 1239 424 παραδείσου
1252 389 1384 421 διώξαντα.
1394 397 1400 404 ·
1414 388 1474 420 καὶ,
1485 388 1576 420 ἁπλῶς
1586 389 1685 420 εἰπεῖν,
1700 389 1769 422 μετᾶ
1782 389 1873 414 πᾶσαν

1073 435 1310 470 Θαυματουργίαν,
1329 435 1403 470 πάθη
1430 435 1444 461 ὁ
1470 434 1580 470 ἀπαθὴς
1605 434 1805 469 καταδέχεται·
1825 434 1873 460 καὶ

1074 481 1189 507 θάνατον
1206 481 1253 507 καὶ
1267 481 1357 516 ταφὴν
1381 480 1513 516 ὑπομένει
1533 481 1615 516 σαρκὶ
1631 481 1645 506 ὁ
1659 481 1793 513 ἀθάνατος
1805 501 1812 513 ,
1828 482 1873 507 ἵνα

1074 526 1123 561 ἐμὲ
1144 527 1189 553 τὸν
1210 526 1402 553 θανατωθέντα
1423 527 1617 562 ἀπαθανατίσῃ
1634 527 1677 552 διὰ
1701 527 1752 562 τῆς
1775 527 1872 554 ἑαυτοῦ

1074 571 1262 603 ἀναστάσεως.
1284 572 1316 598 Ti
1337 570 1383 598 οὖν
1401 572 1486 604 ξένον,
1504 572 1528 598 εί
1543 572 1603 606 μετ¹
1618 572 1731 599 ἐκείνων
1746 573 1872 599 ἁπάντων

1073 615 1121 642 καὶ
1134 616 1179 642 τὸν
1191 616 1262 642 κατὰ
1274 615 1356 651 νόμον
1367 616 1540 650 καθαρισμὸν
1551 616 1566 641 ὁ
1579 615 1700 650 καθαρὸς
1713 616 1761 642 καὶ
1772 616 1874 651 ἄχραν-

1072 670 1129 693 τος,
1146 661 1216 696 μετὰ
1238 661 1288 696 τῆς
1303 661 1439 696 ἆχράντον
1456 661 1504 687 καὶ
1524 662 1716 696 ἀπέιρογάμου
1734 661 1873 696 Παρθένου

1073 707 1121 733 καὶ
1139 706 1250 741 Μητρὺς
1267 706 1463 740 καταδέχεται·
1488 706 1531 732 ἵνα
1547 706 1694 742 γενόμενος
1709 707 1761 733 ὑπὸ
1778 707 1872 742 νόμον,

1073 751 1111 784 ὡς
1124 752 1138 777 ὁ
1155 751 1317 783 Ἀπόστολος
1329 751 1426 787 ἔφησε,
1440 752 1503 783 τοὺς
1520 752 1572 778 om
1587 752 1670 786 νόμον
1685 752 1872 789 ἐλευθερώσῃς

1111 843 1182 869 Ἀλλ’
1194 842 1301 875 ἔλαϐον,
1316 843 1466 878 ἀγαπητοὶ,
1479 843 1517 877 τῷ
1528 842 1636 876 ἀπλέτῳ
1645 843 1759 877 πελάγει
1766 843 1816 878 τῆς
1826 842 1873 869 τοῦ

1040 874 1060 903 Β
1076 888 1203 923 Σωτῆρος
1213 874 1371 922 οἰκονομίας
1388 874 1484 914 ἑαυτὸν
1502 874 1666 924 ἐπιδοὺςξτῇ
1765 874 1812 914 τοῦ
1825 888 1871 914 λό-

1076 943 1124 969 γου
1139 934 1295 969 ἑλκόμενος.
1313 934 1517 970 Εὑχερέστερον
1529 935 1583 969 γάρ
1596 935 1665 965 ἐστι,
1683 935 1712 961 τὸ
1728 934 1809 966 κῦτος
1822 935 1873 969 τῆς

1076 979 1215 1014 θαλάσσης
1232 980 1346 1016 παλάμῃ
1363 980 1455 1016 χειρὸς
1477 980 1652 1016 ἀνθρωπίνης
1673 980 1840 1015 περιλαϐεῖν,
1855 981 1870 1016 ἢ

1075 1027 1124 1059 τὰς
1141 1026 1328 1062 πολυτρόπους
1348 1026 1399 1061 τῆς
1423 1026 1499 1057 θείας
1521 1026 1680 1061 οἰκονομίας
1697 1026 1874 1060 συγκαταϐά-

1077 1081 1144 1104 σεις,
1159 1073 1232 1107 λόγῳ
1246 1072 1408 1107 προρορικῷ
1423 1072 1553 1105 ἐξειπεῖν.
1563 1072 1634 1099 Ἀλλ’
1646 1073 1692 1098 ἐπὶ
1709 1073 1755 1098 τὸν
1769 1073 1873 1108 πυρσδν

1075 1118 1122 1144 τοῦ
1143 1117 1323 1152 εὐαγγελιχοῦ
1349 1117 1433 1153 ὕψους
1457 1118 1716 1153 ὲπαναδράμωμεν,
1734 1118 1782 1144 καὶ
1807 1118 1876 1153 προς

1077 1162 1158 1189 αὑτὸν
1183 1163 1233 1197 τὴν
1256 1161 1358 1189 ὁλκάδα
1379 1161 1435 1188 τῶν
1459 1161 1557 1196 λόγων,
1573 1163 1607 1197 τῇ
1623 1161 1805 1196 πηδαλιουχίᾳ
1827 1160 1874 1187 τοῦ

1077 1207 1245 1243 Πιθεύματος,
1261 1207 1471 1242 ἀπευθύνωμεν.

1114 1250 1193 1283 Ὅτε,
1210 1250 1302 1284 φησὶν,
1318 1249 1521 1283 ἐπλήσθησαν
1534 1250 1564 1276 αι
1582 1250 1690 1284 ἡμέραι
1711 1249 1765 1276 τοῦ
1783 1251 1875 1276 καθα-

1075 1295 1189 1330 ρισμοῦ
1204 1295 1310 1322 αὐτῶν
1324 1296 1400 1323 κατὰ
1415 1296 1468 1322 τὸν
1482 1296 1579 1330 νόμον
1590 1295 1749 1327 Μωυσέως.
1766 1294 1876 1329 ἀνήγα-

1078 1350 1133 1377 τον·
1156 1342 1188 1369 τὸ
1215 1341 1337 1368 παιδίον
1363 1342 1408 1374 εἰς
1429 1341 1628 1375 Ἰεροσόλυμα
1643 1361 1649 1372 .
1682 1340 1876 1374 παραστῆσαι

1077 1387 1118 1420 τῷ
1140 1388 1247 1421 Κυρίῳ.
1270 1386 1369 1419 Καλῶς
1390 1387 1405 1413 ὁ
1426 1386 1626 1422 εὐαγγελιστὴς
1643 1387 1875 1422 ὲσαςήνισενΠΩς

1057 1458 1060 1462 .
1079 1433 1109 1466 ἔξ
1122 1434 1280 1468 οἰκονομίας
1299 1434 1354 1468 γὰρ
1370 1433 1459 1460 πάντα
1472 1433 1508 1460 τὰ
1522 1434 1588 1469 ἡμῖν
1603 1433 1649 1459 ὑπ’
1663 1433 1747 1459 αὑτοῦ
1763 1432 1875 1467 νομοθε-

1080 1479 1199 1514 τηθέντα
1215 1479 1286 1514 ὑπὲρ
1299 1478 1379 1514 ἡμῶν
1402 1479 1594 1513 καταδέχεται.
1604 1478 1671 1505 Ἰδοὺ
1685 1478 1741 1514 γὰρ
1753 1479 1785 1505 '0
1799 1480 1878 1512 πλη-

1041 1541 1064 1571 c
1076 1524 1140 1560 ρῶν
1161 1525 1311 1559 οὐρανούς
1332 1532 1365 1551 τε
1384 1524 1434 1551 καὶ
1453 1524 1523 1559 γῆν,
1549 1524 1729 1560 ὑπηρετεῖται
1750 1524 1800 1559 τὴν
1823 1524 1878 1550 ἀπὸ

1078 1571 1170 1597 τόπων
1187 1571 1228 1601 είς
1250 1569 1349 1601 τόπους
1377 1570 1539 1604 μετάϐασιν.
1555 1569 1628 1605 Ποίῳ
1654 1569 1682 1595 δὲ
1709 1569 1758 1595 καὶ
1781 1569 1878 1604 Κυρίῳ

1079 1617 1258 1652 παραστῆσαι
1270 1616 1301 1642 τὸ
1318 1615 1419 1651 βρέφος
1435 1615 1544 1651 ἐπείγῃ,
1560 1612 1583 1641 ὧ
1598 1616 1721 1649 παναγία
1735 1615 1876 1650 Παρθένες

1081 1663 1222 1694 Ἤκουσας
1252 1661 1346 1695 σαφῶς
1372 1661 1424 1688 ὑπὸ
1447 1661 1495 1688 τοῦ
1519 1661 1651 1697 Γαϐριὴλ,
1667 1661 1704 1693 ὡς
1719 1661 1784 1692 Υίὺς
1809 1660 1877 1687 Θεοῦ

1079 1709 1154 1734 ἐστιν
1180 1708 1194 1734 ὁ
1217 1708 1246 1734 ὲν
1272 1708 1307 1743 τῇ
1333 1707 1433 1742 γαστρί
1459 1715 1506 1734 σου
1531 1707 1761 1743 κυοφοροὺμενος.
1778 1706 1810 1733 El
1830 1704 1878 1733 οὖν

1080 1754 1144 1785 Υἱὸς
1168 1753 1237 1779 Θεοῦ
1261 1753 1346 1785 ἐστιν,
1361 1753 1421 1785 πῶς
1444 1753 1494 1780 οὐκ
1518 1753 1591 1780 ἔστιν
1617 1753 1812 1788 ἀναμφιϐόλως
1828 1753 1877 1780 καὶ

1080 1799 1192 1835 Κύριος.
1207 1797 1284 1830 Οἶδα,
1301 1799 1384 1834 φησὶν
1407 1800 1423 1835 ή
1450 1799 1574 1834 μακαρία.
1592 1799 1743 1833 Πάρθένος,
1762 1800 1804 1826 ὅτι
1827 1800 1876 1826 καὶ

1080 1845 1146 1878 Υἱὸς
1161 1846 1229 1872 Θεοῦ
1242 1846 1316 1874 ἐστιν
1331 1847 1378 1873 καὶ
1393 1845 1507 1881 Κύριος,
1520 1845 1535 1872 ὁ
1550 1845 1617 1880 ὲμδς
1633 1845 1756 1880 πλάστης
1770 1847 1799 1872 ὲν
1811 1847 1874 1871 ταὺ-

1080 1892 1120 1927 τῷ
1135 1893 1181 1919 καὶ
1199 1893 1267 1925 υίὸς,
1279 1893 1310 1920 ὃν
1324 1893 1361 1925 ὡς
1378 1893 1478 1928 βρέφος
1493 1891 1537 1918 διὰ
1552 1891 1602 1926 τὴν
1621 1890 1704 1917 αὐτοῦ
1723 1890 1877 1926 φιλανθρω-

1082 1938 1148 1966 πίαν
1162 1939 1378 1973 ἐναγκαλίζομαι
1390 1947 1397 1954 ’
1413 1938 1470 1965 ἀλλ’
1482 1937 1581 1972 ἐκείνῳ
1591 1936 1688 1963 τοῦτον
1700 1936 1877 1972 παραστῆσαι

1083 1984 1237 2017 σπουδάζω,
1255 1985 1319 2019 περ).
1335 1980 1364 2010 οὗ
1377 1985 1391 2011 ὁ
1405 1984 1473 2018 ἐμὸς
1490 1984 1643 2019 προπάτωρ
1660 1981 1760 2014 Δασὶδ,
1774 1982 1818 2009 διὰ
1831 1981 1878 2008 τοῦ

1081 2031 1243 2065 Πνεύματος
1260 2030 1418 2065 ἐμελῲδησε
1434 2029 1524 2064 λέγων
1539 2036 1550 2061 ·,
1570 2027 1664 2056 Εἶπεν
1679 2030 1696 2055 ό
1710 2028 1820 2062 Κύριος
1838 2027 1878 2060 τῷ

1082 2077 1180 2110 Κυρίῳ
1203 2085 1274 2111 μου,
1287 2076 1386 2103 Κάθου
1409 2076 1444 2102 ἐκ
1470 2074 1578 2107 δεξιῶν
1604 2083 1683 2109 μου,
1701 2074 1758 2107 ἕως
1780 2074 1820 2100 ἂν
1836 2074 1877 2100 θῶ

1081 2122 1153 2155 τοὺς
1174 2122 1302 2157 ἐχθρούς
1325 2129 1384 2148 σου
1410 2121 1581 2149 ὑποπόδιον
1603 2120 1662 2147 τῶν
1682 2120 1785 2147 ποδῶν
1807 2128 1876 2147 σου.

1089 2168 1154 2195 Ἰδοὺ
1169 2167 1272 2204 Κύριος
1287 2169 1301 2194 ὁ
1315 2168 1411 2203 Πατήρ
1425 2175 1432 2183 ·
1449 2167 1504 2194 ἰδοὺ
1518 2167 1565 2194 καὶ
1579 2167 1682 2201 Κύριος
1698 2167 1712 2192 ὁ
1724 2165 1878 2200 Υἱὸς,πρὺς

1046 2210 1068 2237 Β
1082 2214 1112 2241 ὃν
1127 2216 1140 2243 ὁ
1154 2214 1234 2249 λόγος
1250 2213 1452 2248 ὲγένετο.“Λλλ“
1465 2214 1490 2240 εἰ
1505 2214 1551 2240 καὶ
1567 2212 1613 2240 δύο
1626 2212 1726 2248 Κύριοι
1740 2211 1877 2245 λέγονται.

1083 2260 1134 2295 μία
1145 2260 1248 2287 τούτων
1260 2261 1276 2295 ἡ
1292 2259 1433 2295 κυριότης,
1445 2258 1540 2293 ὥσπερ
1554 2256 1603 2286 οὖν
1618 2258 1666 2284 καὶ
1679 2257 1728 2292 μία
1740 2258 1756 2292 ἡ
1771 2256 1877 2290 θεά-της.

1081 2306 1161 2341 Αὐτῷ
1188 2304 1234 2333 οὖν
1259 2305 1298 2341 τῷ
1324 2305 1421 2340 Κυρίῳ
1447 2304 1623 2340 παραστῆσαι
1640 2303 1686 2330 τὸν
1709 2303 1813 2338 Κύριόν
1829 2311 1879 2337 μου

1083 2352 1238 2385 σπουδάζω,
1251 2348 1282 2378 οὗ
1314 2351 1384 2378 κατὰ
1404 2351 1454 2386 τὴν
1479 2350 1607 2384 θεότητα,
1622 2349 1686 2376 οὕτε
1706 2349 1762 2384 πρὸ
1786 2349 1836 2383 τῆς
1851 2349 1879 2375 ἑν

1082 2398 1183 2434 γαστρί
1207 2405 1258 2433 μου
1280 2396 1440 2431 κυοφορίας,
1455 2395 1519 2422 οὔτε
1536 2395 1594 2428 νῦν,
1612 2395 1671 2422 ἀλλ’
1683 2394 1746 2421 οὔτε
1769 2394 1880 2420 πώποτι

1083 2444 1296 2480 χωρισθήσεται.

1120 2489 1186 2516 Εἶτα
1202 2490 1266 2524 ἑξῆς
1292 2488 1473 2524 προστίθησιν
1494 2487 1508 2513 ὁ
1531 2487 1747 2522 εὐαγγελιστής·
1777 2486 1882 2520 Καθὼς

1083 2537 1246 2571 γέῃραπται
1262 2535 1297 2562 ὲν
1311 2535 1394 2570 νόμῳ
1411 2535 1534 2569 Ki-pt'ov,
1554 2533 1599 2560 ὅτι
1616 2533 1678 2560 πᾶν
1699 2533 1796 2566 ἄρσεν
1815 2533 1880 2559 δισ-

1084 2581 1190 2614 νοῖγον
1207 2610 1210 2611 ν
1220 2581 1349 2615 μήτραν,
1376 2580 1463 2614 ἄτιον
1485 2578 1525 2611 τῷ
1550 2579 1650 2612 ΚιφΙῳ
1682 2577 1880 2611 κληθήσεται.

1085 2625 1185 2658 Καλῶς
1199 2627 1214 2652 ὁ
1230 2626 1296 2661 ἐμὸς
1313 2626 1438 2660 πλάστης
1460 2625 1506 2651 καὶ
1528 2624 1679 2660 νομοθέτης
1699 2624 1746 2649 καὶ
1767 2623 1881 2654 Κύριος,

1085 2673 1150 2708 περὶ
1167 2672 1222 2699 τῶν
1242 2672 1433 2706 διανοιγόντων
1454 2671 1561 2706 μήτραν
1576 2670 1701 2706 ἀρρένων
1716 2668 1883 2704 ἐνομοθέτη-

1086 2728 1142 2746 σεν.
1164 2718 1236 2745 Ἀλλ’
1254 2719 1304 2753 οὐχ
1321 2718 1464 2745 ὑπόκειται.
1480 2718 1538 2748 τοῖς
1560 2717 1654 2752 νόμοις
1678 2716 1692 2742 ὁ
1713 2714 1881 2750 νομοθέτης·

1084 2765 1179 2799 ἐπειδὴ
1193 2766 1240 2791 καὶ
1256 2765 1329 2800 ὑπὲρ
1345 2764 1428 2799 νόμον
1452 2763 1628 2798 ἀνθρωπίνης
1650 2761 1782 2805 κυήσεως.
1794 2760 1884 2797 ὑπάρ-

1089 2855 1099 2870 ‘-‘
1117 2853 1183 2881 ibid.
1194 2853 1222 2880 2.
