2069 3147
245 175 315 209 15⁵15

725 177 882 207 LEONTII
903 177 1160 208 NEAPOLITANI
1179 177 1350 208 EPISCOPI

1804 175 1875 212 1576

242 233 320 260 mini.
336 231 418 258 Plane
434 230 550 265 Symcon
562 251 569 263 ,
586 231 687 258 bonum
709 239 738 258 es
755 237 937 265 consecutus,
951 233 1032 267 quale

1083 232 1148 267 πρὶν
1161 232 1194 259 ἂν
1207 232 1250 268 ῐδῃ
1265 232 1312 259 τὸν
1326 232 1444 267 Χριστὸν
1458 232 1570 267 Κυρίου.
1595 231 1742 266 Ἐπέτυχες
1756 231 1875 267 ἀληθῶς,

242 285 325 305 nemo
339 284 459 311 unquam
469 277 664 312 prophetarum
674 279 805 313 consequi
823 279 922 313 potuit.
935 279 1035 306 Beatus

243 329 338 349 revera
353 329 392 353 es,
409 321 457 356 qui
473 321 500 348 in
521 325 629 357 tempus
645 323 778 358 ejusmodi
793 331 808 350 ει
825 324 881 351 Deo
894 323 979 351 fueris
993 331 1036 351 re-

241 371 379 393 servatus.

277 410 313 437 Et
329 411 398 438 venit
413 411 441 438 in
457 411 552 445 spiritu
569 411 596 438 in
616 411 752 446 templum.
768 412 841 439 Nihil
856 412 929 440 enim
947 413 1035 440 sancti

241 458 318 484 velut
332 465 346 484 a
362 464 392 484 se
407 457 516 491 impulsi
532 463 619 492 agunt
631 478 639 490 ,
655 457 703 484 sed
721 462 849 485 movente
859 462 956 486 sancto
972 458 1035 493 Spi-

241 504 306 531 ritu.
323 503 426 530 Etcum
438 505 589 531 inducerent
603 511 714 538 puerum
724 503 814 530 Iesum
829 509 952 539 parentes
966 504 1034 539 ejus,

241 553 270 575 ut
285 550 400 584 facerent
413 549 556 576 secundum
567 549 779 577 consuetudinem
793 549 856 584 legis
866 558 914 584 pro
924 558 954 576 eo
963 549 996 576 ¹⁸.
1011 548 1035 577 0

241 602 313 630 puer
338 599 426 622 matre
450 602 602 630 puerpera;
623 595 689 629 quin
716 599 744 622 et
767 595 905 622 universis
929 595 1035 623 saeculis

241 640 382 668 exsistens
395 640 532 675 antiquior
547 642 554 667 l
572 639 595 667 0
614 647 683 676 puer
709 640 826 667 necdum
848 641 968 668 sermoni
986 641 1036 668 ha-

241 685 312 712 bens
329 686 485 720 expeditam
498 686 628 722 linguam,
639 686 747 714 tametsi
759 694 825 713 vero
833 687 974 721 prophetis
986 694 1036 721 per

241 730 372 765 Spiritum
382 739 537 759 sermonem
549 732 678 760 insonesl
693 731 803 760 OMosis
813 732 907 766 lictor;
921 733 1036 767 cipsque

241 781 268 803 te
284 777 346 812 legi,
362 777 430 812 quin
445 777 470 804 ei
487 778 584 813 magis,
594 785 675 813 quam
693 778 800 805 tulisses
811 778 880 813 ipse,
896 786 944 813 per
955 778 1035 805 beni-

240 822 374 857 gnitatem
390 823 569 850 submittens!
586 822 610 850 Ο
636 823 723 851 iactor
741 824 818 859 legis,
843 823 968 858 Novique
982 823 1036 851 'l'e-

240 869 369 896 stamenti
386 869 531 896 conditori
552 869 787 902 Quemadmodum
814 870 887 897 enim
910 878 958 897 rex
982 870 1035 896 ali-

239 913 301 947 quis
316 913 402 948 legem
415 914 535 949 aliquam
545 915 681 943 conscribi
696 916 806 951 jubens,
823 920 881 943 tum
891 923 950 943 eam
970 923 1033 951 pro-
1050 905 1072 935 Β

239 959 299 993 pria
311 959 514 994 subscriptione
526 960 613 988 munit
626 970 633 994 ;
651 965 708 988 tum
717 961 826 992 iterum,
839 969 901 989 cum
913 961 1032 993 libuerit,

241 1005 360 1039 primam
375 1005 484 1040 quidem
499 1006 587 1042 legem
604 1007 744 1041 antiquet,
759 1007 786 1034 id
797 1012 838 1034 est
848 1007 943 1042 implet
954 1015 960 1033 :
973 1007 1033 1042 ejus

241 1055 333 1078 autem
351 1051 421 1083 loco,
437 1051 624 1079 sublimiorem
640 1052 727 1087 legem
749 1053 830 1080 aliam
852 1052 978 1080 inducit:
995 1052 1034 1080 sic

242 1095 375 1124 Dominus
388 1105 395 1123 :
410 1097 462 1125 Ubi
477 1102 598 1125 veterem
608 1098 693 1134 legem
703 1098 784 1126 Mosis
796 1106 878 1133 opera
891 1098 1030 1131 edidisset,

240 1147 269 1169 ut
277 1143 346 1171 vidit
361 1143 400 1172 sic
415 1144 525 1177 habere,
539 1149 569 1171 ut
581 1145 614 1172 ad
626 1145 776 1180 perlectum
786 1145 853 1172 nihil
864 1144 1029 1177 adduceret;

239 1196 299 1216 eam
316 1189 427 1223 quidem
449 1189 509 1224 ipse
530 1189 637 1225 implet,
653 1190 772 1226 legitima
787 1190 879 1217 omnia
904 1189 1007 1217 faciens
1021 1198 1029 1216 :

238 1232 462 1260 Introductionem
482 1238 571 1261 autem
584 1235 700 1261 meliori:
717 1235 784 1270 legis
800 1235 876 1267 fecit,
893 1243 939 1269 per
950 1243 1031 1270 quam

237 1279 418 1311 proximamus
432 1280 467 1306 ad
484 1279 569 1306 Deum
582 1281 614 1312 η,
637 1280 821 1315 ufapostolus
831 1279 932 1307 Paulus
949 1281 997 1307 ait.

237 1325 359 1360 αγωγὴν
381 1325 416 1352 δὲ
438 1327 609 1360 κρείττονος
629 1327 811 1363 νομοθεσίας
833 1326 1012 1362 εἰργάσατο,
1040 1326 1077 1353 δι’

239 1372 360 1403 Παῦλος.

274 1418 391 1454 Symeon
411 1423 504 1447 autem
518 1421 617 1455 accepit
634 1429 751 1456 puerum
770 1422 797 1449 in
813 1422 890 1450 ulnas
903 1431 976 1450 suas.
991 1421 1031 1449 Te

238 1464 383 1496 itermn,vo
396 1465 525 1499 Symeon,
539 1467 649 1494 beatum
664 1467 764 1495 dicam.
780 1467 884 1496 Revera
896 1469 970 1496 enim
988 1468 1031 1496 di-

237 1517 307 1544 gnus
322 1516 362 1541 es.
379 1510 426 1544 qui
451 1510 547 1538 beatus
564 1511 672 1540 dicaris.
695 1513 736 1540 En
759 1513 831 1540 enim
845 1534 852 1546 ,
870 1513 959 1549 ipsum
983 1511 1030 1548 qui

237 1555 345 1581 vehitur
362 1562 445 1589 super
470 1555 617 1584 Cherubim
631 1578 638 1590 ,
665 1558 693 1585 in
725 1558 805 1585 ulnas
828 1559 969 1594 accepisti.
989 1558 1029 1585 En

239 1598 383 1632 Seraphim
398 1599 622 1634 inaspectabilem
636 1622 643 1634 ,
668 1602 801 1630 senilibus
819 1604 906 1632 oculis
933 1604 1030 1632 videns

237 1643 394 1670 oblectaris.
420 1644 460 1671 En
483 1653 563 1677 eum,
588 1653 669 1680 quem
695 1646 823 1675 Ezechiel
849 1649 1029 1683 quadrifornli

238 1688 302 1715 sede
319 1688 463 1715 sublimem
481 1690 557 1723 vidit,
577 1692 649 1718 intra
665 1692 744 1719 ulnas
763 1701 814 1728 pro
840 1703 918 1722 more
937 1695 1028 1722 infan-

239 1733 272 1760 tis
290 1733 418 1768 positum,
438 1736 565 1763 manibus
583 1737 720 1773 astringis.
741 1739 793 1771 Qui
808 1748 873 1776 ergo
891 1749 947 1768 non
963 1742 1029 1769 bea-

238 1783 293 1809 tus.
310 1779 356 1813 qui
374 1784 414 1806 tot
432 1788 464 1807 ac
482 1781 566 1809 tantis
582 1782 659 1810 bonis
678 1784 778 1819 dignus
793 1785 904 1814 habitus
917 1787 978 1814 sis?

272 1825 308 1852 Et
320 1826 451 1853 benedixit
467 1826 560 1859 Deum,
573 1831 598 1853 et
608 1827 674 1854 dixit
690 1836 699 1854 :
715 1829 792 1856 Nunc
803 1830 916 1858 dimittis
926 1840 1030 1859 servum

238 1874 329 1904 tuum,
349 1871 475 1904 Domine,
496 1873 639 1900 secundum
653 1875 760 1901 verbum
776 1880 851 1903 tuum
871 1877 900 1903 in
917 1885 982 1912 pace
995 1877 1029 1905 ¹⁷.

237 1915 337 1943 Fessus
355 1923 414 1942 sum
429 1937 436 1949 ,
461 1916 574 1945 Domine
586 1937 593 1950 ,
617 1920 761 1953 praesentis
778 1921 871 1948 επιξυιὶ
889 1919 1028 1950 carcerem

239 1961 374 1988 habitans.
395 1961 531 1989 lncolatus
550 1971 628 1990 meus
642 1965 818 2000 prolongatus
833 1971 891 1999 est,
916 1967 1029 1995 lubens—

237 2014 290 2040 que
307 2006 441 2042 migrabo,
458 2007 507 2034 ubi
521 2008 649 2036 habitatio
659 2009 852 2038 estlmtantium
867 2013 983 2039 omnium
994 2014 1026 2040 ’³.

237 2050 348 2078 Dimitte
364 2059 418 2084 me,
435 2053 561 2081 Domine.
581 2053 604 2080 Α
622 2055 704 2082 rebus
720 2056 793 2082 enim
814 2057 945 2091 subjectis
959 2066 1027 2085 ocu-

237 2095 270 2123 lis
292 2097 402 2124 liberari
431 2102 534 2133 satago.
560 2098 620 2126 Jam
645 2101 792 2135 prophetia
823 2103 1026 2138 propinquavit.

1044 1581 1066 1611 (Ξ

1085 274 1107 304 ὦ
1120 277 1243 312 Συμεὼν,
1256 278 1409 313 ἑπιτυχίας,
1420 275 1453 313 ἦς
1466 278 1554 309 οὐδεὶς
1566 277 1620 303 τῶν
1632 277 1716 304 πάλαι
1730 277 1877 313 προφητῶν

1085 323 1225 359 ἐπιτυχεῖν
1243 323 1397 358 δεδύνηται.
1421 324 1562 358 Μακάριος
1586 322 1612 349 εἶ
1633 323 1670 353 ὡς
1693 323 1813 358 ἀληθῶς,
1835 323 1876 349 δτι

1085 368 1126 400 είς
1139 367 1262 394 τοιοῦτον
1273 368 1373 403 καιρὸν
1387 369 1419 394 ὲκ
1441 367 1509 394 Θεοῦ
1525 367 1685 403 τετήρησαι.

1120 413 1176 440 Καὶ
1201 411 1296 448 ἦλθεν
1316 413 1351 440 ὲν
1369 413 1409 446 τῷ
1432 414 1584 449 Πνεύματι
1600 414 1643 446 εις
1665 414 1700 440 τὸ
1721 414 1812 448 ίερόν.
1838 414 1876 441 Οὔ

1085 458 1140 494 γὰρ
1154 459 1344 494 αὑτοκινήτως
1362 459 1388 485 οί
1405 459 1516 493 ἆγιοίτι
1532 459 1752 494 διαπράττονται,
1772 459 1831 486 ἀλλ’
1845 461 1877 486 ἐκ

1086 503 1246 540 Πνεῦματος
1268 505 1349 539 ἁγίου
1370 505 1537 539 κινούμενοι.
1564 504 1620 532 Καὶ
1640 505 1676 531 ἐν
1695 504 1737 537 τῷ
1758 506 1878 540 εἰσαγα-

1085 550 1149 585 γεῖν
1163 550 1235 583 τοὺς
1249 550 1348 586 γονεῖς
1363 550 1397 577 τὸ
1410 550 1530 578 παιδίον
1550 550 1673 584 Ἰησοῦν
1684 549 1738 577 τοῦ
1751 550 1877 585 ποιῆσαι

1084 596 1196 629 αὐτοὺς
1219 596 1294 623 κατὰ
1307 596 1341 623 τὸ
1361 596 1531 631 εἰθισμένον
1554 596 1608 624 τοῦ
1628 597 1724 631 νόμου
1741 597 1808 631 περὶ
1824 598 1878 624 ai;-

1085 642 1149 669 τοῦ.
1165 640 1200 668 Ὦ
1216 642 1323 669 παιδίον
1350 643 1398 678 τῆς
1419 642 1553 677 τεκούσης
1578 650 1608 668 σε
1633 642 1753 678 μητρός·
1776 642 1878 678 μᾶλλον

1084 687 1124 719 δὲ.
1137 687 1190 714 τῶν
1205 687 1312 715 αἰώνων
1332 688 1471 720 ἁπάντων,
1491 688 1614 723 ὑπάρχον
1631 687 1821 723 παλαιότερον.
1841 685 1877 713 Ὠ

1085 734 1191 760 παιδῐον
1226 735 1310 770 μήπω
1333 734 1477 770 τρανῶσαν
1489 734 1538 769 τὴν
1557 733 1694 767 γλῶσσαν,
1715 733 1763 760 καί
1783 742 1824 760 τοι
1848 733 1879 760 δὶ

1084 779 1238 814 προφήταις
1250 779 1364 814 ὲνηχοῦν
1376 780 1422 806 τὸν
1436 779 1516 814 λόγον
1529 778 1573 805 διὰ
1586 778 1634 805 τοῦ
1646 779 1817 814 Πνεύματος.
1841 777 1878 805 Ὠ

1084 825 1132 851 τοῦ
1154 825 1277 856 Μωσέως
1294 825 1411 856 πλάοντα,
1427 825 1476 852 καὶ
1492 825 1531 860 τῷ
1546 824 1640 851 τούτου
1655 824 1732 860 νόμῳ
1744 833 1751 839 ·
1773 824 1878 859 μᾶλλον

1085 870 1113 897 δὲ
1126 870 1165 906 τῷ
1177 870 1269 905 οίκείῳ
1284 869 1328 896 διὰ
1343 869 1551 905 φιλανθρωπίαν
1564 868 1659 895 ἑαυτὸν
1671 866 1878 896 ὑποκλίνων.ὀ

1086 914 1132 941 τοῦ
1149 915 1232 950 νόμου
1253 914 1362 949 ποιητὰ,
1383 914 1430 940 καὶ
1451 913 1502 948 τῆς
1517 914 1622 949 Καινῆς
1634 913 1773 948 Διαθήκης
1797 921 1879 947 νομο-

1086 960 1160 986 θέτα.
1179 958 1314 994 Καθάπερ
1336 958 1391 994 γὰρ
1413 958 1540 993 βασιλεύς
1554 967 1597 991 τις
1620 958 1703 993 νόμον
1716 958 1878 992 τυπωθῆναι

1086 1005 1215 1037 κελεύων,
1240 1005 1287 1031 καὶ
1306 1004 1396 1040 οἰκείᾳ
1416 1003 1621 1039 ὑποσημειώσει
1642 1004 1738 1031 τοῦτον
1752 1003 1876 1038 βεϐαιοῖ’

1084 1052 1133 1080 καὶ
1156 1051 1238 1078 πάλιν
1262 1051 1326 1078 ὅταν
1355 1050 1495 1086 βούληται,
1520 1050 1567 1077 τὸν
1589 1051 1637 1086 μὲν
1661 1050 1771 1086 πρῶτον
1795 1049 1878 1083 νόμον

1084 1097 1178 1130 παύει,
1193 1098 1279 1132 ήγουν
1294 1096 1411 1132 πληροῖ·
1428 1096 1586 1130 ἀντεισάγει
1607 1096 1635 1122 δὲ
1658 1095 1754 1122 τούτου
1779 1094 1879 1130 {admito-

1083 1144 1166 1180 ⁸πέραν
1190 1144 1254 1170 νέαν
1279 1141 1457 1178 νομοθεσίαν·
1472 1142 1559 1174 οὕτως
1585 1142 1632 1168 καὶ
1653 1142 1667 1168 ὁ
1692 1141 1814 1177 Κύριος,
1831 1141 1879 1166 τὸν

1084 1189 1167 1216 πάλαι
1196 1189 1279 1224 νόμον
1310 1188 1356 1216 διὰ
1378 1188 1518 1220 Μωῦσέως
1548 1188 1714 1223 ἐκθέμενος·
1742 1187 1780 1218 ὡς
1806 1183 1878 1212 οἶδεν

1082 1234 1177 1261 τοῦτον
1204 1235 1307 1270 μηδένα
1330 1233 1503 1261 τελειοῦνταο
1528 1233 1623 1260 τοῦτον
1651 1234 1701 1269 μὲν
1727 1231 1877 1268 αὐτουργία

1085 1280 1193 1315 πληροῖ,
1215 1279 1258 1306 διὰ
1272 1278 1320 1305 τοῦ
1336 1280 1448 1314 ποιῆσαι
1460 1278 1494 1305 τὰ
1504 1278 1722 1314 νομοθετηθέντα
1732 1298 1740 1306 .
1759 1279 1878 1305 Ἑπεισο

1102 1324 1139 1362 ἦς
1159 1325 1313 1362 ἐγγίζομεν
1343 1324 1384 1358 τῷ
1417 1324 1495 1359 Θεῷ,
1518 1324 1556 1357 ὥς
1578 1333 1660 1360 φησιν
1682 1325 1697 1350 ὁ
1729 1323 1877 1354 ἀπόστολος

1123 1418 1154 1444 '0
1172 1417 1201 1444 δὲ
1214 1416 1328 1452 Συμεὼν
1343 1416 1466 1449 ἐδέξατο
1487 1416 1520 1443 τὸ
1539 1416 1643 1443 παιδίον
1662 1418 1707 1450 εις
1718 1418 1771 1450 τὰς
1787 1418 1878 1452 ἀγκά-

1082 1464 1141 1496 ⁹ιας
1155 1463 1259 1490 αὑτοῦ.
1283 1463 1368 1490 Πάλιν
1389 1463 1419 1489 σὲ
1437 1462 1592 1498 μακαρίσω,
1605 1460 1628 1490 ὦ
1641 1462 1764 1498 Συμεών.
1777 1464 1876 1490 Μακα-

1083 1509 1182 1546 ρισμοῦ
1200 1509 1256 1545 γὰρ
1279 1509 1387 1543 ἀληθῶς
1411 1509 1486 1542 ἄξιος
1511 1508 1647 1542 πέφυκας.
1669 1508 1735 1535 Ἰδοὺ
1751 1508 1805 1544 γὰρ
1830 1509 1877 1536 τὸν

1082 1555 1129 1582 ἐπὶ
1143 1554 1197 1582 τῶν
1215 1554 1357 1590 Χερουϐὶμ
1371 1554 1565 1589 ὲποχούμενον,
1580 1555 1609 1581 ἐν
1631 1554 1766 1587 ἀγκάλαις
1779 1554 1875 1586 ἐδέξω.

1088 1601 1154 1628 Ἰδοὺ
1167 1600 1214 1627 τὸν
1230 1601 1286 1632 τοῖς
1302 1600 1430 1635 Σεραφὶμ
1446 1598 1613 1635 ἀθεώρητον,
1632 1601 1758 1634 γηραιοῖς
1778 1599 1878 1634 ὀφθαλ-

1083 1647 1144 1682 μοῖς
1168 1646 1292 1681 καθορῶν
1316 1645 1464 1683 ἐπιτέρπῃ.
1487 1645 1553 1672 Ἰδοὺ
1579 1646 1625 1672 τὸν
1647 1646 1700 1672 ὑπὸ
1732 1646 1874 1683 Ίεζεκιὴλ,

1080 1693 1127 1719 ἐπὶ
1145 1692 1336 1727 τετραμόρφου
1350 1692 1446 1728 θρόνου
1462 1691 1692 1727 θεωρηθέντα,,ὲν
1706 1694 1765 1724 ταῖς
1779 1694 1875 1729 χερσὶν

1080 1737 1118 1769 ὡς
1132 1737 1231 1773 βρέφος
1248 1737 1426 1774 ἑναγκαλίζῃ.
1450 1737 1512 1769 Πῶς
1529 1735 1576 1764 οὖν
1594 1738 1643 1773 οὺχ
1663 1738 1797 1774 ὑπάρχεις
1821 1748 1877 1774 μα-

1080 1783 1186 1818 κάριος,
1204 1782 1334 1809 τοιούτων
1356 1783 1403 1810 καὶ
1423 1783 1591 1818 τηλικούτων
1602 1783 1729 1815 ἀξιωθεὶς
1745 1783 1874 1818 ἀγαθῶ-ις

1115 1828 1170 1855 Καὶ
1182 1828 1358 1863 ηὺλόγησεν
1372 1828 1426 1855 τὸν
1439 1829 1523 1861 Θεὸν,
1542 1829 1591 1855 καί
1606 1827 1708 1856 εἷπεν-ι
1724 1829 1790 1856 Νῦν
1802 1829 1876 1856 ἀπο.

1079 1873 1164 1906 λύεις
1180 1873 1232 1900 τὸν
1256 1873 1371 1901 δοῦλόν
1393 1882 1462 1905 σου,
1477 1873 1623 1906 Δέσποτα,
1647 1876 1722 1901 κατὰ
1738 1875 1771 1901 τὸ
1790 1874 1874 1909 ῥῆμά

1079 1926 1138 1946 σου
1149 1918 1309 1953 ἐνεὶρήνῃ.
1326 1919 1475 1954 Κὲκμηκα,
1491 1919 1626 1951 Δέσποτα,
1640 1920 1670 1946 τδ
1683 1920 1873 1956 δεσμωτήριον

1079 1964 1162 1991 οίκῶν
1181 1964 1228 1990 τοῦ
1244 1964 1377 1999 παρόντος
1398 1965 1506 1996 αἰῶνος.
1525 1964 1668 2000 Ἐχρόνισα
1682 1965 1710 1992 ὲν
1725 1967 1758 2001 τῇ
1774 1973 1873 2001 παροι-

1079 2010 1137 2046 κίᾳ,
1154 2010 1201 2036 καὶ
1217 2009 1266 2045 τὴν
1285 2010 1424 2045 μετοικίαν
1445 2010 1615 2045 ἀσπάζομαι,
1632 2011 1696 2038 ἔνθα
1713 2013 1872 2046 εὐφραινο-

1075 2055 1177 2089 μένων
1201 2055 1324 2082 πάντων
1347 2057 1365 2090 ἡ
1393 2057 1538 2083 κατοικία.
1571 2057 1720 2085 Ἀπόλυσον
1746 2066 1799 2094 με,
1825 2058 1872 2084 Δέ-

1079 2109 1176 2128 σποτα.
1202 2101 1407 2137 ’Δπαλλαγῆναι
1429 2103 1483 2138 γὰρ
1507 2103 1562 2130 τῶν
1582 2103 1737 2138 ὡρωμένων
1762 2104 1872 2138 ἐπείγο-

237 2141 307 2168 Ecce
320 2141 376 2176 jam
393 2142 471 2169 adest
487 2143 622 2171 Salvator.
647 2144 774 2173 Viderunt
789 2148 861 2174 enim
886 2148 955 2175 oculi
977 2150 1027 2176 mei

1081 2157 1137 2183 μαι.
1161 2148 1226 2175 ’1δοῦ
1241 2149 1257 2183 ή
1275 2149 1430 2184 προφητεία
1448 2149 1573 2184 ῆγγικεν.
1596 2149 1660 2176 ’ἰδοὺ
1681 2150 1712 2177 τὸ
1737 2151 1870 2186 σωτήριον

234 2186 355 2213 salutare
368 2192 442 2214 tuum
455 2189 488 2221 “,
504 2189 538 2216 de
556 2197 610 2224 quo
622 2190 756 2218 clamabat
773 2193 853 2219 Isaias
865 2193 952 2226 :,Ecce
963 2194 1026 2221 Sion

1081 2193 1218 2228 πάρεστιν.
1243 2191 1335 2220 Εἶδον
1350 2195 1404 2230 γὰρ
1422 2195 1449 2221 οῖ
1471 2195 1620 2229 ὀφθαλμοί
1636 2204 1696 2230 μου
1718 2195 1752 2222 τὸ
1773 2195 1870 2230 σωτή-

233 2232 329 2259 ιίυἱιαε
342 2232 462 2260 salutare
480 2239 597 2262 nostrum
607 2236 642 2263 ‘°.
656 2237 741 2264 Porro
752 2236 820 2265 Sion
837 2238 957 2266 Ecclesia
973 2244 1025 2272 est,

1081 2241 1142 2267 οιόν
1169 2248 1245 2273 σου,
1277 2241 1342 2276 περὶ
1364 2238 1394 2269 οὗ
1429 2242 1545 2274 Ἦσαῖας
1571 2243 1653 2270 ὲσόα·
1689 2243 1763 2271 Ἰδοὺ
1794 2243 1871 2270 Σιὼν

234 2278 263 2305 i-n
275 2286 328 2314 qua
343 2279 471 2311 salutare,
488 2280 539 2308 hoc
556 2285 608 2313 est,
623 2281 762 2315 Christus,
779 2284 947 2312 demoratur.
963 2286 1025 2312 Ait-

233 2333 288 2360 que
299 2333 411 2353 rursus:
423 2325 550 2353 Salutare
564 2335 652 2354 meum
664 2333 692 2354 ut
707 2327 810 2363 lampas
825 2331 981 2358 accendetur
990 2331 1022 2360 ".

234 2370 264 2397 In
281 2371 391 2399 modum
413 2371 489 2399 enim
504 2372 637 2407 lampadis
650 2382 786 2409 apparens
796 2374 934 2410 Salvator,
950 2378 1025 2405 orbis

233 2420 368 2444 terrarum
387 2418 457 2446 lines
477 2419 652 2447 illuminavit.

266 2503 345 2535 Quod
355 2507 468 2539 parasti,
484 2512 548 2534 ante
562 2509 657 2544 faciem
681 2511 798 2538 omnium
817 2512 974 2546 populorum
989 2514 1022 2540 ".

232 2549 292 2576 Non
310 2550 392 2577 unius
407 2552 462 2586 jam
486 2553 586 2588 ingrati
604 2555 696 2590 populi
711 2576 717 2588 ,
744 2555 860 2590 lsraelis,
886 2558 996 2592 inquam
1014 2569 1021 2587 :

232 2594 280 2621 sed
297 2595 411 2621 omnium
431 2598 596 2632 populorum,
613 2601 690 2635 juxla
708 2609 816 2629 sacrum
831 2602 958 2635 Psaltcm,
979 2604 1021 2631 di-

232 2644 340 2667 centem
354 2650 360 2667 :
373 2641 494 2669 Laudale
503 2643 653 2679 Dominum,
664 2655 752 2675 omnes
763 2653 850 2683 gentes
859 2657 868 2681 ;
878 2649 1021 2676 adlaudate

205 2719 207 2721 ἓ
230 2691 303 2730 eum,
318 2693 406 2712 omnes
421 2687 510 2722 populi
526 2689 557 2716 ’³.
575 2689 627 2717 Sed
638 2695 665 2718 ct
685 2691 780 2721 Daniel
798 2693 852 2721 ait:
867 2694 962 2722 Omnes
971 2703 1021 2730 po-

229 2728 297 2764 puli,
315 2730 407 2763 tribus,
425 2737 448 2758 et
467 2732 564 2768 lingua:
577 2737 689 2763 serviant
704 2739 727 2764 ei
738 2739 771 2766 “‘.

266 2837 325 2884 'I'Mll
341 2838 404 2867 Cor.
420 2842 538 2884 vni,
552 2879 558 2884 .
570 2845 599 2884 I“
607 2844 698 2884 _H‘cbrt
715 2855 763 2884 vix,
788 2849 830 2876 19.
871 2850 892 2866 ¹⁷
907 2850 972 2878 Luc.
992 2860 1020 2882 ιι.

1123 2852 1144 2868 ’⁸
1159 2853 1231 2882 Psal.
1243 2863 1355 2884 Lxxxvl.
1374 2856 1405 2884 7..
1441 2857 1462 2873 "

270 2873 322 2902 tu.
339 2877 444 2908 ιιη,ι.
469 2873 590 2907 ἐπιδίδ-
607 2880 650 2907 δι.
690 2882 713 2898 η
729 2873 887 2917 Ρέπιῗέηι,
906 2873 1031 2913 ῑῗἬῦτ

1159 2873 1168 2879 .
1179 2873 1231 2882 ω...
1243 2873 1355 2889 ,ηιμ-υ,

1086 2896 1133 2921 vn,
1149 2889 1188 2916 Η.

1078 2285 1166 2318 πόλις
1183 2285 1218 2312 τὸ
1240 2286 1390 2321 σωτήριον
1402 2287 1497 2322 ἡμῶν.
1521 2288 1588 2316 Σιὼν
1600 2289 1629 2315 δέ
1643 2289 1718 2315 ἔστιν
1731 2289 1871 2325 ὴἚκκλη-

1078 2329 1133 2363 σία,
1154 2331 1184 2356 ὲν
1201 2328 1218 2368 ᾖ
1234 2331 1266 2358 τὺ
1284 2333 1427 2368 σωτήριον,
1443 2334 1582 2362 τοὺτέστιν
1600 2336 1614 2362 ὁ
1638 2335 1767 2369 Χριστὸς,
1788 2326 1874 2362 ὲναυέ

1076 2375 1190 2408 λίζεται.
1212 2377 1266 2404 Καὶ
1287 2378 1367 2406 πάλιν
1389 2378 1480 2413 λέγει·
1505 2380 1540 2407 Τὸ
1572 2380 1723 2414 σωτήριόν
1747 2389 1807 2415 μου
1829 2381 1870 2414 ὡς

1077 2421 1200 2455 ,λαμπὰς
1217 2422 1410 2455 καυθήσεται.
1434 2423 1517 2459 Δίκην
1535 2424 1590 2460 γὰρ
1613 2424 1753 2460 λαμπάδος
1772 2426 1870 2459 ἐπιφα-

1077 2466 1132 2497 νεὶς
1148 2467 1162 2492 ό
1178 2467 1284 2502 Σωτὴρ,
1299 2468 1333 2494 τὰ
1353 2468 1462 2503 πέρατα
1475 2470 1525 2504 τῆς
1540 2470 1707 2506 οἰκουμένης
1724 2470 1868 2505 ἐφώτισεν.

1116 2513 1150 2538 "0
1176 2512 1343 2547 ἡτοίμασας
1369 2514 1444 2541 κατὰ
1471 2516 1634 2549 πρόσωπον
1663 2515 1784 2542 πάντων
1809 2515 1869 2542 τῶν

1075 2557 1168 2584 λαῶν.
1181 2558 1238 2584 Οὐκ
1255 2558 1314 2585 ἔστι
1329 2558 1384 2594 [ῑσ.
1395 2559 1448 2595 ἔτι]
1457 2560 1503 2586 τοῦ
1520 2560 1579 2591 ἐνὸς
1590 2560 1666 2592 λαοῦ,
1679 2561 1868 2596 τοῦ¹ἀγνώμο-

1072 2610 1117 2633 νος
1128 2611 1135 2618 ·
1151 2602 1224 2637 λέγω
1238 2604 1269 2638 δὴ
1293 2603 1340 2631 τοῦ
1364 2605 1484 2640 Ἰσραὴλ,
1501 2606 1568 2633 ἀλλὰ
1583 2607 1692 2633 πάντων
1709 2607 1762 2633 τῶν
1782 2608 1866 2639 λαῶν,

1072 2648 1142 2674 κατὰ
1156 2649 1201 2675 τὴν
1215 2649 1378 2686 ἱεροψάλτην
1390 2651 1505 2685 λέγον-ια
1517 2660 1524 2666 ·
1548 2652 1664 2679 Αἰνεῖτε
1677 2653 1729 2679 τὸν
1746 2655 1866 2688 Κύριον,

1071 2692 1171 2720 πάντα
1194 2694 1229 2721 τὰ
1261 2695 1353 2729 ἔθνη·
1378 2697 1556 2724 ἐπαινέσιιτε
1589 2698 1684 2725 αὐτὸν
1703 2698 1815 2731 πάντες
1838 2701 1867 2726 οι

1073 2740 1153 2767 λαοί.
1173 2741 1228 2768 Καὶ
1244 2742 1257 2767 ό
1271 2743 1372 2777 Δανιὴλ
1389 2743 1617 2780 φησιν-,Πάντες
1633 2745 1660 2771 οι
1672 2745 1752 2777 λαοί,
1769 2745 1866 2779 φυλαὶ

1072 2788 1119 2814 καί
1141 2787 1277 2822 γλῶσσαι
1297 2789 1377 2822 αὑτῷ
1396 2790 1630 2819 (δουλεύσουσιν,

1479 2857 1545 2885 ibid.
1559 2858 1603 2886 50.
1643 2859 1665 2874 ³⁸
1679 2858 1731 2886 lsa.
1745 2866 1819 2892 mn,
1837 2860 1862 2888 Ι.
