2074 3144
232 208 297 242 1599

717 215 872 246 LEONTII
898 215 1159 246 NEAPOLITANI
1177 217 1348 247 EPISCOPI

1783 215 1851 249 1600

229 266 381 300 cujusdam,
394 269 439 303 qui
457 276 571 305 peregre
587 270 726 305 profectus
742 275 784 298 est
795 272 829 298 ad
851 276 960 307 tempus
980 272 1011 299 ab

1067 272 1114 299 καὶ
1135 272 1280 299 δακτύλιον
1301 273 1349 299 καὶ
1367 273 1530 308 χαρακτῆρα
1554 272 1674 308 Χριστοῦ
1698 273 1779 299 αὐτον
1794 273 1854 308 βλέ-

229 309 291 342 lllis.
298 312 385 340 multo
394 321 456 349 erga
470 321 532 341 eum
543 315 643 343 aﬂ‘ectu
657 324 690 343 ex
698 316 787 343 anima
796 316 952 352 flagrantes,
960 317 1017 344 sive

229 355 331 390 virgam
344 357 403 392 ejus
418 359 445 385 in
462 359 543 387 domo
560 361 681 394 videant,
691 362 748 388 sive
762 362 866 394 sedem,
876 363 933 389 sive
944 363 1018 389 chla<

229 402 336 436 mydem
353 411 360 435 ;
375 404 433 431 haec
452 413 513 432 cum
544 406 669 442 lacrymis
688 407 880 434 deosculantcs
914 408 1017 442 ample-

228 450 350 480 ctuntur,
363 452 390 475 et
404 457 459 476 non
474 450 520 477 illa
540 452 664 482 ador-ant,
681 453 728 479 sed
741 458 846 487 patrem
858 453 1017 480 desiderant

228 496 255 518 et
270 492 426 527 honorant;
443 495 480 522 ita
502 501 530 523 et
552 504 604 524 nos
627 505 722 525 omnes
744 498 837 526 ﬁdeles
867 503 897 526 ut
913 499 1014 534 virgam

227 537 340 570 Christi,
363 546 472 567 crucem
490 541 638 569 adoramus
658 551 665 575 ;
682 548 711 570 ut
732 545 823 570 sedem
839 552 905 571 vero
927 549 954 571 et
969 552 1016 571 cu-

228 581 293 614 bile,
304 583 388 616 ipsius
400 585 602 613 sanctissimum
616 592 840 621 monumentum;
852 593 881 615 ut
893 588 1013 621 domum,

228 634 353 662 prmscpe
368 633 395 656 et
406 629 555 662 Bethleem.
568 636 595 659 et
615 638 707 660 sancta
722 634 783 669 ejus
801 638 899 661 caetera
925 635 1015 661 taber-

228 673 325 700 nacula
340 682 346 700 :
364 682 446 708 porro
460 681 488 703 ut
506 677 617 708 amicos,
634 677 693 712 ejus
709 680 848 713 apostolos
866 684 892 706 et
907 684 1014 707 sanctos

229 722 362 752 martyres
381 727 412 746 ac
424 720 542 755 reliquos
553 727 662 751 sanctos
678 724 738 758 ejus
754 733 760 751 :
775 729 802 752 at
821 733 886 752 vero
904 729 933 752 ut
948 726 1015 752 civi-

231 764 311 786 tatem
323 762 385 795 ejus
399 764 513 791 colimus
528 766 604 799 Sion,
620 772 650 794 ut
666 775 756 795 autem
771 769 863 796 villam
880 770 939 804 ejus
961 770 1013 796 ite-

229 811 289 831 rum
305 804 436 834 Nazareth
459 809 609 837 salutamus
628 820 635 844 ;
660 816 741 846 atque
761 817 788 840 ut
806 813 928 840 divinum
953 814 1012 848 ejus

228 848 379 884 lavacrum,
395 852 542 882 Iordanem
556 856 755 890 amplectimur.

1068 326 1174 349 παντες,
1186 318 1218 344 δι’
1234 318 1317 345 αὐτοῦ
1332 318 1378 344 τὸν
1391 319 1418 345 ἐν
1435 319 1509 353 αὺτῷ
1525 319 1715 354 σταυρωθέντα
1734 318 1854 350 ἀσπαζός

1073 363 1142 398 μεθα
1157 363 1204 390 καὶ
1216 363 1431 398 προσκυνοῦμεν.
1449 364 1503 390 Ka‘t
1517 364 1611 399 ὥσπερ
1627 365 1721 396 παῖδες
1734 366 1852 398 γνήσιοι,

1067 408 1185 442 πατέρος
1201 408 1273 439 τινὸς
1288 409 1515 443 ἀποδημήσαντος
1535 410 1604 444 πρὸς
1623 409 1719 445 καιρὸν
1737 410 1783 436 ἀπ’
1804 411 1854 436 αὑ-

1066 453 1131 485 τῶν,
1147 453 1231 488 πολλῇ
1244 454 1278 488 τῇ
1295 455 1395 488 στοργῇ
1411 454 1478 488 προς
1497 455 1578 480 αὑτὸν
1592 456 1623 480 ἐκ
1641 454 1729 489 ψυχῆς
1749 455 1853 481 διακεί-

1069 507 1154 533 μενοι,
1171 498 1223 525 κᾶν
1236 498 1285 534 τὴν
1301 499 1399 533 ῥάϐδον
1414 498 1498 525 αὑτοῦ
1515 500 1544 526 ὲν
1554 499 1592 533 τῷ
1607 499 1674 534 οἴκῳ
1691 499 1852 531 θεάσωνται,

1066 544 1117 570 κᾶν
1129 544 1179 579 τὴν
1195 544 1330 578 χλαμύδα,
1346 545 1433 570 ταῦτα
1450 544 1518 578 μετὰ
1530 544 1655 580 δακρύων
1671 545 1853 579 καταφελοῧν-

1065 597 1111 620 τες
1129 589 1312 620 ἀσπάζονται’
1331 589 1377 615 καὶ
1395 590 1445 615 οὐκ
1463 590 1553 615 ἐκεῖνα
1568 589 1715 623 τιμῶντες,
1729 589 1796 615 ἀλλὰ
1809 591 1854 616 τεν

1066 634 1171 668 πατέρα
1196 633 1341 665 ποθοῦντες
1366 634 1413 660 καὶ
1437 634 1585 668 τιμῶντες·
1609 634 1695 665 οὕτως
1715 634 1762 660 καὶ
1776 635 1852 669 ἡμεῖς

1064 680 1088 705 οἱ
1100 679 1189 705 πιστοὶ
1206 679 1336 710 ἅπαντες,
1354 679 1391 710 ὡς
1404 679 1454 713 μὲν
1468 678 1567 714 ῥάϐδον
1582 679 1699 714 Χριστοῦ
1713 679 1757 706 τὸν
1774 689 1854 706 σταυσ

1065 724 1111 759 ρδν
1135 724 1352 759 προσκυνοῦμεν.
1377 724 1414 755 ὡς
1433 725 1461 750 δὲ
1477 725 1583 761 θράνονὶ
1596 725 1643 751 καὶ
1663 725 1756 759 κοίτην
1772 725 1853 751 αὑτοῦ

1064 769 1093 796 τὸ
1109 770 1242 803 πανάγιον
1263 770 1368 804 μνῆμα,
1395 770 1432 801 ὡς
1457 770 1485 796 δὲ
1512 769 1584 796 οἷκον
1610 771 1660 805 τὴν
1679 770 1782 804 φάτνην
1808 772 1854 796 καὶ

1063 814 1112 850 τὴν
1125 814 1256 849 Βηθλεὲμ,
1274 815 1321 841 καὶ
1335 815 1368 841 τὰ
1383 815 1463 841 λοιπὰ
1481 815 1545 849 ἅγια
1563 815 1645 842 αὐτοῦ
1664 814 1833 849 σκηνώματα
1845 823 1852 830 ·

1064 861 1101 892 ὼς
1116 860 1144 885 δὲ
1156 861 1250 894 φίλους
1264 860 1358 891 αὐτοῦ,
1372 861 1434 892 τοὺς
1450 861 1617 892 ἀποστόλους
1632 861 1714 887 αὐτοῦ
1731 862 1778 887 καὶ
1792 861 1853 893 τοὺς

227 895 322 927 ἁγίους
347 898 489 934 μάρτυρας
507 901 556 927 καὶ
580 902 690 935 λοιποὺς
714 903 825 938 ἀγίους¹
841 903 878 936 ὡς
914 905 943 932 δὲ
974 906 1051 932 πόλιν
1071 906 1152 933 αὐτοῦ
1179 905 1313 941 σεὸὀμεθα
1325 906 1374 941 τὴν
1400 905 1479 933 Σιὼν.
1493 907 1530 938 ὡς
1550 907 1577 933 δὲ
1594 906 1687 941 χώραν
1707 906 1789 933 αὐτοῦ
1805 907 1854 942 τὴν

227 940 354 976 Ναζαρὲτ
380 944 573 980 ἀσπαζόμεθα,
598 947 646 973 καὶ
669 948 706 979 ὡς
722 949 793 975 θεῖον
811 950 893 977 αὑτοῦ
907 951 1019 987 λουτρὸν
1039 951 1082 978 τὸν
1104 952 1240 987 Ἰορδάνην
1259 940 1510 986 περιπτυσσόμεθα.

261 986 343 1014 Multa
352 988 452 1024 quippe
465 995 491 1017 et
501 991 631 1020 ineﬂ‘abili
641 1001 703 1029 erga
715 995 802 1029 ipsum
810 995 954 1024 aﬂcctione
967 986 1012 1024 ubi
1031 1000 1051 1025 Β

227 1033 363 1065 ascendit,
379 1035 422 1062 vel
435 1036 516 1069 sedit,
526 1038 567 1064 vel
583 1038 681 1070 illuxit,
701 1040 744 1066 vel
767 1041 865 1076 tetigit,
881 1047 928 1070 aut
956 1050 1014 1069 om-

227 1077 292 1104 nino
309 1079 483 1108 obumbravit
499 1090 505 1113 ;
527 1083 641 1111 colimus
672 1089 699 1112 et
716 1086 861 1113 adoramus
881 1092 910 1114 ut
925 1088 1015 1115 locum

227 1121 275 1149 Dei
293 1132 299 1149 :
317 1132 371 1151 non
396 1126 496 1159 locum,
523 1136 610 1163 neque
623 1129 742 1163 domum,
761 1139 849 1166 neque
865 1134 1013 1168 regionem,

227 1168 270 1194 vel
285 1169 423 1197 civitatem
442 1178 490 1200 aut
501 1173 606 1208 lapides
624 1175 802 1209 honorantes,
819 1178 866 1205 SCtl
883 1186 945 1205 cum
966 1181 1011 1213 qui

228 1211 255 1238 in
271 1212 324 1239 illis
341 1221 518 1244 conversatus
531 1223 582 1250 est,
593 1224 620 1246 et
634 1220 729 1253 illuxit,
747 1226 775 1248 et
795 1222 821 1248 in
837 1230 917 1250 carne
935 1223 1015 1250 iuno-

228 1257 290 1290 tuit,
304 1264 386 1293 atque
405 1261 439 1287 ab
455 1269 549 1290 errore
570 1263 705 1296 liberavit,
726 1265 864 1293 Christum
889 1268 1015 1296 videlicet

179 1314 187 1321 -
228 1302 370 1332 Dominum
388 1311 512 1334 nostrum
528 1314 574 1340 ;et.
590 1317 638 1343 per
665 1311 802 1338 Christum
823 1320 854 1338 ea
870 1321 930 1347 quae
951 1319 1015 1341 sunt

227 1348 337 1382 Christi,
353 1352 506 1385 passionem
526 1354 552 1380 in
565 1355 708 1388 ecclesiis,
722 1361 748 1383 et
762 1357 899 1390 domibus,
912 1364 939 1386 et
957 1359 1013 1393 pla-

228 1395 291 1425 teis,
304 1400 331 1422 et
344 1396 371 1423 in
386 1394 561 1434 imaginihus.
574 1405 602 1427 et
615 1401 640 1427 in
659 1401 866 1435 sindonibus,et
883 1404 910 1431 iu
931 1413 1013 1439 pene-

228 1442 353 1475 tralibus,
371 1449 396 1472 et
414 1445 440 1472 in
475 1446 656 1478 vestimentis,
670 1451 697 1474 et
716 1447 743 1474 iu
761 1449 833 1475 omni
846 1449 905 1476 loco
918 1449 1013 1477 forma-

228 1495 303 1514 mus:
314 1493 343 1516 ut
358 1489 526 1518 incessanter
534 1492 699 1526 aspicientes
709 1493 766 1521 hwc
775 1501 1010 1527 eommoneamur,

227 1536 316 1560 etnon
328 1534 531 1569 obliviscamur,
546 1543 575 1564 ut
586 1543 614 1564 tu
629 1546 657 1564 es
671 1538 772 1565 oblitus
787 1539 894 1566 Domini
908 1539 953 1567 Dei
963 1541 1011 1568 tui.

229 1578 260 1604 Et
271 1579 343 1606 sicut
354 1584 380 1606 tu
397 1581 513 1609 adorans
526 1583 626 1610 librum
639 1583 716 1617 legis,
729 1591 784 1611 non
808 1590 932 1612 naturam
955 1586 1012 1621 pcl-

227 1620 292 1648 lium
314 1623 356 1649 vel
369 1626 524 1658 atramenti,
548 1634 607 1660 quae
627 1628 654 1654 in
681 1629 739 1662 ipso
760 1632 814 1660 est,
836 1629 943 1662 adoras,
965 1630 1012 1657 sed

227 1665 309 1691 verba
335 1665 380 1692 Dei
396 1675 457 1700 qua:
471 1669 564 1702 jacent
580 1670 607 1697 in
630 1679 680 1703 eo,
710 1673 746 1699 ita
757 1676 785 1698 ct
795 1680 845 1707 ego
866 1674 1010 1709 imaginem

226 1706 328 1734 Christi
344 1710 470 1743 adorans,
485 1719 539 1739 non
554 1719 678 1742 naturam
694 1716 828 1751 lignorum
846 1722 872 1744 et
889 1719 1011 1747 colorum

227 1753 311 1779 adoro
323 1754 412 1787 (absit
422 1755 449 1790 Ι)
464 1757 511 1784 sed
521 1758 701 1787 inanimatum
711 1762 895 1790 characterem
911 1763 1011 1791 Christi

227 1801 333 1829 tenens.
348 1807 397 1834 per
415 1808 476 1828 eum
492 1802 631 1832 Christum
648 1811 742 1834 tenere
758 1815 839 1842 spero
863 1808 920 1844 [σν.
942 1810 1010 1836 mihi

226 1841 343 1879 videor,]
357 1848 385 1870 et
403 1845 526 1875 adorare.
542 1847 575 1875 Et
588 1849 659 1877 sicut
673 1850 757 1878 Jacob
769 1841 906 1887 acceptam
920 1862 934 1880 ιι
949 1854 1011 1882 ﬁliis

225 1887 280 1913 tuis
296 1889 415 1916 tunicam
435 1891 536 1919 variam
545 1898 573 1919 et
587 1896 823 1931 sanguinolentam
833 1897 934 1933 Ioseph
948 1900 1012 1927 deo-

224 1932 345 1961 sculatus
358 1940 400 1962 est
411 1944 472 1963 eum
484 1937 620 1974 lacrymis,
638 1945 665 1968 et
691 1943 810 1977 propriis
835 1945 922 1971 oculis
942 1945 1011 1972 hanc

224 1977 431 2014 circumposuit,
448 1987 476 2009 et
488 1991 542 2010 non
555 1986 747 2014 vestimentum
758 1996 854 2016 amans
870 1990 911 2017 vel
927 1991 1012 2018 hono-

223 2031 299 2056 rans,
313 2026 365 2054 hoc
376 2026 451 2060 fecit,
462 2030 509 2057 sed
520 2039 567 2065 per
578 2032 604 2059 id
618 2033 863 2070 aastimansloseph
880 2037 1009 2070 osculari,

221 2073 251 2097 et
266 2070 293 2097 in
305 2073 431 2100 manibus
440 2081 503 2102 eum
523 2076 624 2104 habere
637 2078 672 2110 "‘,
690 2079 726 2106 ita
745 2084 771 2107 et
786 2080 935 2109 Christiani
950 2083 1011 2109 uni-

221 2115 292 2142 versi
302 2116 446 2151 imaginem
454 2119 554 2148 Christi
565 2122 604 2149 vel
613 2125 797 2157 apostolorum
806 2131 853 2153 aut
862 2133 1009 2163 martyrum

222 2161 347 2186 tenentes
355 2165 402 2188 aut
411 2163 560 2192 salutantes
570 2174 662 2200 carne,
672 2169 760 2196 anima
773 2171 861 2205 ipsum
872 2172 1010 2200 Christum

220 2204 392 2234 :estimamus
420 2208 462 2235 vel
483 2215 628 2246 martyrem
645 2214 705 2248 ejus
734 2215 854 2243 habitum
879 2218 1008 2246 retinere.

220 2247 345 2284 Dicergo
359 2251 425 2277 mihi
442 2256 480 2285 tu,
496 2254 541 2288 qui
564 2247 686 2290 opinaris
713 2258 783 2285 nihil
801 2268 883 2287 manu
896 2261 1008 2296 factum,

218 2293 260 2320 vel
281 2294 348 2321 nihil
361 2297 473 2324 omnino
486 2304 608 2327 creatum
623 2302 803 2334 adorandum,
831 2313 1008 2341 nunquamne

219 2339 388 2374 Inultoliens,
404 2344 520 2372 muliere
537 2350 593 2377 tua,
604 2347 645 2374 vel
661 2347 722 2376 tiliis
735 2351 859 2382 mortuis,
875 2353 1006 2386 tunicam,

219 2385 260 2411 vel
272 2393 463 2416 ornamentum
480 2390 541 2424 ejus
557 2392 644 2419 visum
659 2394 685 2420 iu
701 2395 826 2423 cubiculo
841 2402 886 2424 tuo
902 2399 1008 2425 oscula—

218 2433 262 2457 tus
271 2438 312 2462 es,
329 2436 356 2459 et
370 2433 497 2469 lacrymis
514 2436 578 2464 illud
593 2438 726 2471 infudisti,
743 2445 770 2468 et
786 2441 812 2468 in
837 2442 889 2470 hoc
908 2452 962 2470 non
978 2453 1007 2472 es

217 2476 414 2505 condemnatus
431 2481 442 2506 ?
457 2489 513 2508 non
522 2482 596 2509 enim
614 2489 643 2510 ut
656 2485 741 2512 Deum
758 2488 921 2515 vestimenta
938 2491 1006 2517 ado-

217 2520 291 2551 rasti,
314 2522 361 2548 scd
385 2530 504 2553 amorem
525 2535 574 2562 per
594 2530 717 2557 osculum
735 2532 805 2560 circa
822 2533 896 2561 illum
913 2540 1006 2562 osten-

216 2563 290 2596 disti,
321 2566 366 2599 qui
394 2568 445 2595 hoc
466 2571 610 2605 aliquando
644 2575 733 2603 fuerat
760 2577 991 2608 circumamictus.

215 2609 281 2636 Nam
292 2614 318 2636 ct
329 2611 380 2645 ipsi
391 2617 468 2640 natos
479 2622 587 2645 nostros
596 2624 622 2646 ct
631 2625 720 2654 patres
729 2627 834 2650 creatos
841 2625 1004 2653 cxsistcntes

215 2659 243 2682 et
258 2661 417 2690 peccatores
435 2661 593 2691 multoticns
607 2666 765 2699 salutamus,
784 2674 811 2696 et
837 2670 864 2696 in
884 2671 934 2698 hoc
951 2673 1003 2698 mi-

215 2700 288 2727 nime
301 2703 531 2739 condemnamur;
546 2715 600 2735 non
616 2711 688 2737 enim
712 2717 742 2739 ut
758 2713 826 2741 Deos
852 2716 1002 2744 salutamus

214 2753 271 2775 eos.
285 2747 334 2775 sed
346 2748 520 2777 all‘eetionem
541 2758 644 2780 natura:
665 2763 763 2785 nostrae
788 2767 851 2794 erga
867 2760 926 2787 illos
953 2769 1002 2795 per

214 2790 337 2818 osculum
352 2793 579 2824 demonstremus.
595 2798 628 2826 Ut
645 2807 708 2836 ergo
722 2810 793 2838 Str-pc
809 2805 872 2837 dixi,
887 2806 1002 2834 intentio

250 2880 272 2897 "‘
288 2879 354 2908 Gen.
382 2891 485 2915 sum.
506 2885 539 2912 3'.’
552 2896 625 2923 seqq.

1100 998 1139 1032 Τῇ
1153 998 1207 1032 γὰρ
1227 997 1310 1032 πολλῇ
1323 998 1370 1023 καὶ
1383 998 1439 1030 ἀρά
1447 1006 1480 1032 τῳ
1494 997 1561 1031 πρὸς
1579 997 1660 1023 αὑτὸν
1673 998 1775 1032 στοργῇ
1791 997 1854 1023 ἔνθα

1067 1043 1164 1078 ἐπέϐη,
1185 1043 1200 1078 ἦ
1221 1043 1379 1073 κεκάθικεν,
1397 1043 1413 1078 ἦ
1434 1044 1578 1078 ἐπέφανεν,
1599 1043 1615 1077 ἢ
1635 1042 1733 1077 ἥψατο,
1756 1042 1854 1078 ῆὸλως

1066 1087 1225 1119 ὲπεσκίασε,
1252 1087 1398 1122 σεὸόμεθα,
1428 1088 1473 1114 καὶ
1498 1087 1704 1123 προσκυνοῦμεν
1722 1088 1760 1119 ὡς
1774 1087 1854 1114 τόπον

1066 1132 1133 1159 Θεοῦ
1148 1141 1154 1147 ·
1170 1134 1200 1158 οὑ
1216 1133 1260 1160 τὸν
1274 1134 1365 1165 τόπον,
1383 1133 1442 1160 οὐδὲ
1456 1134 1500 1160 τὸν
1512 1132 1596 1164 οἷκον,
1611 1134 1670 1160 οὐδὲ
1689 1134 1738 1169 τὴν
1751 1134 1852 1168 χώραν,

1065 1177 1082 1213 ἢ
1101 1178 1148 1213 τὴν
1170 1179 1257 1208 πόλιν.
1277 1179 1292 1214 ἢ
1308 1180 1370 1209 τοὺς
1394 1179 1484 1210 λίθους
1495 1180 1629 1213 τιμῶντες
1641 1187 1647 1193 ·
1663 1179 1730 1205 ἀλλὰ
1756 1179 1800 1205 τὸν
1824 1180 1854 1205 ὲν

1065 1224 1156 1255 αὐτοῖς
1183 1225 1391 1260 ἀναστραφέντα
1421 1225 1468 1251 καὶ
1495 1225 1659 1258 ἐπιφανέντα
1686 1225 1732 1250 καὶ
1753 1233 1853 1258 γνωρι-

1065 1269 1162 1295 σθέντα
1179 1269 1270 1304 σαρκὶ,
1288 1270 1333 1295 καὶ
1345 1271 1419 1304 ἡμᾶς
1437 1270 1488 1304 τῆς
1503 1270 1607 1305 πλάνης
1629 1269 1852 1304 ἐλευθερώσαντα

1065 1314 1181 1349 Χριστὺν
1198 1315 1242 1340 τὸν
1257 1315 1322 1341 Θεὸν
1336 1316 1413 1350 ἡμῶν
1426 1324 1431 1330 ·
1448 1316 1494 1341 καὶ
1508 1315 1550 1341 διὰ
1561 1315 1608 1341 τὸν
1622 1316 1737 1350 Χριστον
1755 1316 1802 1341 καὶ
1819 1315 1852 1341 τὰ

1065 1361 1183 1396 Χριστοῦ
1209 1362 1281 1396 παθη
1298 1362 1326 1387 ὲν
1345 1361 1514 1395 ἐκκλησίαις,
1538 1362 1585 1387 καὶ
1610 1360 1705 1392 οἴκοις,
1728 1362 1853 1394 καίἀγο-

1066 1407 1135 1438 ρκῖς,
1153 1406 1198 1431 καὶ
1214 1407 1244 1431 ἑν
1260 1405 1358 1432 σινδόσι
1382 1407 1428 1432 καὶ
1449 1407 1477 1431 ὲν
1495 1406 1638 1440 ταμιείοις,
1656 1407 1699 1432 καὶ
1723 1406 1850 1439 ἱματίοις,

1065 1451 1110 1476 καὶ
1125 1451 1152 1476 ἐν
1169 1451 1250 1476 παντὶ
1265 1451 1340 1485 τόπῳ
1359 1450 1531 1486 ὲκτυποῦμεν
1542 1460 1548 1466 ·
1564 1452 1607 1477 ἵνα
1623 1451 1753 1485 διηνεκῶς
1768 1451 1853 1485 ὀρῶν-

1062 1503 1108 1526 τες
1130 1496 1216 1522 ταῦτα
1233 1496 1518 1531 ὑπομιμνησκώμεθα,
1540 1497 1586 1522 καὶ
1611 1495 1648 1531 μὴ
1671 1495 1852 1521 ἐπιλανθανώ-

1065 1541 1145 1575 μεθα,
1169 1542 1206 1573 ὡς
1232 1542 1264 1568 σὺ
1279 1542 1412 1568 ἐπελάθου
1439 1542 1542 1577 Κυρίου
1568 1541 1616 1568 τοῦ
1635 1541 1702 1568 Θεοῦ
1719 1550 1782 1568 σουσ
1807 1543 1854 1568 καὶ

1063 1585 1156 1621 ὥσπερ
1175 1587 1206 1612 σὺ
1221 1587 1383 1620 προσκυνῶν
1403 1587 1434 1613 τὸ
1457 1587 1559 1621 βιόλιον
1579 1587 1627 1614 τοῦ
1647 1588 1741 1622 νόμου,
1761 1588 1791 1614 οὐ
1805 1587 1854 1622 τὴν

1064 1630 1146 1663 φύσιν
1173 1630 1228 1656 τῶν
1253 1632 1281 1656 ὲν
1310 1631 1384 1666 αὐτῷ
1407 1631 1550 1666 δερμάτων
1587 1631 1635 1657 καὶ
1661 1630 1708 1657 τοῦ
1740 1630 1854 1665 μέλανος

1025 1668 1046 1694 C
1063 1675 1235 1709 προσκυνεῖς,
1261 1675 1329 1702 ἀλλὰ
1344 1676 1406 1707 τοὺς
1423 1675 1518 1709 λόγους
1534 1675 1662 1713 τοῦρεοῦ
1678 1676 1740 1706 τοὺς
1753 1676 1782 1701 ἐν
1801 1676 1850 1701 αὑ-

1061 1720 1100 1755 τῴ
1116 1720 1275 1755 κειμένους·
1308 1721 1394 1752 οὕτως
1419 1720 1495 1756 κάγὼ
1519 1721 1568 1756 τὴν
1595 1721 1688 1748 εἰκόνα
1713 1721 1759 1747 τοῦ
1786 1721 1853 1747 Θεοῦ

1061 1765 1234 1800 προσκυνῶν,
1253 1766 1282 1792 οὐ
1297 1766 1346 1801 τὴν
1361 1766 1443 1800 φύσιν
1455 1766 1509 1793 τῶν
1527 1767 1614 1800 ξύλων
1637 1767 1684 1793 καὶ
1698 1767 1853 1802 χρωμάτων

1062 1811 1208 1844 προσκυνῶ
1218 1819 1226 1827 ο
1244 1811 1281 1846 μὴ
1297 1812 1401 1846 γένοιτο
1411 1820 1418 1827 ·
1434 1812 1502 1839 ἀλλὰ
1513 1812 1557 1839 τὸν
1573 1812 1676 1848 ἄψυχον
1691 1813 1854 1848 χαρακτῆρα

1061 1855 1178 1891 Χριστοῦ
1200 1857 1321 1890 κρατῶν,
1345 1857 1378 1884 δι’
1396 1858 1478 1885 αὐτοῦ
1505 1859 1622 1894 Χριστὸν
1646 1860 1757 1894 κρατεῖν
1782 1858 1853 1884 δοκῶ

1063 1903 1110 1928 καὶ
1124 1905 1297 1936 προσκυνεῖν.
1315 1904 1370 1930 Καὶ
1394 1904 1488 1940 ὥσπερ
1500 1905 1514 1931 ὁ
1533 1904 1630 1930 Ἰακὼϐ
1642 1905 1788 1940 δεξάμενος
1801 1913 1852 1930 πα-

1063 1947 1098 1983 ρὰ
1116 1948 1169 1974 τῶν
1185 1949 1251 1975 υἱῶν
1266 1949 1348 1975 αὑτοῦ
1364 1950 1467 1984 χιτῶνα
1483 1950 1605 1977 ποικίλον
1625 1950 1783 1986 ᾑμαγμένον
1804 1949 1851 1976 τοῦ

1068 1993 1178 2028 Ἰωσὴφ,
1197 1994 1363 2029 κατεφίλησε
1390 1996 1459 2029 μετὰ
1481 1995 1617 2031 δακρύων,
1635 1997 1683 2022 καὶ
1704 1998 1761 2028 τοῖς
1777 1996 1852 2027 ἰδίοις

1061 2038 1210 2073 ὀφθαλμοῖς
1224 2039 1303 2066 τοῦτο
1315 2040 1487 2075 περιέθηκεν,
1507 2042 1554 2068 καὶ
1569 2042 1600 2067 οὗ
1619 2041 1650 2067 τὸ
1665 2041 1772 2076 ἱμάτιον
1785 2042 1853 2075 ἀγα-

1061 2083 1130 2116 πῶν,
1150 2085 1166 2118 ἢ
1183 2085 1282 2119 τιμῶν,
1302 2085 1383 2112 τοῦτο
1399 2087 1537 2121 ἐποίησεν,
1553 2087 1620 2113 ἀλλὰ
1637 2087 1668 2113 δι’
1680 2088 1763 2114 αὑτοῦ
1776 2088 1852 2121 νομῖ-

1061 2128 1115 2161 ξων
1138 2130 1184 2156 τὸν
1206 2131 1306 2166 Ἰωσὴφ
1330 2132 1500 2166 καταφιλεῖν,
1523 2133 1571 2159 καὶ
1599 2133 1628 2159 ἐν
1653 2134 1748 2168 χερσὶν
1771 2134 1852 2160 αὑτὸν

1061 2175 1187 2210 κατέχειν
1197 2184 1204 2191 ·
1230 2176 1302 2203 οὕτω
1325 2178 1372 2203 καὶ
1388 2178 1547 2213 Χριστιανοὶ
1567 2179 1666 2210 πάντες
1680 2179 1772 2205 εἰκόνα
1786 2179 1852 2214 Χρι-

1064 2219 1137 2252 στοῦ,
1159 2220 1176 2255 ἢ
1201 2222 1371 2254 ἀποστόλου,
1400 2222 1416 2257 ἢ
1449 2223 1585 2258 μάρτυρος
1614 2223 1778 2257 κρατοῦντες
1805 2224 1852 2250 καὶ

1062 2265 1248 2300 ἀσπαζόμενοι
1270 2268 1303 2302 τῇ
1322 2268 1415 2302 σαρκὶ,
1435 2270 1467 2303 τῇ
1491 2269 1564 2304 ψυχῇ
1578 2268 1660 2294 αὑτὸν
1674 2269 1718 2294 τὸν
1734 2269 1852 2303 Χριστλν

1025 2332 1046 2358 D
1061 2310 1208 2345 νομιζομεν
1222 2312 1237 2346 ἢ
1251 2312 1297 2338 τὸν
1315 2313 1442 2348 μάρτυρα
1462 2314 1545 2340 αὑτοῦ
1561 2318 1697 2349 κατέχειν.
1725 2315 1792 2341 Εἰπέ
1805 2324 1851 2350 μοι

1062 2357 1093 2382 σὺ
1110 2356 1124 2382 ὁ
1148 2357 1265 2391 νομίζων
1280 2359 1472 2394 χειροποίητον
1495 2360 1587 2395 μηδὲν,
1609 2361 1624 2395 ἥ
1649 2361 1716 2392 ὅλως
1743 2362 1850 2388 κτιστδν

1060 2404 1233 2436 προσκυνεῖν,
1246 2401 1300 2439 ἆρα
1312 2405 1342 2430 οὐ
1359 2405 1489 2437 πολλάκις
1503 2407 1632 2439 γυναικὸς
1652 2408 1702 2442 σῆς
1717 2407 1732 2441 ῆ
1748 2407 1850 2433 τέκνων

1058 2447 1278 2482 τελευτησάντων
1295 2449 1430 2485 χιτῶναῆ
1453 2451 1591 2485 κοσμίδιον
1617 2451 1678 2477 ἰδὼν
1703 2451 1732 2477 ὲν
1752 2452 1790 2486 τῷ
1811 2451 1850 2485 σῷ

1058 2494 1185 2528 ταμιείῳ,
1211 2495 1352 2529 κρατήσας
1379 2496 1521 2530 ἐφίλησας,
1552 2497 1599 2524 καὶ
1623 2497 1756 2534 δάκρυσιν
1783 2498 1850 2523 uini.

1058 2539 1236 2574 κατέϐρεξας,
1254 2541 1300 2566 καὶ
1322 2542 1372 2567 οὐκ
1395 2543 1424 2568 ἐν
1438 2542 1526 2578 τούτῳ
1545 2543 1726 2578 κατεκρίθης;
1743 2545 1781 2570 Οὐ
1795 2545 1848 2579 γὰρ

1055 2583 1092 2613 ὡς
1108 2585 1174 2611 Θεὺν
1187 2586 1222 2611 τὰ
1245 2585 1341 2619 ἱμάτια
1362 2589 1590 2622 προσεκύνησας,
1610 2589 1678 2615 ἀλλὰ
1701 2589 1746 2615 τὶν
1767 2590 1848 2615 πόθον

1056 2629 1124 2664 πρὸς
1137 2630 1183 2656 τόν
1198 2640 1263 2657 ποτε
1288 2633 1355 2658 αὐτὸ
1377 2634 1612 2668 περιεεϐλημένον
1633 2635 1677 2660 ’διᾶ
1701 2634 1746 2660 τοῦ
1768 2635 1848 2669 φιλή-

1057 2683 1140 2708 ματος
1154 2676 1275 2709 ἓδειξας⁶
1302 2679 1362 2704 ἐπεὶ
1386 2680 1433 2705 καὶ
1455 2680 1526 2705 αὐτὰ
1548 2680 1626 2714 ἡμῶν
1646 2679 1679 2706 τὰ
1702 2680 1783 2706 τέκνα
1800 2681 1847 2707 καὶ

1053 2720 1116 2751 τοὺς
1135 2722 1254 2756 πατέρας
1271 2724 1397 2755 κτιστοῦς
1422 2724 1502 2756 ὄντας
1520 2727 1566 2751 καὶ
1584 2726 1764 2761 ἁμαρτωλοὺς
1783 2726 1843 2752 πολ-

1056 2765 1133 2797 λάκις
1157 2768 1347 2803 ἀσπαζόμεθα,
1380 2771 1428 2796 καὶ
1451 2771 1502 2797 οὐκ
1517 2772 1545 2797 ἐν
1569 2772 1657 2806 τούτῳ
1682 2773 1846 2806 κατακρινὸ-

1059 2812 1136 2846 μεθα.
1156 2813 1192 2838 Οὐ
1215 2814 1269 2849 γὰρ
1293 2815 1331 2846 ὡς
1347 2815 1424 2847 θεοὺς
1451 2816 1548 2848 αὐτοὺς
1569 2818 1757 2852 ὸσπαζὴμεθα,
1778 2817 1845 2844 ἀλλὰ
