2074 3144
223 165 287 197 1601

773 168 901 199 SERMO
926 169 1073 200 CONTRA
1098 171 1261 202 JUDEOS.

1774 176 1840 208 Ιίὶοῖτ

219 220 267 255 τὴν
284 222 400 257 στοργήν
417 222 496 257 ἡμῶν
513 222 562 256 τῆς
579 222 685 255 φύσεως
700 224 749 259 τὴν
767 224 833 259 προς
848 225 946 256 αὐτοὺς
961 225 1000 251 διὰ

1056 227 1208 260 exquiritur
1222 228 1247 254 iu
1263 229 1336 256 omni
1350 230 1522 264 salutatione,
1539 236 1566 258 et
1582 232 1654 259 omni
1671 233 1838 260 adoratione.

220 267 265 292 τοῦ
281 267 433 302 φιλήματος
445 268 648 303 ἐνδεικνύμεοα.
674 270 717 301 Ὠς
739 270 803 303 γοῦν
821 270 950 301 πολλάκις
965 269 1004 296 εἶ-

218 320 279 344 πον,
293 314 307 339 ὁ
321 313 420 344 σκοπὸς
433 313 588 346 ἐξετάζεται
603 315 648 340 ἐπὶ
671 315 771 346 παντὸς
786 315 943 350 ἀσπασμοῦ,
958 315 1006 342 καὶ

218 357 264 383 ἐπὶ
281 360 370 393 πάσης
396 360 618 394 προσκυνήσεως.
637 361 667 386 Εἰ
691 361 719 386 δὲ
736 360 862 393 ἐγκαλεῖς
886 369 941 394 μοι,
964 361 1006 386 ὅτι

1058 270 1141 298 Porro
1165 273 1187 299 si
1203 281 1245 299 me
1265 281 1376 301 accusas
1389 276 1461 309 quod
1479 277 1555 310 quasi
1577 277 1719 304 Dominum
1737 278 1839 313 lignum

1058 316 1168 343 adorem
1191 319 1289 350 crucis,
1310 328 1393 354 quare
1410 329 1464 348 non
1487 322 1659 349 calumniaris
1681 323 1774 354 Jacob,
1792 323 1839 358 qui

1058 361 1181 389 adoravit
1197 371 1279 399 super
1304 366 1489 393 summitatem
1513 367 1595 403 virga:
1616 368 1770 403 Joseph"?

218 403 254 433 ὡς
271 402 336 429 Θεὸν
350 404 495 438 προσκυνῶ
510 404 540 430 τὺ
556 404 633 437 ξύλον
648 405 694 432 τοῦ
712 405 839 440 σταυροῦ,
858 406 900 432 διὰ
914 406 939 431 τί
954 406 1003 431 οὐκ
1022 404 1148 439 ἐγκαλεῖς
1164 409 1203 444 τῷ
1229 410 1326 437 Ἰακίυῦ
1339 413 1557 447 προσκυνήσαντι
1568 415 1613 440 ἐπὶ
1626 413 1655 440 τὸ
1678 413 1762 448 ἄκρον
1790 415 1840 449 τῆς

219 448 317 484 ῥάϐδου
333 448 380 475 τοῦ
398 449 496 485 Ἰωσήφ
507 458 514 482 ;

259 496 339 523 Ἀλλὰ
357 497 498 532 πρόδηλον,
513 498 553 523 ὃτι
568 498 598 524 οὗ
614 498 643 524 τὸ
658 497 735 531 ξύλον
753 498 814 525 ἰδὼν
830 498 999 534 προσεκύνη-

218 550 272 573 σεν,
289 542 356 568 ἀλλὰ
367 542 410 568 διὰ
426 543 471 568 τοῦ
484 542 561 574 ξύλου
573 543 617 568 τδν
635 543 744 578 Ἰωσὴφ,
755 543 850 581 ὥσπερ
865 544 911 569 καὶ
921 543 1001 578 ἡμεῖς

216 588 260 614 διὰ
273 587 319 614 τοῦ
338 587 455 622 σταυροῦ
474 588 519 614 τὸν
535 588 661 622 Χριστόν.
686 589 761 613 Ἐπεὶ
780 589 826 614 καὶ
841 589 896 618 τοῖς
910 587 1002 622 πωλή-

217 642 280 661 οασι
295 633 340 659 τὶν
349 634 433 666 τάξον
444 633 569 659 ἀσεϐέσιν
584 632 737 668 ἀνθρώποις
750 634 764 660 ὁ
783 633 908 668 Ἀϐραὰμ
918 641 1000 668 προσ-

215 680 340 714 εκύνησε,
368 678 414 705 καὶ
439 679 503 713 γόνυ
521 679 643 714 ἔκαμψεν
662 679 708 705 ἐπὶ
728 679 775 714 τὴν
792 680 860 713 γῆν·
877 679 934 705 ἀλλ’
951 679 1000 713 οὐχ

215 726 252 757 ὡς
270 726 347 756 θεοὺς
363 725 461 756 αὐτοὺς
475 724 673 760 προσεκύνησε.
697 725 752 751 Καὶ
768 724 849 751 πάλιν
869 725 883 751 ὁ
905 724 999 751 Ἰακὼὸ

215 771 259 797 τὸν
273 770 373 805 Φαραὼ
389 770 535 805 εὐλόγησεν
547 770 633 804 ἀσεϐῆ
648 770 694 795 7.11
713 770 910 804 εἰδωλολάτρην
922 770 998 801 ὄντα,

215 815 272 841 ἀλλ’
288 815 336 850 οὐχ
356 815 393 846 ὼς
414 815 480 841 Θεὸν
499 815 582 841 αὑτὸν
605 815 745 850 εὐλόγησε.
769 816 824 842 Καὶ
850 808 930 841 πάλιν
953 816 998 843 τὸν

222 861 308 888 Ἡσαῦ
329 861 419 887 πεσὼν
434 861 646 896 προσεκύνησεν,
663 861 720 887 ἀλλ’
743 860 791 896 οὐχ
805 861 842 892 ὡς
858 861 933 888 Θεόν.
952 859 999 887 Εἷ-

214 905 257 936 δες
276 906 374 937 πόσους
391 906 553 941 ἀσπασμοὺς
575 906 620 932 καὶ
642 907 841 941 προσκυνήσεις
855 906 998 939 ἀπεδείξα-

1092 496 1144 524 Sed
1158 498 1329 526 manifestum
1339 505 1388 533 est,
1397 500 1458 534 quia
1466 509 1520 527 non
1528 501 1628 536 lignum
1639 501 1733 528 videns
1741 502 1840 529 adora-

1054 543 1102 574 vit,
1113 543 1158 570 sed
1170 552 1217 578 per
1226 544 1326 579 lignum
1337 546 1427 580 virgae.
1442 546 1541 580 Joseph
1554 555 1561 578 ;
1574 547 1800 581 quemadmodum
1811 552 1838 574 et

1054 595 1104 614 nos
1122 596 1170 622 per
1185 597 1305 620 crucem,
1317 590 1466 618 Christum.
1481 591 1548 617 Nam
1562 596 1589 618 et
1602 591 1698 626 impios
1716 592 1838 620 homines

1054 633 1098 666 qui
1114 634 1294 661 vendiderunt
1309 636 1473 669 sepulcrum,
1487 636 1622 663 Abraham
1636 638 1759 664 adoravit
1776 638 1796 669 ¹,
1810 643 1838 665 et

1054 686 1124 711 genu
1136 680 1257 706 curvavit
1268 687 1350 714 super
1360 686 1458 707 terram
1470 682 1531 712 ;sed
1543 690 1597 708 non
1608 686 1635 708 ut
1649 682 1714 709 deos
1721 690 1767 709 eos
1777 683 1840 709 ado-

1054 723 1132 750 ravit.
1150 724 1182 751 Et
1202 732 1296 752 rursus
1311 725 1393 752 Jacob
1409 726 1542 753 Pharaoni
1562 727 1700 754 benedixit
1714 727 1796 762 impio
1812 733 1840 754 et

1053 769 1211 804 idololatrm,
1227 771 1274 797 sed
1283 779 1337 797 non
1349 776 1378 798 ut
1389 772 1443 799 Deo
1453 772 1487 798 illi
1499 772 1635 800 benedixit
1648 773 1666 799 ‘.
1685 773 1718 799 Et
1730 772 1837 801 iterum.

1052 815 1124 842 Esau
1143 816 1241 843 cadens
1256 816 1387 848 adoravit,
1415 817 1462 844 sed
1481 825 1534 844 non
1558 821 1587 844 ut
1606 817 1688 844 Deum
1705 818 1724 843 ³.
1743 816 1838 844 Vidisti

1052 865 1119 895 quot
1142 861 1318 889 salutationes
1343 866 1370 889 et
1392 862 1564 889 adorationes
1589 862 1838 890 demonstravimus

1052 905 1101 933 tibi
1122 914 1156 933 ex
1181 906 1337 941 Scripturis,
1352 915 1406 934 non
1420 907 1551 934 habentes
1574 907 1838 941 reprehensionem?

217 952 266 985 μέν
279 959 320 976 σοι
333 951 484 986 Γραφικὰς,
500 951 549 977 καὶ
562 951 599 986 μὴ
611 951 725 986 ἐχούσας
739 951 912 985 κατάγνωσιν
923 960 931 984 ',
944 952 999 979 Καὶ

1051 951 1085 978 Et
1097 956 1125 978 tu
1133 951 1244 986 quidem
1260 952 1402 987 conjugem
1420 956 1492 978 tuam
1509 951 1631 978 fortassis
1639 952 1836 986 etimpudicam

216 997 248 1024 σὺ
263 997 312 1032 μὲν
323 997 373 1032 τὴν
388 998 436 1032 σὴν
453 997 576 1032 σῦμϐιον,
595 998 661 1029 ἴσως
669 998 715 1024 καὶ
727 998 843 1033 ἄσεμνον
856 997 938 1025 οὖσαν
954 999 1002 1026 καὶ

215 1043 341 1078 ἐμπαθῆ,
360 1043 421 1070 καθ’
437 1044 555 1078 ἑκάστην
564 1043 800 1078 ἀσπαζόμενος,ού
813 1045 1001 1078 καταγνωστὸς

215 1088 257 1115 εἴ·
275 1090 377 1125 καίπερ
388 1089 506 1124 οὐδαμοῦ
521 1098 562 1116 σοι
583 1089 630 1116 τοῦ
652 1089 719 1116 Θεοῦ
740 1090 895 1124 σωματικὸν
908 1090 1001 1117 ἀσπα-

217 1135 284 1169 σμὸν
301 1135 429 1169 γυναικὸς
445 1134 637 1169 ἐντειλαμένου
648 1142 654 1149 '
683 1135 734 1169 ἐμὲ
756 1134 785 1161 δὲ
802 1135 871 1161 ὲπὰιν
892 1135 949 1171 ἴδῃς
964 1136 1002 1161 εἰ-

216 1180 282 1206 κόνα
297 1181 343 1206 τοῦ
360 1179 488 1214 Χριστοῦ,
501 1180 518 1215 ἢ
533 1180 582 1215 τῆς
598 1180 769 1215 παναμώμου
784 1181 866 1206 αὐτοῦ
878 1181 999 1216 Μητρος,

215 1226 232 1260 ἢ
249 1225 329 1252 ἄλλου
347 1226 418 1257 τινος
431 1226 536 1252 δικαίου
549 1225 750 1260 ἀσπαζόμενον,
762 1226 938 1259 ἀγανακτεῖς,
954 1226 1001 1252 καὶ

215 1270 317 1301 εὐθέως
349 1270 516 1305 βλασφημῶν
544 1271 697 1306 ἁποττηδᾷς,
732 1271 779 1297 καὶ
805 1271 1001 1306 εἰδωλολατρας

188 1327 189 1330 η
215 1317 288 1351 ἡμᾶς
299 1316 456 1347 ἀποκαλεῖς.
467 1314 533 1342 Εἶτα
542 1316 591 1342 οὐκ
598 1316 724 1351 αἰσχύνῃ,
737 1316 796 1342 εἰπέ
810 1324 871 1350 μοι;
882 1316 912 1342 οὐ
922 1316 1002 1351 φρίσ-

217 1370 290 1394 σεις;
309 1362 340 1388 οὐ
356 1363 487 1397 τρέμεις;
502 1363 552 1388 οὐκ
567 1361 788 1397 ὲρυθριᾷς,ὁρῶν
807 1370 841 1395 με
857 1361 917 1387 καθ’
933 1361 1001 1396 ἡμέ-

217 1415 265 1441 ραν
281 1407 309 1432 ἐν
326 1408 398 1442 πάσῃ
410 1409 441 1442 τῇ
453 1408 599 1442 οξκουμένῃ
618 1407 699 1437 ναοὺς
712 1406 830 1432 εἰδώλων
854 1407 1001 1433 καταλύον-

215 1461 258 1481 τα.
271 1454 318 1479 καὶ
332 1454 412 1484 ναοὺς
429 1453 575 1488 μαρτύρων
589 1452 799 1487 οἱκοδομοῦντα;
817 1453 846 1478 Εἰ
859 1452 891 1478 τὰ
903 1453 1000 1479 εἴδωλα

215 1498 408 1533 προσεκύνουν,
437 1498 481 1524 διὰ
505 1498 530 1524 τί
555 1498 647 1524 λοιπὸν
667 1497 738 1532 τιμῶ
758 1497 820 1528 τοὺς
847 1498 999 1533 μάρτυρας,

215 1537 276 1572 τοῦς
292 1542 326 1567 τὰ
344 1541 439 1567 εἴδωλα
455 1541 674 1575 καταλύσαντας;
690 1542 720 1568 Εἰ
731 1540 766 1567 τὰ
785 1541 850 1574 ξύλα
869 1542 906 1572 ὡς
922 1542 1000 1575 θεοὺς

215 1587 286 1621 τιμῶ
299 1588 345 1613 καὶ
360 1587 473 1621 δοξάζω,
484 1588 542 1620 πῶς
554 1588 624 1622 τιμῶ
639 1588 684 1614 καὶ
698 1588 801 1624 δοξάζω
812 1589 876 1620 τοὺς
892 1590 996 1624 μάρτυ-

216 1642 276 1668 ρας,
303 1635 366 1666 τοὺς
382 1635 415 1661 τὰ
440 1635 532 1667 ξύλινα
561 1634 643 1667 ξόανα
669 1634 869 1668 καταλύοντας;
891 1637 920 1662 Εἰ
936 1637 998 1667 τοὺς

215 1680 304 1711 λίθους
319 1681 356 1712 ὡς
370 1682 447 1713 θεοὺς
461 1680 575 1713 δοξάζω,
602 1681 661 1713 πῶς
685 1682 758 1717 τιμῶ
780 1683 827 1708 καὶ
853 1683 998 1717 προσκυνῶ

214 1727 277 1757 τοὺς
293 1726 434 1762 μάρτυρας
453 1728 499 1753 καὶ
514 1727 691 1758 ἀποστόλους,
715 1728 778 1758 τοὺς
797 1729 999 1763 συντρίψαντας

215 1772 261 1798 καὶ
287 1772 474 1803 ἀπολέσαντας
494 1774 528 1799 τὰ
546 1773 633 1799 λίθινα
656 1772 757 1805 ζώδιας
773 1774 834 1806 Πῶς
849 1775 931 1809 τιμῶ,
952 1775 999 1801 καὶ

216 1817 330 1848 ἐπαινῶ,
351 1817 396 1842 καὶ
410 1817 489 1848 ναοὺς
505 1817 614 1852 ὲγείρω,
628 1818 676 1844 καὶ
690 1818 786 1861 ἑορτὰς
811 1818 927 1844 ὲπιτελῶ
942 1820 999 1850 τοῖς

215 1862 288 1896 τρισὶ
302 1862 390 1894 παισὶ,
405 1863 461 1893 τοῖς
475 1863 502 1888 ὲν
518 1863 658 1889 Βαϐυλῶνι
670 1864 702 1898 τῇ
719 1864 807 1898 χρυσῇ
824 1863 861 1900 μὴ
881 1872 1000 1900 προσκυ-

215 1907 344 1943 νήσασιν;

252 1953 355 1982 Ὄντως
374 1953 457 1986 πολλὴ
487 1951 541 1978 τῶν
559 1953 669 1987 ἀνόμων
689 1954 705 1988 ἡ
731 1953 872 1988 πώρωσις,
892 1953 1000 1988 ἀληθῶς

216 1997 300 2032 πολλὴ
326 1997 380 2022 τῶν
401 1996 534 2023 Ἰουδαίων
563 1999 578 2032 ὴ
605 1998 758 2031 τύφλωσις,
784 1998 869 2033 πολλὴ
893 2000 909 2032 ἡ
935 1999 1000 2025 ἀισέ-

216 2041 286 2066 εεια.
310 2040 456 2066 Ἀδικεῖται
480 2040 525 2066 ὑπ’
540 2040 629 2067 αὐτῶν
652 2041 668 2076 ή
689 2041 813 2076 ἀλήθεια.
838 2041 903 2072 Θεὸς
925 2041 1001 2076 ὐῦρί-

215 2086 291 2118 ςεται
311 2086 363 2112 ὑπὸ
379 2086 505 2121 γλώσσης
524 2086 682 2122 ἀχαρίστων
707 2087 852 2114 Ἰουδαίων.
885 2087 931 2114 Ἰἰκ
947 2088 1000 2114 λει-

214 2132 308 2165 ψάνων
335 2131 470 2162 πολλάκις¹
497 2131 644 2167 μαρτύρων
655 2132 702 2159 καὶ
719 2132 830 2159 εἰκόνων
845 2131 1000 2160 ἐλαύνονται

215 2178 360 2213 ῑαίμονες·
375 2177 520 2205 καὶταῦτα
538 2177 721 2212 ἐνυϐρίζοντες
742 2177 879 2214 ἄνθρωποι
906 2179 1001 2214 μιαροὶ

218 2224 422 2258 διαστρέφουσι,
441 2222 488 2249 καὶ
512 2222 694 2254 διαπαίζουσι,
712 2223 758 2249 καὶ
779 2223 933 2256 διαγελῶσι.
951 2224 1004 2250 Πό-

219 2276 274 2299 σοι,
286 2268 345 2294 εὶπέ
363 2277 417 2303 μοι,
431 2267 613 2298 ὲπισκιάσεις.
629 2268 710 2294 πόσαι
721 2267 892 2298 ἀναϐλύσεις,
905 2268 1002 2295 πολλά-

216 2322 259 2345 κις
271 2313 299 2340 δὲ
313 2313 358 2340 καὶ
376 2313 500 2347 αἱμάτων
517 2312 610 2347 ῥύσεις
629 2313 659 2345 ἐξ
671 2313 783 2340 εἰκόνιον
797 2313 845 2340 καὶ
868 2313 1001 2348 λειψάνων

219 2361 365 2396 μαρτύρων
395 2360 542 2394 γεγόνασι;
565 2360 620 2386 Καὶ
641 2360 666 2386 οἰ
692 2360 815 2387 ἀσύνετοί.
841 2362 874 2396 τῇ
902 2361 1000 2395 καρδία

218 2406 334 2442 ὁρῶντες
345 2407 375 2432 οὺ
392 2406 543 2437 πείθονται,
555 2405 622 2432 ἀλλὰ
636 2405 738 2440 μύθους
751 2406 837 2432 ταῦτα
847 2408 893 2432 καὶ
902 2406 1001 2440 λήρους

218 2451 369 2485 λογίζονται
380 2460 386 2467 ·
415 2451 531 2486 ὁρῶντες
550 2450 634 2481 οὕτως
646 2450 676 2476 τὸ
690 2450 750 2476 καθ’
765 2450 870 2485 ἡμέραν
884 2452 912 2476 ὲν
927 2443 999 2486 πάσῃ

218 2498 250 2531 τῇ
262 2497 410 2532 οἰκουμένῃ
422 2496 514 2531 σχεδὸν
522 2495 621 2530 ἄνδρας
635 2495 742 2526 ἀσεϐεῖς
753 2497 799 2521 καὶ
816 2496 1001 2531 παρανόμους.

219 2541 421 2576 εἰδωλολάτραις,
439 2542 485 2567 καὶ
502 2542 602 2575 φονεῖς,
617 2540 745 2575 πόρνους,
760 2541 806 2567 καὶ
818 2541 918 2576 λῃστὰς
930 2541 1002 2573 ἐξαί-

220 2595 288 2620 φνης
305 2586 349 2612 διὰ
368 2587 412 2612 τὸν
425 2586 542 2620 Χριστὸν
562 2586 609 2612 καὶ
627 2585 672 2613 τὸν
695 2586 809 2620 σταυρὺν
822 2586 905 2613 αὑτοῦ
920 2596 1003 2614 κατα-

219 2631 408 2666 νυπσομένους,
426 2631 473 2657 καὶ
499 2631 601 2665 κόσμου
633 2632 733 2663 παντὸς
753 2633 1003 2668 ἁποτασσομένους,

219 2676 266 2702 καὶ
297 2676 387 2702 πᾶσαν
419 2676 521 2710 ἀρετὴν
544 2676 757 2711 ἐργαζομένους.
778 2676 846 2702 Εἱπέ
864 2686 920 2712 μοι,
945 2678 1004 2710 πῶς

219 2721 301 2755 ἐσμεν
311 2720 513 2755 εἰδωλολάτραι,
531 2721 554 2746 οἱ
573 2721 619 2747 καὶ
640 2721 710 2747 αὐτὰ
735 2720 770 2747 τὰ
794 2721 876 2753 ὀστᾶ,
893 2723 938 2748 καὶ
955 2723 1004 2756 τὴν

220 2766 301 2804 κόνιν,
314 2767 361 2793 καὶ
375 2766 406 2793 τὰ
425 2767 505 2801 ῥάκη,
523 2767 569 2792 καὶ
578 2767 609 2793 τὸ
621 2764 701 2801 αἷμα,
720 2767 767 2793 καὶ
780 2767 828 2801 τὴν
851 2768 929 2802 σορὸν
951 2769 1004 2794 τῶν

252 2856 275 2872 "
301 2854 381 2882 Hebr.
396 2864 432 2887 χι,
448 2855 492 2882 21.
531 2855 538 2869 ¹
555 2854 621 2881 Gen.
639 2862 714 2887 xxtu,
728 2856 753 2882 7.

793 2855 880 2882 ’Gen.
909 2863 989 2888 τινα,
1014 2855 1042 2882 7.

1052 997 1214 1023 acviliosam
1226 1003 1273 1031 per
1282 997 1402 1031 singulos
1416 997 1475 1023 dies
1487 996 1612 1023 osculans
1623 1004 1676 1022 non
1686 997 1836 1031 reprehen-

1051 1041 1204 1073 deris,cum
1217 1047 1290 1069 certe
1303 1050 1435 1076 nusquam
1452 1041 1522 1068 Deus
1539 1042 1585 1069 tibi
1601 1043 1740 1077 corporale
1755 1050 1837 1069 oscu-

1052 1087 1109 1114 lum
1132 1088 1237 1115 mulieri
1251 1089 1348 1115 oﬂ'erre
1356 1087 1602 1122 praeceperil.Quia
1618 1096 1682 1115 vero
1695 1089 1836 1116 mewidisti

1052 1134 1158 1161 iconam
1190 1134 1296 1162 Domini
1325 1135 1410 1160 nostri
1436 1134 1500 1161 Jcsu
1515 1134 1625 1166 Christi,
1642 1135 1685 1161 vel
1699 1135 1835 1162 immacu-

1051 1179 1112 1206 latae
1133 1178 1224 1206 Matris
1245 1180 1315 1214 ejus,
1325 1179 1367 1205 vel
1383 1179 1494 1206 alterius
1516 1180 1667 1214 cuiuspiam
1682 1179 1748 1214 justi
1765 1180 1833 1207 salu-

1053 1229 1119 1258 tare,
1143 1226 1292 1261 indignaris
1309 1229 1336 1252 et
1351 1233 1412 1252 mox
1435 1225 1626 1259 blasphemans
1646 1226 1719 1258 salis,
1736 1230 1764 1253 et
1785 1234 1837 1253 nos

1052 1270 1206 1298 idololatras
1223 1271 1354 1305 appellas.
1378 1271 1479 1297 Deinde
1499 1278 1553 1297 non
1575 1270 1750 1298 confunderis
1768 1271 1779 1297 ?
1794 1272 1837 1299 die

1051 1316 1128 1349 mihi,
1153 1324 1207 1342 non
1226 1315 1384 1343 horrescis?
1399 1324 1452 1342 non
1469 1315 1562 1342 tremis
1582 1316 1593 1342 ?
1614 1323 1668 1342 non
1687 1316 1836 1348 erubescis,

1051 1362 1148 1389 videns
1166 1370 1210 1389 me
1225 1362 1252 1388 in
1269 1367 1326 1389 toto
1343 1367 1475 1389 terrarum
1491 1362 1556 1389 orbe
1577 1362 1674 1396 templa
1703 1362 1836 1389 idolorum

1050 1406 1200 1439 destruere,
1216 1411 1243 1433 et
1259 1407 1357 1441 templa
1380 1411 1528 1442 martyrum
1545 1407 1679 1433 :edilicare
1696 1407 1707 1433 ?
1726 1406 1752 1433 Si
1767 1407 1837 1434 idola

1050 1452 1201 1484 adorarent,
1232 1460 1281 1479 cur
1304 1456 1444 1486 martyres,
1476 1452 1522 1486 qui
1543 1446 1735 1478 destruxerunt
1757 1452 1835 1485 idola,

1051 1496 1179 1533 [honore]
1203 1498 1387 1524 adoraremus.
1406 1497 1434 1523 Si
1454 1497 1524 1532 ligna
1541 1501 1571 1523 ut
1591 1497 1656 1524 deos
1680 1497 1783 1524 honoro
1810 1501 1837 1524 (ἰ

1051 1543 1182 1578 gloriﬁco,
1199 1543 1335 1578 quomodo
1350 1543 1454 1570 honoro
1464 1547 1491 1570 et
1503 1543 1624 1578 εἷοτὶίίρο
1638 1547 1778 1577 martyres,
1789 1543 1836 1576 qui

1051 1591 1138 1626 lignea
1161 1590 1304 1617 simulacra
1327 1590 1521 1617 destruxerunt
1539 1588 1586 1615 ?Si
1603 1589 1704 1622 lapides
1718 1593 1747 1615 ut
1771 1588 1837 1615 deos

1012 1622 1033 1651 θ
1052 1622 1181 1670 glorilico,
1212 1635 1347 1669 quomodo
1369 1634 1473 1660 honoro
1493 1640 1521 1660 et
1547 1634 1630 1660 adoro
1658 1637 1790 1668 martyres
1809 1637 1837 1659 et

1049 1681 1195 1715 apostolos,
1220 1680 1265 1714 qui
1287 1679 1476 1707 contriverunt
1500 1684 1526 1706 et
1546 1679 1723 1713 perdiderunt
1747 1679 1837 1714 lignea

1049 1727 1124 1761 signa
1137 1726 1148 1752 ?
1159 1725 1294 1760 quomodo
1314 1726 1419 1752 honoro
1436 1729 1461 1752 et
1477 1725 1566 1755 laudo,
1583 1729 1611 1751 et
1627 1725 1725 1759 templa
1748 1724 1835 1759 erige,

1049 1776 1076 1797 et
1088 1770 1260 1798 festivitatem
1274 1771 1382 1797 celebro
1397 1770 1484 1797 tribus
1501 1770 1602 1804 pueris,
1626 1770 1671 1804 qui
1696 1769 1722 1795 in
1749 1769 1835 1804 Baby-

1049 1815 1111 1842 lone
1126 1815 1270 1851 imaginem
1283 1822 1392 1842 auream
1409 1822 1466 1841 non
1480 1814 1662 1841 adoraverunt
1678 1812 1688 1828 ι
1703 1812 1714 1838 ?

1084 1948 1164 1974 Certe
1181 1946 1263 1973 multa
1283 1949 1323 1973 est
1339 1945 1493 1979 iniquorum
1509 1942 1661 1975 obduratio,
1675 1950 1738 1969 vere
1753 1942 1836 1969 multa

1050 1998 1092 2020 est
1107 1993 1261 2020 Iudaeorum
1291 1991 1409 2021 caecitas,
1437 1990 1519 2016 multa
1545 1989 1679 2023 impietas.
1708 1988 1836 2023 iniuriam

1051 2038 1153 2073 patitur
1165 2037 1199 2063 ab
1210 2037 1250 2063 eis
1265 2035 1366 2063 veritas
1381 2044 1387 2062 :
1406 2035 1477 2062 Deus
1494 2034 1675 2061 contumelias
1688 2034 1805 2060 sustinet
1820 2041 1834 2059 a

1051 2085 1141 2120 lingua
1156 2084 1321 2119 ingratorum
1332 2081 1497 2108 Iudaeorum.
1515 2079 1574 2119 Per.
1588 2079 1714 2113 reliquias
1735 2083 1834 2113 marty-

1052 2139 1111 2158 rum
1133 2135 1160 2157 et
1180 2129 1310 2164 imagines
1330 2127 1488 2155 uudlotiens
1511 2127 1665 2161 ctl‘ugantur
1682 2125 1836 2153 dmmouia:

1052 2181 1079 2204 et
1090 2177 1147 2204 haec
1161 2175 1269 2210 injuriis
1285 2178 1446 2209 appetentes
1463 2172 1587 2199 homines
1596 2170 1708 2201 sordidi,
1723 2171 1837 2198 subver-

1052 2225 1114 2250 tunt
1125 2225 1152 2248 et
1168 2221 1282 2247 illudunt
1298 2224 1380 2254 atque
1393 2219 1526 2246 derident.
1542 2218 1624 2250 Quot,
1633 2217 1677 2243 dic
1688 2217 1765 2248 mihi,
1778 2216 1838 2242 visi-

1054 2268 1170 2295 tationes
1196 2265 1253 2302 [Gn
1269 2263 1513 2299 obumbrationes,]
1525 2263 1726 2298 emanationes,
1745 2261 1792 2289 sed
1809 2266 1837 2287 et

1055 2314 1212 2347 frequenter
1226 2311 1387 2346 sanguinum
1405 2309 1504 2336 liuores
1519 2316 1550 2336 ex
1569 2308 1655 2336 iconis
1675 2312 1702 2334 et
1717 2306 1836 2342 reliquiis

1056 2364 1203 2395 martyrum
1215 2359 1278 2386 lacti
1294 2362 1357 2384 sunt.
1364 2357 1376 2384 ?
1383 2361 1410 2384 et
1418 2356 1550 2384 insensati
1558 2356 1639 2382 corde
1652 2353 1775 2381 videntes
1782 2361 1835 2379 non

1054 2406 1179 2438 credunt,
1192 2404 1239 2431 sed
1253 2403 1357 2430 fabulas
1367 2410 1399 2429 ac
1408 2402 1586 2428 deliramenta
1600 2398 1835 2429 hmeexistimant;

1054 2451 1178 2478 videntes
1197 2450 1286 2477 taliter
1301 2457 1349 2484 per
1360 2448 1480 2482 singulos
1493 2447 1550 2474 dies
1562 2446 1587 2472 in
1602 2449 1658 2472 toto
1673 2452 1741 2480 pene
1751 2450 1834 2471 terra-

1055 2505 1115 2524 rum
1131 2497 1197 2523 Orbe
1212 2495 1286 2523 viros
1302 2494 1401 2529 impios
1418 2498 1446 2520 et
1460 2493 1578 2527 iniquos,
1601 2491 1732 2518 idolorum
1749 2490 1836 2516 culto-

1055 2550 1099 2569 res
1112 2546 1140 2568 et
1156 2540 1316 2571 homicidas,
1326 2543 1354 2566 et
1369 2539 1557 2570 fornicatores,
1573 2542 1600 2564 et
1613 2537 1732 2563 latrones
1747 2534 1836 2562 subito

1056 2595 1104 2621 per
1115 2586 1252 2613 Christum
1265 2590 1292 2612 et
1307 2592 1415 2612 crucem
1427 2584 1486 2618 ejus
1502 2581 1658 2617 eompungi,
1674 2585 1702 2607 et
1716 2579 1748 2607 ad
1765 2578 1839 2614 agni-

1056 2633 1158 2660 tionem
1174 2631 1296 2658 veritatis
1314 2631 1417 2660 venire,
1439 2633 1467 2656 et
1486 2629 1586 2656 mundo
1600 2627 1648 2654 toti
1667 2625 1836 2655 renunciare,

1053 2683 1133 2712 atque
1148 2684 1257 2703 onmem
1275 2676 1382 2710 operari
1398 2675 1536 2702 virtutem.
1552 2673 1598 2700 Dic
1609 2672 1687 2702 mihi,
1703 2669 1838 2706 quomodo

1053 2730 1148 2750 sumus
1163 2721 1321 2750 idololatrse.
1340 2721 1385 2755 qui
1407 2724 1434 2747 et
1449 2720 1506 2754 ipsa
1522 2726 1594 2748 ossa.
1612 2722 1639 2744 et
1659 2717 1788 2744 cinerem,
1810 2717 1837 2739 et

1055 2776 1170 2804 pannos,
1203 2772 1230 2794 et
1255 2767 1425 2802 sanguinein,
1455 2770 1482 2792 et
1516 2765 1650 2791 tumulum
1691 2764 1837 2795 martyrum

1080 2855 1089 2871 ³
1103 2855 1171 2883 Gen.
1187 2863 1281 2887 xum,
1302 2855 1328 2881 5.
1367 2857 1376 2868 ⁸
1387 2853 1452 2880 Dan.
1465 2861 1503 2885 tu,
1517 2860 1590 2887 seqq.
