2074 3144
232 174 299 206 1611

742 174 896 203 LEONTII
918 173 1174 203 NEAPOLITANI
1194 173 1364 203 EPISCOPI

1785 171 1851 204 1612

231 240 296 259 vero
311 239 384 264 cum,
402 238 482 266 quem
503 231 582 258 facile
599 235 640 258 est
660 238 769 262 vexare,
789 237 816 258 et
835 231 1016 263 calumniari;
1034 233 1053 260 Α
1070 238 1141 262 rum,
1160 238 1276 264 quorum
1311 235 1416 264 partus,
1432 233 1460 255 ct
1479 228 1597 260 soboles,
1612 232 1675 255 sunt
1701 228 1853 262 passiones.

230 276 345 311 pardum
362 283 427 302 vero
437 275 482 302 τὸν
495 275 752 311 ποικιλάγνωμονᾱίι
767 281 819 306 est.
832 275 1015 310 Versipellem,

230 322 337 348 haedum
362 325 454 348 autem
477 321 629 355 simplicem
655 330 662 353 ;
692 321 806 349 vitulum
830 326 1015 352 mansuetum.

231 371 337 393 laurum
356 373 420 392 vero
436 366 577 398 audacem,
589 366 696 393 leonem
713 367 952 401 superbum,quos
966 366 1017 393 du-

230 417 284 443 cet,
300 413 397 447 inquit,
413 417 440 439 ct
457 417 551 446 pascet
567 413 649 439 homo
671 414 815 447 prudentia
838 414 948 448 quidem
973 421 1017 440 se-

230 466 293 488 nex.
307 458 465 484 innocentia
480 466 545 484 vero
560 463 588 485 et
604 458 757 485 humilitate
770 467 847 492 puer,
857 466 889 485 ac
902 466 1017 493 magnus

229 503 339 537 quidem
357 503 469 534 \‘irtutc,
485 511 584 537 parvus
594 509 684 530 autem
703 504 805 531 vilitate
820 512 880 538 quae
893 508 1015 538 apparet,

193 586 196 589 .
229 553 257 574 et
272 549 414 574 tenuitate.
426 548 586 583 Hujusmodi
599 553 664 575 sunt
678 550 808 583 praesides
822 549 1015 577 Ecclesiarum.

196 591 207 629 ᾗ
230 602 243 620 a
263 594 363 628 quibus
388 594 433 628 qui
451 595 574 621 moribus
599 595 739 626 dill‘erunt,
764 599 960 629 temperantur,
990 600 1018 622 et

199 626 211 683 Ξ
230 645 404 674 coaptantur.
423 640 462 667 Ac
478 649 572 668 rursus
588 641 684 668 bovem
699 641 810 675 quidem
828 644 906 667 rncat
919 647 1016 674 opera-

206 683 210 688 “
230 685 312 716 rium,
326 693 420 712 ursum
437 693 502 712 vero
525 693 649 713 voracem
667 695 674 718 ;
692 686 756 712 item
777 686 882 713 leonem
905 685 1015 720 quidem

229 730 392 764 principem.
405 735 433 758 et
445 731 700 762 ductorem.bovem
712 740 776 759 vero
785 732 836 759 sub
848 731 913 766 iugo
929 732 1016 758 servi-

230 776 295 803 tutis
305 777 442 804 viventem
457 785 489 805 ac
503 779 666 812 subjectum,
675 778 766 813 paleas
777 778 856 805 vilem
869 783 895 805 et
906 782 1016 804 tenuem

229 821 322 848 cibum
335 822 406 856 ejus,
421 823 467 857 qui
486 823 536 850 sub
551 823 618 858 jugo
633 828 685 850 est.
701 823 831 850 Comrdct
853 823 926 849 enim
954 830 1016 850 cum

230 866 356 900 subjecto
368 867 391 893 is
398 867 444 902 qui
462 868 585 902 subjicit,
598 873 709 903 propter
720 869 851 895 unitatem
867 867 1018 895 ﬁdei.Puer

231 916 322 939 autem
338 920 437 947 parvus
453 918 495 941 est
504 914 690 949 unusquisque
704 915 813 949 praesul,
828 915 898 941 sicut
915 914 1016 941 dictum
1035 899 1055 925 Β

231 962 283 989 est,
303 959 404 985 malitia
418 959 556 994 parvulus,
574 960 652 995 cujus
673 960 796 987 doctrina
819 964 929 995 propter
947 960 1017 987 mul-

231 1008 284 1029 tam
300 1005 501 1038 expeditionem
516 1013 613 1033 manus
628 1010 750 1038 vocatur.
768 1013 828 1040 quae
845 1006 1016 1038 admovetur,

229 1053 258 1075 et
273 1049 395 1083 injicitur
422 1051 588 1083 inﬁdelibus,
611 1052 656 1086 qui
685 1056 749 1079 sunt
775 1051 920 1084 foramina,
932 1055 959 1078 et
973 1052 1016 1079 lu-

231 1100 297 1127 stra,
312 1097 455 1130 accubilia,
471 1102 497 1124 et
520 1097 658 1125 domicilia
688 1097 812 1133 aspidum
826 1097 1017 1132 spiritualium,

231 1141 256 1168 id
285 1146 341 1175 cst,
369 1143 523 1170 dzemonum
556 1147 771 1176 venenatorum,
801 1147 831 1170 et
860 1143 1016 1170 mortifero-

269 1229 406 1263 ‘Oseen,
433 1231 477 1258 l8.
515 1231 524 1246 ⁷
545 1231 596 1258 lsa.
621 1239 697 1264 mu,
713 1231 757 1258 20.

797 1231 807 1247 ⁸
822 1230 923 1260 Jerem.
948 1238 1043 1264 xxvm,
1060 1232 1102 1259 l4.
1140 1234 1151 1249 9
1170 1230 1268 1258 Ezeclt.
1288 1228 1440 1264 xxxrv,25.

1103 276 1189 303 Aliter
1203 275 1352 310 etiatn,qui
1369 275 1463 301 \‘ivunt
1477 275 1627 302 secundum
1640 273 1855 304 Cbristum,ma-

1069 329 1135 348 num
1154 322 1282 356 trajiciunt
1296 318 1482 352 daamonibus,’
1493 327 1555 347 eum
1571 319 1677 354 signum
1697 319 1787 345 crucis
1812 320 1855 345 in-

1069 369 1190 396 ferentes
1216 369 1257 395 cis
1278 375 1333 394 non
1355 366 1448 394 sinunt
1473 367 1657 394 inhabitantes
1688 373 1785 392 nocere
1804 366 1854 398 eis,

1068 422 1137 450 quos
1152 414 1290 441 obsident.
1303 413 1381 446 Quod
1393 418 1483 440 autem
1496 413 1597 440 bestias
1617 412 1674 438 sive
1691 411 1762 438 feras
1777 416 1856 438 vocat

1068 465 1163 496 gentes
1177 469 1248 495 saepe
1262 469 1377 487 numero
1392 460 1542 494 Scriptura,
1552 458 1668 485 aitDcus
1679 466 1727 492 per
1742 457 1853 484 Oscam:

1071 507 1215 541 Disponam
1231 511 1417 533 testamentum
1430 507 1458 532 in
1476 506 1519 532 die
1534 505 1582 532 illa
1600 513 1658 531 cum
1673 504 1760 530 bestiis
1784 504 1853 538 agri,

1069 559 1093 580 et
1107 561 1167 579 cum
1180 552 1326 579 volucribus
1342 551 1409 580 cazli.
1423 559 1482 578 cum
1502 551 1664 585 serpentibus
1681 554 1757 576 terra
1771 549 1793 579 ‘.
1810 557 1856 583 ge-

1069 599 1202 625 neraliore
1220 606 1350 625 sermone
1365 598 1467 625 bestias
1483 597 1593 632 quidem
1606 596 1661 630 agri
1680 595 1803 621 nominat
1815 594 1855 621 fc-

1070 644 1154 673 rinos.
1169 647 1195 670 et
1210 643 1342 670 immanes
1355 651 1362 674 ;
1382 642 1508 669 volucres
1517 649 1582 668 vero
1595 640 1730 671 clatiorcs,
1744 647 1855 674 serpen-

1070 694 1110 716 tes
1130 696 1194 716 vero
1221 689 1389 719 humiliores.
1406 692 1454 715 aut
1478 688 1602 714 volucres
1616 686 1726 721 quidem
1750 685 1856 712 deditos

1069 734 1220 769 astrologiae
1237 742 1246 766 ;
1263 739 1406 768 serpentes
1419 740 1484 760 vero
1498 732 1653 759 sordidatos
1669 729 1854 765 passionibus,

1069 785 1095 807 et
1109 788 1202 807 rursus
1221 787 1270 814 per
1285 779 1380 806 Isaiam
1401 787 1407 804 :
1427 778 1577 805 Benedicile
1595 786 1645 809 me,
1662 786 1749 806 omnes
1770 777 1857 805 [testim

1069 826 1146 861 agri"
1164 834 1170 857 ;
1185 829 1213 852 et
1233 825 1332 852 iterum
1354 832 1404 859 per
1416 824 1563 851 Jeremiam
1581 823 1668 850 :Dedi
1681 832 1782 851 omnem
1803 829 1857 850 ter-

1070 881 1128 898 ram
1148 871 1388 898 Nabuchodonosor
1410 870 1464 904 regi
1482 869 1634 904 Babylonis,
1650 874 1678 896 ut
1693 870 1800 896 serviret
1822 870 1856 898 ei,

1072 923 1095 944 et
1112 918 1206 944 bestias
1221 918 1288 952 agri,
1298 921 1326 942 ut
1340 920 1512 950 operarentur
1526 915 1549 942 ei
1567 916 1578 931 ³
1591 924 1598 948 ;
1611 919 1640 942 et
1656 915 1684 942 in
1697 915 1837 942 Ezechiele
1849 923 1858 945 ;

1072 962 1167 990 Delebo
1181 962 1267 989 malas
1280 961 1376 988 bestias
1386 962 1418 987 de
1427 966 1497 987 terra
1512 961 1523 976 '
1540 968 1547 994 ;
1564 964 1595 987 ut
1605 961 1762 987 omittamus
1772 967 1856 988 nunc.

1071 1016 1132 1044 quae
1155 1012 1219 1035 sunt
1246 1007 1318 1042 apud
1347 1006 1493 1038 Danielcm,
1522 1010 1550 1033 et
1577 1005 1642 1033 illud
1661 1015 1668 1032 :
1684 1005 1858 1039 Comparatus

1071 1055 1151 1085 enim.
1173 1054 1273 1088 inquit,
1290 1057 1327 1079 est
1345 1053 1473 1087 jumentis
1484 1052 1664 1087 insipientibus
1678 1052 1753 1078 homo
1774 1055 1858 1078 mente

1071 1101 1206 1135 praeditus,
1216 1104 1241 1126 et
1252 1099 1416 1127 assimilatas
1433 1103 1471 1126 est
1483 1099 1535 1125 illis
1555 1099 1587 1125 ‘°.

1481 1228 1502 1243 ¹⁰
1513 1227 1584 1256 Psal.
1606 1235 1701 1260 λιι-ιιι,
1717 1228 1760 1255 15.
