2074 3144
189 178 266 209 Mil?)
665 180 742 208 Vl'l‘A
766 181 887 209 SANCTI
908 181 1051 209 JO.\NNIS
1071 182 1360 211 ELEEMOSYNAIHI.
1754 182 1822 208 16H

199 278 970 292 m2:
977 281 1018 292 Ξ

1003 280 1770 292 m2
1774 280 1822 291 ‘_:a

206 282 243 284 ,κ
310 282 326 284 .-

881 417 930 438 .1λέ
941 417 1027 438 L'ARII
1046 418 1134 439 XXIII.

197 555 527 658 VITA
610 555 1090 661 SANCTI
1166 554 1731 661 JOANNIS
1779 559 1821 598 ω

789 775 1224 819 ELEEMOSYNABU,

423 908 609 939 AUCTORE
630 909 807 940 LEONTIO
826 909 866 949 (2)
887 910 1123 941 NEAPOLEOS
1148 910 1367 941 CYPRORUM
1385 909 1588 942 EPISCOPO;

519 1043 740 1072 INTERPRETE
761 1045 956 1073 ANASTASIO
973 1045 1012 1081 (ὅ)
1031 1046 1061 1073 S.
1081 1047 1116 1073 Π.
1136 1047 1168 1073 Ε.
1191 1047 1488 1076 BlBLlOTllECARlO.

347 1247 575 1279 PRAEFATIO
601 1249 824 1280 ANASTASII
849 1249 905 1278 AD
935 1249 1140 1281 DOMINUM
1167 1249 1221 1285 (Μ
1251 1249 1476 1282 NICOLAUM
1502 1249 1658 1282 ΡΑΡΑΜ.

238 1396 379 1430 Cogitante
392 1404 444 1427 me,
457 1404 488 1423 ac
498 1397 545 1423 diu
560 1397 641 1424 tacite
654 1397 825 1432 solliciteque
839 1405 946 1425 mecum
962 1399 1165 1431 consideranle,
1179 1400 1245 1434 quid
1268 1401 1294 1428 in
1316 1401 1398 1428 domo
1410 1402 1457 1429 Dei
1476 1403 1649 1430 commodius
1662 1411 1693 1431 ac
1705 1404 1815 1439 dignius

203 1444 309 1476 operari
320 1450 439 1477 possem,
451 1451 484 1470 ne
494 1451 526 1470 ea
538 1443 666 1470 videlicet
675 1452 869 1478 praesumerem
882 1453 943 1479 qute
955 1445 1023 1472 mihi
1035 1453 1067 1472 cx
1077 1446 1231 1473 ministerio
1241 1447 1346 1474 credita
1357 1455 1413 1474 non
1429 1453 1503 1480 sunt,
1513 1457 1563 1476 nec
1574 1458 1670 1477 rursus
1683 1450 1729 1477 illa
1755 1452 1824 1478 arri-

205 1496 297 1522 pcrcm
314 1496 374 1522 qua:
395 1489 525 1523 ingenioli
537 1489 590 1516 mei
602 1489 675 1516 vires
685 1490 996 1525 cxcedunthsccundum
1009 1491 1075 1517 illud
1088 1491 1243 1519 Salomonis
1253 1492 1318 1519 :Mt’l
1327 1493 1458 1525 invenisti.
1472 1495 1574 1521 comede
1583 1495 1652 1530 quod
1661 1496 1755 1531 stt/ﬁcit
1764 1498 1820 1529 tibi,

203 1541 235 1559 ne
247 1533 313 1567 forte
327 1533 440 1560 satiatus
453 1541 556 1560 etomas
568 1533 634 1560 illud
648 1533 737 1567 (Prov.
751 1535 823 1568 xxv).
839 1534 870 1560 Et
891 1535 955 1561 alibi
970 1543 976 1560 :
991 1535 1093 1561 Altiora
1110 1540 1134 1561 te
1146 1544 1178 1562 ne
1192 1538 1338 1571 qnmsicris,
1351 1543 1375 1565 et
1389 1539 1500 1574 fortiora
1514 1544 1538 1565 te
1550 1549 1581 1566 ne
1592 1546 1726 1569 scrutatus
1743 1543 1823 1577 fueris

204 1577 296 1607 (Ιῑεειί.
315 1578 373 1612 ut);
388 1587 452 1607 ecce
463 1579 550 1607 subito
560 1580 666 1613 quidam
683 1582 781 1607 strenui
798 1589 828 1608 ac
842 1581 951 1608 studiosi
966 1582 1016 1609 viri
1039 1590 1082 1608 me
1103 1581 1236 1609 cohortari
1259 1583 1405 1612 voluerunt,
1431 1588 1457 1609 ιιι
1478 1583 1503 1610 in
1527 1583 1647 1610 Latinum
1671 1590 1819 1609 set-numen-

205 1630 336 1651 wrtorcm
362 1625 500 1652 Leontium
516 1627 549 1653 de
564 1626 631 1653 Vita:
653 1627 767 1653 residuis
788 1627 827 1661 (5)
841 1627 950 1654 Joannis
967 1627 1137 1654 Alexandrini
1163 1628 1286 1654 antistitis
1297 1647 1304 1658 .
1320 1636 1397 1662 quem
1419 1628 1504 1654 Grani
1527 1633 1635 1661 propter
1651 1629 1821 1661 multiplicem

206 1670 432 1702 eotupassionem,
454 1678 533 1704 quam
546 1678 606 1705 erga
618 1678 711 1697 omnes
727 1672 890 1704 possidebat,
903 1672 998 1698 merito
1010 1677 1037 1698 et
1052 1672 1174 1698 absolute
1186 1672 1339 1702 Elcemoua,
1355 1672 1379 1698 id
1392 1677 1442 1702 est.
1466 1672 1664 1698 misericordem
1676 1672 1822 1706 appellant,

203 1720 334 1748 quatenus
350 1721 438 1743 tantus
453 1717 493 1743 vir
505 1724 557 1743 non
575 1721 675 1743 tantum
688 1724 811 1743 sermone
825 1717 928 1748 Graeco.
944 1724 1034 1743 verum
1048 1717 1127 1743 etiam
1151 1717 1243 1743 Latino
1270 1717 1374 1750 eloquio
1399 1717 1559 1751 pollentibus
1580 1717 1685 1744 utilitati
1707 1722 1778 1744 esset
1796 1722 1823 1744 et

203 1761 352 1787 commodo.

240 1805 407 1839 Qumpropter
418 1806 477 1839 quia
494 1813 536 1833 me
546 1806 654 1840 dignum
669 1807 701 1833 ad
713 1811 813 1833 tantum
829 1813 895 1840 opus
910 1812 988 1840 atque
1000 1807 1123 1834 idoneum
1135 1806 1243 1833 minime
1259 1807 1390 1840 perspexi,
1408 1807 1486 1833 levavi
1498 1807 1585 1832 oculos
1600 1815 1667 1833 meos
1682 1808 1822 1838 fumantes,

203 1850 270 1875 unde
278 1853 371 1878 veniret
381 1853 507 1878 auxilium
522 1852 584 1878 mihi
597 1851 683 1887 (Psal.
698 1852 777 1884 cxx);
791 1853 881 1886 sicque
896 1852 987 1878 solatia
1004 1858 1106 1886 patrum
1125 1855 1152 1878 et
1173 1852 1306 1877 orationes
1323 1851 1462 1882 adhibens.
1488 1857 1539 1877 tam
1567 1851 1710 1884 proticumn
1735 1850 1822 1875 virum

198 1902 251 1922 non
267 1904 361 1929 passus
376 1906 433 1924 sum
448 1898 536 1925 celare
548 1898 659 1925 Latinis.
673 1898 724 1925 Sed
738 1897 801 1925 licet
813 1898 982 1926 membranas
993 1898 1132 1925 inciderint
1144 1918 1150 1927 ,
1167 1898 1291 1924 scedulas
1312 1898 1524 1932 prmparaverim,
1540 1905 1591 1923 non
1608 1902 1695 1922 tamen
1713 1896 1783 1922 hunc
1796 1895 1823 1922 ill

197 1939 322 1968 Codicem
335 1943 467 1969 conﬁcere
477 1950 556 1969 ausus
566 1951 636 1976 sum,
648 1949 789 1976 antequam
805 1951 818 1969 a
834 1944 1013 1970 dominatione
1027 1951 1125 1975 vestra,
1140 1951 1156 1969 ο
1168 1944 1262 1969 millies
1285 1944 1371 1974 beate,
1389 1944 1520 1969 licentiam
1536 1943 1646 1974 adipisci
1673 1942 1821 1976 promerui-

198 1985 289 2018 Neqne
303 1986 373 2012 enim
398 1985 439 2012 fas
462 1992 541 2013 estut
557 1987 656 2020 absque
674 1988 778 2014 .vicario
805 1988 848 2014 Dei
863 1988 922 2022 (6),⁴
942 1988 1040 2022 ιιίμψιε
1065 1989 1196 2021 clavigero
1222 1989 1293 2019 cmli,
1318 1989 1417 2022 absque
1431 1996 1509 2014 curru
1522 1994 1551 2015 et
1571 1989 1661 2022 auriga
1678 1987 1824 2020 spiritualis

199 2029 316 2061 lsraelis,
332 2033 432 2064 aDSque
446 2032 627 2058 universitatis
644 2032 778 2063 pontiﬁce.
794 2032 893 2065 absque
914 2034 991 2059 unico
1005 2041 1081 2066 papa,
1103 2034 1203 2066 absque
1218 2033 1344 2067 singulari
1359 2039 1474 2068 pastore,
1492 2035 1592 2066 absque
1607 2033 1713 2068 speciali
1730 2033 1819 2070 Patre.

198 2074 298 2108 absque
311 2080 336 2103 te
350 2077 467 2103 omnium
481 2078 581 2104 arbitro
594 2078 691 2112 aliquid
703 2082 905 2105 consutnmetnr
915 2083 960 2104 aut
975 2079 1133 2112 divulgetur.
1149 2080 1187 2105 ’l‘u
1202 2080 1271 2106 enim
1286 2086 1360 2106 tenes
1373 2080 1459 2106 claves
1480 2080 1559 2106 David
1575 2079 1664 2113 (Lucae
1676 2080 1724 2114 ιι),
1738 2083 1765 2106 tu
1776 2087 1822 2105 ac-

198 2121 290 2154 cepisti
305 2122 393 2148 claves
406 2123 534 2152 scientia.
551 2123 578 2149 In
593 2131 652 2150 arca
669 2123 765 2157 quippe
789 2123 902 2156 pet‘lttrls
920 2124 955 2149 tui
973 2124 1068 2150 tabulae
1085 2125 1233 2150 testamenti
1243 2129 1270 2151 ct
1280 2124 1498 2152 mannacmlestis
1522 2124 1625 2156 saporis
1640 2124 1820 2156 requiescunt.

197 2163 237 2192 Tu
250 2167 320 2193 enim
335 2167 403 2200 quod
419 2168 495 2202 ligas,
510 2176 589 2195 nemo
602 2168 697 2200 solvit;
713 2169 782 2202 quod
798 2169 889 2200 solvis,
916 2176 994 2194 nemo
1015 2169 1094 2203 ligat;
1110 2169 1154 2203 qui
1168 2169 1265 2203 aperis,
1280 2172 1307 2195 et
1331 2175 1410 2195 nemo
1442 2167 1672 2200 claudit;claudis,
1696 2172 1724 2194 et
1746 2175 1823 2194 nemo

199 2211 284 2244 aperit
300 2211 406 2246 (Matth.
419 2213 485 2248 xw).
503 2213 592 2240 Vicem
607 2221 719 2247 namque
733 2214 758 2240 iu
772 2215 848 2240 terris
862 2214 980 2246 possides
995 2215 1050 2241 Dei.

229 2258 298 2286 Cum
347 2263 440 2285 autem
488 2257 562 2284 hunc
603 2259 708 2285 beatum
724 2259 748 2285 in
764 2259 885 2286 Latinum
901 2265 1031 2286 verterem
1044 2259 1188 2293 eloquium,
1201 2266 1249 2285 nec
1260 2259 1411 2286 Grmcorum
1424 2258 1558 2291 idiomata,
1575 2266 1624 2286 nec
1638 2265 1728 2285 eorum
1742 2257 1815 2284 ordi-

201 2309 261 2329 nem
278 2303 420 2329 verborum
436 2303 511 2337 seqni
532 2304 604 2337 potui
630 2306 670 2330 vel
694 2305 783 2330 debui.
806 2304 862 2330 Non
879 2306 948 2331 enim
965 2305 1073 2330 verbum
1085 2311 1100 2330 e
1117 2304 1214 2335 verbo,
1230 2304 1277 2330 sed
1293 2312 1399 2330 sensum
1414 2311 1430 2330 e
1444 2311 1523 2331 sensu
1549 2303 1680 2337 excerpsi.
1695 2302 1746 2329 Sed
1769 2308 1819 2328 nec

199 2347 306 2374 Latinas
321 2349 426 2383 regulas
442 2357 629 2383 usquequaque
644 2356 751 2376 servare
765 2351 873 2381 curavi,
890 2349 952 2375 dum
969 2354 1068 2375 tantum
1084 2349 1194 2375 intentio
1209 2357 1267 2375 mea
1284 2350 1329 2375 illo
1345 2350 1483 2380 tenderet,
1500 2357 1532 2376 ex
1550 2357 1603 2383 quo
1619 2348 1717 2375 utilitas
1729 2355 1824 2375 [ηερο-

199 2397 271 2419 retur
284 2393 442 2426 legentibus.
457 2393 513 2426 Qua
528 2394 561 2420 de
573 2402 611 2426 re,
629 2396 780 2426 coangclice
796 2395 892 2421 downe
903 2415 910 2425 ,
928 2403 979 2421 non
1006 2402 1143 2428 personam
1160 2395 1318 2421 tantillitatis
1332 2402 1397 2422 mea:
1412 2396 1528 2426 intuens,
1545 2403 1596 2421 non
1612 2396 1734 2421 astutiam
1749 2395 1824 2421 inve-

199 2439 310 2473 stigatis,
325 2447 374 2465 non
391 2438 532 2466 vvrborum
548 2439 669 2472 phaleras
692 2441 838 2474 requirens.
856 2441 901 2466 sed
926 2441 1013 2473 potius
1027 2440 1070 2473 pio
1085 2441 1172 2466 cordis
1186 2440 1263 2467 oculo
1278 2440 1425 2473 profectum
1441 2440 1583 2474 legentium
1599 2448 1778 2473 pra'nosccns.
1795 2444 1824 2466 ut

199 2488 288 2510 tantus
304 2485 343 2511 vir
357 2491 481 2519 tanquam
501 2485 638 2517 exemplar
652 2492 677 2510 et
698 2486 834 2518 speculum
851 2485 884 2511 sit
906 2485 1040 2515 omnibus,
1061 2490 1148 2511 vestra
1162 2484 1306 2518 apostolica
1321 2485 1481 2511 auctoritate
1496 2485 1693 2511 translationem
1709 2485 1787 2516 hanc,
1800 2485 1824 2511 si

199 2533 289 2555 vestro
304 2530 415 2556 arbitrio
431 2530 526 2564 piat-et,
544 2530 661 2561 lirmute;
679 2530 698 2554 -ί
713 2530 846 2562 diSpIicet,
863 2530 1018 2562 emendate;
1033 2531 1176 2556 dummodo
1188 2530 1318 2556 Latinitas
1331 2537 1360 2556 se
1375 2534 1448 2556 tanto
1462 2537 1514 2556 non
1530 2529 1620 2556 doleat
1632 2536 1691 2556 esse
1703 2530 1759 2555 sale
1773 2531 1824 2563 pri-

200 2578 296 2605 vatam,
311 2582 362 2608 quo
378 2574 477 2600 Gnrcia
493 2582 521 2600 se
536 2575 632 2607 gaudet
645 2575 744 2607 optime
758 2575 902 2600 conditam.

236 2619 346 2654 Suscipe
369 2628 432 2652 ergo
453 2624 598 2647 sanctuma
617 2623 755 2654 percatore
781 2619 998 2651 iwerpretatum;
1014 2622 1040 2643 et
1065 2618 1116 2644 noli
1138 2618 1276 2644 attendere
1293 2625 1340 2651 per
1360 2624 1438 2651 quem
1461 2618 1604 2644 translatus
1626 2617 1677 2648 sit,
1692 2616 1738 2643 sed
1763 2616 1822 2651 quis

200 2665 342 2692 translatus
357 2666 401 2691 sit.
416 2665 507 2699 Neque
521 2666 590 2692 enim
618 2670 725 2699 propter
744 2663 859 2691 fistulam
884 2663 1033 2698 plumbeam
1049 2663 1085 2697 (7)
1101 2670 1194 2697 aquam
1220 2662 1429 2695 limpidissimam
1454 2661 1578 2695 despicis,
1603 2668 1690 2695 neque
1715 2666 1821 2694 propter

200 2712 290 2745 spinas
306 2719 363 2745 quae
377 2712 534 2745 producunt,
547 2719 634 2738 rosam
651 2719 711 2741 uuae
728 2712 884 2745 producitur
906 2711 1020 2742 spernis.
1046 2710 1141 2736 Custos
1154 2708 1270 2743 denique
1287 2714 1312 2734 et
1326 2714 1428 2735 amator
1445 2713 1515 2741 tuus,
1530 2708 1635 2742 quando
1648 2707 1738 2735 voluit.
1752 2707 1821 2733 Plin-

200 2756 277 2782 raoni
291 2755 366 2789 (Gen.
385 2755 439 2789 ut)
453 2761 478 2781 et
493 2755 737 2782 Nabuchodonosor
752 2756 831 2787 (Dan.
848 2755 884 2788 tv)
899 2755 995 2787 iniquis
1015 2755 1121 2790 regibus
1134 2755 1246 2786 somnia,
1261 2755 1356 2789 quibus
1373 2755 1460 2781 futura
1474 2759 1712 2788 prtenoscercntur,
1729 2758 1818 2779 osten-

200 2800 255 2832 dit;
267 2807 293 2828 et
303 2801 430 2836 Caipham
442 2801 549 2835 impium
564 2802 634 2835 quod
650 2801 809 2835 expediebat
822 2802 930 2835 protulit
944 2799 1034 2836 (Joau.
1048 2801 1101 2835 x1);
1117 2800 1236 2834 quinimo
1247 2801 1386 2834 etquando
1399 2800 1491 2833 voluit,
1503 2799 1584 2828 asinae
1599 2799 1668 2834 loqui
1682 2797 1819 2825 artiCItlata

201 2854 264 2875 voce
280 2848 398 2882 permisit
412 2847 505 2882 (Num.
522 2847 598 2882 nu).

707 2894 788 2922 Sal-'0.
803 2894 891 2917 Przesul
906 2898 983 2918 :vmate
996 2894 1058 2921 Dt-o,
1072 2899 1115 2922 por
1125 2892 1213 2916 smcula
1225 2892 1300 2922 salve,

738 2925 824 2949 Totius
834 2930 905 2956 atque
917 2932 941 2949 or
947 2928 980 2948 tm
990 2932 1028 2956 paI
1037 2933 1050 2948 ιι
1063 2930 1142 2953 μεως,
1153 2924 1214 2948 vale.
