2074 3144
247 174 316 203 «δίε
784 167 923 195 LEONTH
943 164 1172 194 NEAPOLITANI
1192 165 1345 194 EPISCOPI
1807 165 1874 195 toto

655 451 1045 510 PRO(EMIUM
1088 450 1467 509 AUCTORIS.

297 829 409 856 Intentio
424 829 530 863 quidem
548 837 597 856 una
610 834 652 857 est
667 834 756 856 nostra
768 834 871 862 quoque
887 831 1014 853 eteorum
1031 826 1073 860 qui
1085 831 1146 853 ante
1158 833 1204 852 reos
1219 825 1324 852 fuerunt
1337 827 1527 860 studiosorum,
1540 832 1564 855 et
1580 833 1731 855 sanctorum
1746 830 1875 862 virorum,

258 883 338 910 super
352 877 476 910 praesenti
490 875 669 903 memorabilis
686 875 733 901 viri
752 874 818 900 Vitm
832 872 1000 904 narratione;
1018 872 1042 898 id
1065 877 1121 905 est,
1135 877 1164 898 ut
1176 879 1207 898 ex
1227 872 1275 898 hoc
1296 871 1419 899 omnibus
1431 873 1536 906 quidem
1551 873 1663 900 imitatio
1679 874 1720 908 pia
1734 878 1762 901 et
1777 875 1877 901 utilitas

258 921 312 952 liat,
327 921 411 955 gloria
426 926 513 948 autem
529 927 554 948 et
571 920 766 955 mi'gniﬁcenlia
791 924 891 946 sancta:
914 923 939 945 et
960 919 1101 944 adorandm
1117 916 1239 944 Trinitati
1254 918 1398 949 referatur;
1413 923 1439 944 et
1455 918 1480 944 in
1495 918 1556 950 hoc,
1572 918 1639 944 sicut
1654 922 1681 945 et
1701 919 1726 945 in
1741 921 1875 951 omnibus,

256 973 316 999 qua:
330 973 436 1000 semper
451 967 476 993 in
492 967 691 1001 generationem
707 970 733 992 et
747 965 944 999 generationem
961 963 1065 996 propria
1080 963 1220 990 luminaria
1232 963 1357 995 ostendit,
1368 962 1401 989 ad
1418 963 1605 990 illuminandos
1619 964 1663 996 qui
1682 965 1707 990 in
1724 964 1839 991 tenebris
1849 969 1875 992 ei

256 1011 282 1036 in
297 1011 388 1038 umbra
405 1013 498 1038 mortis
513 1012 607 1039 sedent
620 1010 698 1045 (Luc.
716 1010 734 1045 ι)
750 1015 777 1037 et
791 1009 901 1043 peccati.
926 1008 1054 1040 Quoniam
1068 1015 1131 1034 vero
1146 1008 1222 1034 amici
1238 1007 1337 1034 Christi
1351 1015 1404 1033 non
1419 1007 1495 1034 valde
1507 1008 1647 1040 miramur,
1662 1008 1705 1042 qui
1717 1015 1779 1035 ante
1793 1017 1873 1043 gene-

256 1057 386 1084 rationem
407 1061 524 1084 nostram
550 1056 655 1083 fuerunt
680 1057 740 1088 viri,
755 1056 798 1090 qui
812 1056 865 1082 Deo
883 1054 974 1088 placita
996 1053 1197 1080 conversatione
1222 1053 1357 1085 vixerunt;
1372 1053 1419 1080 sed
1440 1052 1475 1080 de
1489 1053 1617 1081 diabolica
1638 1055 1792 1088 operatione
1817 1057 1876 1082 illos

257 1108 394 1129 sermones
409 1110 514 1136 semper
527 1102 639 1129 dicimus
653 1102 685 1129 ad
700 1102 866 1133 alterutrum,
879 1102 936 1134 quia
953 1100 1000 1126 sub
1016 1100 1079 1126 viris
1094 1100 1136 1134 qui
1151 1103 1212 1125 ante
1227 1106 1275 1125 nos
1288 1099 1405 1130 fuerunt,
1418 1106 1469 1124 non
1483 1104 1539 1125 erat
1554 1100 1588 1125 ita
1602 1099 1727 1132 iniquitas
1738 1100 1874 1126 hominum

257 1144 426 1181 multiplicata
442 1148 511 1173 sicut.
525 1148 613 1180 modo,
630 1152 657 1174 ut
671 1147 793 1181 pra-dixit
809 1147 895 1173 divina
910 1147 1055 1178 Scriptura,
1071 1153 1103 1172 eo
1117 1146 1188 1179 quod
1209 1145 1351 1171 abundavit
1366 1145 1501 1179 iniquitas,
1516 1145 1665 1180 refrigescit
1679 1146 1794 1172 Charitas
1809 1147 1873 1172 mul~

256 1196 342 1218 tortttn
358 1191 463 1226 (Matt/1.
481 1192 570 1227 xxtv);
588 1193 647 1219 ideo
661 1200 712 1218 non
729 1191 847 1219 valemus
861 1192 892 1217 ad
907 1198 999 1218 eorutn
1024 1198 1183 1223 consurgere
1198 1190 1318 1217 meritum
1333 1199 1339 1216 :
1354 1191 1431 1222 huius
1446 1191 1484 1217 rei
1497 1191 1580 1225 gratia
1597 1191 1628 1216 ad
1641 1197 1797 1224 prmaenlem
1811 1199 1874 1218 san-

257 1239 306 1260 cta:
322 1234 400 1268 hujus
416 1234 482 1262 Vita:
493 1236 672 1263 narrationem
688 1244 721 1263 ex
734 1241 809 1270 parte
822 1237 942 1262 venimus
957 1236 988 1262 ad
1005 1235 1195 1262 ostendendum
1212 1236 1291 1261 etiam
1306 1235 1399 1262 diebus
1413 1236 1512 1262 nostris
1528 1235 1656 1267 volentes,
1672 1241 1698 1262 et
1713 1237 1874 1270 propositum

259 1286 336 1306 suum
351 1284 487 1314 cogentes,
500 1281 710 1308 excellentiores
727 1280 802 1307 nobis
818 1280 1005 1312 demonstrari,
1018 1285 1046 1306 et
1059 1285 1197 1313 angustam
1218 1285 1243 1306 et
1259 1284 1358 1306 arctam
1374 1280 1441 1306 viam
1458 1287 1536 1314 posse
1557 1280 1680 1307 incedere
1696 1279 1803 1314 (Matth.
1818 1281 1865 1313 vn)

256 1330 286 1353 et
299 1326 438 1354 obstruere
453 1335 484 1355 os
499 1327 661 1361 IOquentium
676 1328 763 1362 iniqua
776 1327 860 1362 (Psal.
877 1327 959 1362 an),
977 1332 1002 1354 et
1016 1328 1112 1354 animae
1127 1335 1226 1354 nocuos
1238 1327 1398 1355 intellectus.

297 1372 352 1398 lam
368 1374 474 1407 quidem
489 1378 516 1400 et
530 1373 576 1400 alii
588 1378 649 1400 ante
672 1381 720 1400 nos
734 1374 832 1407 optima
859 1378 937 1407 atque
959 1373 1183 1400 excellentissima
1204 1373 1237 1399 de
1258 1372 1308 1399 hoc
1323 1372 1471 1399 admirabili
1491 1373 1548 1400 viro
1568 1377 1595 1399 et
1611 1380 1715 1400 summo
1739 1371 1877 1398 sacerdote

258 1418 359 1445 Joanne
376 1419 552 1453 philosophati
573 1425 647 1450 sunt.
664 1424 784 1453 potentes
805 1420 950 1446 existentes
963 1419 989 1444 in
1005 1426 1084 1453 opere
1099 1423 1126 1445 et
1141 1418 1166 1445 in
1186 1425 1320 1445 sermone.
1343 1418 1408 1445 Dico
1422 1418 1492 1444 enim
1508 1418 1636 1444 Joannem
1652 1421 1679 1443 et
1697 1417 1875 1450 Sophroniunt

259 1464 300 1500 (8)
317 1466 362 1492 Dei
378 1466 681 1499 cultores,etatnatores
694 1466 830 1496 virtutum,
846 1470 872 1491 et
887 1464 993 1498 pietatis
1008 1471 1231 1498 propugnatores;
1248 1469 1365 1490 attamen
1378 1464 1498 1497 quamvis
1509 1464 1573 1489 tales
1587 1468 1686 1494 essent,
1699 1462 1734 1488 de
1747 1462 1876 1495 dignitate

257 1514 285 1537 et
296 1510 391 1537 merito
405 1511 483 1537 stttdii
497 1510 545 1537 viri
561 1511 636 1538 istius
652 1515 678 1537 et
698 1510 746 1543 ipsi
761 1510 909 1536 omiserunt
922 1529 929 1540 ,
942 1514 968 1535 et
983 1508 1095 1542 idipsnm
1113 1509 1229 1542 perpessi
1250 1513 1323 1540 sunt,
1338 1509 1406 1542 quod
1422 1508 1541 1534 nonnulli
1554 1508 1666 1534 studiosi
1686 1507 1820 1540 agricola,
1837 1506 1876 1532 vi-

259 1561 335 1580 neam
350 1554 460 1581 uberem
475 1560 502 1581 et
517 1554 682 1582 fructuosam
696 1555 906 1586 vindemiantes;
921 1561 980 1580 nam
998 1554 1148 1587 relinquunt
1163 1554 1253 1587 utique
1268 1561 1299 1579 ex
1314 1553 1398 1579 fructui
1412 1553 1632 1583 benedictionem,
1648 1553 1727 1578 etiam
1743 1551 1875 1581 nolentes,

258 1603 329 1624 retro
345 1605 374 1624 se
390 1599 562 1632 sequentibus
578 1599 666 1632 egenis
681 1599 840 1634 eligentibus
856 1599 958 1626 vineam
969 1621 976 1633 ,
991 1607 1023 1624 ex
1038 1598 1134 1632 quibus
1153 1605 1245 1624 sumus
1259 1603 1285 1624 et
1300 1605 1348 1624 nos
1364 1598 1476 1624 minimi.
1500 1597 1564 1624 Nam
1579 1603 1604 1625 et
1619 1605 1711 1624 omnes
1725 1597 1807 1622 sancti
1822 1597 1876 1627 isti,

258 1646 379 1678 quamvis
393 1647 462 1671 otnni
477 1646 632 1672 fortitudine
647 1653 692 1672 sua
705 1646 865 1673 fructiferam
883 1645 949 1672 hanc
961 1645 1069 1676 olivam,

1056 1659 1069 1676 η,
1082 1652 1140 1678 quae
1154 1645 1178 1670 iu
1193 1645 1271 1670 domo
1284 1644 1340 1675 Dei,
1353 1649 1380 1670 ul
1394 1644 1430 1670 ait
1443 1643 1580 1670 Psalmista
1595 1642 1680 1676 (Psal.
1696 1642 1745 1679 Li),
1763 1647 1875 1678 plautata

258 1694 308 1723 est,
326 1695 431 1723 propter
447 1691 605 1723 multiplices
621 1698 712 1718 revera
736 1692 830 1723 olivas,
850 1699 909 1725 quae
925 1691 951 1717 in
966 1698 996 1717 ea
1010 1695 1087 1722 sunt,
1103 1691 1161 1717 zelo
1180 1690 1225 1716 Dei
1248 1690 1411 1716 vindemiare
1433 1689 1592 1720 studueriut,
1607 1695 1725 1718 attamen
1742 1692 1818 1718 latuit
1831 1698 1878 1718 eos

258 1734 357 1761 mullus
372 1735 448 1761 oliva:
463 1733 574 1767 fructus,
585 1735 697 1762 Domino
711 1736 889 1769 dispensante.
898 1735 1019 1760 Nostram
1032 1741 1095 1766 ergo
1104 1735 1183 1760 vdent
1196 1737 1223 1760 et
1236 1732 1356 1767 frigidam
1368 1733 1531 1759 alacritatem
1543 1735 1717 1768 Suscipite,ut
1726 1736 1778 1762 duo
1791 1734 1877 1761 vidua

258 1779 360 1806 minuta
375 1778 462 1814 (Lucra
477 1785 548 1812 ut);
566 1787 617 1806 non
633 1780 701 1806 enim
717 1781 769 1807 illis
784 1780 956 1806 detrahentes
966 1800 974 1812 ,
990 1786 1075 1812 neque
1091 1780 1133 1812 qui
1150 1779 1282 1812 possimus
1295 1785 1386 1804 eorum
1401 1786 1415 1804 a
1432 1778 1486 1805 Deo
1498 1778 1624 1807 donatam
1646 1781 1804 1814 sapientiam
1818 1779 1877 1806 imi-

257 1824 319 1856 tari,
331 1824 395 1858 justi
410 1828 482 1857 gesta
499 1825 636 1858 scripturae
652 1825 757 1851 tradere
771 1823 972 1855 festinavimus;
987 1823 1032 1849 sed
1050 1823 1135 1856 prituo
1149 1823 1257 1856 quidem
1272 1827 1298 1848 ut
1317 1822 1385 1855 quod
1400 1822 1572 1858 intelligimu,
1585 1833 1635 1850 non
1649 1825 1747 1859 justum
1759 1832 1830 1854 esse,
1844 1831 1876 1851 ea

259 1875 319 1903 qua
333 1873 445 1902 possunt
466 1869 606 1896 utilitatem
621 1869 787 1896 audientibus
809 1867 905 1900 facere,
921 1868 1028 1900 silentio
1050 1867 1202 1898 occultare;
1218 1876 1251 1894 ne
1265 1871 1291 1893 et
1308 1875 1358 1894 nos
1374 1867 1520 1895 incidamus
1534 1871 1559 1895 in
1577 1870 1700 1902 iudicium
1721 1869 1790 1896 servi
1803 1869 1874 1895 illius

265 1913 374 1949 (Matth.
391 1915 463 1948 xxv),
476 1913 520 1947 qui
562 1913 695 1942 talentum
728 1914 755 1941 in
787 1918 861 1941 terra
903 1913 1052 1939 abscondit.
1067 1913 1188 1939 Secundo
1199 1916 1295 1946 autem,
1312 1917 1342 1939 ut
1356 1912 1381 1939 in
1397 1913 1446 1939 hac
1459 1912 1611 1938 narratione
1626 1915 1714 1938 nostra
1729 1910 1874 1937 correctio-

264 1966 308 1985 res
321 1962 348 1985 et
361 1958 532 1985 delectabiles
557 1957 675 1983 historia:
696 1956 904 1988 conscribuntur,
922 1965 981 1989 qua:
999 1956 1104 1989 seriptre
1119 1964 1171 1982 non
1186 1960 1247 1983 sunt
1266 1957 1299 1982 ab
1316 1956 1423 1989 optimis
1446 1956 1520 1987 viris,
1537 1956 1562 1981 iu
1578 1955 1699 1982 laudibus
1713 1955 1872 1982 sanctissimi

265 2010 357 2030 revera
370 2007 449 2036 atque
460 2002 603 2028 beatissimi
617 2000 736 2028 Joannis.
750 2000 849 2027 Deinde
863 2008 936 2031 vero,
948 2001 1008 2034 quia
1022 2001 1153 2034 sapientes
1164 2005 1190 2027 et
1201 2001 1355 2034 potentcsin
1366 2007 1498 2031 sermone,
1511 2004 1643 2026 amatores
1654 2001 1771 2027 historia:
1785 2005 1873 2030 erant.

266 2048 400 2082 sapienter
415 2053 440 2074 et
456 2047 604 2073 sublimiter
617 2045 752 2071 materiam
769 2045 946 2079 depinxerunt
959 2055 966 2072 ι
979 2046 1048 2079 quod
1063 2046 1176 2073 maxime
1187 2053 1211 2072 et
1224 2047 1383 2080 peramplius
1396 2048 1481 2073 erexit
1495 2054 1542 2073 nos
1557 2048 1588 2072 ad
1604 2050 1761 2079 pra'seutem
1777 2047 1876 2072 sollici-

267 2092 394 2124 tudinem,
410 2097 436 2118 ut
450 2099 481 2118 eo
496 2092 538 2125 qui
553 2091 620 2116 inest
633 2091 719 2121 nobis,
735 2090 860 2124 pedestri,
877 2091 999 2124 deformi,
1017 2091 1160 2126 humilique
1183 2092 1337 2119 charactere
1352 2100 1549 2124 enarraremus,
1562 2097 1591 2119 ut
1605 2098 1695 2127 posset
1708 2098 1735 2120 et
1754 2093 1835 2119 idiota
1849 2097 1875 2118 et

266 2138 325 2163 sine
340 2137 432 2163 Iitlt'rii
448 2136 481 2163 de
496 2136 536 2163 his
549 2143 606 2170 qua:
621 2136 743 2162 dicuntur
759 2135 892 2169 prohoem.
