2074 3144
646 218 727 245 VlTA
749 216 872 244 S.\i\'CTl
890 215 1032 244 JOANNIS
1052 212 1340 242 ELEEMOSYNARII.

1739 207 1805 236 i6i8

1064 305 1792 322 W

913 637 1069 645 __—————

175 740 180 745 .
226 728 313 756 cum
329 734 435 754 mu“.
448 739 481 745 ._
493 724 556 751 Cum
581 722 759 757 per-venissem
780 719 965 748 Alexandriam
980 719 1004 747 Α
1019 716 1189 750 Evangelium
1203 715 1352 743 audientem
1375 723 1416 749 se,
1436 715 1502 743 dicit
1518 715 1581 742 mihi
1596 721 1656 742 cum
1670 722 1799 749 compun-

192 783 243 809 εει)
267 773 386 806 indignus
406 771 438 797 ad
462 769 658 803 atnpleclandus
682 772 789 794 sanctos
811 771 838 792 et
855 766 969 792 victores

193 824 323 853 martyres
338 817 435 850 Cyrum
452 820 478 842 et
498 814 625 841 Joannem
638 812 687 846 (9),
701 816 727 839 et
743 819 833 838 eorum
847 809 970 843 iucundis

193 864 280 896 epulis
293 867 319 889 et
334 861 478 888 reiectione
489 860 645 890 fruerentur,
654 857 869 885 convenientibus
881 861 904 882 et
917 855 972 882 col-

196 907 363 942 loquentibus
387 905 482 931 ibidem
510 903 664 937 quibusdam
690 902 753 928 viris
781 900 971 927 vencrabilibul

196 958 274 986 atque
287 949 465 985 philocltristis
478 949 545 983 (l0),
561 952 588 974 et
601 948 797 980 disputaremus
807 946 840 972 de
853 946 972 978 Scriptu-

196 998 232 1024 ris
247 996 317 1023 etde
339 996 433 1021 anima:
450 993 632 1024 institutione,
647 992 716 1018 venit
739 991 770 1018 ad
795 998 843 1017 nos
867 990 972 1022 quidant

197 1041 348 1076 peregrinus
372 1045 465 1073 petens
488 1039 696 1071 eleeiuosynam.
723 1035 830 1062 Dicebat
849 1035 920 1060 enim
944 1039 974 1060 se

197 1093 280 1120 nuper
293 1085 326 1111 de
346 1085 499 1119 captivitate
513 1083 649 1109 Persarum
665 1086 795 1114 ereptum.
812 1081 913 1107 Accidit
928 1079 976 1114 igi-

198 1135 239 1157 tur
261 1135 289 1157 ut
310 1129 398 1156 nullus
422 1129 454 1156 de
468 1127 667 1154 considentibus
689 1126 852 1152 inveniretur
874 1125 975 1151 habens

198 1175 309 1211 pretium
331 1179 376 1201 aut
391 1181 537 1200 nummum.
562 1172 634 1198 Unus
652 1178 715 1205 ergo
726 1171 760 1197 de
779 1169 977 1196 considentibus

199 1221 313 1248 habebat
323 1220 376 1246 illic
386 1224 514 1246 astantem
527 1217 730 1249 mercenarium,
741 1215 834 1242 callide
845 1215 975 1246 dal0rem,

198 1265 370 1299 accipientem
387 1269 440 1290 tres
451 1267 549 1289 tantum
561 1268 681 1288 nummos
693 1268 740 1294 per
750 1261 868 1294 singulos
881 1266 976 1292 annos,

199 1316 226 1338 et
250 1311 390 1337 habentem
411 1315 520 1335 uxorem
533 1312 558 1334 et
572 1306 637 1333 duos
659 1306 735 1332 lilios.
759 1304 875 1339 Cumque
891 1311 979 1331 reces-

200 1357 276 1382 sisset
296 1355 339 1390 qui
357 1354 471 1388 petebat,
487 1357 641 1386 prosecutus
655 1353 697 1377 est
709 1358 770 1377 eum
793 1350 938 1383 ingeniose,
952 1353 979 1375 et

1019 761 1166 790 ctionezln
1191 761 1240 788 hoc
1260 762 1374 794 miraris,
1391 762 1518 789 Domine?
1531 761 1589 788 iam
1611 761 1632 787 si
1653 761 1800 788 invenisses

1020 811 1140 835 sanctum
1165 807 1348 840 patriarcliam,
1365 806 1447 840 quid?
1469 807 1519 832 Aio
1541 805 1666 838 ei:Qnid
1687 806 1800 839 amplius

1021 853 1155 880 viderem?
1176 853 1250 879 Tunc
1273 853 1339 879 dixit
1356 851 1438 879 mihi:
1455 852 1539 879 Crede
1553 859 1600 885 per
1613 852 1801 886 indulgentiam

1023 898 1079 926 Dei.
1093 897 1152 931 ipse
1162 905 1205 924 me
1219 897 1280 924 fecit
1291 898 1483 932 presbyterum,
1496 901 1523 924 et
1533 897 1729 924 vicedotninum
1745 896 1802 931 (15)

1023 944 1198 971 sanctissimae
1212 944 1340 976 ecclesiae,
1355 948 1381 970 et
1392 943 1443 970 vidi
1459 944 1484 970 in
1498 951 1530 970 eo
1545 951 1636 977 opera.
1653 943 1803 970 universam

1024 997 1091 1024 pene
1115 995 1234 1016 naturam
1257 989 1422 1016 excedentia.
1446 989 1477 1016 Et
1499 989 1521 1016 si
1537 989 1659 1023 dignatus
1679 988 1762 1015 fueris
1778 989 1804 1014 in

1024 1035 1131 1062 servilia
1143 1040 1186 1062 tua
1197 1035 1274 1062 hodie
1283 1035 1423 1067 veniendo,
1431 1034 1596 1061 sarrctilicare
1606 1041 1665 1066 nos,
1674 1032 1805 1060 enarrabo

1026 1081 1071 1108 t.bi
1086 1085 1170 1115 gesta,
1184 1088 1241 1115 qure
1264 1081 1323 1114 ipse
1338 1081 1472 1114 inspector
1490 1087 1581 1107 eorum
1597 1079 1681 1106 lactus
1703 1079 1806 1112 aspexi.

1024 1125 1143 1159 Cumque
1166 1124 1216 1152 hoc
1239 1125 1359 1156 dixisset,
1373 1125 1444 1152 tenui
1466 1131 1572 1150 manum
1588 1129 1614 1151 et
1633 1123 1705 1151 erexi
1719 1131 1780 1151 eum
1794 1132 1802 1156 ;

1026 1170 1370 1204 apprehendensque,duxit
1379 1177 1422 1196 me
1431 1170 1457 1196 in
1468 1177 1482 1196 a
1493 1169 1545 1196 Deo
1555 1173 1686 1196 servatam
1697 1169 1806 1196 domum

1027 1224 1112 1243 suam.
1137 1216 1228 1251 itaque
1242 1223 1300 1243 cum
1317 1215 1444 1243 voluisset
1459 1215 1535 1242 nobis
1552 1222 1671 1242 mensam
1685 1215 1807 1249 dignatus

1028 1269 1170 1296 apponere,
1185 1261 1237 1288 dixi
1251 1261 1283 1287 ad
1304 1268 1364 1288 eum
1378 1269 1384 1288 :
1397 1261 1453 1288 Non
1472 1261 1572 1295 justum
1587 1266 1638 1293 est,
1654 1268 1671 1287 ο
1686 1260 1807 1292 Domine,

1029 1307 1124 1333 anima
1141 1305 1228 1333 cibum
1243 1305 1437 1340 relinquentes,
1453 1313 1550 1340 corpus
1563 1310 1625 1333 ante
1639 1306 1754 1333 animam
1767 1313 1810 1333 re-

1031 1350 1120 1382 ticere.
1135 1351 1182 1377 sed
1202 1349 1289 1384 magis
1299 1351 1386 1377 cibum
1406 1350 1452 1385 qui
1466 1359 1517 1377 non
1533 1351 1610 1385 perit,
1624 1357 1771 1382 sumamus.
1783 1355 1810 1378 ct

200 1402 326 1428 abstulita
336 1408 363 1427 se
374 1407 451 1434 quam
463 1398 566 1426 ferebat
575 1396 735 1424 cruciculam
744 1401 895 1430 argenteam
907 1394 976 1429 (11),
993 1399 1016 1429 Β
1030 1394 1197 1428 postmodum
1220 1394 1325 1428 corpori
1351 1394 1537 1422 necessitatem
1563 1399 1729 1429 praestemus.
1743 1394 1810 1422 Cum

200 1453 224 1473 et
248 1447 291 1472 dat
304 1445 338 1477 ei,
354 1445 445 1472 dicens
460 1451 488 1470 se
503 1450 554 1469 non
570 1442 668 1468 habere
693 1441 764 1467 aliud
780 1439 877 1474 aliquid
894 1447 978 1472 lisque

201 1491 233 1517 ad
249 1491 367 1523 siliquam
383 1497 461 1515 unarn
477 1488 533 1524 (12)
549 1487 574 1514 in
597 1487 651 1513 vita
675 1493 732 1512 sua.
763 1485 818 1520 Ego
846 1485 925 1519 igitur
947 1484 980 1511 de

203 1536 251 1562 hoc
266 1535 334 1569 quod
349 1534 493 1565 acciderat,
511 1533 564 1559 imo
577 1531 646 1565 quod
667 1536 769 1565 gestum
786 1530 919 1560 videram,
935 1536 980 1562 per

202 1579 313 1613 gratiam
327 1579 372 1605 Dei
382 1578 552 1605 considerans
564 1577 631 1610 quod
646 1576 785 1607 iecerat,et
796 1578 978 1608 compunctus,

202 1625 320 1651 enarravi
336 1624 423 1650 statim
450 1630 532 1657 prope
552 1621 665 1651 sedenti,
681 1621 779 1647 Menum
793 1620 909 1651 nomine,
923 1619 981 1645 viro

203 1669 331 1696 industrio
350 1674 377 1696 et
400 1656 502 1695 timenti
519 1668 600 1694 Deum
615 1687 621 1698 ,
636 1666 680 1701 qui
694 1670 721 1693 et
734 1670 791 1693 erat
803 1665 927 1691 ordinans
942 1664 981 1690 di—

204 1715 400 1749 spensaliortetn
429 1713 602 1740 sanctissima:
629 1711 748 1739 ecclesiae
777 1710 826 1737 sub
851 1711 931 1736 nobili
957 1715 981 1736 et

205 1758 355 1786 beatissimo
368 1757 469 1784 Joanne
490 1756 647 1791 patriarcha.
665 1756 714 1789 Qui
735 1763 793 1782 cum
811 1762 859 1791 _me
875 1754 983 1781 intuitus

205 1809 275 1832 esset
298 1803 469 1830 admirantem
485 1807 510 1829 et
526 1802 673 1829 laudantem
694 1809 754 1827 eum
769 1800 812 1834 qui
834 1799 983 1834 elcornosy-

207 1856 266 1875 nam
282 1846 389 1878 fecerat,
406 1847 471 1873 dixit
482 1846 546 1873 mihi
560 1855 566 1872 ε
579 1845 616 1872 Nc
628 1845 742 1877 mireris,
757 1852 788 1871 eo
801 1843 870 1878 quod
886 1851 917 1870 ex
932 1848 984 1870 tra-

207 1895 306 1921 ditione
317 1897 341 1920 et
353 1893 473 1919 doctrinm
487 1891 636 1925 huiusmodi
650 1891 759 1917 actionis
772 1894 894 1922 operator
904 1889 985 1915 exsti—

208 1939 249 1965 tit.
266 1939 299 1964 Et
313 1937 417 1963 dicente
433 1944 474 1962 me
495 1936 526 1961 ad
541 1944 612 1965 eum,
628 1934 781 1968 Quomodo?
796 1939 903 1967 prepter
923 1933 986 1960 cha-

208 1983 311 2008 ritatem
326 1981 450 2016 prodesto
466 1980 540 2006 mihi.
553 1980 610 2013 ipse
626 1979 788 2012 respOndens
801 1978 837 2004 ait
850 1987 854 2002 :
869 1977 985 2004 Sanctis-

208 2027 274 2053 simo
283 2031 322 2053 ter
330 2026 406 2052 beato
417 2025 572 2059 patriarchae
581 2029 671 2050 nostro
683 2023 834 2049 miuistraus
842 2022 985 2056 permansit

1029 1447 1091 1473 ergo
1113 1440 1238 1473 erupisset
1253 1440 1332 1467 vitam
1346 1441 1430 1467 sancti
1446 1440 1504 1467 sine
1526 1441 1664 1468 mendacio
1678 1442 1790 1468 recitare
1800 1462 1808 1473 ,

1030 1485 1156 1517 Primum,
1172 1483 1264 1518 inquit,
1279 1489 1305 1511 et
1321 1485 1482 1519 praecipuum
1498 1486 1594 1512 bonum
1607 1486 1664 1520 ejus
1675 1486 1810 1520 fuit,quo-

1031 1530 1100 1556 niam
1112 1529 1271 1556 omnimodis
1287 1537 1338 1556 non
1351 1529 1459 1564 juravit.
1476 1530 1542 1557 Pelii
1558 1531 1634 1564 igitur
1648 1532 1767 1558 chartam
1784 1535 1811 1558 et

1030 1575 1257 1608 atramentarium,
1272 1579 1300 1602 et
1311 1582 1370 1609 quae
1383 1575 1551 1611 dicebantur,
1567 1583 1614 1610 per
1627 1576 1748 1603 ordinem
1760 1584 1809 1602 au-

1032 1619 1165 1646 notabant.

1066 1664 1131 1692 CAP.
1148 1665 1178 1691 ll.
1189 1679 1225 1685 —-
1235 1665 1375 1692 Promotus
1390 1673 1464 1700 ergo,
1479 1670 1505 1692 et
1531 1667 1556 1693 in
1580 1666 1678 1694 throno
1695 1667 1814 1694 residens

1033 1710 1058 1736 in
1070 1711 1152 1736 amica
1168 1709 1266 1736 Christi
1282 1717 1375 1744 magna
1391 1711 1497 1738 civitate
1519 1711 1690 1743 Alexandria,
1706 1711 1814 1738 decreto

1033 1755 1121 1781 divino
1145 1755 1283 1785 veraciter,
1299 1760 1326 1782 et
1348 1763 1401 1781 non
1423 1763 1453 1782 ex
1481 1756 1644 1789 hominibus,
1660 1763 1745 1791 neque
1769 1764 1815 1789 per

1035 1799 1165 1833 homines,
1180 1801 1229 1827 hoc
1243 1801 1355 1834 primum
1373 1801 1442 1827 l‘orte
1456 1801 1552 1828 factum
1567 1806 1591 1828 et
1607 1802 1744 1836 prrcmium
1759 1808 1815 1828 ont-

1035 1847 1111 1874 nibus
1123 1847 1324 1874 demonstravit.
1335 1846 1442 1873 Mittens
1453 1847 1523 1873 enim
1535 1855 1594 1873 mox
1607 1847 1815 1880 dispensatores,

1035 1898 1061 1920 et
1075 1900 1135 1919 eum
1156 1893 1200 1926 qui
1214 1892 1351 1919 dicebatur
1371 1900 1451 1925 super
1465 1900 1555 1926 pacem
1572 1893 1639 1926 (l6),
1653 1892 1717 1919 dicit
1726 1899 1815 1919 coram

1035 1939 1158 1965 «mnibus
1172 1937 1204 1964 ad
1220 1945 1266 1964 eos
1280 1938 1305 1964 in
1330 1937 1476 1965 honorabili
1498 1942 1600 1964 secreto
1613 1937 1669 1971 (l7)
1683 1936 1758 1963 :Nou
1772 1937 1816 1971 ju-

1036 1987 1104 2009 stum
1121 1987 1170 2012 est,
1183 1982 1287 2011 fratres,
1303 1989 1350 2008 nos
1363 1986 1424 2008 ante
1436 1981 1544 2008 alterius
1555 1983 1709 2016 cujusquam
1723 1988 1814 2008 curatn

1038 2028 1134 2054 habere
1156 2035 1233 2060 quam
1257 2027 1367 2053 Christi.
1391 2027 1467 2054 Omni
1491 2034 1552 2054 vero
1576 2027 1744 2054 multitudine
1759 2034 1817 2061 quat

210 2070 313 2102 .loanrti,
329 2075 355 2097 et
369 2075 493 2104 tanquam
509 2069 577 2095 lilius
592 2069 715 2103 proprius
738 2069 817 2100 patris
831 2067 984 2093 industriam

1041 2078 1210 2103 convenerat,
1224 2073 1313 2098 audito
1336 2073 1416 2099 verbo
1437 2078 1592 2107 compuncta
1612 2080 1642 2099 ac
1657 2074 1813 2102 sustinente,

211 2118 335 2151 suscepit,
351 2116 456 2143 dicente
471 2119 562 2141 sancto
577 2115 609 2140 ad
625 2122 683 2140 cum
696 2121 702 2140 ε
716 2113 828 2140 liumilis
849 2113 986 2142 Zacharia,

211 2167 267 2189 csto
282 2162 430 2189 misericors
443 2169 449 2193 ;
462 2165 488 2188 et
502 2162 609 2187 verbum
625 2160 706 2186 habes
719 2167 751 2186 ex
773 2159 827 2186 Deo
842 2167 887 2193 per
903 2158 990 2185 infuli—

211 2209 316 2234 citatem
334 2214 431 2239 meam,
448 2205 509 2239 quia
525 2213 609 2239 neque
629 2205 654 2231 iu
675 2205 727 2231 vita
744 2212 800 2230 mea
824 2212 908 2238 neque
932 2208 991 2237 post

213 2257 322 2278 mortem
336 2251 422 2278 deerit
435 2259 448 2277 a
464 2255 488 2277 te
512 2251 597 2279 Deus;
613 2250 682 2284 quod
695 2255 782 2276 servat
797 2257 879 2283 usque
900 2249 988 2275 lmilic.

213 2297 306 2324 Multas
320 2297 389 2324 enim
412 2296 610 2323 benedictiones
627 2295 707 2321 mittit
728 2295 751 2322 ei
777 2295 855 2325 Deus.
870 2294 915 2321 sed
939 2302 954 2320 u
967 2303 990 2320 in

213 2343 321 2370 dimittit
335 2342 488 2376 quidquam,
504 2341 573 2375 quod
589 2349 640 2367 non
656 2341 743 2366 statim
760 2340 804 2366 det
820 2340 988 2373 pauperibus,

214 2387 403 2421 propemodum
428 2386 614 2418 constringens
642 2389 669 2411 et
691 2384 717 2410 in
740 2384 850 2410 nihilum
869 2383 992 2417 redigt-us

214 2432 319 2459 domum
335 2439 419 2458 suam.
435 2430 567 2457 lliuitoties
581 2433 668 2455 autem
685 2429 710 2454 in
724 2429 899 2455 exsultatione
918 2428 990 2454 inve-

214 2483 311 2505 neront
325 2484 384 2503 eum
405 2476 523 2511 quidam,
538 2474 669 2500 dicentem
696 2473 749 2500 Deo
763 2481 768 2499 :
781 2473 833 2499 Sic.
843 2474 892 2506 s'c,
907 2477 952 2498 aut
966 2477 994 2498 tu

215 2521 354 2552 mittendo,
368 2525 414 2546 aut
426 2527 474 2553 ego
489 2518 681 2552 dispergendo;
699 2517 847 2543 videbimus
860 2523 922 2542 vero
933 2517 993 2548 quis

216 2568 312 2592 vincat.
337 2566 431 2598 Liquet
452 2566 521 2590 enim
537 2571 662 2597 quoniam
683 2568 709 2589 tu
723 2563 797 2588 divcs
809 2582 815 2594 ,
832 2562 952 2592 Domine,
968 2565 995 2588 et

217 2611 275 2636 vita!
290 2614 386 2635 nostra:
400 2609 562 2635 ministratur
575 2615 613 2634 es.
637 2608 718 2634 Porro
733 2612 772 2633 est
794 2606 899 2640 quando
920 2606 993 2639 juxta

217 2659 339 2682 eventum
354 2661 406 2680 non
427 2654 505 2680 habet
531 2654 562 2679 ad
592 2653 683 2679 horam
710 2652 806 2686 aliquid
828 2652 898 2686 quod
913 2652 958 2678 det
979 2659 993 2677 a

217 2706 246 2725 se
262 2698 374 2731 petenti;
389 2702 415 2724 et
435 2698 551 2723 tristatus
570 2697 633 2723 dicit
652 2697 684 2723 ad
706 2696 882 2722 tabernariutn
904 2701 949 2722 aut
963 2696 995 2722 ad

1040 2117 1104 2145 dicit
1120 2117 1214 2144 iterutn
1228 2117 1272 2144 ille
1285 2117 1376 2145 beatus
1390 2127 1396 2144 :
1409 2119 1505 2145 Euntcs
1519 2125 1582 2151 ergo
1597 2125 1643 2151 per
1656 2122 1736 2144 totam
1752 2117 1815 2144 civi-

1040 2163 1305 2194 tatem,c.mscribite
1339 2163 1405 2190 mihi
1439 2170 1526 2198 usque
1554 2163 1587 2190 ad
1628 2170 1706 2189 unum
1722 2170 1815 2189 omnes

1040 2207 1161 2233 dominus
1184 2215 1267 2234 uicos.
1284 2208 1336 2234 lllls
1360 2213 1446 2234 autem
1467 2214 1519 2234 non
1541 2206 1759 2241 lntelligentibus,
1773 2208 1817 2241 qui

1042 2252 1066 2278 lli
1081 2257 1179 2284 essent,
1195 2252 1240 2278 sed
1261 2252 1411 2286 rogantibus
1434 2251 1539 2285 dicere,
1552 2257 1579 2278 et
1591 2252 1746 2278 mirantibus
1761 2252 1818 2286 qui-

1042 2305 1102 2323 nam
1125 2297 1278 2330 patriarcha:
1292 2297 1392 2324 domini
1407 2296 1560 2329 eiisterent,
1575 2297 1713 2330 respondit
1727 2304 1818 2323 rursus

1042 2343 1187 2378 angelicum
1204 2343 1266 2369 illud
1281 2352 1322 2375 os,
1337 2348 1363 2370 et
1377 2343 1432 2369 ait:
1444 2343 1518 2376 Quod
1535 2350 1581 2370 vos
1595 2350 1691 2376 egenos
1705 2348 1732 2370 et
1746 2350 1818 2369 men--

1043 2387 1115 2414 dicos
1128 2388 1237 2419 vocatis,
1254 2387 1312 2413 illos
1330 2394 1378 2421 ego
1390 2387 1513 2414 dominos
1528 2391 1555 2413 et
1569 2387 1741 2414 auxiliatores
1753 2394 1820 2419 pne-

1043 2433 1113 2459 dico.
1132 2432 1179 2465 ipsi
1200 2432 1268 2458 enim
1292 2431 1366 2458 nobis
1387 2439 1449 2459 vere
1462 2436 1488 2459 et
1500 2431 1631 2464 auxiliari,
1649 2435 1676 2458 et
1693 2432 1818 2458 calorum

1045 2484 1151 2510 regnum
1168 2476 1267 2502 donare
1285 2482 1418 2509 poterunt.
1434 2477 1465 2502 Et
1480 2483 1539 2502 cum
1563 2476 1612 2502 itoc
1627 2475 1708 2502 multa
1723 2475 1821 2502 veloci-

1044 2525 1099 2547 tate
1123 2521 1231 2547 vidisset
1255 2520 1350 2547 lactum
1365 2521 1463 2547 Christi
1489 2521 1614 2552 imitator,
1635 2519 1759 2554 praecepit
1782 2519 1822 2546 eis

1046 2573 1092 2598 per
1115 2565 1230 2599 singulos
1244 2565 1302 2592 dies
1316 2565 1447 2598 stipendia
1470 2565 1560 2597 tribui,
1576 2569 1602 2592 et
1623 2572 1668 2598 per
1688 2564 1821 2598 proprium

1046 2609 1253 2643 dispensatorem
1263 2611 1383 2642 praebens
1392 2609 1430 2636 eis
1441 2609 1615 2637 sufﬁcientem
1627 2608 1820 2636 necessitatem:

1047 2655 1105 2688 plus
1127 2660 1213 2680 autern
1241 2660 1316 2681 erant
1344 2662 1421 2688 qualn
1446 2660 1546 2688 Septem
1571 2654 1650 2690 millia
1675 2654 1821 2688 quingenti.

1046 2700 1121 2726 Tunc
1143 2700 1216 2733 quasi
1235 2704 1325 2734 pastor
1344 2707 1423 2726 verus
1438 2705 1463 2727 et
1478 2707 1529 2727 non
1552 2700 1746 2730 mercenarius.
1762 2706 1821 2725 cum

219 2744 407 2778 negotiatorem
420 2751 426 2769 :
441 2742 477 2768 Da
492 2742 554 2768 mihi
568 2750 646 2768 unum
661 2744 807 2769 tremissem
821 2742 886 2777 (15),
899 2747 924 2769 et
935 2751 995 2768 scr-
1011 2751 1035 2780 ι)
1047 2752 1123 2771 sacro
1138 2752 1187 2770 suo
1208 2745 1268 2771 ovdi
1291 2749 1317 2771 et
1340 2743 1399 2771 cum
1419 2745 1636 2772 convenientibus
1650 2745 1746 2772 sanctis
1759 2742 1822 2768 viris

219 2789 286 2815 viam
302 2788 347 2815 tibi
363 2796 414 2814 uno
428 2794 518 2814 mense
540 2787 579 2813 vel
603 2787 719 2820 duobus,
734 2793 763 2815 ut
785 2789 822 2814 vis
838 2793 863 2815 ct
880 2789 922 2814 ubi
945 2789 993 2819 vis,

218 2834 341 2867 quoniam
366 2832 484 2859 esui-inut
502 2832 576 2859 valde
598 2834 640 2867 qui
656 2833 682 2860 in
702 2835 781 2859 duino
800 2841 857 2859 mea
878 2839 946 2860 sunt.
963 2835 995 2861 lit

219 2885 325 2905 sumens
336 2878 379 2904 dat
390 2884 481 2912 egeno.
496 2885 590 2910 rogans
603 2882 628 2903 nt
650 2879 745 2905 nctnini
757 2879 836 2906 dicar.
852 2879 916 2905 Cum
930 2887 994 2913 ergo

219 2922 344 2950 sensisset
359 2929 399 2949 mc
415 2922 482 2949 idem
500 2922 543 2948 Dt‘l
557 2923 640 2949 cultor
654 2922 763 2952 Meunas
777 2924 832 2957 (16)
847 2944 852 2955 ,
871 2929 992 2958 tanquam

1048 2790 1180 2824 episcopis
1193 2789 1225 2815 ad
1240 2790 1376 2817 ecclesiam
1392 2795 1509 2818 sanctam
1521 2798 1641 2826 pergens,
1653 2793 1822 2817 consecratus

1047 2839 1089 2862 est
1098 2835 1186 2861 divino
1196 2834 1294 2868 judicio
1309 2834 1375 2869 (l8).

1083 2880 1146 2906 Car.
1163 2879 1205 2905 ill.
1220 2894 1254 2899 —
1266 2880 1368 2907 Justutu
1384 2887 1446 2907 vero
1458 2885 1497 2908 est
1510 2885 1536 2907 et
1554 2881 1603 2907 hoc
1618 2885 1754 2914 gestorum
1765 2879 1822 2912 ejus

1047 2932 1098 2951 non
1124 2927 1279 2957 postponere
1301 2924 1407 2951 bonum.
1424 2925 1450 2951 lu
1472 2926 1613 2952 crastinum
1635 2925 1703 2951 cnim
1727 2923 1822 2951 iterum
