2074 3144
239 201 306 230 Nili)

763 204 900 232 LEONTH
922 206 1152 234 NL\POL|TANI
1174 206 1328 234 EPISCUPI

1792 209 1861 238 {€120

241 266 348 292 mittens
373 271 419 298 per
443 267 523 290 totam
546 261 677 288 civitatem
701 261 808 288 eosdem
836 260 881 287 Dei
907 261 1020 291 amicos,
1037 264 1059 291 A
1075 268 1146 290 eum.
1162 270 1194 288 ne
1208 263 1305 294 tardet,
1320 264 1366 291 sed
1381 264 1443 291 illud
1460 265 1598 299 Prophetre
1614 265 1713 293 dictum
1735 266 1854 301 protinus

241 318 396 338 meonomos
417 314 443 336 et
466 308 638 335 cancellarios
654 307 729 341 (t9),
746 313 772 333 ct
796 307 911 340 reliquos
925 306 1020 340 quibus

241 362 298 384 crat
313 356 450 390 dispositio
463 355 577 381 civitatis
592 353 701 384 credita,
716 360 767 378 non
783 352 903 386 permisit
915 359 1021 378 mensu-

242 409 297 428 ram
313 401 531 434 qualemcunque,
548 398 587 424 vel
602 398 703 432 pondus
719 405 826 432 parvum
842 397 881 424 vel
897 404 1020 430 magnum

241 447 267 473 in
281 451 334 472 tota
353 445 472 476 civitate;
490 444 536 470 sed
560 443 648 469 omnia
665 443 690 469 in
714 450 763 468 una
787 443 920 476 Campana
941 447 1022 468 state-

242 499 269 517 ra
285 490 354 525 (‘20),
367 489 455 516 modio
467 494 492 515 et
507 488 597 514 arlabc
609 487 677 523 (2|),
691 488 804 514 vendere
819 491 845 513 et
860 494 948 514 emere
961 493 1022 512 con-

241 535 395 566 testabatur,
411 534 529 561 scribens
541 533 566 559 in
580 533 774 565 subscriptione
786 539 832 558 sua
843 532 1020 558 conditionem

241 587 289 615 per
313 587 420 606 onlnem
446 579 600 612 regionem,
628 578 770 603 Ιιιιιιιιηιριιι
797 580 907 602 formam
934 576 1021 602 hanc:

242 633 255 652 t
272 625 387 653 Joannes
402 624 510 651 humilis
529 629 554 650 et
576 625 686 657 exiguus
707 631 798 649 servus
820 630 955 649 servorum
971 622 1023 648 Do-

241 670 306 697 mini
329 670 410 696 nostri
435 668 496 695 Jesu
520 668 626 698 Cbrtsli,
649 669 772 693 (Illllllllllﬁ
793 668 842 694 sub
869 670 1022 701 paupertate

242 719 333 741 nostra
347 713 514 747 degentibus,
536 712 631 746 quique
643 712 676 738 ab
696 712 790 738 eodem
806 711 917 738 Domino
930 715 957 738 et
969 711 1023 737 Deo

241 764 331 785 nostro
347 758 479 791 regimini,
496 756 570 783 hate:
585 758 696 791 Egregie
708 757 785 783 beato
798 757 890 788 Paulo,
905 764 951 790 per
961 763 1021 783 eum

242 804 287 838 qui
300 804 325 830 in
340 811 372 829 eo
388 803 554 837 loquebatur,
567 803 700 829 Christum
713 804 824 837 jnbente
835 823 842 833 .
856 808 884 830 et
899 803 1023 830 omnibus

242 849 326 883 legem
352 853 475 882 ponente,
492 848 602 875 Obedite
618 849 766 882 praepositis
781 847 875 875 vestris
889 852 915 874 et
934 848 1023 882 subje-

241 899 299 920 cete
310 894 363 925 eis;
378 894 428 927 ipsi
441 893 512 920 enim
529 893 702 927 pervigilant,
725 893 800 927 quasi
826 893 954 919 rationem
974 900 1023 927 pro

1071 306 1338 335 exclamamus:CiIo
1361 311 1488 344 anticipet
1511 318 1559 337 nos
1586 311 1767 338 misericordia
1793 316 1854 345 tua,

1072 350 1181 377 Domine
1196 351 1280 385 (Ρδιι.
1301 354 1429 387 uxvnt);
1447 356 1580 389 quomodo
1591 377 1597 388 ,
1620 360 1713 390 putas,
1729 364 1777 383 nos
1789 364 1856 383 con-

1071 402 1208 423 servorum
1218 403 1368 426 nustrorum
1381 401 1521 434 petitiones
1532 409 1591 427 cum
1603 401 1676 428 omni
1688 401 1857 429 festinatione

1072 441 1200 470 debemus
1209 451 1348 478 peragere,
1362 453 1493 473 memores
1501 447 1604 473 Domini
1615 447 1726 474 dicentis
1741 456 1747 474 :
1765 449 1791 474 In
1804 456 1855 480 qua

1073 495 1195 515 mensura
1210 491 1294 516 mensi
1305 491 1416 522 fueritis.
1431 492 1585 519 remetiatur
1596 493 1670 520 vobis
1681 493 1854 527 (Matth.vn).

1074 532 1107 558 Et
1138 533 1276 566 Propheta:
1298 535 1392 561 iterum
1420 536 1580 569 perhibentis
1598 545 1605 563 :
1627 537 1856 570 Quemadmodum

1072 577 1216 610 perfecisti.
1234 579 1286 605 erit
1303 579 1369 606 tibi?
1382 581 1436 607 Una
1448 589 1512 615 ergo
1523 582 1626 608 dierum
1635 582 1713 608 simili
1728 582 1807 608 tnodo
1815 583 1858 608 hic

1075 622 1205 649 mirabilis
1221 625 1377 658 procedens,
1388 630 1416 652 et
1426 627 1451 652 in
1463 627 1541 654 solito
1551 627 1609 654 loco
1621 627 1764 657 t.r:csidens
1774 635 1858 661 usque

1073 667 1105 692 ad
1122 667 1213 694 horam
1236 670 1353 702 quintam
1367 691 1374 702 ,
1399 676 1425 697 et
1448 673 1554 698 nemine
1569 672 1713 699 accedente
1725 693 1731 704 ,
1748 677 1859 700 moestus

1073 715 1100 737 et
1114 712 1309 747 collacrymaus
1325 715 1449 747 recessit;
1466 716 1539 742 nullo
1563 721 1649 742 autent
1672 716 1786 743 audente
1798 724 1858 743 eum

1074 756 1242 791 interrogare
1253 766 1359 785 causam
1375 762 1507 793 mmroris,
1523 765 1630 787 sanctus
1646 761 1812 794 Sophronius
1823 762 1860 788 ait

1073 801 1106 827 ad
1120 809 1180 828 eutn
1195 809 1298 829 sevrelo
1312 805 1377 837 (illic
1388 805 1458 831 enim
1472 809 1530 831 erat
1542 806 1614 840 tunc)
1626 815 1631 831 :
1645 806 1708 839 Quae
1718 814 1796 834 causa
1806 811 1858 839 est,

1075 845 1122 872 Dei
1137 853 1254 881 curator,
1267 849 1405 876 retinentis
1419 850 1535 877 animum
1551 856 1624 877 tuum
1639 856 1761 878 sanctum
1777 852 1860 879 tristi—

1074 892 1135 918 tiae?
1145 899 1237 920 omnes
1248 894 1344 928 quippe
1355 902 1403 921 nos
1416 901 1528 929 repente
1536 897 1715 924 conturbavit.
1729 897 1779 930 Qui
1792 897 1859 924 dixit

241 937 379 964 animabus
393 938 489 964 vestris
514 937 641 965 reddituri
657 938 749 972 (Hebr.
766 940 822 972 xui)
838 947 844 963 :
859 938 944 964 credit
963 942 1023 964 tan-
1040 942 1063 971 Β
1075 938 1101 965 ei
1116 943 1253 966 mansueta
1270 947 1352 967 voce:
1371 941 1452 968 Hodie
1468 942 1526 976 (25)
1541 942 1650 970 humilis
1664 942 1782 970 Joannes
1794 951 1861 978 qua—

243 983 335 1010 tlllilaa
350 990 421 1016 mea,
435 984 517 1010 verbo
535 984 626 1010 divino
645 984 799 1011 obcdientes
815 990 876 1015 vos,
891 984 1025 1018 suscipere

242 1031 384 1066 petitiones
396 1035 502 1058 nostras
515 1035 543 1057 ut
556 1039 590 1058 ex
605 1031 669 1063 Deo,
679 1036 705 1058 et
716 1039 766 1058 non
779 1039 809 1058 ex
820 1031 943 1063 homine;
955 1031 1025 1058 unde

243 1076 294 1103 hoc
307 1076 395 1103 sciens
407 1096 415 1107 .
430 1083 526 1103 moneo
541 1077 698 1108 cliarilatem
714 1082 827 1104 vestiam
841 1099 848 1110 ,
873 1081 900 1103 ut
924 1083 1024 1111 nequa-

244 1128 323 1154 quam
347 1121 373 1147 in
397 1121 521 1154 quopiam
549 1126 665 1148 vestrum
691 1126 818 1154 appareat
843 1121 1024 1154 hujuscemodi

244 1166 437 1199 prevaricatio.
454 1166 587 1202 Denique,
604 1172 631 1193 ut
645 1168 682 1193 ait
696 1167 785 1194 divina
798 1168 933 1201 Scriptura
945 1188 952 1200 ,
968 1167 1025 1194 Sta-

245 1217 327 1240 terarn
339 1221 459 1248 magnam
471 1218 499 1241 et
508 1221 613 1248 parvam
627 1215 688 1240 odio
702 1214 779 1241 habet
794 1215 861 1240 Deus
874 1213 964 1245 (Prov.
977 1213 1026 1248 ιιι).

245 1260 272 1287 Si
290 1268 353 1287 vero
367 1262 426 1295 quis
442 1261 593 1294 apparuerit
609 1267 668 1296 post
682 1266 839 1296 prmsentem
853 1261 1027 1293 subscriptio-

247 1308 287 1333 nis
299 1311 396 1332 nostra
407 1305 600 1338 conditionem,
617 1307 765 1333 istiusmodi
780 1307 882 1334 crimen
896 1306 1025 1336 incidens,

245 1353 383 1380 universas
397 1352 535 1379 facultates
554 1360 616 1379 suas
638 1353 815 1387 indigentibus
825 1373 833 1385 ,
850 1360 900 1379 non
915 1353 1007 1379 volens
1020 1374 1026 1386 ,

245 1399 304 1424 sine
317 1398 449 1429 mercede,
464 1401 588 1430 apponet.
605 1406 615 1423 ι
631 1397 710 1431 Ergo,
725 1403 752 1425 ut
766 1398 872 1431 dignum
887 1400 1026 1430 memoria,

245 1446 274 1469 et
289 1442 340 1469 hoc
353 1442 438 1476 ipsum
455 1442 588 1477 publicum
603 1449 764 1477 praeceptum
782 1443 823 1469 hic
838 1451 937 1477 ponere
956 1444 1027 1470 festi-

244 1493 376 1513 IIBVlmDO.

283 1532 347 1558 Cn.
363 1531 406 1558 IV.
421 1545 456 1552 —
471 1531 590 1558 Relatum
606 1537 647 1559 e~t
659 1537 747 1559 autem
763 1532 903 1567 aliquando
916 1532 974 1558 huic
988 1532 1028 1558 di-

249 1576 347 1602 vinitus
361 1576 517 1609 sapientiam
531 1582 685 1608 consecuta,
703 1576 772 1609 quod
789 1585 835 1611 per
850 1577 924 1603 xenia
940 1576 1026 1602 eccle-

1076 983 1234 1018 letncunque
1248 985 1397 1012 mercedem
1415 993 1429 1012 a
1445 994 1568 1020 quopiam
1587 994 1638 1013 non
1656 987 1759 1019 habuit,
1775 995 1860 1022 neque

1076 1028 1180 1056 Christo
1195 1037 1243 1064 pro
1259 1030 1405 1057 innumeris
1418 1033 1535 1066 peccatis
1549 1032 1607 1066 ejus
1623 1032 1723 1066 aliquid
1739 1033 1854 1064 obtulit,

1079 1074 1147 1101 sicut
1165 1082 1214 1102 nec
1227 1076 1378 1110 aliquando.
1396 1078 1443 1104 Cui
1457 1083 1565 1105 sancttts
1581 1078 1747 1112 Sophronius
1766 1079 1861 1106 divini-

1077 1125 1119 1148 tus
1132 1122 1274 1155 inspiratus
1285 1144 1292 1154 ,
1312 1124 1448 1157 respondit
1463 1124 1537 1160 (mox
1558 1125 1628 1151 enim
1644 1125 1775 1152 intellexit
1799 1132 1860 1152 cau-

1077 1174 1133 1193 sam
1156 1168 1189 1193 ob
1212 1174 1290 1201 quam
1315 1168 1384 1194 idem
1410 1168 1563 1196 tristabatur
1583 1168 1763 1202 patriarcha):
1779 1168 1862 1195 Hodie

1077 1212 1182 1246 quidem
1195 1212 1309 1246 gaudere
1333 1215 1361 1238 et
1392 1212 1477 1241 laetari
1523 1215 1656 1248 oportet,
1692 1213 1860 1244 beatissime;

1078 1258 1207 1283 veraciter
1223 1258 1292 1283 enim
1307 1257 1475 1285 beatissimus
1489 1265 1518 1285 es
1530 1279 1537 1292 ,
1554 1259 1588 1284 ita
1604 1259 1746 1292 paciﬁcans
1760 1266 1772 1284 τι
1786 1259 1862 1285 Citri-

1078 1306 1119 1328 sto
1132 1302 1261 1328 creditum
1278 1303 1323 1329 tibi
1339 1310 1462 1338 gregem,
1487 1308 1516 1330 ut
1537 1303 1634 1330 nullam
1659 1304 1756 1331 habent
1770 1308 1862 1330 contra

1078 1347 1228 1380 proximum
1251 1354 1328 1374 suum
1353 1348 1426 1374 litem
1453 1352 1498 1374 aut
1520 1348 1696 1380 dubietatem,
1724 1349 1771 1375 sed
1791 1348 1862 1375 velut

1078 1395 1186 1429 angelos
1201 1395 1258 1422 sine
1273 1395 1357 1430 litigio
1368 1399 1394 1421 et
1408 1395 1465 1422 sine
1478 1395 1580 1429 judicio
1596 1396 1717 1423 homines
1740 1403 1799 1423 esse
1821 1397 1860 1421 fe-

1079 1439 1148 1465 cisti.
1168 1438 1213 1466 life
1237 1444 1324 1466 autent
1347 1448 1410 1467 vere
1430 1441 1503 1468 milis
1525 1446 1627 1475 pastor,
1655 1443 1769 1468 credens
1793 1441 1862 1473 quod

1080 1484 1178 1511 dictum
1194 1490 1250 1512 erat
1264 1492 1356 1512 verum
1371 1494 1441 1521 esse,
1452 1488 1544 1514 oculos
1557 1488 1583 1514 in
1597 1488 1694 1514 cmlum
1707 1486 1864 1520 extendens,

1081 1529 1184 1555 dicebat
1198 1538 1205 1556 :
1220 1528 1324 1557 Gratias
1339 1538 1388 1564 ago
1403 1532 1466 1564 tibi,
1482 1532 1550 1559 Deus
1561 1551 1569 1564 ,
1591 1532 1652 1566 quia
1664 1537 1692 1559 et
1707 1532 1864 1558 immeritam

1080 1573 1323 1607 pusillanimitatem
1339 1583 1425 1603 meam
1441 1577 1591 1604 sacerdotio
1608 1577 1699 1611 fungi,
1712 1582 1792 1604 etme
1807 1577 1865 1603 exi-

249 1621 296 1646 si:e
308 1625 426 1647 rectores
437 1622 516 1654 empti
531 1629 657 1655 personas
671 1623 822 1655 acciperent
835 1621 904 1648 circa
917 1622 1030 1654 disposi-
1043 1613 1067 1645 C
1083 1625 1161 1654 suum
1176 1624 1203 1646 et
1218 1627 1381 1653 peccatorem
1395 1640 1403 1652 ,
1427 1622 1592 1648 sacerdotem
1616 1626 1690 1648 tuum
1716 1621 1820 1652 vocari,
1839 1627 1866 1647 et

251 1665 338 1691 tiones
350 1666 524 1698 captivorum.
537 1665 608 1697 Quos
621 1665 685 1692 nihil
698 1666 840 1699 negligens,
856 1667 1008 1692 convocavit
1022 1675 1029 1698 ;

250 1713 276 1735 et
289 1710 421 1735 neruinem
437 1710 541 1743 penitus
552 1717 721 1744 exasperans,
736 1712 1032 1743 superauxitmercedes

250 1761 309 1787 quae
332 1754 372 1780 eis
397 1754 468 1787 prius
481 1754 620 1788 dabantur,
644 1762 744 1787 ponens
757 1756 883 1788 verbum,
904 1760 1032 1787 quatenus

251 1807 360 1827 munera
375 1809 388 1827 .1
402 1802 520 1835 quolibet
531 1802 691 1828 omnimodis
706 1810 757 1828 non
771 1802 925 1834 acniperent
938 1811 944 1828 :
961 1802 1032 1833 Quo-

251 1847 336 1878 niam,
353 1847 452 1881 inquit,
468 1848 536 1881 ignis
552 1853 691 1874 consumet
710 1847 804 1874 domos
827 1855 936 1874 munera
961 1848 1032 1874 acci-

253 1893 390 1926 pit-utinm.
403 1893 440 1920 Ex
456 1898 519 1921 tunc
537 1894 616 1928 igitur
631 1901 678 1927 per
689 1894 801 1927 gratiam
818 1893 863 1920 Dei
882 1893 1034 1920 abundave-

253 1943 315 1964 runt
329 1937 424 1965 domus
437 1945 539 1971 eorum,
556 1940 590 1965 ita
606 1943 634 1965 ut
648 1939 754 1973 quidam
770 1947 803 1966 ex
819 1940 857 1966 eis
872 1939 968 1966 addita:
983 1938 1033 1966 sibi

253 1984 384 2011 mercedis
397 1985 569 2018 quantitatem
585 1984 756 2011 dimitterent.

287 2027 352 2055 ειιι».
369 2028 400 2056 ν.
414 2043 449 2048 -
461 2028 569 2056 Disceus
582 2036 643 2055 vero
657 2029 798 2063 aliquando
817 2029 914 2055 iterum
935 2028 978 2055 ille
994 2033 1034 2055 ter

252 2072 337 2105 dives,
352 2074 421 2107 quod
436 2074 540 2107 quidam
557 2074 679 2106 injuriam
696 2078 849 2107 paterentur
863 2075 896 2100 ab
910 2073 1035 2100 adversa-

255 2118 301 2144 riis
314 2119 379 2150 suis,
391 2123 417 2145 et
432 2121 549 2145 volentes
571 2119 645 2146 adire
659 2126 734 2151 eum,
751 2119 846 2146 timore
860 2119 1033 2146 cancellario-

254 2174 312 2193 rum
328 2171 355 2193 et
363 2166 483 2193 ecclesiis
494 2166 662 2193 defensorum
682 2166 738 2200 (‘22)
759 2172 839 2200 atque
851 2167 876 2193 ei
892 2167 1034 2193 astantium

256 2211 467 2246 prohiberentur.
482 2211 658 2238 consideravit
674 2212 726 2238 tale
744 2211 807 2246 quid
823 2211 878 2238 Deo
897 2216 1034 2246 acceptum

254 2258 404 2291 negotium;
420 2263 446 2283 et
469 2261 559 2291 quarta
581 2262 607 2283 et
630 2262 704 2283 sexta
722 2257 785 2282 feria
810 2256 914 2290 publice
933 2264 1035 2289 ponens

1083 1671 1192 1698 pascere
1207 1665 1390 1693 rationabilem
1406 1673 1514 1700 gregem
1529 1672 1603 1693 tuum
1618 1667 1741 1701 dignatus
1758 1675 1797 1693 es.
1808 1667 1866 1692 Mox

1083 1717 1146 1742 ergo
1159 1710 1375 1742 pusillanimitate
1389 1711 1460 1737 omni
1476 1711 1596 1745 deposita
1607 1732 1614 1744 ,
1636 1711 1761 1746 gaudium
1776 1710 1801 1737 in
1818 1710 1866 1737 ltu-

1084 1753 1194 1781 militate
1215 1755 1325 1781 multum
1349 1755 1386 1782 illi
1407 1755 1501 1782 adfuit.
1521 1757 1594 1783 llunc
1618 1763 1682 1783 vero
1705 1757 1746 1790 (ut
1759 1756 1865 1790 quidam

1084 1798 1169 1833 aiunt)
1189 1799 1215 1826 in
1232 1799 1283 1827 hoc
1304 1800 1424 1827 imitatus
1445 1805 1487 1827 est
1506 1800 1716 1833 Constantinus,
1740 1800 1783 1834 qui
1808 1806 1867 1834 post

1084 1842 1233 1871 Heraclium
1249 1845 1433 1878 imperatorem
1446 1846 1567 1879 exstitit,
1584 1846 1660 1880 cujus
1676 1851 1703 1873 et
1714 1846 1783 1873 filius
1798 1851 1866 1873 erat.

1118 1887 1182 1915 Car.
1196 1888 1241 1916 Vl.
1253 1902 1289 1910 υ-
1304 1889 1386 1924 Hujus
1408 1890 1494 1917 sancti
1518 1891 1678 1924 patriarchae
1705 1890 1866 1924 temporibus

1084 1933 1258 1961 ascendentes
1275 1934 1364 1962 Persa:
1381 1934 1438 1970 (24)
1450 1935 1650 1970 captivavernnt
1672 1940 1700 1962 et
1722 1935 1866 1970 deprmdati

1085 1983 1145 2006 sunt
1166 1979 1283 2014 Syriam.
1307 1979 1400 2015 Itaque
1425 1988 1494 2015 pene
1521 1988 1614 2008 omnes
1639 1983 1682 2014 qui
1709 1981 1866 2015 etfugiebanl

1085 2031 1178 2051 manus
1193 2025 1343 2058 Persarum,
1356 2025 1389 2052 ad
1400 2034 1496 2053 nomen
1509 2026 1586 2060 hujus
1598 2031 1637 2053 ter
1648 2026 1730 2058 bctti,
1745 2031 1866 2060 tanquam

1084 2070 1116 2096 ad
1131 2076 1234 2104 portum
1262 2072 1321 2099 sine
1345 2071 1424 2098 [luctu
1438 2072 1629 2104 accurrebant,
1651 2072 1685 2099 ab
1709 2079 1743 2098 eo
1767 2078 1793 2098 et
1819 2072 1867 2105 ipsi

1085 2116 1208 2150 suffragio
1233 2121 1260 2143 et
1282 2118 1450 2152 susceptione
1474 2117 1574 2152 perfrui
1600 2118 1776 2152 postulantes.
1798 2117 1867 2151 Quos

1086 2161 1178 2189 beatus
1193 2162 1244 2189 iste
1263 2163 1380 2197 hospitio
1395 2164 1553 2198 recipiebat,
1571 2168 1597 2190 et
1612 2164 1800 2190 consolabatur
1816 2171 1867 2188 non

1086 2210 1208 2239 tanquam
1224 2207 1350 2240 captivos.
1365 2207 1411 2234 sed
1423 2207 1497 2241 quasi
1511 2213 1604 2234 natura
1615 2209 1745 2234 veraciter
1760 2207 1866 2235 fratres.

1085 2250 1215 2276 Continuo
1228 2259 1291 2290 ergo
1308 2252 1425 2285 plagatos
1440 2253 1546 2286 quidem
1560 2257 1586 2279 et
1602 2252 1722 2278 inﬁrmos
1743 2252 1768 2278 in
1786 2258 1866 2281 xeno-

254 2304 346 2331 Eeum“
362 2309 388 2330 ει
408 2304 459 2330 dm,
472 2310 590 2335 scamna,
606 2302 716 2330 sedebat
736 2308 798 2329 ante
812 2302 964 2335 eccjesjam’
976 2303 1033 2329 col-
1049 2297 1073 2325 D
1086 2297 1187 2323 dochiis
1207 2303 1234 2323 et
1254 2298 1413 2323 uosocomiis
1429 2298 1490 2324 fecit
1505 2298 1662 2324 recumbere
1674 2318 1681 2329 ,
1709 2297 1867 2331 prtecipiens

254 2350 364 2383 loquens
378 2349 532 2384 quibusdam
547 2348 661 2376 strenuis
672 2349 746 2381 viris,
760 2353 804 2374 aut
815 2353 903 2375 sancta
916 2348 1034 2381 Evange-

253 2394 285 2420 lia
302 2402 354 2428 pra:
362 2395 483 2422 manibus
495 2398 600 2425 tenens,
615 2393 715 2419 nullum
728 2393 792 2419 tanti
805 2393 923 2427 obsequii
937 2399 1033 2426 appro-

253 2440 379 2472 pinquarc
401 2439 450 2466 sibi
478 2438 653 2472 permittens,
679 2442 789 2470 excepto
814 2445 868 2464 uno
893 2438 1032 2465 defensore

250 2484 381 2513 ecclesia.
396 2485 529 2511 licentiam
545 2489 571 2511 et
585 2485 772 2511 confidentiam
787 2484 850 2511 dare
866 2484 993 2511 festinans
1004 2491 1033 2511 se

250 2528 322 2554 adire
334 2528 497 2562 volentibus;
515 2530 609 2564 quibus
624 2535 650 2556 et
669 2530 809 2556 confestim
831 2530 901 2563 quod
922 2530 1028 2563 dignum

249 2577 317 2603 erat,
335 2580 379 2606 per
394 2575 512 2601 ecclesia:
527 2575 681 2602 defensores
697 2574 827 2607 faciebat;
844 2580 871 2601 et
894 2575 1030 2609 praecipie-

250 2617 295 2644 bat
309 2622 337 2643 ut
352 2626 430 2646 nclno
444 2627 534 2646 eorum
548 2625 676 2654 gustaret,
692 2620 862 2654 quoadusque
878 2620 1033 2646 ordinarent

249 2663 403 2697 capitulum.
417 2664 450 2690 Et
467 2665 636 2692 audientibus
659 2665 762 2692 dicebat
775 2673 781 2691 :
794 2665 820 2692 Si
841 2672 888 2691 ttos
910 2665 1029 2691 hotnines

247 2709 411 2740 existentes,
435 2709 635 2742 permissionem
661 2717 767 2743 semper
788 2718 835 2743 pro
858 2709 1029 2744 petitionibus

250 2754 347 2781 nostris
362 2754 490 2780 habemus
507 2754 668 2787 ingrediendi
684 2755 790 2782 domum
808 2755 864 2789 Dei,
883 2760 910 2781 et
925 2755 1029 2788 petitio-

251 2807 298 2826 nes
312 2802 417 2825 nostras
432 2803 507 2825 notas
523 2798 609 2825 facere
624 2799 647 2824 ei
658 2820 664 2829 ,
680 2800 801 2827 videlicet
820 2800 978 2827 intractabili
999 2807 1030 2826 ac

250 2843 321 2870 omni
335 2847 462 2870 creatura:
475 2844 683 2876 supereniiucnti
693 2864 699 2874 ,
714 2849 793 2878 atque
807 2852 914 2878 operam
934 2844 1027 2871 damus

247 2898 300 2927 quo
321 2896 413 2922 preces
428 2894 523 2916 nostra!
547 2887 715 2919 impleuitur,
728 2896 776 2915 nec
797 2897 847 2915 non
860 2895 885 2916 et
906 2896 1032 2921 rogamus

1085 2348 1175 2367 curam
1199 2342 1238 2368 eis
1258 2346 1286 2367 et
1308 2342 1463 2368 medicinam
1486 2343 1570 2376 gratis
1597 2341 1731 2375 impendi;
1755 2348 1782 2368 et
1804 2347 1866 2367 tunc

1085 2386 1221 2417 ret-edere,
1238 2387 1341 2420 quando
1356 2387 1537 2421 unusquisque
1552 2394 1645 2413 eorum
1658 2386 1762 2420 propria
1775 2385 1864 2411 volun-

1086 2435 1138 2458 tate
1150 2432 1240 2458 vellet.
1258 2431 1355 2458 Eorum
1371 2439 1443 2463 vero,
1460 2431 1503 2464 qui
1518 2438 1578 2457 cum
1595 2431 1651 2456 sani
1666 2433 1755 2456 essent
1765 2433 1791 2455 et
1801 2436 1864 2462 ege-

1085 2477 1123 2507 ni,
1139 2477 1278 2502 vrniebant
1291 2476 1323 2503 ad
1338 2484 1427 2510 roganti
1443 2475 1510 2510 ('25).
1525 2475 1651 2502 masculis
1662 2474 1768 2508 quidem
1775 2474 1865 2508 singu-

1086 2521 1124 2548 las
1146 2521 1254 2554 siliquas
1282 2523 1377 2554 dabat;
1406 2522 1559 2548 mulieribus
1584 2525 1672 2547 autem
1699 2525 1726 2546 et
1754 2520 1865 2553 puellis,

1085 2570 1208 2599 tanquam
1223 2565 1412 2592 infirmioribus
1428 2565 1553 2592 membris
1566 2585 1573 2597 ,
1589 2564 1675 2591 binas.
1690 2563 1868 2590 Venientibus

1085 2619 1172 2640 autem
1188 2614 1342 2648 quibusdam
1357 2615 1455 2640 indutis
1470 2613 1634 2640 ornamentis
1653 2611 1742 2638 aureis
1760 2615 1788 2637 et
1801 2610 1866 2636 dei:-

1085 2659 1204 2691 tralibus,
1221 2665 1247 2686 et
1261 2659 1439 2693 quaerentibus
1454 2656 1824 2691 eleemosynam,referebant
1834 2655 1866 2681 de

1085 2705 1124 2731 eis
1138 2704 1294 2737 patriarchae
1315 2703 1339 2730 bi
1357 2703 1452 2737 quibus
1469 2707 1525 2729 erat
1541 2709 1603 2736 roga
1618 2701 1730 2728 credita.
1744 2700 1784 2727 Ad
1803 2706 1868 2733 quos

1084 2751 1177 2777 beatus
1191 2750 1236 2776 ille
1253 2756 1326 2776 Iorvo
1338 2749 1416 2776 oculo
1439 2757 1469 2775 ac
1490 2755 1581 2774 sevrra
1601 2754 1665 2773 voce
1681 2753 1759 2777 usus.
1781 2753 1868 2780 quan-

1083 2804 1161 2830 quam
1178 2796 1248 2823 mitis
1263 2801 1332 2822 esset
1347 2800 1374 2822 et
1389 2795 1459 2821 visus
1476 2794 1583 2823 hilaris,
1607 2794 1694 2819 dixit:
1710 2791 1738 2818 Si
1760 2791 1866 2824 quidem

1085 2842 1191 2868 humilis
1210 2842 1337 2872 Joannis,
1365 2841 1418 2866 imo
1439 2840 1536 2866 Christi
1560 2839 1758 2872 dispensatores
1788 2836 1868 2861 vultis

1084 2895 1153 2918 esse,
1169 2887 1260 2913 divino
1276 2891 1409 2919 prmcepto
1433 2886 1489 2911 sinc
1514 2884 1658 2910 calliditate
1683 2882 1791 2909 obcditc
1802 2901 1810 2913 ,
1825 2880 1867 2907 di-
