2074 3144
215 205 278 232 ft‘rll

679 210 756 238 VITA
774 210 895 237 SANCTI
915 209 1053 236 JOANNIS
1072 211 1359 239 ELEEMOSVNARH.

1771 213 1782 240 1
1788 214 1840 241 622

216 264 288 291 centi
304 265 399 293 :Omni
416 265 513 299 petenti
536 270 562 293 te
575 266 606 293 da
621 267 708 301 (Luca:
724 268 773 300 vi).
794 267 822 294 Si
839 271 931 293 autem
953 273 1000 293 ve-
1015 267 1038 296 Α
1055 266 1130 293 dines
1145 267 1259 294 habente
1297 277 1331 295 cx
1363 269 1420 296 Deo
1453 269 1549 297 humili
1581 269 1670 297 anima
1714 276 1771 296 mea
1786 290 1793 302 ,
1809 269 1837 296 hi

219 312 323 338 nientes
347 312 448 338 curiose
475 311 708 345 investigaveritis,
739 312 809 339 Deus
834 312 998 338 curiosorum

219 356 398 383 ministrormn
414 364 466 382 non
482 356 590 391 indiget,
607 364 691 390 neque
707 357 815 384 humilis
830 357 956 385 Joannes.
973 357 1001 385 Si

219 402 289 427 enim
313 408 371 434 qua:
395 400 493 427 dantur
508 405 572 427 'mca
597 402 758 434 existerent,
780 406 807 428 et
822 409 925 428 mecum
940 406 1001 428 nata

219 449 319 476 essent,
334 445 444 472 fortasse
460 446 528 472 bene
553 445 579 471 in
600 446 666 472 meis
691 450 768 472 tenax
793 446 949 472 existerem.
974 445 1002 472 Si

220 498 282 518 vero
299 498 357 524 quae
371 491 466 517 dantur
480 490 524 517 Dei
539 495 609 522 sunt,
627 491 716 524 utique
730 490 755 517 in
771 491 826 517 suis
839 496 998 524 praeceptum

219 543 294 562 suum
310 536 435 562 custodiri
450 537 516 563 vult.
539 536 567 563 Si
593 541 680 563 autern
703 544 735 563 ex
760 536 945 563 incredulitate
958 541 1003 563 aut

219 580 321 607 modica
337 581 388 608 fide
401 581 463 608 illud
480 581 578 608 timetis
589 601 598 612 ,
614 589 646 607 ne
667 580 735 607 forte
752 581 892 608 multitudo
910 589 1002 608 eorum

219 625 313 659 quibus
327 625 434 658 dantur,
459 630 566 660 superet
591 625 728 652 introitum
747 627 934 660 pecuniarum,
954 634 1003 656 ego

218 676 314 697 vestrae
330 671 429 704 pusillo
445 671 504 697 fidei
520 671 711 697 communit-art
724 679 775 697 non
789 672 884 705 patior.
898 671 1002 698 Etenim

217 714 240 742 Si
264 716 430 748 beneplacito
447 716 491 742 Dei
508 722 595 742 actum
613 721 654 742 est
667 720 696 742 ut
710 723 796 743 essem
813 723 864 750 ego
877 716 1003 750 indignus

218 760 383 793 dispensator
397 760 454 793 ejus
467 767 617 791 munerum,
633 760 654 786 si
671 764 740 786 totus
759 760 876 786 mundus
889 767 1005 794 congre-

218 810 325 837 garetur
335 805 502 836 Alexandria:
517 805 694 839 eleemosyne
708 804 838 838 indigens,
857 806 1002 832 immensos

218 849 358 875 thesauros
370 849 416 875 Dei
428 856 478 875 non
489 849 677 883 angustabunt.
690 857 775 882 neque
786 853 908 877 sanctam
920 850 1005 877 eccle-

218 901 297 920 Stant.

1052 312 1179 339 increduli
1195 312 1305 339 forta~se
1320 313 1397 338 hodie
1413 316 1539 338 venerunt
1553 335 1557 341 .
1569 318 1596 339 ct
1609 321 1649 338 me
1670 313 1695 339 iu
1711 313 1834 342 difﬁden-

1053 357 1114 384 tiam
1130 364 1220 384 secum
1234 358 1329 385 cadere
1341 358 1522 384 hertabantur.

1087 401 1150 429 Cu.
1167 402 1276 429 Vlli.—
1289 402 1380 429 Adhuc
1404 403 1461 437 (28)
1483 402 1612 429 existente
1632 403 1724 429 eadem
1744 403 1834 438 populi

1053 446 1220 474 multitudine
1234 446 1259 473 in
1275 447 1390 479 civitate,
1406 447 1511 480 quidam
1527 447 1724 481 peregrinorum
1740 448 1833 475 videns

1054 497 1154 519 tantam
1177 492 1235 527 ejus
1249 494 1461 527 compassionem
1472 513 1478 524 ,
1493 493 1575 519 voluit
1597 497 1699 521 tentare
1717 501 1795 526 eum;
1811 498 1835 521 et

1054 536 1161 563 indutus
1172 538 1330 564 vestimenta
1344 542 1446 569 vetera,
1458 537 1522 564 adiit
1535 544 1610 570 eumI
1627 543 1732 565 euntem
1748 539 1781 565 ad
1797 539 1836 566 vi-

1054 581 1174 608 sitandos
1187 582 1232 615 qui
1257 582 1283 609 in
1301 583 1452 609 nosocomio
1470 582 1604 616 iacebant.
1630 583 1673 609 Bis
1696 584 1766 610 enim
1791 591 1836 618 per

1055 626 1248 652 hebdomadam
1262 627 1303 653 vel
1320 631 1359 653 ter
1374 627 1428 653 ibat
1444 627 1516 653 illuc.
1531 627 1563 653 Et
1577 627 1642 654 dicit
1652 629 1684 654 ad
1697 635 1776 654 eum:
1794 628 1836 655 Mi-

1054 678 1143 698 serere
1158 671 1224 702 mei,
1239 672 1363 706 quoniam
1378 673 1499 705 captivus
1518 679 1587 698 sum.
1600 672 1668 699 Dicit
1678 673 1763 700 datori
1777 681 1783 698 :
1800 673 1836 698 Da

1055 715 1079 741 ei
1093 723 1138 742 sex
1155 715 1321 742 nomismata.
1334 716 1433 743 Deinde
1444 724 1503 743 cum
1519 717 1576 743 haec
1589 717 1751 751 accepisset,
1768 717 1837 744 vadit

1055 764 1082 787 ct
1097 764 1180 787 mutat
1200 760 1336 792 habitum,
1352 764 1380 788 et
1394 760 1482 788 obviat
1503 762 1527 788 ei
1549 761 1665 794 aliunde,
1684 767 1710 789 et
1726 763 1837 797 procidit

1054 805 1094 838 ei,
1108 805 1199 832 dicens
1211 812 1219 832 :
1234 804 1360 839 Miserere
1374 806 1440 840 mei,
1453 806 1515 839 quia
1527 812 1657 833 coarctor.
1673 807 1738 834 Dicit
1753 809 1843 834 denuo

1056 850 1204 884 patriarcha
1220 851 1303 877 datori
1317 859 1325 876 :
1342 850 1378 876 Da
1393 851 1418 877 ei
1437 858 1485 878 sex
1506 859 1629 878 nummos
1651 860 1756 879 aureos.
1773 852 1838 880 Cum

1054 904 1118 930 ergo
1135 897 1216 928 isset,
1231 897 1295 923 dicit
1315 897 1359 924 ille
1376 897 1535 925 distributor
1549 897 1581 923 ad
1597 905 1688 924 aurem
1704 898 1774 925 illius
1793 905 1839 932 pa-

253 938 317 965 Car.
336 937 388 964 VII.
401 953 436 958 —
449 938 568 972 Cumque
583 938 648 965 istos
666 939 832 972 dimisisset,
849 939 999 966 universam
1016 942 1038 970 Β
1053 942 1174 968 triarchze
1191 951 1197 968 :
1219 942 1268 968 Per
1289 942 1424 969 orationes
1449 947 1519 974 tuas,
1545 942 1663 975 domine,
1687 943 1757 970 idem
1781 942 1840 977 ipse

217 991 275 1016 quae
299 983 511 1010 circumdederat
536 983 598 1009 illos
617 983 792 1010 defectionem
820 988 847 1009 et
870 984 1000 1011 modicam

218 1026 296 1053 tidem
311 1027 434 1053 scindens
448 1047 455 1058 ,
474 1027 630 1060 loquebatur
645 1028 686 1054 his
703 1028 747 1062 qui
763 1028 786 1054 ei
802 1028 982 1055 consedebant
994 1048 1001 1061 ,

218 1077 243 1099 et
258 1072 457 1099 admirabantur
471 1072 504 1099 de
516 1080 529 1098 a
543 1072 597 1099 Deo
609 1073 668 1099 data
681 1073 705 1100 ei
718 1073 901 1106 compassione
914 1081 921 1100 :
935 1073 1001 1101 Cum

216 1125 313 1148 essent,
327 1117 459 1151 inquiens,
474 1117 498 1144 in
510 1115 598 1151 Cypro
613 1117 700 1144 adltuc
713 1117 818 1151 juvenis
830 1118 903 1150 quasi
918 1125 1002 1144 anno-

171 1171 175 1174 ·
219 1171 275 1188 rum
291 1162 456 1195 quindecim,
473 1162 550 1189 video
566 1169 615 1188 una
631 1163 747 1189 noctium
763 1163 788 1189 in
803 1164 905 1189 somnis
928 1163 1002 1197 puel—

218 1207 268 1233 lam
284 1208 436 1241 quamdam,
446 1207 520 1242 cujus
535 1208 638 1240 species
648 1215 727 1240 supra
739 1209 821 1234 solem
834 1208 1001 1242 Splendebat,

217 1257 336 1278 ornatam
353 1259 432 1285 supra
446 1259 551 1278 omnem
564 1252 708 1279 humanum
723 1260 844 1285 sensum,
858 1260 918 1287 quae
929 1253 1003 1280 venit

217 1303 244 1325 et
258 1298 331 1324 stetit
345 1303 405 1325 ante
420 1298 516 1324 lectqu
531 1305 628 1329 meum,
640 1302 668 1325 et
682 1299 796 1331 pulsavit
810 1306 853 1324 me
865 1299 890 1324 in
908 1299 1000 1326 latere.

218 1343 426 1378 Expergefactus
442 1351 516 1376 vero,
532 1343 609 1370 video
623 1351 680 1370 eam
698 1343 723 1370 in
740 1344 852 1370 veritate
865 1348 982 1371 stantem
993 1364 1001 1377 ,

216 1393 244 1416 et
257 1389 382 1416 aestimavi
398 1397 456 1416 eam
471 1396 530 1416 esse
542 1389 696 1422 mulierem;
713 1390 795 1423 figura
812 1390 892 1423 igitur
914 1390 1003 1418 crucis

218 1436 344 1469 signatus,
358 1434 412 1461 dixi
425 1435 449 1461 ei
465 1435 548 1468 :Qute
562 1442 592 1462 es
617 1435 661 1461 tu?
687 1439 714 1462 et
734 1435 867 1468 quomodo
890 1442 953 1463 ausa
973 1443 1002 1464 es

218 1481 316 1506 intrare
329 1487 409 1514 super
424 1487 466 1506 me
481 1480 542 1505 dum
555 1478 716 1505 dormirem?
732 1479 852 1506 Habebat
873 1485 901 1507 et
925 1487 1003 1507 coro-

219 1533 279 1552 nam
293 1525 325 1552 de
338 1525 469 1551 olivarum
485 1524 568 1551 ramis
582 1531 662 1557 super
674 1529 753 1557 caput
764 1532 853 1551 suum.
867 1524 943 1551 Tum:
956 1525 1001 1552 illa

219 1572 293 1598 hilari
307 1572 377 1598 vultu
391 1575 416 1597 et
428 1570 590 1597 subridendo
602 1570 681 1598 labiis
694 1571 759 1598 dicit
772 1572 837 1598 mihi
852 1580 858 1597 :
876 1572 929 1605 Ego
941 1579 999 1598 sum

1053 987 1156 1020 accepit
1171 986 1299 1014 secundo.
1316 987 1390 1014 Fecit
1407 994 1471 1013 vero
1486 988 1602 1021 seipsum
1618 987 1766 1021 patriarcha
1782 992 1840 1013 tan-

1053 1040 1130 1067 quam
1146 1033 1267 1060 nesciret.
1285 1033 1362 1060 Venit
1380 1034 1466 1067 itaque
1482 1034 1559 1060 tertio
1582 1034 1677 1060 iterum
1705 1033 1837 1068 accipere.

1053 1084 1079 1105 et
1093 1079 1177 1112 tetigit
1189 1079 1265 1105 dator
1279 1079 1453 1112 patriarcham
1465 1079 1510 1112 qui
1523 1086 1614 1105 aurum
1628 1078 1744 1111 ferebat,
1757 1078 1840 1111 signi-

1053 1125 1136 1152 ficans
1147 1125 1215 1159 quod
1229 1125 1287 1158 ipse
1298 1129 1380 1152 esset.
1395 1124 1468 1151 Tunc
1480 1124 1616 1157 respondit
1628 1123 1652 1150 ei
1667 1124 1712 1151 Dei
1725 1124 1839 1155 amicus,

1054 1168 1099 1195 ille
1113 1169 1242 1196 veraciter
1252 1169 1421 1196 misericors:
1436 1168 1473 1195 Da
1484 1169 1508 1194 ei
1519 1169 1656 1195 duodecim
1669 1169 1839 1202 numismata,

1054 1221 1087 1241 ne
1102 1213 1170 1240 forte
1183 1213 1304 1240 Christus
1319 1220 1392 1240 meus
1405 1213 1452 1245 sit,
1465 1217 1492 1239 et
1506 1217 1586 1240 tentet
1602 1220 1655 1240 me.

1089 1258 1153 1285 CAP.
1168 1257 1212 1285 IX.
1225 1272 1260 1278 —-
1274 1258 1418 1285 Nauclerus
1441 1257 1546 1292 quidam
1573 1258 1726 1291 peregrinus
1741 1257 1838 1285 damna

1054 1303 1179 1337 pertulit;
1194 1307 1221 1330 et
1241 1303 1371 1330 accedens
1391 1302 1461 1330 hunc
1483 1303 1589 1330 beatum
1609 1303 1710 1335 virum,
1729 1302 1838 1337 rogabat

1053 1355 1114 1375 eum
1139 1348 1228 1375 multis
1254 1348 1388 1382 lacrymis,
1403 1352 1432 1375 ut
1453 1351 1648 1382 compateretur
1668 1348 1707 1380 ei,
1722 1349 1790 1374 sicut
1812 1353 1840 1374 et

1054 1393 1176 1420 omnibus
1199 1393 1267 1420 aliis.
1293 1392 1474 1427 Praecepitque
1496 1400 1555 1419 eum
1580 1392 1702 1426 accipere
1724 1393 1840 1426 quinque

1054 1438 1135 1466 libras
1149 1439 1219 1465 auri.
1233 1438 1352 1472 Cumque
1369 1437 1514 1471 accepisset
1528 1437 1587 1469 has,
1601 1436 1694 1463 abiens
1713 1436 1778 1463 emit
1793 1443 1840 1463 en—

1054 1483 1157 1510 thecam
1173 1482 1242 1517 (2-)),
1256 1487 1283 1509 et
1297 1482 1368 1510 misit
1382 1482 1407 1508 in
1424 1482 1523 1508 navim.
1538 1481 1596 1507 Mox
1612 1480 1706 1508 accidit
1719 1485 1748 1507 ut
1761 1485 1838 1506 extra

1053 1529 1164 1562 pharum
1187 1526 1253 1562 (50)
1278 1527 1443 1562 naufragium
1467 1525 1637 1560 pertulisset;
1662 1526 1749 1552 navim
1774 1533 1838 1552 vero

1053 1580 1104 1600 non
1122 1573 1246 1606 perdidit.
1261 1573 1380 1599 Accessit
1397 1572 1490 1598 iterum
1507 1571 1540 1597 ad
1556 1577 1632 1603 eum,
1649 1570 1682 1597 de
1696 1570 1765 1597 bona
1780 1570 1838 1603 ejus

218 1616 301 1649 prima
321 1615 431 1642 filiarum
448 1616 528 1649 regis.
543 1614 663 1649 Cumque
678 1616 735 1643 [nec
750 1617 899 1649 audissem,
911 1618 1000 1644 statim
1016 1615 1039 1646 C.
1055 1618 1192 1644 voluntate
1218 1625 1391 1651 praesumens,
1414 1621 1442 1643 et
1466 1616 1532 1643 dixit
1549 1625 1555 1642 :
1576 1616 1700 1643 Miserere
1723 1615 1790 1647 mei,
1809 1617 1844 1638 ut

217 1661 323 1688 adoravi
350 1669 418 1688 eam.
446 1661 520 1688 Tunc
544 1661 608 1688 dicit
628 1662 691 1689 mihi
706 1671 711 1688 :
729 1662 757 1690 Si
782 1670 824 1690 me
850 1663 1001 1697 possederis

217 1708 350 1738 amicam,
380 1713 430 1742 ego
457 1711 483 1733 te
511 1707 604 1733 ducam
633 1708 659 1733 in
685 1712 828 1741 conspectu
860 1708 1001 1740 imperato.

218 1753 263 1779 ris.
289 1752 391 1779 Etrnim
418 1759 497 1779 nemo
529 1751 607 1778 habet
637 1756 793 1784 potestatem
822 1753 891 1787 apud
917 1761 999 1786 eum,

217 1797 283 1824 sicut
304 1804 364 1832 ego.
384 1797 441 1830 Ego
464 1798 561 1831 quippe
584 1795 635 1824 feci
650 1805 709 1824 eum
725 1797 752 1824 iu
767 1799 845 1825 terris
866 1799 999 1826 hominem

217 1841 274 1868 fieri
290 1846 316 1868 et
331 1841 434 1868 saltare
452 1842 585 1869 homines.
603 1841 636 1869 Et
656 1841 712 1869 haec
732 1842 823 1869 dicens
834 1864 841 1875 ,
856 1835 1000 1876 disparuit.

217 1887 272 1921 Ego
287 1894 350 1914 vero
364 1887 389 1913 in
404 1887 591 1920 metnetipsum
617 1894 753 1919 reversus,
780 1887 896 1914 intellexi
920 1888 1001 1914 visio-

216 1940 286 1964 nem,
301 1937 329 1959 et
341 1932 396 1959 dixi
410 1941 417 1958 :
432 1932 530 1963 Credo,
541 1930 697 1964 Compassio
710 1939 741 1958 ac
754 1932 931 1966 EleemOsyna
947 1938 999 1964 est,

217 1984 244 2006 et
258 1980 318 2006 ideo
330 1979 409 2006 habet
425 1979 450 2004 in
464 1978 549 2010 capite
572 1985 605 2004 ex
624 1978 701 2003 oliva:
718 1977 787 2003 foliis
801 1985 938 2004 coronam.
954 1980 1000 2004 Et-

216 2026 286 2053 enim
300 2024 428 2052 veraciter
442 2023 592 2056 compassio
602 2027 630 2049 et
642 2022 790 2056 benignitas
802 2030 864 2056 erga
878 2024 1000 2053 homines

217 2071 299 2097 Deum
314 2076 393 2096 carne
408 2068 497 2096 vestiri
513 2067 585 2095 fecit.
600 2067 696 2094 Statim
711 2074 774 2101 ergo
789 2067 882 2094 vestivi
898 2075 940 2093 me
950 2088 958 2100 ,
975 2073 1001 2094 et

216 2116 317 2143 nullum
333 2115 426 2142 domus
440 2121 505 2141 mea:
516 2113 646 2145 excitans,
662 2112 688 2139 in
703 2113 845 2139 ecclesiam
860 2112 922 2139 abii.
937 2113 1001 2138 Erat

214 2161 286 2189 enim
299 2161 352 2195 jam
367 2167 472 2187 aurora.
487 2159 593 2187 Etcum
610 2159 676 2187 irem
691 2159 795 2185 obviam
811 2158 886 2185 fratri
901 2159 1000 2192 frigore

216 2206 323 2234 vexanti
341 2205 408 2240 (26),
424 2205 556 2239 expoliavi
579 2211 622 2232 me
645 2203 801 2231 indumento
824 2203 933 2237 caprino
946 2223 953 2235 ,
974 2208 1001 2230 et

216 2253 275 2280 dedi
289 2251 324 2283 ei,
335 2250 441 2284 dixique
453 2251 522 2277 intra
534 2255 597 2276 me:
614 2249 683 2275 Ecce
698 2248 725 2275 itt
741 2249 791 2275 hoc
806 2248 889 2274 Sciam
907 2248 928 2274 si
947 2248 999 2274 uti.

1054 1662 1126 1689 Deus
1143 1662 1232 1688 mundi
1249 1662 1372 1688 misertus
1386 1666 1437 1688 est.
1452 1661 1498 1687 Cui
1521 1661 1566 1688 ille
1588 1659 1736 1694 patriarcha
1749 1659 1817 1686 dixit
1831 1667 1838 1684 :

1053 1706 1149 1739 Crede,
1165 1707 1257 1740 frater,
1273 1707 1322 1733 nisi
1338 1706 1491 1733 miscuisses
1511 1706 1629 1739 pecunia;
1644 1705 1766 1731 ecclesia).
1781 1703 1839 1731 illas

1054 1753 1179 1786 pecunias
1194 1760 1252 1786 quin
1276 1753 1321 1778 tibi
1343 1754 1543 1781 remanserant,
1559 1751 1709 1777 nullatenus
1733 1748 1839 1776 naufra-

1052 1800 1124 1833 gium
1146 1798 1310 1832 pertulisscs.
1336 1797 1374 1825 De
1397 1797 1473 1824 malis
1498 1797 1568 1822 enim
1593 1795 1706 1822 habuisti
1730 1802 1793 1827 eas,
1813 1799 1839 1821 et

1054 1844 1162 1878 perdita:
1177 1849 1238 1870 sunt
1252 1851 1312 1870 cum
1335 1843 1373 1870 eis
1390 1846 1417 1870 et
1439 1849 1499 1876 qua:
1514 1841 1621 1868 fuerunt
1636 1848 1668 1867 ex
1687 1840 1773 1866 bouis.
1790 1840 1839 1866 Ve—

1053 1897 1112 1915 rum
1129 1887 1254 1922 praecepit
1273 1888 1360 1914 denuo
1382 1886 1437 1912 dari
1454 1885 1478 1911 ei
1493 1885 1584 1911 decem
1606 1884 1686 1909 libras
1701 1883 1758 1909 auri
1769 1903 1776 1914 ,
1793 1883 1839 1909 de—

1053 1935 1176 1962 nuntians
1189 1935 1211 1961 ei
1225 1941 1258 1961 ne
1268 1933 1452 1959 commisceret
1465 1931 1504 1957 eis
1517 1930 1582 1956 alias
1594 1929 1727 1962 pecunias.
1740 1929 1838 1956 Emens

1051 1983 1179 2013 praeterea
1203 1978 1358 2007 cnthecam,
1374 1981 1400 2002 et
1421 1975 1546 2008 navigans
1562 1982 1614 2000 ttno
1630 1973 1683 2006 die,
1697 1979 1777 1999 vento
1792 1981 1836 1999 va—

1052 2024 1105 2050 lido
1119 2023 1210 2054 ﬂante,
1227 2021 1360 2056 proiectus
1379 2025 1419 2046 cst
1443 2020 1468 2045 itt
1491 2024 1606 2050 terram;
1623 2024 1648 2044 et
1667 2019 1758 2044 omnia
1779 2025 1837 2051 per-

1052 2069 1134 2102 didit,
1151 2073 1175 2096 et
1201 2069 1284 2102 ipsam
1310 2073 1421 2097 navem,
1445 2070 1471 2092 et
1497 2072 1548 2091 non
1570 2068 1633 2090 sunt
1657 2063 1762 2090 salvatus
1787 2062 1837 2089 nisi

1052 2116 1147 2141 anima:
1167 2118 1281 2140 tantum.
1297 2112 1384 2139 Voluit
1406 2118 1469 2145 ergo
1493 2118 1546 2144 pra:
1561 2109 1720 2136 confusione
1740 2114 1766 2135 et
1790 2116 1823 2135 an

1051 2159 1137 2194 gustia
1149 2159 1218 2186 idem
1233 2157 1373 2184 nauclerus
1390 2163 1484 2182 necare
1497 2154 1630 2188 seip’sum;
1648 2154 1694 2180 sed
1710 2153 1779 2180 Deus
1792 2154 1836 2187 qui

1052 2212 1158 2238 semper
1168 2203 1245 2230 saluti
1259 2202 1393 2228 hominum
1409 2199 1549 2234 providet,
1563 2199 1688 2226 revelavit
1701 2199 1750 2224 hoc
1761 2198 1837 2224 beate

1053 2248 1219 2284 patriarchae.
1236 2247 1267 2274 Et
1279 2254 1339 2272 cum
1354 2245 1471 2272 audisset
1484 2244 1553 2277 quod
1567 2243 1700 2270 acciderat
1713 2243 1753 2274 ei,
1770 2249 1837 2268 nun-

216 2304 267 2330 que
281 2303 342 2323 vera
357 2299 399 2323 est
414 2295 480 2321 visio
491 2302 570 2328 quam
585 2294 639 2320 vidi
650 2314 656 2324 ,
671 2302 703 2320 an
715 2293 892 2321 daemoniaca.
910 2295 941 2320 Et
957 2302 1000 2319 vc-
1014 2290 1037 2320 ο
1053 2296 1098 2322 tiat
1120 2294 1143 2321 ei
1167 2293 1258 2319 venire
1277 2292 1309 2318 ad
1333 2299 1362 2318 se
1387 2291 1452 2317 nihil
1477 2290 1586 2316 omnino
1609 2289 1741 2315 dubitans.
1761 2288 1837 2314 Tunc

215 2342 293 2368 ritate
307 2343 429 2373 testante,
438 2346 486 2366 nec
501 2339 563 2365 dum
575 2338 715 2365 ecclesiam
727 2339 996 2372 compreltendcram,

214 2391 241 2414 et
254 2386 343 2414 subito
358 2385 471 2412 obvians
488 2384 552 2410 mihi
566 2384 672 2418 quidam
683 2404 691 2416 ,
707 2384 773 2410 albis
790 2385 899 2411 indutus
915 2384 997 2411 vcsti-

215 2432 273 2463 bus,
290 2431 335 2458 dat
348 2431 411 2457 mihi
426 2429 566 2464 ligaturam
588 2429 644 2463 (‘27)
667 2433 773 2456 centum
791 2430 995 2461 numismutum,

213 2477 304 2504 dicens
317 2485 323 2503 ε
337 2476 434 2510 Accipe
450 2476 516 2506 IttBC,
542 2474 634 2507 frater,
648 2479 675 2501 et
693 2475 818 2508 dispenso
834 2480 861 2502 ut
878 2476 926 2501 vis.
941 2475 996 2510 Ego

214 2526 302 2548 autem
323 2528 378 2554 pra:
390 2519 486 2554 gaudio
498 2520 588 2547 statim
604 2519 660 2546 haec
681 2519 828 2553 suscipiens
840 2539 847 2551 ,
872 2527 996 2546 reversus

213 2574 282 2599 sum,
299 2565 391 2595 volens
410 2565 522 2592 reddere
535 2565 560 2592 ei
576 2564 711 2599 ligaturam
736 2565 816 2594 illam.
837 2565 912 2598 quasi
929 2564 995 2590 nihil

213 2611 347 2645 indigens,
371 2614 398 2636 et
422 2609 536 2643 amplius
560 2617 614 2636 non
637 2609 689 2635 vidi
711 2609 837 2642 aliquem.
853 2609 927 2635 Tunc
941 2609 995 2635 dixi

213 2656 298 2683 mihi:
317 2656 452 2683 Veraciter
475 2663 528 2681 non
552 2660 610 2682 erat
635 2655 783 2688 phantasia.
801 2655 836 2681 Ex
863 2655 905 2681 illa
931 2663 996 2687 ergo

213 2701 276 2727 hora
298 2707 370 2733 satpe
393 2699 488 2727 dabam
513 2700 611 2733 aliquid
636 2699 774 2732 fratribus,
801 2704 829 2726 et
852 2699 995 2726 dicebam:

214 2744 315 2772 Videbo
334 2744 356 2771 si
380 2744 466 2771 mittat
489 2745 558 2771 Deus
573 2744 649 2778 mihi,
663 2750 690 2771 ut
705 2744 781 2777 dixit,
804 2745 941 2775 centupla.
963 2745 996 2771 Et

212 2797 272 2818 cum
285 2793 429 2817 tentassem
444 2790 596 2823 Dominum,
610 2790 790 2822 malefacicns,
803 2795 831 2817 et
845 2789 996 2816 satisfactos

212 2843 297 2863 essem
313 2835 424 2862 diversis
440 2836 524 2862 modis
537 2843 584 2869 per
597 2843 642 2862 eas
658 2843 699 2862 res
710 2857 716 2867 ,
733 2836 786 2862 dixi
801 2844 808 2862 :
823 2837 904 2863 Cessa
915 2856 923 2867 ,
947 2836 996 2862 titi-

209 2887 268 2907 scra
282 2881 379 2912 anima,
394 2881 518 2908 tentando
531 2881 722 2908 intenlabilem.
732 2881 780 2906 Tot
797 2882 875 2915 igitur
889 2886 995 2908 cci-tuu-

1051 2339 1162 2373 aspersit
1178 2346 1206 2364 se
1222 2337 1341 2371 pulvere,
1360 2341 1383 2362 et
1401 2341 1515 2362 tnmcam
1530 2335 1667 2366 scindens,
1684 2334 1837 2360 indecenter

1050 2383 1152 2411 accedit
1167 2383 1199 2409 ad
1215 2390 1285 2409 cum.
1299 2382 1417 2414 Cumque
1432 2380 1540 2407 vidisset
1556 2387 1616 2405 eum
1636 2379 1662 2405 in
1679 2379 1723 2404 tali
1747 2379 1834 2404 habitu

1050 2430 1093 2457 ille
1108 2433 1225 2459 sanctus,
1243 2427 1374 2461 redarguit
1394 2434 1470 2458 eum,
1485 2429 1512 2452 et
1526 2425 1591 2452 dixit
1605 2433 1612 2452 :
1628 2425 1782 2452 Misereatur
1798 2423 1834 2449 tui

1051 2475 1177 2502 Dominus
1188 2472 1341 2500 benedictus
1353 2472 1433 2498 Deus.
1445 2471 1532 2498 Credo
1543 2471 1567 2497 ei
1579 2470 1649 2505 quod
1662 2470 1694 2497 ab
1708 2469 1832 2496 hodierna

1049 2521 1092 2548 die
1111 2526 1276 2554 nequaquam
1298 2517 1462 2551 naufragium
1489 2517 1599 2548 incidas,
1616 2523 1751 2549 usquequo
1774 2522 1836 2541 mo-

1048 2567 1135 2593 riaris.
1151 2565 1205 2592 Hoc
1221 2572 1282 2592 vero
1298 2564 1343 2591 tibi
1359 2563 1503 2597 contingit,
1517 2570 1549 2589 eo
1562 2562 1631 2596 quod
1646 2567 1673 2588 et
1688 2562 1743 2594 ipsa
1760 2560 1835 2586 navis

1049 2617 1092 2639 tua
1105 2619 1137 2639 ex
1153 2610 1280 2646 iniustitia
1292 2614 1362 2637 esset
1378 2616 1509 2643 possessa.
1525 2609 1581 2636 Mox
1594 2616 1657 2643 ergo
1669 2608 1750 2641 jussit
1765 2606 1832 2632 trad'.

1049 2658 1072 2684 ei
1089 2665 1168 2684 unam
1192 2664 1313 2690 magnam
1335 2655 1439 2687 navim,
1464 2655 1566 2688 plenam
1591 2654 1721 2680 frumento
1742 2652 1833 2686 viginti

1049 2703 1160 2730 millium
1173 2702 1337 2734 modiorum.
1354 2700 1387 2727 de
1403 2700 1454 2727 illis
1468 2699 1578 2726 navibus
1590 2706 1647 2733 qua:
1660 2697 1833 2724 sanctissima:

1048 2747 1168 2775 ecclesiae
1194 2747 1323 2781 subjecta!
1350 2745 1547 2772 ministrabant.
1574 2744 1656 2777 Quum
1684 2741 1831 2775 recipiens,

1048 2792 1115 2819 exiit
1128 2791 1304 2822 Alexandria;
1317 2795 1343 2817 et
1357 2790 1504 2817 affirmabat
1519 2789 1575 2822 ipse
1592 2788 1740 2818 nauclerus,
1757 2793 1830 2812 assc-

1049 2843 1144 2863 verans
1158 2845 1163 2862 :
1180 2835 1279 2870 Viginti
1295 2835 1389 2862 diebus
1404 2842 1434 2861 ac
1450 2835 1571 2860 noctibus
1587 2831 1735 2860 vehementi
1750 2835 1830 2857 vento

1048 2882 1239 2915 navigavimus.
1251 2889 1302 2907 non
1316 2881 1433 2907 valentes
1443 2879 1550 2906 (Nulliin
1564 2881 1631 2906 scire
1640 2885 1692 2912 quo
1703 2877 1831 2908 issemus,
