2074 3144
253 191 320 218 ΜΞἹ

781 188 916 216 LEONTII
937 189 1169 217 NEAPOLITANI
1191 189 1344 217 EI'ISCOI’I

1808 190 1877 219 1618

263 253 321 278 nam
336 245 501 276 radentibus,
518 245 566 270 hoc
581 250 630 275 est,
648 253 752 271 manum
771 246 795 271 in
810 246 964 272 alterutrum
980 244 1039 274 inii-
1056 247 1074 274 Α
1127 243 1190 270 CAP.
1215 244 1283 270 XIV.
1297 259 1330 264 ——
1342 245 1436 271 Deilcri
1458 244 1561 277 quidam
1586 250 1740 272 sanctorttm
1766 245 1871 273 Patrum

261 291 401 322 cientibus,
420 292 467 317 hos
481 291 718 318 exconnnnnicuvit
740 293 866 318 cationice
882 299 927 325 per
941 291 1039 324 aliquot

262 337 330 362 dies.
347 335 446 362 Ilortntt
461 335 568 369 quideut
587 344 652 361 unus
667 335 779 362 liba-n'er
794 336 908 369 StlsCCpil
921 335 1040 367 increpa-

262 380 372 413 tionem,
387 385 414 406 et
429 380 550 414 cognovit
572 382 674 413 culpant
689 388 763 406 snant
777 388 784 412 ;
798 381 864 406 alter
886 387 948 405 vero
967 379 1041 404 ntali-

261 428 345 453 tiusus
358 426 486 457 existens,
502 425 619 458 gaudens
634 430 793 458 praeceptum
809 424 934 458 su~cepit.
959 423 1041 449 Oet-ae

261 475 362 498 sionem
378 472 447 498 enim
460 472 596 505 quaerebat
609 471 700 501 miser.
715 478 749 497 tte
762 470 944 503 ingrederetur
956 470 1042 495 cccle-

262 523 337 549 blﬂlll,
354 517 401 543 sed
413 516 545 543 licentiam
558 516 666 542 haberet
680 515 870 549 perseverandi
882 515 906 541 in
921 515 1040 541 nefandis

262 562 363 587 tlt'llbus
381 562 446 587 suis.
468 561 632 587 Irascebatur
643 565 731 587 autem
754 564 846 586 contra
862 564 980 585 sanctum
998 566 1043 592 pa-

265 605 419 636 triarcham,
447 611 474 631 et
499 609 626 638 quantum
653 604 679 630 in
708 611 737 630 se
751 608 820 636 erat,
845 603 995 629 ntinabatur
1018 602 1043 628 ei

264 654 370 674 nocere.
394 648 505 678 Quidam
527 655 588 673 vero
610 647 743 676 dicebant.
768 651 794 672 et
815 647 899 678 ipsum
919 653 979 671 esse
999 644 1043 678 qui

265 693 416 725 prodiderat
437 692 560 725 pecunias
577 692 701 718 Εορινείηξ
715 691 747 717 ad
768 691 904 724 patricium
925 690 1042 716 Nicetaut

263 742 270 770 (
285 746 355 771 sup.,
372 746 396 764 ς.
413 738 467 771 tl),
486 746 550 772 quas
565 744 590 764 et
612 739 697 771 rapuit
712 746 802 769 manu,
819 743 846 764 ιιι
861 736 1044 771 praescriptum

263 789 314 810 est.
327 783 480 810 Nuntiatum
494 788 533 810 est
547 784 624 818 igitur
637 784 706 818 quod
719 783 763 810 illc
779 783 838 810 mali
855 791 957 810 tttentor
969 783 1046 809 utali-

265 829 326 854 tiattt
350 834 508 861 reservaret,
523 833 550 855 et
575 837 626 855 uott
647 833 748 855 rectam
763 835 826 862 erga
846 828 952 854 beatum
975 828 1046 853 hunc

264 875 424 899 voluntatent
442 874 561 900 haberet.
578 873 625 900 Ille
638 879 728 900 autem
744 881 805 900 vere
819 879 918 906 pastor,
941 880 1043 899 meumr

1090 289 1146 322 (47)
1162 290 1285 316 dixerunt
1297 299 1303 315 ι
1317 291 1476 324 Angelorutu
1497 291 1603 324 quidem
1616 295 1657 317 est
1675 291 1826 320 nullatenus
1841 293 1871 318 li-

1091 337 1182 366 tigare.
1199 335 1244 361 sed
1258 336 1282 361 in
1295 335 1446 361 mnuimnda
1457 340 1482 361 et
1494 341 1620 369 perpetua
1633 343 1698 370 paco
1706 337 1872 369 consistere;

1092 378 1227 405 hominum
1245 387 1310 406 vero
1323 385 1364 406 est
1388 380 1510 406 altercari
1523 380 1641 413 quidem,
1658 381 1705 407 sed
1727 382 1816 407 statim
1833 389 1873 408 re-

1090 424 1248 456 conciliari;
1273 424 1423 451 daemonum
1447 430 1535 452 autem
1555 432 1592 452 est
1610 425 1722 459 litigare,
1741 432 1767 453 et
1789 431 1872 453 totttm

1091 467 1159 493 (ΗΑ-ιιι
1176 469 1288 495 transire
1302 469 1528 496 iurecouciliatos.
1546 470 1602 496 Huc
1617 476 1753 504 propterea
1769 473 1872 505 praelati

1090 521 1190 545 sumus,
1206 521 1338 542 amatores
1351 514 1460 547 Christi,
1476 521 1584 550 propter
1605 523 1764 550 pratsentem
1782 525 1871 544 narra~

1095 558 1205 585 tiouetn.
1232 559 1333 586 Placuit
1358 560 1417 587 huic
1437 561 1580 595 aliquando
1612 562 1710 594 nobili,
1735 569 1786 588 una
1813 570 1873 590 cum

1091 609 1297 631 commemorato
1311 604 1401 632 Nieeta
1417 606 1537 639 patricio,
1557 607 1591 634 de
1601 608 1713 641 quadattt
1728 608 1831 641 publica
1846 617 1875 634 re

1093 650 1225 676 altercari.
1249 651 1342 677 Modus
1361 657 1449 678 autent
1470 652 1546 686 litigii
1571 658 1628 679 erat
1651 653 1728 685 talis;
1755 661 1876 680 necessa-

1094 696 1162 722 rium
1183 701 1224 723 est
1238 697 1308 722 enim
1324 697 1423 729 dicere,
1448 705 1507 724 cum
1524 698 1557 724 sit
1573 698 1669 724 anima:
1684 698 1756 725 utilis
1770 707 1776 724 :
1791 699 1869 725 l’atrt.

1093 743 1149 768 cius
1164 743 1270 776 quidem
1286 743 1428 775 disponere
1452 744 1558 770 volebat
1574 743 1658 770 lorum
1680 749 1788 778 propter
1803 744 1875 770 lucra

1095 787 1216 820 publica;
1235 787 1383 821 patriarcha
1397 794 1487 815 autem
1501 788 1526 814 id
1538 796 1589 815 non
1605 789 1764 822 patiebatur,
1777 797 1875 823 panpe-

1095 840 1153 858 rum
1169 833 1195 858 in
1218 833 1266 858 hoc
1281 840 1424 866 procurans
1445 834 1570 860 salutem.
1585 834 1694 860 Multum
1708 842 1771 868 ergo
1785 840 1876 861 contra

1095 883 1124 902 se
1139 881 1240 902 secreto
1260 878 1452 904 contendentes
1465 877 1537 912 (48),
1552 883 1579 904 et
1598 877 1757 905 inlletibiles
1772 886 1878 905 manen-

264 917 327 944 dicti
360 919 430 946 illius
445 928 450 945 :
464 920 527 951 Quis
548 920 707 950 iulirtuatnr,
732 925 757 946 et
783 927 831 953 ego
853 927 904 945 non
925 919 1044 945 inlitntor
1060 917 1082 947 Β
1098 925 1145 952 tes,
1164 926 1332 948 recesserunt
1351 922 1429 947 atttbu
1444 922 1478 948 ab
1492 923 1603 949 invicem
1618 922 1677 949 irati
1695 928 1722 949 et
1735 922 1876 949 irreconci-

264 965 307 1000 (ΙΙ
324 966 383 992 Cor.
403 967 459 1000 XI)?
483 971 510 993 et
535 967 649 992 iterum:
666 966 716 992 V'os
745 966 788 999 qui
812 970 933 999 potentes
958 966 1041 996 e5tis,

262 1014 365 1040 debetis
389 1014 558 1040 inﬁrmitates
580 1015 764 1048 impotentium
790 1019 896 1047 portare
912 1013 983 1048 (Gul.
1001 1021 1044 1045 v1;

263 1059 339 1086 limit.
357 1061 412 1093 xv),
429 1060 511 1086 voluit
527 1059 596 1086 hunc
608 1060 749 1091 accersire,
766 1064 792 1086 et.
812 1059 939 1086 decenter
952 1058 1045 1085 admo-

263 1111 338 1134 nere,
353 1109 379 1130 et
393 1105 496 1131 solvere
511 1112 570 1131 etnn
584 1105 618 1130 ab
637 1104 926 1135 excotnmunicatioue;
944 1104 1048 1130 videbat

263 1155 334 1175 ennu
352 1149 440 1182 lupum
456 1153 597 1175 conantem
620 1157 714 1182 rapere
734 1156 821 1176 ovem.
846 1149 1048 1182 Dispensativne

264 1200 328 1220 vero
345 1193 389 1219 Dei
404 1198 490 1220 actum
504 1198 544 1220 νει
557 1199 584 1220 ιιι
601 1194 780 1220 innotesceret
793 1193 916 1220 ontuibus
933 1193 1047 1226 patriar-

265 1237 322 1264 cha:
347 1238 486 1265 immemor
508 1238 569 1265 ntali
589 1239 704 1264 animus.
728 1238 833 1264 Oblitus
856 1242 897 1264 c~t
917 1237 1048 1265 accersire

265 1291 337 1315 eum,
354 1288 380 1309 et
393 1283 495 1310 solvere
509 1283 542 1309 ab
558 1284 845 1310 exconnmtuicationc.
862 1284 928 1310 Cum
941 1291 1003 1317 ergo
1014 1282 1047 1310 ad

265 1334 385 1355 sanctum
403 1330 566 1356 bominicnm
581 1330 650 1356 diem
664 1330 838 1363 pervenisset,
862 1335 887 1355 et
902 1334 993 1355 sancto
1007 1329 1047 1355 al-

263 1375 312 1400 tari
325 1374 451 1402 astitisset
462 1374 528 1410 (42),
542 1380 569 1401 ut
581 1375 749 1402 incruentum
761 1374 920 1401 sacriﬁcium
928 1373 1046 1406 olIerret,

263 1420 315 1453 iam
344 1420 456 1447 di..couo
479 1421 627 1454 generalem
657 1420 803 1447 orationem
832 1428 899 1454 pene
923 1427 1047 1447 consum-

264 1470 363 1496 tuante,
380 1471 498 1492 saltetqu
527 1466 612 1492 iclum
629 1466 778 1493 exaltatum
792 1465 861 1500 (46),
883 1466 910 1492 in
931 1470 1046 1492 mentem

265 1510 371 1536 malitia:
387 1511 550 1538 immemoris
566 1512 654 1544 venit;
670 1518 696 1538 et
710 1512 798 1538 statim
820 1512 901 1538 divini
923 1511 1047 1544 pneccpti

264 1557 418 1588 recordans,
432 1556 575 1583 asserentis
588 1565 594 1583 :
607 1556 634 1584 Si
651 1556 730 1583 offers
753 1564 848 1583 munus
864 1561 936 1584 tuum
956 1557 989 1584 ad
1007 1557 1047 1582 al-

265 1606 331 1632 tare,
346 1607 372 1628 et
385 1602 418 1627 ibi
433 1602 587 1630 recordatus
604 1602 695 1634 fueris,
719 1604 780 1637 quia
794 1603 874 1630 frater
892 1608 952 1630 tuus
967 1603 1046 1630 habet

265 1645 363 1678 aliquid
390 1645 527 1672 adversum
565 1651 610 1679 te,
639 1647 759 1680 relinque
784 1647 819 1674 ibi
852 1655 947 1674 munus
974 1650 1046 1674 tuuin

267 1688 374 1722 (Matth.
392 1690 431 1724 ν),
447 1695 510 1722 elc.,
524 1691 626 1717 intimat
641 1691 753 1718 diac0uo
768 1691 872 1718 facienti
888 1693 1045 1724 orationem,

267 1742 345 1766 quam
360 1734 487 1761 diaconus
508 1736 602 1762 solitus
617 1736 703 1762 facere
718 1741 785 1769 erat,
802 1742 829 1763 ut
852 1736 1011 1770 reinciperet
1033 1745 1047 1764 a

266 1781 352 1815 capite
373 1781 447 1815 (44);
468 1788 494 1808 et
518 1782 539 1808 si
556 1782 717 1816 impleretur,
738 1782 833 1809 iterum
851 1784 1048 1817 rccapitularet,

269 1834 353 1860 usque
372 1827 434 1853 dtntt
458 1829 590 1860 Icrveniat
602 1828 660 1862 ejus
674 1829 857 1855 sanctiﬁcatio.
877 1829 962 1856 Finxit
977 1831 1048 1857 enim

268 1880 307 1901 se.
325 1875 448 1905 tanquam
465 1874 486 1898 si
506 1880 566 1899 cum
582 1874 683 1900 ventris
708 1874 851 1901 necessitas
866 1875 1048 1906 compulisset.

267 1917 299 1945 lit
314 1918 423 1944 veniens
445 1918 471 1945 in
493 1920 650 1945 houorabilc
671 1919 874 1946 cituiliarchium
889 1920 958 1955 (45),
979 1920 1050 1948 misit

266 1964 354 1990 statim
378 1963 432 1990 fere
452 1964 542 1999 viginti
569 1964 802 1997 ltebdontadahos,
827 1970 976 1999 quaerentes
994 1966 1050 2000 jam

266 2008 365 2035 tlictnm
385 2009 446 2036 ntali
464 2010 533 2036 modi
558 2011 683 2037 clericum
699 2010 767 2046 (Μὶ)Δ
784 2011 897 2038 ltttentio
912 2011 982 2038 enitn
1004 2019 1048 2046 pa-

268 2055 348 2081 storis
360 2053 416 2081 hate
427 2059 495 2087 erat,
507 2059 536 2082 ut
544 2056 670 2083 educeret
681 2055 713 2082 de
725 2063 772 2083 ore
785 2057 870 2083 leonis
880 2064 969 2084 ovem.
983 2057 1052 2083 Deus

268 2107 342 2132 vero,
360 2100 404 2133 qui
421 2099 583 2127 voluntatem
600 2101 747 2128 timentium
770 2109 799 2128 se
813 2100 886 2133 facit,
911 2101 972 2128 fecit
995 2108 1051 2136 prie

269 2145 391 2171 manibus
405 2145 516 2171 inveniri
531 2153 592 2171 mox
611 2145 749 2173 clericum.
766 2146 797 2172 Et
819 2146 943 2173 veniente
965 2154 1008 2179 eo,
1026 2151 1052 2173 ct

269 2190 374 2217 veritati
399 2185 577 2218 testimonium
601 2192 778 2226 perltibente,
805 2191 878 2226 prior
902 2192 1050 2226 patriarcha

270 2243 337 2269 genu
361 2235 444 2267 ﬂexit,
469 2236 702 2271 dicenszludulge
724 2237 799 2270 milii,
826 2238 917 2263 l'rater.
949 2237 1053 2264 Veritus

1095 964 1160 991 liati.
1178 965 1241 991 Erit
1260 971 1347 992 antettt
1362 966 1426 993 hora
1441 967 1543 1000 quinta,
1564 967 1707 1000 etquidem
1721 969 1878 1001 patriarcha!

1096 1015 1153 1036 erat
1176 1011 1319 1044 relragatio
1341 1016 1367 1037 et
1381 1012 1531 1037 amaritudo
1544 1020 1591 1045 pro
1610 1014 1736 1039 tuaudato
1751 1013 1809 1046 Dei,
1833 1021 1880 1048 pa-
1914 1023 1917 1026 -

1098 1055 1164 1081 tricii
1198 1060 1285 1082 autent
1307 1061 1414 1090 propter
1434 1057 1586 1090 pecuniaria
1602 1057 1674 1083 lucra
1690 1063 1757 1085 erat.
1779 1058 1879 1086 Tamen

1097 1100 1134 1126 ait
1147 1100 1285 1134 illejustns
1298 1109 1305 1126 :
1320 1109 1406 1136 neque
1423 1109 1470 1135 pro
1495 1102 1658 1135 rationabili,
1678 1111 1765 1138 nsque
1779 1111 1827 1138 pro
1843 1104 1881 1130 ir-

1098 1145 1248 1172 rationabili
1271 1147 1411 1173 occasione
1421 1147 1501 1173 debet
1517 1148 1596 1173 ltonto
1609 1148 1697 1174 irasci.
1717 1149 1881 1176 Advenieute

1097 1198 1162 1225 ergo
1177 1191 1243 1217 hora
1258 1191 1409 1223 undecima,
1431 1193 1539 1219 mandat
1559 1200 1605 1226 per
1621 1193 1880 1229 archipresbyteruut

1099 1244 1148 1262 una
1168 1243 1227 1262 cum
1242 1236 1314 1263 clero
1326 1237 1475 1270 patriarcha
1489 1238 1603 1272 patricio
1623 1239 1673 1266 Ituc
1692 1239 1800 1274 dignum
1824 1248 1882 1267 nte-

1099 1282 1182 1308 moria
1205 1281 1469 1316 verbum:Domine,
1494 1284 1534 1310 sol
1553 1284 1586 1310 ad
1607 1292 1731 1312 occasum
1746 1290 1796 1312 est.
1816 1286 1882 1312 Cum

1099 1334 1189 1354 autem
1204 1328 1254 1355 hoc
1268 1328 1377 1356 verbum
1390 1329 1435 1356 ille
1448 1330 1578 1363 audisset,
1594 1338 1646 1357 non
1659 1331 1777 1358 tolerans
1792 1332 1882 1358 cordis

1098 1374 1138 1400 sui
1150 1374 1284 1408 ardorem,
1296 1375 1342 1402 sed
1364 1379 1487 1410 tanquam
1508 1376 1600 1403 divino
1615 1377 1677 1411 igne
1692 1377 1880 1409 inﬂammatus,

1100 1420 1182 1446 sancti
1206 1427 1328 1447 sermone
1341 1427 1515 1456 compunctus
1536 1427 1587 1455 cst,
1609 1423 1775 1457 infect-isque
1795 1424 1882 1460 lacry-

1100 1464 1148 1490 mis
1159 1464 1246 1490 statim
1259 1469 1328 1492 totus
1344 1466 1426 1492 factus
1437 1471 1496 1498 est;
1511 1473 1537 1494 et
1548 1475 1670 1501 surgens,
1685 1469 1755 1494 venit
1768 1468 1799 1494 ad
1816 1469 1881 1495 bea-

1101 1514 1155 1535 ttun
1171 1509 1250 1535 hunc.
1264 1512 1346 1542 Quem
1364 1517 1423 1537 cunt
1437 1511 1557 1544 vidisset,
1572 1513 1628 1538 ait:
1642 1513 1713 1539 Bene
1725 1513 1830 1545 venisti,
1845 1513 1881 1539 ωε

1101 1553 1236 1585 licclesim,
1251 1554 1380 1581 obcdiens
1393 1556 1448 1582 voci
1463 1556 1521 1589 ejus
1533 1555 1641 1588 (Ep/tes.
1659 1556 1707 1590 tv).
1721 1557 1885 1584 Mittentihus

1101 1599 1181 1633 igitur
1203 1599 1331 1626 ambobus
1355 1605 1515 1628 ruelantnant
1529 1601 1599 1637 (49),
1621 1606 1649 1629 et
1671 1603 1883 1637 amplexantibus

1100 1645 1268 1676 alterutrum,
1283 1645 1419 1672 sederunt.
1444 1647 1474 1672 Et
1490 1647 1612 1680 aperiens
1627 1654 1657 1674 os
1678 1654 1754 1674 suunt
1771 1648 1885 1681 patriar-

1100 1690 1160 1723 cha,
1185 1690 1368 1718 dixit:Crede
1393 1692 1469 1724 mihi,
1492 1692 1610 1726 domine,
1634 1694 1684 1720 nisi
1701 1694 1762 1727 quia
1787 1694 1837 1720 vidi
1859 1699 1885 1720 te

1100 1736 1178 1763 valde
1202 1735 1357 1763 tribulatum
1378 1737 1411 1764 de
1432 1738 1491 1769 Itoc,
1513 1739 1567 1773 jam
1589 1746 1641 1765 non
1669 1740 1812 1773 pigritarer
1835 1747 1884 1773 ego

1102 1783 1193 1810 venire
1207 1783 1239 1810 ad
1250 1783 1398 1810 claritatem
1417 1789 1499 1811 tuam.
1512 1785 1616 1812 Etenim
1636 1785 1764 1812 Dominus
1777 1790 1803 1812 et
1816 1785 1885 1812 Deus

1101 1832 1192 1854 uoster
1208 1829 1263 1862 ipse
1287 1829 1416 1855 circuibat
1431 1829 1549 1856 civitates
1573 1833 1600 1856 et
1612 1829 1721 1856 castella
1735 1834 1760 1856 et
1780 1831 1883 1860 domos,

1100 1872 1232 1899 visitando
1244 1872 1375 1900 homines.
1387 1874 1518 1901 Omnibus
1529 1879 1616 1901 autem
1630 1874 1778 1902 humilitate
1789 1877 1885 1901 summi

1100 1919 1248 1945 sacerdotis
1262 1919 1407 1952 tediiieatis,
1425 1925 1451 1947 et
1465 1920 1640 1946 admiratione
1657 1920 1758 1953 plenis,
1778 1928 1886 1954 respou-

1101 1963 1140 1990 dit
1160 1963 1194 1991 ad
1226 1972 1289 1992 eum
1316 1965 1447 2000 patricius
1465 1973 1471 1992 :
1500 1965 1596 1998 Crede,
1608 1965 1696 1997 Pater,
1706 1965 1765 1998 quia
1778 1965 1886 1991 ulterius

1103 2016 1156 2036 non
1171 2008 1277 2043 capient
1300 2017 1376 2035 aures
1398 2017 1464 2036 meat
1484 2017 1575 2037 eorunt
1590 2011 1680 2041 verba,
1697 2012 1740 2043 qui
1762 2009 1888 2044 Iitvgiosas

1102 2053 1168 2081 tttihi
1189 2059 1333 2089 suggerunt
1352 2061 1405 2081 res.
1426 2055 1501 2081 Tunc
1520 2055 1626 2089 sapiens
1644 2055 1738 2081 doctor
1758 2055 1824 2081 dixit
1842 2055 1886 2081 ei-

1104 2098 1200 2133 Crede,
1217 2099 1253 2125 tili
1266 2104 1294 2126 et
1306 2099 1398 2132 frater,
1415 2099 1437 2126 si
1457 2100 1581 2126 omttibus
1604 2100 1645 2126 Itis
1659 2100 1820 2126 voluerimus
1831 2107 1889 2126 cre-

1104 2145 1179 2177 dere,
1192 2145 1336 2172 multorum
1348 2150 1517 2179 peceatorunt
1534 2146 1635 2172 erimus
1647 2146 1757 2177 domini,
1776 2147 1890 2172 maxime

1103 2190 1130 2217 in
1153 2196 1272 2225 tempore
1288 2191 1348 2223 hoc,
1373 2191 1478 2225 quando
1495 2190 1556 2217 facti
1573 2195 1635 2217 sunt
1653 2190 1726 2217 umlti
1752 2191 1888 2216 hominum

1105 2237 1217 2263 invicem
1233 2236 1363 2263 odientcs.
1385 2236 1516 2263 Multoties
1541 2238 1611 2263 cttint
1637 2241 1664 2262 et
1689 2235 1751 2261 ntilti
1775 2235 1888 2262 Suadere

269 2289 332 2316 ergo
343 2281 413 2308 illius
429 2282 584 2309 Itonorahile
597 2283 770 2317 pontiﬁcium.
787 2287 813 2309 et
832 2290 924 2309 eorunt
938 2283 981 2316 qui
994 2283 1054 2308 adc-
1070 2276 1093 2306 Ι)
1107 2287 1273 2308 tcutaverunt
1296 2282 1321 2308 hi
1347 2282 1392 2316 qni
1415 2282 1593 2316 suggerebant
1617 2281 1681 2307 tnilti
1703 2281 1891 2313 dispositiones

271 2333 331 2355 rant
343 2328 520 2363 prmsentiam,
535 2328 617 2362 magis
630 2336 694 2355 vero
707 2329 803 2355 titnens
812 2328 941 2361 judicium
959 2328 1013 2360 Dei,
1027 2333 1053 2354 et

271 2375 382 2402 horrens
398 2383 432 2402 ne
450 2376 519 2402 forte
539 2375 714 2402 descenderet
737 2375 804 2408 ignis
820 2376 852 2402 de
871 2377 940 2402 υωιυ
960 2376 1052 2402 cadent

273 2421 336 2447 liora
365 2426 392 2448 et
416 2426 585 2448 consumeret
610 2429 683 2453 eum,
713 2421 845 2448 videntem
872 2420 1052 2446 lmuorandaut

271 2467 343 2493 illaut
364 2467 487 2493 canitiem
513 2467 584 2493 ltuuti
603 2467 746 2501 jacentem,
770 2474 838 2501 genu
855 2466 929 2493 ﬂexit
949 2471 975 2492 et
988 2466 1054 2499 ipse,

272 2518 365 2546 petens
381 2513 484 2538 veniam
500 2518 527 2539 et
540 2513 760 2540 misericordiam.
779 2513 812 2538 Et
826 2513 931 2538 dicente
945 2511 1055 2546 patriar-

272 2557 321 2582 cha
335 2563 341 2582 :
358 2556 426 2582 Deus
442 2557 519 2583 nobis
543 2558 666 2584 omnibus
681 2558 826 2592 indulgeat,
843 2561 1016 2584 surrexerunt
1030 2561 1057 2584 et

273 2601 385 2635 ingressi
410 2607 470 2628 sunt
485 2603 563 2629 ambo
586 2605 740 2632 ecclesiam:
760 2609 786 2631 et
806 2608 868 2630 tunc
891 2611 950 2630 cunt
973 2603 1057 2629 multo

275 2648 371 2682 gaudio
387 2653 411 2674 ct
428 2648 516 2674 Imtitia
544 2650 627 2676 astitit
651 2655 745 2678 sancto
762 2651 848 2683 altari,
876 2657 936 2676 cum
961 2650 1056 2675 ntuuda

274 2693 437 2720 conscientia
454 2694 543 2720 valens
557 2694 646 2722 dicere
657 2695 728 2722 Deo:
743 2696 851 2722 Dimitte
874 2695 949 2721 nobis
969 2694 1057 2720 debita

275 2743 376 2769 nostra,
396 2739 465 2764 sicut
480 2743 507 2765 et
520 2746 568 2765 nos
592 2739 748 2767 dimittimus
769 2739 933 2767 debitoribus
957 2739 1057 2767 uestris

276 2785 382 2815 (Matth.
399 2785 447 2813 Vl).
461 2784 498 2811 Ita
520 2789 606 2811 autem
634 2793 696 2812 sana
719 2794 750 2813 ex
770 2793 830 2814 tunc
854 2792 881 2814 et
900 2791 1056 2820 computtcta

277 2834 365 2856 tuente
379 2830 463 2857 factus
478 2834 518 2856 cst
531 2829 612 2856 lector
628 2829 680 2861 ille,
702 2835 730 2857 ut
745 2831 901 2866 presbyterii
917 2838 1058 2858 consecra-

276 2876 347 2902 tione
360 2875 435 2910 potiri
450 2880 606 2902 mereretur.

1108 2335 1215 2358 rerum;
1237 2333 1263 2354 et
1286 2335 1346 2354 cum
1371 2327 1485 2355 facerent
1511 2335 1582 2361 saepe
1607 2329 1697 2361 liuent,
1723 2332 1752 2355 ut
1769 2327 1892 2354 seductus

1107 2372 1218 2404 fuerant,
1237 2372 1403 2406 postmodum
1423 2373 1468 2399 alii
1484 2374 1590 2407 quidam
1613 2373 1789 2408 suggerebant
1814 2372 1890 2403 mibi,

1108 2419 1178 2453 quod
1193 2418 1286 2445 fuerint
1302 2420 1428 2452 deceptus
1443 2420 1467 2445 in
1484 2420 1610 2453 capitulo;
1627 2428 1686 2446 cuin
1703 2428 1765 2454 ergo
1776 2420 1893 2445 secundo

1108 2468 1135 2490 et
1150 2465 1227 2490 tertio
1240 2465 1288 2491 ltnc
1301 2465 1408 2491 luissem
1430 2472 1581 2498 perpessus,
1598 2465 1659 2492 dedi
1682 2465 1822 2491 terminum
1844 2465 1895 2491 nn-

1110 2509 1243 2543 ltimetipsi
1261 2510 1363 2543 absque
1377 2514 1549 2543 utrorumque
1565 2516 1649 2543 parte,
1677 2518 1710 2537 ne
1724 2510 1814 2536 darent
1830 2509 1895 2535 deli-

1109 2557 1237 2583 ttitioneut
1260 2556 1311 2582 alio
1333 2557 1359 2582 in
1375 2557 1500 2590 capitulo.
1518 2557 1592 2590 Quod
1616 2556 1697 2590 siqui
1719 2555 1895 2590 suggerebant

1109 2602 1185 2634 mihi,
1207 2603 1397 2634 mentirentur,
1425 2602 1473 2636 ipsi
1501 2610 1605 2634 pit-natu
1635 2602 1791 2631 solverent,
1815 2607 1893 2633 quam

1109 2653 1248 2674 accusatus
1262 2646 1356 2679 ferret,
1373 2647 1395 2673 si
1421 2653 1513 2673 contra
1534 2654 1592 2673 eum
1609 2645 1740 2672 calumnia
1765 2645 1896 2671 veraciter

1110 2693 1204 2719 fuisset
1218 2693 1324 2726 injecta.
1340 2693 1373 2719 Et
1385 2700 1416 2719 ex
1430 2693 1522 2719 eadem
1539 2693 1580 2719 die
1597 2691 1746 2725 improvide
1756 2697 1896 2724 suggerere

1111 2737 1175 2764 mihi
1189 2742 1280 2763 contra
1295 2737 1410 2770 aliquem
1426 2737 1534 2763 omnino
1555 2736 1653 2769 aliquid
1671 2736 1760 2762 nullus
1772 2735 1827 2768 jam
1849 2741 1897 2759 au«

1111 2792 1168 2810 sunt
1183 2782 1274 2814 habet,
1288 2783 1357 2817 quod
1378 2783 1496 2817 deposco
1511 2789 1536 2810 et
1560 2789 1656 2809 moueo
1679 2788 1803 2815 maguum
1819 2779 1898 2805 deco~

1110 2838 1166 2857 rent
1182 2834 1264 2861 tuum,
1279 2830 1326 2861 lili,
1351 2829 1475 2856 similiter
1490 2830 1586 2856 facer».
1600 2830 1675 2862 Smpe
1686 2828 1757 2854 enim
1773 2832 1799 2853 et
1809 2824 1899 2852 caules

1112 2875 1225 2908 injustas
1241 2874 1351 2905 faciunt,
1368 2875 1411 2908 qui
1435 2874 1621 2901 Stlbiittlitnleltl
1639 2874 1767 2900 creditam
1791 2871 1900 2901 habent,
