2074 3144
217 205 283 233 162)

676 205 751 232 “TA
773 203 894 231 SANCTI
914 204 1052 231 JOANNiS
1073 204 1364 231 ELEEMOSYNAIHI.

1761 209 1828 238 1650

217 263 239 287 si
254 262 351 288 t'nerint
364 261 452 288 verbis
474 261 602 287 suasoriis
622 260 759 291 commoti,
775 263 802 286 et
816 260 837 286 si
859 260 916 286 sine
937 266 995 286 cru-
1011 260 1034 288 Α
1051 259 1186 286 tummodo
1199 259 1407 286 controversiam
1419 259 1521 286 astabat
1534 264 1593 286 tunc
1608 259 1722 293 pontifex
1738 265 1830 285 sancto

217 308 286 334 ciatu
315 307 459 333 recideriut
484 314 544 339 qua:
567 306 598 332 ad
613 313 660 332 eos
684 305 792 332 veniunt
813 305 938 338 capitula.
964 305 995 331 Et

218 352 344 387 patricius
371 357 493 385 tanquam
521 360 534 378 a
560 352 614 379 Deo
637 353 737 384 jussus,
761 357 853 384 pactus
873 355 915 377 est
937 351 994 385 ejus

217 399 369 424 mandatum
383 403 413 423 se
427 397 560 423 custodire
572 396 643 423 omni
659 395 910 429 temporeilla'sum.

252 440 317 468 Car.
332 440 388 467 XV.
408 455 444 460 -—
459 440 509 467 iste
522 440 701 468 memorabilis
724 439 836 466 habebat
856 439 996 473 quemdam

216 491 352 520 nepotem,
364 485 470 512 nomine
484 485 626 519 Georgium
642 485 709 519 (50).
725 485 782 512 Una
797 485 884 518 itaque
895 484 997 510 dierum

216 531 315 558 faciens
347 531 397 557 iste
422 538 482 557 cum
508 530 622 564 quodam
646 530 761 557 civitatis
789 530 997 564 tabernariorum

216 577 311 610 rixam,
324 577 450 603 conviciis
464 577 497 603 ab
508 584 539 603 eo
552 583 645 603 severe
655 577 767 604 aﬂ'ectus
776 580 818 604 est
831 585 837 603 :
850 575 894 610 qui
907 582 997 603 amare

215 622 319 654 dolens,
335 629 387 648 non
403 621 488 648 solum
504 622 564 655 quia
581 621 685 654 publice
698 642 704 654 ,
729 629 821 648 verum
836 621 916 648 etiam
936 621 996 655 quia

215 675 229 693 a
245 667 329 694 viliori
354 667 530 694 inhonoratos
552 671 632 699 esset,
652 667 767 693 maxime
780 674 853 698 vero,
867 667 927 701 quia
941 671 999 694 erat

216 721 297 745 nepos
311 713 483 747 patriarchae,
507 713 587 740 subiit
607 713 640 740 ad
655 720 714 740 eum
730 714 757 739 in
771 713 906 745 conclavi,
920 719 952 739 eo
972 714 998 739 in

212 763 316 785 secreto
328 763 456 791 morante,
472 759 538 785 llens
551 761 734 786 vehementer.
748 758 815 785 Cum
826 763 913 785 autem
927 759 998 784 hunc

214 805 251 831 ita
274 808 431 831 aestuantem
449 809 475 830 et
499 805 686 838 lacrymantem
710 804 820 831 vidisset
843 803 998 830 mitissimus

214 850 373 884 patriarcha,
389 850 534 884 interrogat
543 857 649 877 causam
661 850 803 877 detinentis
811 857 870 876 eum
882 849 999 875 anxieta-

215 895 262 928 tis,
287 895 355 922 scire
368 894 436 922 hanc
449 895 551 922 volens.
573 895 692 929 Cumque
714 895 758 921 ille
773 902 825 921 non
842 899 929 928 posset
945 901 998 927 pra:

1046 305 1142 336 altari;
1162 305 1224 338 qttid
1240 313 1302 331 vero
1320 304 1398 330 vellet
1414 304 1515 336 facere,
1542 305 1605 330 nulli
1621 305 1744 330 credidit.
1760 304 1825 330 Cum

1046 357 1110 384 ergo
1124 351 1242 377 venisset
1263 351 1389 377 diaconus
1405 350 1555 380 Damianus.
1582 354 1611 376 ut
1635 350 1781 382 susciperet
1797 350 1828 377 ab

1046 403 1078 424 eo
1093 400 1211 423 sanctam
1224 396 1436 422 communionem
1452 395 1596 422 secundum
1617 395 1751 428 protirium
1767 402 1827 425 gra-

1046 440 1119 473 dum,
1133 441 1215 467 tenuit
1228 448 1334 466 manutn
1346 440 1413 467 illitis
1427 440 1471 466 ille
1485 447 1598 472 sanctus,
1613 444 1640 466 et
1658 439 1724 466 dixit
1738 448 1743 465 :
1759 439 1829 466 Vade

1047 486 1120 519 prius
1136 485 1298 512 reconciliari
1323 485 1396 512 fratri
1412 489 1474 517 tuo;
1489 490 1517 512 et
1541 490 1603 512 tunc
1617 486 1738 516 veniens,
1751 484 1830 518 digne

1047 531 1153 564 suscipe
1168 531 1348 561 immaculata,
1373 531 1512 557 imtnemor
1526 530 1643 563 malitite,
1661 530 1758 557 Christi
1773 536 1831 566 my-

1048 576 1140 604 steria.
1156 577 1296 603 Reveritus
1309 584 1372 611 ergo
1392 584 1481 603 coram
1502 580 1574 603 tanta
1589 576 1755 602 multitudine
1774 576 1831 603 cle-

1048 622 1164 648 ricorum
1188 622 1374 649 contradicere
1388 622 1440 654 illi,
1456 622 1570 648 maxime
1586 622 1611 648 in
1634 621 1678 648 tali
1694 621 1751 648 loco
1764 625 1791 648 et
1805 621 1830 647 in

1050 668 1094 693 tali
1111 667 1241 694 horrenda
1258 668 1332 699 hora,
1349 667 1491 701 spopondit
1505 667 1554 693 hoc
1568 666 1663 699 facere,
1682 670 1709 692 et
1721 671 1782 693 tunc
1797 667 1830 692 de

1049 711 1148 737 sanctis
1161 712 1294 745 mysteriis
1307 712 1380 738 dedit
1398 712 1432 738 ei.
1449 712 1528 746 Igitur
1542 718 1573 738 ex
1589 715 1652 737 tunc
1662 717 1755 737 omnes
1776 711 1832 737 cle-

1048 756 1095 782 rici
1111 761 1138 783 et
1153 756 1211 784 laici
1227 757 1410 783 custodiebant
1425 764 1465 788 se,
1480 764 1514 783 ne
1525 757 1593 782 inter
1607 763 1636 782 se
1650 755 1776 781 malitiam
1791 762 1831 781 re-

1049 801 1175 832 tinerent,
1188 800 1310 827 timentes
1322 808 1354 826 ne
1364 804 1391 827 et
1402 800 1472 833 ipsos
1482 799 1666 832 confunderet,
1687 799 1831 833 triumpha-

1049 849 1143 877 retque
1156 845 1378 879 quemadmodum
1394 849 1420 871 et
1433 845 1505 871 illum
1521 844 1671 871 diaconum.

1084 888 1147 916 Car.
1165 889 1244 916 XVII.
1258 904 1293 910 —
1315 889 1433 916 Habebat
1455 889 1559 921 quidem
1583 888 1767 915 sanctissimus
1789 888 1831 914 hic

213 941 404 973 amaritudine,
429 948 489 975 qua:
511 941 723 968 circumdederat
743 948 823 972 eum,
848 940 996 974 exprimere

1052 935 1094 961 vir
1107 934 1245 961 scientiam
1259 934 1407 961 divinarum
1431 934 1641 967 Scripturarum;
1667 940 1718 959 non
1743 929 1831 959 autem

213 993 375 1017 sermonem,
389 987 414 1013 hi
431 987 475 1020 qui
490 991 586 1020 praesto
603 987 708 1013 fuerunt
722 987 826 1021 quando
842 994 902 1013 eum
916 986 997 1012 exho-

214 1031 301 1057 uorari
315 1038 329 1056 a
354 1032 518 1066 negotiatore
537 1033 704 1066 contigerat,
725 1036 864 1065 cmperunt
884 1031 998 1058 recitare

213 1077 411 1111 archiepiscopo
429 1084 535 1104 causam
553 1085 559 1103 :
581 1078 611 1103 Et
631 1079 691 1110 quia
715 1084 766 1103 non
789 1077 929 1108 debuerat,
955 1076 997 1102 in-

213 1121 322 1154 quiunt,
346 1121 381 1147 ita
393 1121 524 1148 sanctitas
544 1126 631 1148 vestra
653 1121 804 1154 contemni,
828 1126 857 1148 ut
878 1121 997 1154 proprios

214 1172 276 1192 suos
291 1173 321 1192 ac
337 1167 497 1200 propinquos
512 1174 527 1193 a
537 1166 670 1200 despectis
688 1167 847 1193 exhonorari
863 1171 997 1200 pateretur

212 1210 372 1238 hominibus.
389 1212 435 1238 lllc
459 1217 546 1238 autem
561 1219 640 1238 verus
655 1211 789 1243 medicus,
806 1212 897 1238 volens
913 1211 997 1244 primo

212 1256 292 1282 veluti
307 1257 452 1291 emplastro
476 1257 589 1290 quodam
609 1264 702 1284 curare
717 1256 818 1290 nepotis
833 1257 873 1282 sui
888 1256 995 1289 furiam,

213 1308 237 1329 et
254 1308 340 1329 tamen
361 1308 484 1337 tauquam
501 1303 571 1329 ferro
594 1303 749 1329 incisiouem
764 1307 791 1329 et
813 1302 995 1329 liberationem

213 1349 355 1382 passionis,
372 1355 419 1381 per
441 1347 665 1382 sapientissimum
681 1355 711 1374 os
724 1355 800 1374 suum
816 1346 877 1374 huic
888 1347 995 1379 atl‘erre,

212 1393 308 1419 talibus
328 1393 417 1420 verbis
432 1394 514 1425 coepit
524 1393 694 1427 exstinguere
705 1392 836 1424 morbum,
847 1397 874 1419 et
886 1393 974 1420 dicere
987 1400 995 1419 :

214 1437 360 1465 Etcmnino
370 1445 451 1465 ausus
459 1441 502 1465 est
510 1437 605 1471 aliquis
614 1445 644 1465 os
654 1438 767 1472 aperire,
778 1442 805 1465 et
815 1438 996 1465 contradicere

213 1484 277 1511 tibi?
291 1483 388 1516 Crede,
406 1483 441 1510 lili
456 1484 502 1516 mi,
516 1483 585 1517 patri
600 1487 655 1514 tuo.
668 1483 792 1518 quoniam
815 1482 908 1510 faciam
923 1484 948 1509 in
963 1491 996 1510 eo

214 1529 293 1556 hodie
307 1536 376 1561 rem,
389 1532 417 1556 ut
432 1533 485 1555 tota
507 1529 666 1556 Alexandria
686 1529 806 1556 miretur.
820 1529 941 1562 Cumque
954 1529 993 1555 vi-

214 1575 295 1602 disset
302 1582 362 1602 eum
374 1574 520 1602 remedium
534 1574 676 1608 recepisse,
689 1578 716 1601 et
727 1574 859 1601 tristitiam
873 1579 994 1601 cunctam

1048 979 1077 1006 in
1125 979 1258 1015 sapientia
1307 979 1442 1008 sermonis
1456 998 1463 1010 .
1503 978 1551 1005 bas
1574 983 1696 1011 tanquam
1712 984 1744 1003 ex
1760 976 1831 1003 inani

1047 1024 1132 1058 gloria
1147 1025 1300 1051 memoriter
1310 1024 1411 1056 dicens,
1425 1024 1470 1051 sed
1484 1031 1529 1056 per
1542 1023 1663 1051 eamdem
1675 1023 1757 1056 ipsam
1768 1029 1831 1056 ope-

1046 1077 1106 1097 rum
1121 1071 1262 1103 actionem,
1278 1074 1305 1096 et
1319 1069 1504 1096 mandatorum
1518 1069 1748 1100 observationem;
1763 1073 1790 1094 et
1805 1068 1829 1094 in

1045 1120 1152 1142 secreto
1174 1115 1320 1149 quotidiani
1335 1115 1439 1142 consilii
1463 1115 1504 1141 sui
1520 1115 1608 1141 nullus
1626 1120 1715 1140 sermo
1729 1113 1829 1140 otiosus

1049 1160 1222 1192 audiebatur,
1238 1160 1290 1187 nisi
1305 1161 1372 1186 [orte
1394 1160 1526 1186 ordinatio
1550 1159 1587 1185 rei
1603 1158 1687 1185 civilis
1701 1158 1829 1191 exigeret,

1046 1204 1094 1231 sed
1105 1210 1150 1232 aut
1161 1205 1303 1232 relationes
1314 1209 1464 1231 sanctorum
1476 1204 1594 1236 Patrum,
1606 1207 1651 1229 aut
1661 1202 1831 1236 scripturales

1047 1251 1215 1284 quaestiones,
1232 1254 1278 1277 aut
1290 1250 1437 1284 dogmatica
1453 1249 1626 1284 problemata,
1641 1253 1749 1283 propter
1763 1248 1826 1274 ntul-

1048 1297 1187 1324 titudinem
1211 1303 1260 1324 nec
1274 1296 1497 1323 nominandorum
1520 1295 1705 1322 haereticorum
1728 1293 1773 1328 qui
1788 1300 1830 1320 re-

1046 1343 1151 1376 gionem
1175 1341 1413 1368 circumdederant.
1438 1341 1466 1368 Si
1490 1347 1552 1367 vero
1566 1339 1645 1366 alicui
1667 1338 1763 1373 aliquis
1781 1338 1825 1364 de-

1047 1387 1152 1415 trahere
1167 1387 1310 1421 inciperet,
1335 1386 1404 1413 hunc
1420 1384 1566 1420 patriarcha
1587 1392 1632 1418 per
1647 1384 1757 1410 alteram
1772 1390 1832 1410 ser—

1046 1434 1268 1465 mocinationem,
1285 1438 1313 1459 nt
1326 1432 1442 1466 sapiens,
1459 1431 1595 1465 ingeniose
1610 1429 1780 1457 removebat:
1802 1433 1828 1455 et

1045 1480 1068 1507 si
1083 1480 1178 1506 iterum
1194 1483 1375 1512 permaneret,
1399 1476 1463 1503 nihil
1479 1476 1585 1510 quidem
1601 1475 1625 1501 ei
1639 1475 1757 1504 dicebat;
1783 1474 1828 1500 sed

1047 1525 1117 1551 hunc
1127 1528 1267 1556 annotans,
1283 1522 1451 1557 praecipiebat
1465 1513 1672 1548 hebdomadario
1683 1527 1715 1546 ne
1729 1519 1827 1545 sineret

1048 1569 1158 1596 ulterius
1170 1576 1230 1595 eutn
1252 1568 1350 1594 intrare
1365 1574 1424 1593 cum
1440 1566 1480 1592 bis
1494 1566 1538 1599 qui
1553 1564 1750 1596 nuntiabantur,
1766 1571 1831 1596 qua.

214 1620 372 1653 projecisse,
394 1624 529 1654 putantem
551 1620 672 1647 videlicet
694 1620 764 1654 quod
792 1624 882 1653 ageret
903 1625 994 1646 contra

1051 1617 1124 1639 tenus
1136 1620 1182 1645 per
1196 1619 1257 1638 eum
1271 1616 1382 1638 caeteros
1400 1614 1559 1642 temperaret
1574 1614 1651 1643 atque
1666 1608 1784 1634 erudiret

215 1672 273 1692 eum
287 1665 332 1699 qui
345 1672 374 1692 se
388 1665 557 1692 contumeliis
568 1664 704 1697 atl’ecerat,
721 1669 748 1691 et
763 1664 860 1691 iaceret
875 1672 935 1691 eum
951 1665 998 1691 lla-

213 1709 304 1744 gellari
319 1716 366 1743 per
380 1717 440 1735 eum
455 1708 501 1742 qui
519 1716 599 1742 super
619 1709 703 1735 forum
718 1713 775 1736 erat
787 1709 956 1742 constitutus,
972 1715 999 1735 et

213 1755 294 1782 variis
306 1754 409 1789 pompis
421 1754 601 1787 dehonestari,
615 1754 679 1781 dicit
692 1754 728 1785 ei,
737 1754 896 1780 deosculatus
907 1760 999 1786 pectus

215 1802 297 1836 ipsius
312 1810 319 1828 :
334 1799 383 1826 Fili
396 1800 443 1832 mi,
458 1801 479 1826 si
494 1808 527 1827 ex
544 1800 653 1827 veritate
667 1800 823 1827 humilitatis
838 1807 903 1826 mea:
917 1807 1000 1833 nepos

214 1847 316 1878 existis,
329 1853 446 1880 praepara
458 1845 570 1880 teipsum
585 1849 613 1873 et
624 1845 762 1879 ﬂagellari,
776 1851 803 1872 et
817 1845 934 1872 convicia
947 1844 1000 1878 pati

211 1892 248 1919 ab
261 1893 334 1920 omni
359 1892 478 1918 homine.
495 1891 562 1917 Vera
583 1892 654 1918 enim
670 1891 791 1925 cognatio
806 1898 859 1917 non
883 1898 916 1918 ex
940 1898 1001 1917 san-

216 1937 294 1969 guine
316 1940 342 1963 et
364 1943 460 1968 carne,
485 1935 532 1962 sed
550 1942 583 1961 ex
599 1935 696 1961 virtute
716 1935 814 1961 mentis
837 1935 999 1968 agnoscitur.

216 1980 362 2007 Confestim
379 1980 459 2014 Igitur
472 1979 614 2006 accersivit
627 1986 687 2006 eum
705 1979 751 2012 qui
765 1985 844 2012 super
867 1986 1001 2013 caupones

216 2028 274 2052 erat
293 2025 470 2056 eoustitutus,
487 2027 515 2050 et
528 2023 655 2057 praecepit
676 2023 701 2050 ei
713 2030 746 2050 ne
769 2023 802 2050 ab
821 2023 867 2049 illo
881 2031 1002 2057 caupone

216 2071 349 2105 acciperet
371 2076 456 2102 neque
469 2072 595 2096 consueta
609 2075 667 2101 sua,
686 2075 772 2102 neque
786 2068 903 2102 publica,
918 2076 1004 2102 neque

220 2117 373 2151 pensionem
396 2115 535 2150 ergasterii
550 2116 618 2149 ejus.
636 2114 669 2141 Et
679 2113 736 2149 ipse
747 2114 818 2141 enim
830 2115 1004 2142 sanctissima

222 2160 347 2188 Ecclesiae
369 2164 437 2187 erat.
455 2161 488 2186 Et
502 2166 596 2186 omnes
611 2164 822 2191 expavescentes
841 2159 1004 2186 immobilem

228 2206 444 2240 onganimitatem
467 2206 541 2239 ejus,
567 2205 757 2232 intellexerunt
778 2212 840 2232 esse
864 2206 913 2231 hoc
934 2205 1005 2238 quod

226 2252 286 2279 luxit
298 2260 305 2277 :
319 2251 450 2284 Quoniam
475 2250 570 2278 faciam
584 2250 610 2277 in
622 2258 682 2278 cum
696 2258 764 2283 rem,
785 2254 814 2277 ut
827 2250 939 2278 miretur
951 2255 1005 2277 tota

1083 1658 1146 1684 Car.
1165 1656 1256 1683 XVIII.
1268 1671 1302 1676 —
1313 1656 1496 1682 Deliuitiouem
1510 1658 1597 1681 autem
1611 1659 1635 1680 et
1651 1653 1737 1685 aliam,
1753 1660 1829 1685 quam

1049 1703 1182 1729 all‘ectavit
1205 1702 1248 1729 hic
1263 1707 1387 1733 sanctus,
1411 1708 1464 1727 non
1488 1705 1529 1726 est
1550 1700 1649 1733 justum
1667 1703 1834 1732 postponere.

1049 1747 1166 1775 Audiens
1176 1747 1245 1781 quod
1260 1752 1397 1780 postquam
1407 1749 1546 1772 comitatus
1557 1748 1597 1770 est
1608 1743 1752 1776 imperator
1764 1742 1804 1776 (5i
1812 1741 1830 1772 ),

1050 1794 1137 1820 nullus
1153 1792 1269 1819 universi
1285 1796 1392 1818 senatus
1407 1795 1433 1817 et
1447 1789 1588 1816 astanlium
1604 1787 1768 1815 exercituum
1788 1794 1833 1811 au-

1051 1840 1152 1873 tiquum
1167 1838 1321 1866 memoriale
1342 1835 1447 1870 aliquod
1474 1835 1586 1867 nuntiet,
1603 1835 1650 1860 sed
1665 1840 1724 1858 mox
1740 1832 1764 1857 hi
1789 1830 1834 1864 qtti

1051 1885 1176 1911 dicuntur
1197 1887 1427 1909 monumentorum
1450 1880 1623 1906 anltticatores
1646 1881 1750 1903 sumunt
1769 1882 1835 1909 qua-

1053 1934 1112 1956 tuor
1124 1929 1165 1955 vel
1179 1929 1296 1962 quinque
1311 1926 1433 1953 minutias
1450 1930 1609 1950 marmorum
1625 1922 1735 1956 pusillas
1749 1921 1782 1947 de
1796 1920 1835 1946 di~

1053 1975 1137 2002 versis
1149 1973 1298 2003 coloribus.
1320 1976 1347 1998 et
1361 1970 1542 2003 ingrediantur
1555 1968 1587 1995 ad
1601 1975 1673 2000 eum,
1686 1971 1713 1994 et
1725 1966 1814 1993 dicunt
1827 1973 1836 1992 :

1053 2020 1182 2050 Domine,
1208 2017 1280 2052 quali
1303 2016 1410 2043 metallo
1432 2013 1572 2047 imperium
1596 2019 1668 2039 tuum
1682 2011 1757 2046 jubet
1777 2010 1835 2038 ﬁeri

1054 2069 1254 2093 monumentum
1276 2067 1367 2093 tuom;
1395 2060 1559 2087 insinuantes
1583 2057 1707 2085 videlicet
1728 2058 1751 2083 ei
1775 2055 1835 2088 quia

1055 2114 1179 2143 tanquam
1205 2109 1284 2134 homo
1307 2104 1487 2137 corruptibilis
1509 2107 1536 2129 et
1558 2102 1724 2129 transitorius
1746 2107 1836 2126 curant

1055 2153 1154 2180 habeto
1176 2156 1228 2179 tute
1247 2149 1328 2184 ipsius
1348 2150 1460 2180 animm,
1476 2153 1503 2175 et
1517 2147 1559 2182 pie
1581 2154 1689 2178 regnum
1711 2145 1838 2178 dispone;

1055 2198 1207 2226 imitabatur
1217 2201 1242 2224 et
1257 2196 1307 2223 iste
1319 2196 1410 2222 beatus
1425 2193 1557 2220 veraciter
1569 2193 1635 2218 hanc
1645 2192 1749 2225 dignam
1764 2190 1842 2216 laudo

1057 2243 1236 2274 traditionem,
1252 2246 1278 2268 et
1290 2241 1413 2275 praecepit
1424 2239 1474 2266 sibi
1487 2241 1687 2265 monumentum
1703 2235 1837 2263 aediﬁcari.

224 2296 391 2328 Alexandria,
410 2295 534 2323 videlicet
546 2296 606 2329 quia
623 2303 674 2322 non
690 2295 776 2322 solum
792 2295 999 2322 vicissitudinem

1058 2292 1099 2318 ubi
1115 2295 1143 2318 et
1165 2289 1261 2324 reliqui
1282 2288 1492 2323 praedecessores
1513 2285 1569 2318 ejus
1594 2281 1748 2318 patriarcha:
1769 2280 1842 2314 jaco-

224 2349 274 2369 nou
289 2342 421 2375 reddidit,
446 2349 538 2369 verum
553 2342 632 2369 etiatn
651 2349 699 2376 pro
722 2342 822 2369 ultione
847 2341 1004 2376 adjutorium

224 2387 358 2421 impendit.

257 2433 322 2461 (ΣΑΡ.
338 2433 406 2460 XVl.
422 2447 456 2453 ——
469 2433 621 2460 Nuntiatum
635 2436 677 2460 est
690 2433 832 2467 aliquando
846 2433 907 2459 lmlc
919 2432 1006 2466 beato,

224 2479 292 2513 quod
306 2478 413 2513 quidam
428 2478 584 2505 clericorum
600 2478 727 2504 malitiam
741 2479 767 2504 in
782 2478 863 2504 corde
880 2478 1006 2505 adversus

232 2523 365 2557 tuemdam
381 2526 542 2553 reservaret,
565 2527 592 2549 et
606 2522 815 2549 irreconciliatus
830 2523 853 2549 ei
868 2529 1007 2556 permane

230 2572 274 2594 ‘ct.
299 2568 345 2594 ille
371 2575 436 2594 vero
461 2567 597 2600 quaerebat
621 2568 699 2601 hujus
725 2574 821 2593 nomen
843 2572 871 2594 et
897 2567 1007 2600 gradum

226 2619 313 2639 nosse.
328 2610 357 2637 lu
372 2612 515 2638 crastinum
530 2619 594 2645 ergo
608 2611 650 2638 die
665 2612 802 2638 Dominico
822 2611 912 2638 didicit
927 2612 1007 2642 hunc,

228 2657 381 2682 Damianum
395 2655 501 2688 quidem
525 2657 641 2689 nomine,
657 2656 796 2683 diaconem
812 2663 875 2682 vero
895 2663 954 2682 esse
969 2655 1009 2682 of-

227 2701 298 2726 licio.
314 2699 443 2733 Praecepit
462 2699 551 2734 itaque
574 2701 761 2727 arcliidiacono
776 2706 804 2727 ut
823 2701 887 2733 sibi,
904 2701 1010 2734 quando

228 2745 296 2771 idern
312 2745 454 2771 Damianus
468 2745 501 2771 ad
516 2745 655 2772 ecclesiam
676 2747 787 2775 veniret.
803 2745 1009 2772 demonsuaret.

228 2789 307 2823 Igitur
321 2798 381 2818 cum
404 2791 429 2816 in
444 2790 589 2817 crastinum
604 2792 683 2817 statio
697 2791 834 2818 Dominico
852 2791 895 2817 die
919 2791 989 2817 lierel
1003 2811 1009 2823 ,

227 2837 302 2864 venit
313 2841 339 2863 et
359 2836 486 2863 diaconus
508 2836 540 2863 ad
554 2838 713 2868 stationem;
728 2841 754 2863 et
775 2836 867 2862 videns
880 2836 1012 2862 archidia-

230 2889 312 2908 conus
320 2901 331 2915 ι
342 2881 457 2909 ostendit
470 2889 529 2909 eum
544 2881 709 2916 patriarcluc.
731 2881 769 2907 0b
785 2889 842 2907 eain
864 2881 933 2907 cuitu
957 2885 1000 2907 tau

1058 2337 1135 2368 bant;
1151 2333 1334 2369 imperfectum
1359 2339 1422 2359 vero
1446 2338 1553 2357 manere
1578 2336 1659 2362 usque
1682 2327 1715 2352 ad
1741 2326 1840 2351 nbitqu

1057 2389 1145 2412 suum,
1161 2386 1189 2407 ut
1204 2379 1358 2414 imperfecto
1379 2377 1520 2409 existente,
1538 2383 1583 2409 per
1597 2373 1728 2400 celebrem
1747 2370 1845 2397 b-stivi-

1059 2432 1157 2457 tatem,
1178 2425 1318 2452 assistente
1332 2425 1413 2453 clero,
1431 2421 1608 2455 ingredientes
1628 2419 1671 2450 qui
1687 2417 1844 2443 dicebautur

1059 2472 1173 2500 studiosi
1186 2471 1256 2507 (52),
1271 2471 1390 2497 dicerent
1404 2468 1436 2494 ad
1452 2473 1512 2493 eum
1526 2473 1532 2491 :
1551 2464 1670 2494 Domine,
1689 2467 1844 2488 monumen-

1062 2522 1116 2544 tum
1126 2522 1198 2543 tuum
1207 2514 1388 2549 imperfectum
1395 2516 1446 2543 est,
1455 2510 1567 2544 praecipe
1574 2515 1636 2541 ergo
1645 2512 1844 2533 utcousumum-

1063 2568 1114 2594 tttr,
1125 2570 1156 2588 co
1165 2560 1233 2594 quod
1250 2559 1352 2586 nescias
1363 2566 1412 2591 qua
1421 2557 1485 2583 hora
1495 2556 1535 2582 fur
1546 2553 1634 2580 veniat
1644 2550 1739 2587 (.iluttlt
1761 2555 1844 2579 μιν).

1062 2608 1120 2635 Hoc
1134 2613 1220 2634 autent
1246 2605 1359 2632 faciebat
1373 2604 1416 2630 ille
1430 2606 1536 2629 sanctus
1559 2605 1588 2627 ut
1604 2600 1636 2625 ita
1652 2599 1740 2628 ﬁeret,
1756 2595 1847 2622 volens

1063 2653 1235 2681 imitationem
1252 2651 1346 2678 bonam
1362 2654 1388 2676 et
1404 2652 1461 2682 post
1476 2655 1504 2674 se
1518 2645 1613 2672 futuris
1637 2643 1787 2675 relinquere
1804 2647 1846 2672 pu-

1065 2697 1194 2726 triarcltis.

1099 2744 1164 2770 Car.
1186 2741 1254 2769 XIX.
1270 2755 1304 2760 —
1327 2739 1439 2766 Dontino
1463 2738 1496 2765 ob
1511 2735 1704 2764 multitudinem
1728 2733 1846 2764 peccato-

1065 2797 1123 2816 rum
1149 2793 1297 2814 nostroruni
1324 2785 1506 2819 permittente,
1531 2782 1635 2816 propria
1663 2777 1760 2809 templa
1788 2780 1847 2806 quae

1066 2838 1141 2861 erant
1155 2830 1341 2864 Jerosolymis,
1359 2837 1372 2855 a
1388 2827 1567 2862 percutiendts
1582 2835 1595 2852 a
1613 2825 1664 2851 llcn
1680 2822 1766 2849 Pet-sis
1789 2826 1848 2846 cre-

1033 2871 1050 2915 λ
1068 2878 1143 2907 mari.
1168 2877 1272 2903 discens
1287 2874 1327 2901 hic
1355 2873 1536 2902 sanctissimus
1556 2869 1702 2904 patriarcha
1728 2867 1752 2893 in
1768 2869 1848 2893 ututi:|
