2074 3144
255 198 322 227 1631

783 189 920 219 LEONTII
939 189 959 216 Ν
966 189 1170 217 Ii.\l‘OLlT.\Nl
1193 187 1346 215 EPISCOI‘I

1816 186 1826 213 Ι
1833 187 1883 213 (ὶδὲ

257 258 376 289 cgeState
395 260 455 280 esse
478 255 597 278 sanctum
613 250 758 277 Modestum
779 249 952 283 patriat't'ham
973 249 1047 276 Jero-
1064 251 1083 278 Λ
1099 246 1256 272 ruebant-llic
1269 246 1327 280 (58)
1341 244 1498 270 uumismatc
1511 251 1573 270 uno.
1587 243 1645 270 Mox
1657 250 1720 278 ergo
1736 245 1881 271 tratiSuiisit

258 301 420 334 solymorum
437 297 508 331 (55),
524 297 556 322 ad
573 296 666 321 horttm
683 295 869 321 relerationem
892 298 918 320 et
934 294 1044 321 remtlift-

257 344 387 371 cationem
405 343 486 369 mittit
498 342 522 368 ei
546 341 704 368 nomismata
725 341 807 371 mille,
822 345 848 366 et
863 340 934 366 mille
953 347 1044 367 saccos

259 389 350 420 plenos
360 387 503 418 frumento,
516 391 542 413 et
553 386 624 412 mille
639 385 779 418 legumina.
796 385 867 412 mille
879 385 957 411 libras
971 385 1043 416 ferri,

257 433 326 458 mille
339 436 424 458 restes
438 433 596 457 siccatorum
612 431 734 463 piscium,
748 430 792 463 qui
807 437 972 456 mcnomenre
986 430 1042 465 (5i)

255 478 390 508 dicuntur,
407 477 478 502 mille
493 475 597 501 vascula
613 475 677 505 vini,
693 480 719 500 et
735 475 806 500 mille
822 475 959 509 [Egyplios
979 483 1044 508 ope-

255 523 358 553 rarios,
384 522 491 547 mittens
504 521 527 547 ei
544 527 590 553 per
613 521 713 546 litteras
729 528 734 544 :
753 529 762 544 ‹
782 519 818 545 Da
833 520 896 546 mihi
921 520 1024 546 veniam
1036 539 1043 551 ,

256 574 319 593 vere
343 566 439 592 Christi
455 569 593 599 operator,
610 564 675 590 nihil
697 564 804 598 dignum
827 564 932 597 templis
945 564 1044 591 Christi

256 611 379 637 mittenti.
404 611 504 637 Vellem
518 610 600 640 enim,
621 609 700 635 crede
724 609 802 641 mihi,
819 609 840 635 si
855 614 925 635 esset
949 616 1044 636 conve-

255 657 342 688 nit-ns,
355 661 382 683 et
398 657 454 690 ipse
467 663 499 682 eo
511 655 613 688 venire,
629 658 657 681 et
671 655 727 688 ipse
741 655 844 688 operari
856 655 881 680 in
895 655 973 681 domo
988 663 1044 681 san-

255 705 306 728 ctze
328 700 427 728 Christi
444 700 658 726 resurrectionis.
683 700 870 726 Verumtamen
894 700 957 726 illud
980 708 1044 735 rogo

257 746 439 772 honorandum
455 749 534 778 caput
557 750 640 776 tuuml
659 749 685 770 ut
700 745 848 771 nullatenus
864 745 914 771 hoc
931 745 1044 779 imputes

258 792 368 817 minimo
379 791 477 816 nomini
489 790 640 825 exiguitatis
654 797 730 823 mem,
743 790 788 816 scd
805 790 856 817 hoc
869 791 955 824 potius
970 795 1045 824 petas

255 843 270 861 tl
286 835 404 866 Christo,
421 840 448 861 ut
463 835 498 861 ibi
513 843 554 861 me
567 835 717 861 conscribat
730 835 774 862 ubi
789 836 918 862 veraciter
928 837 1046 863 consmi-

257 880 310 914 ptio
327 881 402 907 beata
416 879 548 906 consistit.
567 888 576 904 ι

1097 292 1160 318 illud
1175 293 1200 318 in
1214 292 1368 322 craSIinum,
1387 296 1414 316 ut
1430 291 1635 318 venundaretur.
1650 291 1681 317 Et
1694 291 1788 318 videns
1802 291 1824 317 is
1836 292 1880 326 qui

1095 337 1237 368 obtulerat,
1253 336 1317 362 emit
1332 336 1394 361 illud
1420 335 1524 365 tri-ginta
1540 343 1585 361 sex
1610 335 1816 362 numisntatihus
1827 355 1833 367 ,
1855 341 1882 361 et

1097 388 1188 407 rursus
1211 380 1306 406 obtulit
1328 381 1496 414 patriarchae.
1521 379 1585 406 Cum
1606 387 1669 406 vero
1696 381 1721 406 in
1736 380 1880 406 crastinum

1097 426 1205 452 vidisset
1219 425 1295 458 illud,
1319 427 1383 453 emit
1399 426 1448 452 hoc
1472 426 1605 457 similiter,
1630 432 1656 452 et
1680 433 1771 452 rursus
1786 426 1881 452 obtulit

1097 469 1264 502 patriarchur,
1275 470 1421 504 deposcens
1433 476 1459 496 ut
1472 475 1605 504 tegeretur
1612 470 1645 496 ab
1657 477 1699 496 eo.
1713 470 1777 496 Cum
1790 474 1878 496 autem

1097 515 1175 541 tertio
1200 515 1252 541 hoc
1269 515 1376 542 fecisset
1389 535 1395 547 ,
1422 515 1487 542 dicit
1500 515 1525 542 ci
1539 515 1745 549 gratulabundus
1760 515 1803 541 ille
1819 522 1881 540 san-

1096 565 1172 586 ctus:
1190 559 1342 587 Videbimus
1357 560 1415 594 quis
1427 560 1542 593 deﬁciet,
1558 567 1608 594 ego
1628 567 1662 585 an
1678 564 1716 586 tu.
1733 559 1798 585 Erat
1810 559 1880 585 enim

1096 606 1236 638 opulentus
1250 606 1344 638 valde,
1361 611 1388 632 et
1401 606 1518 633 suaviter
1532 605 1607 639 quasi
1622 604 1802 631 vindemiabat
1820 610 1880 629 eum

1096 651 1139 678 ille
1153 657 1270 684 sanctus,
1285 654 1409 686 paulatim
1425 652 1459 678 ab
1473 659 1506 678 eo
1520 651 1599 678 multa
1615 649 1754 681 auferens;
1769 654 1796 676 et
1810 649 1881 675 dicc-

1097 698 1140 724 bat
1151 705 1258 731 semper
1269 697 1339 731 quod
1352 701 1442 731 posset
1455 697 1551 730 aliquis
1563 696 1713 722 intentione
1725 694 1806 721 dandi
1819 702 1880 727 pau-

1097 745 1203 777 pcribus
1224 744 1376 778 exspoliare
1399 744 1509 776 divites,
1524 746 1552 769 et
1565 743 1650 776 ipsum
1671 743 1750 768 etiam
1767 740 1880 775 hypoca-

1096 789 1191 815 tuisutn
1207 788 1265 824 (59)
1279 789 1311 816 ab
1326 789 1364 815 eis
1380 789 1506 815 benevole
1519 788 1633 818 auferre,
1648 793 1672 813 et
1689 794 1741 812 non
1756 793 1878 819 peccare,

1095 839 1122 860 et
1147 835 1260 860 maxime
1282 836 1304 860 si
1320 839 1381 860 sttnt
1405 835 1484 868 aliqui
1510 831 1737 860 immisericordes
1751 836 1777 857 et
1797 838 1877 855 arari.

1098 880 1152 906 Duo
1168 880 1238 907 enim
1254 880 1370 906 lucratur
1384 881 1443 906 talis
1456 889 1461 906 :
1475 887 1554 906 unum
1570 880 1688 913 quidem,
1705 877 1764 911 quia
1778 877 1879 903 animas

290 924 353 952 Cu).
379 924 437 951 ΧΧ.
452 939 487 944 ——
500 924 601 958 Arripit
621 924 666 951 ille
678 929 785 951 sanctus
806 929 832 951 et
853 924 920 957 hoc,
945 925 1042 952 bonum
1060 934 1082 963 Β
1096 926 1201 953 illorum
1217 931 1322 958 servat;
1338 925 1449 951 alterum
1473 930 1571 955 autem,
1597 924 1719 957 quoniam
1736 927 1763 949 et
1777 922 1832 954 ipse
1847 928 1878 946 ex

255 970 329 1002 dico,
353 970 476 996 videlicet
491 969 562 1003 quod
584 969 674 995 infimo
700 973 784 996 stratu
810 970 991 1003 recumberet,
1016 974 1042 996 et

255 1016 351 1043 vilibus
364 1017 536 1050 operimentis
549 1016 574 1042 in
587 1016 681 1042 cellula
695 1023 740 1042 sua
756 1021 882 1043 uteretur.
895 1017 968 1048 Quod
982 1024 1042 1044 cum

255 1063 373 1089 audisset
387 1062 494 1096 quidam
510 1069 691 1095 possessorum
707 1061 831 1093 civitatis,
847 1063 995 1089 ascendens
1009 1062 1043 1089 ad

254 1115 326 1139 eum,
342 1111 370 1135 et
382 1108 475 1134 videns
490 1108 559 1142 quod
573 1108 706 1141 opertorio
720 1108 804 1134 scisso
816 1113 842 1134 et
853 1108 930 1134 laneo
943 1113 1044 1141 tegere-

255 1158 308 1185 tur,
324 1153 470 1180 transmisit
485 1153 509 1180 ei
520 1153 713 1187 coopertoriunt
730 1153 919 1180 numismatum
936 1154 1043 1187 triginta

255 1208 313 1232 sex,
326 1207 423 1234 rogans
444 1200 555 1226 multum
571 1207 630 1226 eum
657 1204 684 1226 ut
699 1207 730 1225 eo
744 1200 926 1233 cooperiretur
939 1199 972 1225 ad
988 1206 1043 1226 me-

256 1245 379 1278 tnoriam,
406 1245 500 1278 inquit,
519 1245 657 1271 mittentis.
673 1244 719 1272 llle
734 1253 796 1272 vero
812 1245 862 1272 hoc
881 1244 1041 1279 suscipienl,

255 1296 362 1325 propter
377 1291 486 1317 multam
503 1291 552 1317 viri
565 1291 766 1324 postulationem
783 1296 924 1324 coopertus
939 1295 980 1319 est
993 1291 1043 1318 hoc

255 1344 305 1363 una
322 1341 409 1369 nocte,
426 1343 474 1370 per
489 1341 571 1362 totam
587 1344 655 1370 pene
669 1341 772 1363 noctem
788 1336 893 1363 dicebat
912 1337 944 1363 ad
957 1345 1043 1364 semu-

255 1383 351 1417 tipsum
362 1403 369 1416 ,
396 1387 424 1409 ut
444 1382 591 1409 recitabant
605 1382 757 1409 cubicularii
781 1382 837 1416 ejus
851 1391 857 1408 :
871 1383 934 1416 Quis
955 1383 1041 1416 dicet,

254 1427 324 1462 quod
339 1427 445 1454 humilis
459 1427 575 1454 Joannes
591 1427 718 1461 (habebat
730 1427 800 1453 enim
813 1434 918 1460 semper
932 1428 1042 1454 verbum

255 1473 324 1498 Istud
339 1474 364 1498 in
378 1474 436 1506 ore)
453 1472 531 1506 pallio
546 1472 650 1506 triginta
663 1480 709 1498 sex
725 1473 912 1499 numismatum
928 1477 1041 1506 legatur,

254 1523 281 1544 et
293 1517 388 1545 fratres
399 1517 497 1545 Christi
513 1518 610 1552 frigore
623 1517 768 1544 necentur?
784 1518 881 1550 Quanti
892 1524 952 1544 sunt
964 1519 1043 1546 modo

254 1564 299 1598 qui
314 1563 437 1591 dentibus
456 1564 569 1590 strident
585 1571 639 1598 pra:
652 1563 753 1598 glacie?
768 1564 859 1597 quanti
876 1569 938 1590 sunt
964 1564 1042 1590 modo

255 1608 298 1641 qui
311 1608 440 1642 psiathum
453 1608 511 1643 (55)
523 1608 651 1635 habentes
661 1609 754 1635 subtus
765 1608 914 1640 dimidium,
926 1612 954 1634 et
964 1616 1043 1642 supra

255 1651 404 1685 dimidium,
420 1657 446 1678 et
462 1659 513 1678 non
530 1656 641 1686 possunt
656 1652 799 1678 extendere
816 1653 896 1685 pedes
911 1660 984 1684 suos,
996 1652 1043 1679 sed

255 1696 390 1722 dormiunt
403 1701 432 1722 ut
445 1697 549 1729 glomus
559 1701 703 1724 trementes
717 1696 791 1730 (56)?
805 1697 901 1729 Quanti
914 1697 940 1723 in
954 1701 1044 1724 monte

255 1742 423 1768 dormierunt
438 1741 574 1772 incmnati,
596 1747 621 1768 et
638 1742 696 1768 sine
713 1742 831 1774 lucerna,
849 1742 976 1769 habentes
996 1743 1045 1768 du-

257 1786 351 1819 plicem
376 1787 523 1812 cruciatum
548 1789 600 1811 tam
616 1793 647 1812 ex
664 1785 762 1820 frigore
776 1794 854 1820 quam
879 1794 910 1812 cx
926 1786 1044 1820 jejunio?

255 1830 352 1863 Quanti
367 1830 518 1856 desiderant
528 1831 640 1856 saturari
655 1829 688 1856 de
701 1829 770 1856 foliis
781 1830 894 1861 olerum,
911 1838 969 1864 quae
982 1838 1045 1864 pru-

254 1876 384 1910 jiciunlur
408 1876 440 1902 de
464 1877 575 1909 coquina
601 1877 677 1902 mea?
701 1877 795 1909 Quanti
821 1877 920 1903 vellent
944 1878 1045 1911 tingere

254 1929 347 1955 panem
376 1929 453 1947 suutu
476 1922 501 1947 in
519 1925 620 1948 zemate
638 1921 694 1956 (57)
711 1921 780 1955 quod
806 1922 946 1955 projieiunt
966 1922 1043 1955 coqui

254 1967 324 1993 mei?
341 1967 436 1999 Quanti
452 1968 561 2000 cupitmt
584 1966 626 1993 vel
650 1966 762 1993 odorare
775 1968 876 1998 vinum,
891 1968 959 2000 quod
983 1967 1043 1992 futt-

254 2013 324 2038 ditur
341 2013 366 2038 in
382 2013 489 2039 cellario
505 2013 580 2039 meo?
596 2013 692 2045 Quanti
708 2018 768 2038 sunt
789 2012 814 2038 in
831 2013 937 2039 civitate
953 2013 1001 2039 ista
1016 2013 1043 2038 in

254 2057 303 2083 hac
318 2057 380 2082 hora
396 2057 539 2090 peregrini,
556 2065 607 2083 non
625 2057 752 2083 habentes
767 2057 809 2084 ubi
827 2058 1004 2090 hospitentur.
1017 2064 1042 2084 rt

254 2101 280 2127 in
296 2101 352 2128 foro
366 2102 466 2135 jacent,
482 2101 595 2128 fortasse
616 2107 642 2128 et
659 2102 744 2135 pluvia
761 2101 918 2128 madefacti?
934 2106 1041 2134 Quant-,

254 2151 343 2179 putas,
360 2146 458 2172 [tabent
483 2151 566 2172 totum
583 2154 716 2178 mensem,
734 2147 774 2173 vel
790 2148 867 2173 etiam
889 2148 964 2179 duos,
990 2155 1041 2174 nun

253 2196 392 2226 gustantes
415 2192 514 2218 oleum.
531 2192 626 2225 Quanti
643 2193 760 2226 suntqui
777 2200 828 2218 non
851 2193 948 2219 habent
975 2193 1041 2219 alie-

253 2243 310 2262 rutn
326 2235 513 2263 vestimentum
530 2237 555 2262 in
571 2241 673 2269 a‘state,
690 2241 717 2263 et
730 2237 841 2262 alterum
862 2237 887 2263 in
904 2238 1001 2269 hieme,
1016 2242 1042 2264 et

252 2283 288 2309 ita
305 2282 418 2309 miseriis
442 2283 612 2316 allliguntur?
627 2283 666 2308 'l‘u
689 2290 750 2309 vero
775 2287 937 2316 exspectans
961 2283 1040 2310 etiam
1058 2276 1082 2305 ι)

251 2332 378 2355 :eternam
391 2328 585 2362 jucunditatem
611 2328 726 2362 assequi,
743 2332 771 2354 et
797 2328 883 2354 viuum
901 2328 970 2355 bibis
984 2349 991 2360 ,
1018 2334 1045 2355 et

252 2374 338 2406 pisces
353 2374 484 2400 immanes
506 2373 628 2404 devoras,
645 2378 671 2399 et
686 2374 712 2399 in
734 2373 863 2400 cubiculis
879 2374 1043 2407 deinoraris,

253 2418 332 2444 modo
347 2423 435 2445 autern
451 2426 510 2445 eum
538 2419 661 2445 (uultibus
681 2419 759 2445 malis
787 2425 814 2446 et
829 2421 853 2446 in
879 2421 1045 2453 cuoltertorio

254 2462 361 2496 triginta
375 2471 421 2490 sex
438 2464 627 2490 numismatum
645 2469 670 2490 te
693 2464 834 2490 calefacis?
851 2464 985 2492 Veraciter
1009 2466 1044 2493 ita

254 2509 349 2534 vivens
360 2514 387 2535 et
400 2509 426 2535 in
442 2510 486 2535 tali
502 2510 635 2536 laxationc
648 2517 821 2541 conversaris,
837 2519 887 2537 non
902 2517 1043 2545 exspecta-

256 2554 296 2580 bis
311 2555 365 2581 illic
390 2557 543 2588 prtcraratis
558 2556 661 2590 gaudiis
690 2556 756 2588 frui,
772 2555 818 2582 sed
834 2557 926 2583 audies
953 2557 1044 2591 utique

253 2600 323 2632 quid
351 2605 378 2626 et
405 2601 480 2627 dives
505 2601 551 2628 ille
574 2602 674 2628 audivit
691 2601 779 2637 (Lucra
806 2605 862 2636 xvr)
885 2611 891 2628 :
911 2603 1043 2636 Recepisti

257 2648 331 2676 qona
379 2642 406 2670 in
442 2645 496 2672 vita
535 2650 603 2681 tua,
642 2654 771 2680 pauperes
787 2655 850 2674 vero
864 2648 947 2679 mala;
973 2656 1044 2675 nunc

253 2694 317 2719 Cib’U
330 2687 512 2720 consolantur,
529 2694 555 2715 lu
568 2697 630 2716 VL'IO
641 2692 776 2719 cruciaris.
790 2692 948 2719 Benedictus
962 2693 1043 2726 Deus,

255 2730 364 2758 ltutmlis
377 2732 495 2758 Joannes
513 2733 564 2758 alia
581 2739 657 2759 nocte
673 2742 724 2761 non
739 2742 908 2770 coopertetur
922 2737 977 2763 illo.
998 2738 1043 2764 Ju-

254 2782 323 2803 stum
338 2783 378 2804 est
395 2777 466 2803 enim
477 2798 484 2809 ,
508 2782 533 2804 et
549 2777 615 2804 bene
639 2786 774 2814 acceptum
791 2782 855 2814 Deo,
871 2787 897 2808 ut
923 2788 1043 2816 tegantur

252 2829 360 2849 centum
378 2824 465 2857 potius
480 2824 650 2858 quadraginta
662 2831 776 2859 quatuor
790 2828 885 2856 fratres
901 2833 928 2856 ct
941 2830 1041 2856 demitti

253 2874 306 2903 tut,
321 2876 399 2903 quam
417 2874 441 2896 tn
468 2870 568 2897 inii-lix.
595 2870 818 2900 Vcnnmlalmnlur
833 2875 903 2902 cnim
930 2880 1044 2909 quatuor

1095 972 1145 998 hoc
1159 971 1306 998 mercedem
1322 978 1373 996 non
1389 970 1518 996 tnodicatu
1534 969 1623 995 habet.
1639 967 1731 994 Altltiit
1746 972 1833 992 autem
1845 966 1878 991 ad

1094 1016 1277 1043 credulitatem
1292 1016 1363 1042 verbi
1375 1020 1402 1042 et
1416 1015 1594 1041 testimonium
1613 1021 1703 1045 verax,
1719 1013 1787 1046 quod
1807 1012 1878 1038 circa

1094 1067 1214 1090 sanctum
1231 1062 1406 1096 Epiphaniam
1422 1066 1448 1088 ct
1461 1061 1590 1087 Joannem
1605 1060 1661 1092 (GU)
1672 1060 1825 1093 cpisropum
1836 1057 1880 1084 Je-

1095 1108 1290 1143 rosolymorum
1316 1107 1413 1134 factum
1429 1111 1480 1138 est,
1495 1105 1629 1140 quomodo
1642 1109 1748 1131 sanctus
1766 1103 1880 1136 Epipha-

1095 1154 1154 1179 nius
1170 1160 1217 1186 per
1237 1156 1321 1179 artem
1344 1152 1402 1178 tulit
1416 1157 1554 1185 argentum
1572 1150 1739 1184 patriarchas,
1756 1149 1880 1175 videlicet

1094 1196 1205 1224 Joannis
1218 1196 1348 1230 ejusdem,
1359 1202 1384 1223 et
1399 1197 1474 1223 dedit
1483 1195 1630 1230 egentibus.

1129 1242 1185 1269 CAP
1203 1241 1273 1268 XXI.
1289 1256 1324 1262 —
1340 1241 1452 1276 Dignum
1467 1245 1493 1268 et
1506 1249 1650 1275 congruum
1667 1240 1793 1270 praedicto
1808 1240 1881 1272 capi-

1094 1287 1149 1314 tulo
1161 1288 1293 1315 referebat
1307 1288 1388 1314 semel
1399 1294 1487 1314 coram
1503 1287 1626 1314 omnibus
1639 1288 1688 1314 istc
1702 1291 1824 1316 sanctus,
1838 1285 1879 1310 di-

1094 1341 1175 1361 cens:
1193 1333 1336 1365 Habebam,
1354 1333 1447 1367 inquit,
1463 1333 1604 1366 quemdam
1616 1333 1767 1358 ministrum
1779 1333 1804 1357 in
1817 1338 1880 1364 apo-

1095 1379 1170 1406 theca
1182 1386 1239 1406 mea
1249 1380 1274 1406 in
1289 1378 1388 1413 Cypro,
1402 1378 1506 1406 fichem
1521 1379 1606 1411 valde,
1619 1383 1645 1405 et
1657 1377 1784 1411 virginem
1798 1383 1881 1409 usque

1094 1424 1127 1450 ad
1151 1424 1251 1450 obitum
1273 1432 1360 1451 suum.
1377 1424 1425 1451 llic
1449 1432 1512 1458 ergo
1536 1424 1660 1450 narrabat
1685 1423 1750 1450 mihi
1771 1423 1831 1455 quia
1854 1423 1880 1448 in

1096 1469 1180 1496 Africa
1196 1469 1327 1496 existente
1350 1478 1393 1496 me
1408 1470 1476 1496 facta
1502 1475 1542 1496 est
1558 1477 1600 1496 res
1617 1469 1768 1503 bujusmodi
1786 1478 1791 1495 :
1818 1469 1881 1495 Per-

1096 1515 1234 1541 manebam
1249 1515 1331 1547 enim,
1347 1515 1393 1546 ait,
1410 1522 1469 1541 cum
1486 1515 1600 1548 quodam
1628 1515 1783 1546 teloueario,
1797 1514 1882 1540 divite

1096 1559 1268 1586 Vehementer
1283 1565 1310 1586 et
1333 1561 1548 1588 immi.~ericordi.
1573 1562 1660 1588 Semel
1680 1568 1742 1595 ergo
1759 1563 1881 1594 pauperi-

1055 1595 1078 1625 (ἶ
1094 1604 1143 1632 bus
1158 1605 1183 1631 in
1200 1605 1286 1631 hieme
1301 1606 1454 1632 sedentibus
1468 1605 1500 1632 ad
1514 1605 1608 1637 sulem,
1625 1613 1705 1640 seque
1725 1604 1883 1633 calefacien-

1096 1650 1175 1683 tibus,
1193 1656 1329 1684 coaperunt
1343 1651 1438 1686 singuli
1449 1651 1544 1678 domos
1555 1651 1813 1685 eleetnosynatorum
1825 1651 1880 1676 col-

1095 1696 1213 1729 laudare,
1229 1702 1255 1723 et
1270 1705 1317 1731 pro
1331 1697 1370 1723 eis
1381 1704 1459 1723 orare
1474 1704 1521 1730 per
1535 1696 1653 1730 singulos
1667 1703 1771 1728 eorum,
1788 1696 1882 1722 simili-

1096 1747 1136 1769 ter
1146 1747 1173 1769 et
1181 1743 1274 1769 domos
1282 1744 1476 1778 eleemosynam
1492 1750 1544 1769 non
1555 1742 1707 1770 facientium
1718 1743 1881 1775 vituperare.

1095 1787 1166 1814 lnter
1181 1795 1238 1822 quae
1253 1789 1324 1814 venit
1339 1788 1366 1814 in
1382 1787 1497 1814 medium
1510 1795 1602 1814 eorum
1618 1793 1645 1814 et
1660 1795 1756 1814 nomen
1768 1789 1881 1815 senioris

1095 1833 1147 1859 mei
1175 1833 1333 1864 teinnearii,
1363 1837 1390 1859 et
1423 1838 1563 1866 creperum
1592 1833 1687 1866 singuli
1719 1833 1882 1866 interrogare

1096 1880 1244 1913 proximum
1260 1888 1266 1904 :
1286 1879 1353 1905 Vere
1379 1884 1415 1910 tu,
1434 1879 1527 1910 frater,
1543 1878 1668 1912 accepisti
1683 1878 1826 1912 aliquando
1848 1878 1882 1904 de

1095 1925 1174 1951 domo
1190 1924 1233 1949 ulla
1258 1924 1485 1951 benedictionem?
1502 1925 1533 1950 Et
1547 1924 1669 1951 omnibus
1695 1923 1881 1958 interroganti-

1096 1969 1143 1995 bus
1159 1969 1284 2000 invicem,
1299 1970 1387 1995 nullus
1403 1969 1526 1996 inventus
1537 1974 1578 1996 est
1591 1970 1726 2003 accepisse
1739 1968 1882 2002 aliquando

1094 2015 1128 2041 de
1143 2015 1221 2040 domo
1238 2015 1295 2047 ejus
1309 2015 1420 2048 aliquid.
1438 2015 1505 2041 Dicit
1525 2023 1588 2049 ergo
1603 2023 1670 2041 unus
1685 2022 1719 2041 ex
1732 2015 1771 2042 eis
1790 2023 1796 2040 :
1813 2014 1881 2047 Quid

1094 2059 1190 2086 dabitis
1205 2060 1280 2090 mihi,
1296 2065 1320 2086 et
1347 2067 1397 2094 ego
1424 2059 1552 2093 accipiam
1567 2060 1645 2087 hodie
1671 2067 1703 2086 ex
1720 2067 1752 2086 eo
1773 2059 1882 2086 benedi-

1094 2108 1225 2133 ctionem?
1249 2108 1280 2133 Et
1306 2107 1463 2133 facientihtts
1485 2115 1546 2133 cum
1573 2115 1605 2134 eo
1627 2113 1744 2140 pactum,
1770 2107 1841 2134 venit
1854 2112 1882 2134 et

1094 2158 1145 2178 δεδι
1160 2153 1224 2179 foris
1239 2158 1339 2186 portam
1364 2153 1468 2183 domus,
1485 2159 1642 2187 exspectans
1656 2153 1762 2185 quando
1775 2153 1808 2179 ad
1835 2153 1880 2178 do-

1093 2207 1164 2225 mum
1180 2206 1254 2224 suam
1269 2203 1458 2224 reverteretur.
1483 2199 1518 2224 Ex
1544 2199 1739 2232 dispensatione
1752 2198 1798 2224 Dei
1821 2205 1881 2230 per-

1096 2250 1225 2271 venerttnt
1240 2245 1328 2277 simul,
1347 2245 1403 2278 ipse
1425 2245 1576 2278 ingrediens
1599 2249 1712 2277 portam,
1737 2248 1764 2270 et
1784 2245 1883 2270 animal

1095 2297 1202 2325 portans
1216 2291 1334 2325 siligines
1356 2299 1369 2318 a
1387 2293 1518 2325 mancipio
1534 2292 1603 2326 ((il),
1620 2298 1698 2317 causa
1722 2290 1825 2324 prandii
1842 2291 1881 2323 ip-

1097 2337 1161 2362 sius.
1178 2335 1275 2362 Videns
1289 2336 1367 2370 igitur
1381 2344 1492 2370 egenum
1503 2356 1509 2367 ,
1534 2344 1585 2362 non
1602 2336 1740 2362 inveniens
1756 2335 1880 2368 lapidem.

1097 2388 1143 2414 per
1160 2383 1273 2408 lurorem
1297 2381 1389 2414 arripit
1403 2382 1532 2415 siliginem
1554 2382 1586 2407 de
1602 2381 1710 2412 clitclla,
1734 2385 1761 2406 et
1773 2380 1881 2413 jactavit

1096 2426 1122 2452 in
1135 2426 1229 2453 faciem
1245 2427 1312 2460 ejus.
1329 2427 1374 2453 Ille
1389 2435 1450 2453 vero
1465 2429 1581 2460 suscepit
1594 2434 1664 2458 eam,
1680 2433 1707 2452 et
1719 2426 1783 2452 abiit
1796 2430 1823 2450 ut
1838 2433 1884 2449 sa-

1096 2472 1232 2499 tisfaeeret
1244 2472 1423 2499 confratribns
1436 2474 1502 2506 suis,
1518 2473 1586 2506 quod
1600 2480 1631 2499 ex
1646 2473 1748 2499 eisdem
1759 2471 1881 2498 manibus

1096 2519 1244 2551 accepisset
1257 2527 1329 2545 eam.
1356 2519 1446 2553 Itaque
1462 2524 1520 2553 post
1535 2520 1602 2546 duos
1624 2519 1680 2545 dies
1690 2519 1827 2552 a‘grotavit
1842 2518 1883 2544 itt-

1097 2564 1221 2590 lirmitate
1231 2565 1262 2590 ad
1273 2569 1384 2591 mortem
1394 2565 1462 2592 idem
1476 2565 1646 2597 telonearius,
1656 2565 1758 2592 etvidit
1771 2565 1797 2591 in
1811 2571 1883 2590 sont-

1097 2608 1138 2634 nis
1162 2609 1278 2642 seipsum
1305 2609 1434 2636 rationem
1458 2616 1616 2644 ponentem,
1641 2615 1668 2637 et
1688 2617 1783 2636 omnes
1807 2613 1881 2635 artus

1095 2661 1157 2680 suos
1179 2662 1259 2688 super
1282 2659 1408 2681 stateram
1433 2655 1583 2688 appendere
1607 2664 1613 2680 :
1642 2655 1668 2681 in
1694 2662 1745 2681 una
1774 2654 1880 2687 quidem

1096 2699 1152 2725 acie
1170 2699 1226 2733 (6'2)
1250 2701 1478 2734 congregabantur
1503 2700 1583 2727 Mauri
1599 2700 1704 2734 quidatn
1728 2699 1880 2726 deformes.

1097 2743 1177 2768 altera
1193 2748 1281 2770 autem
1304 2745 1375 2770 acies
1390 2745 1501 2771 aliorum
1516 2745 1691 2779 quorumdam
1707 2748 1764 2771 erat
1788 2743 1881 2769 candi-

1096 2787 1217 2813 datorum
1234 2791 1260 2813 et
1272 2787 1431 2814 terribilium
1453 2789 1552 2822 specie.
1569 2789 1619 2821 Qui
1636 2788 1700 2814 nihil
1715 2787 1883 2814 invenientes

1096 2831 1156 2858 boni
1168 2852 1175 2864 ,
1189 2837 1215 2858 ut
1229 2837 1256 2858 et
1270 2833 1318 2866 ipsi
1334 2833 1515 2867 appenderent
1528 2838 1637 2860 econtra
1654 2833 1794 2860 adversum
1814 2830 1882 2857 mala

1096 2886 1176 2912 opera
1195 2886 1252 2912 qua:
1266 2879 1377 2905 collecta
1393 2884 1468 2906 erant
1487 2887 1501 2905 a
1518 2880 1614 2906 Mauris
1639 2881 1662 2906 in
1679 2879 1736 2906 acie
1751 2879 1882 2913 ipsorum.
