2074 3144
216 178 282 204 MSS

673 171 752 198 VITA
774 171 892 198 SANCTI
915 172 1053 198 JOANNIS
1074 173 1356 206 iiLl-IEMOSYNARH.

1768 186 1836 215 ιδῑι

217 231 294 257 ulmis
314 229 505 256 tribulabantur
529 233 555 255 et
570 228 750 259 tristabantur,
768 234 794 256 et
816 234 909 256 mente
932 236 995 255 con-
1013 228 1034 256 A
1049 229 1207 262 gvnlarittm,
1221 231 1367 264 quidamna
1381 233 1518 261 inciderat.
1535 235 1573 262 Ad
1591 237 1751 266 locutionem
1764 247 1830 268 νει-ο

217 275 405 302 sternebantur
429 273 461 299 ad
482 267 691 307 alterutrum,et
713 274 835 301 dicebant
857 274 948 308 :Ergo
967 281 999 300 ne

219 318 286 345 nihil
308 319 434 345 habemus
457 320 518 346 hic?
536 320 610 346 Tunc
633 321 698 347 dicit
712 329 780 347 unus
804 329 894 347 eorum
910 329 916 347 ε
932 321 1000 347 Vere

218 364 281 390 nihil
308 364 452 396 habemus,
479 364 529 390 nisi
554 372 630 390 unam
657 366 798 399 siliginem,
820 373 898 399 quam
926 366 1001 392 dedit

217 413 279 434 ante
294 408 361 435 duos
374 409 432 435 dies
446 409 560 441 Lhristo,
578 415 604 436 et
618 410 699 443 ipsam
714 418 764 436 non
780 411 940 437 voluntarie.
969 410 1000 436 Et

216 454 379 480 mittentibus
394 454 431 480 eis
455 455 598 487 siliginem,
615 456 752 488 aequalitas
767 456 834 483 facta
848 460 898 482 est.
925 456 1000 482 Tunc

216 498 305 524 dicunt
327 499 474 525 teloneario
499 499 525 525 hi
547 500 591 532 qui
610 507 650 533 ap:
663 504 787 526 aruerunt
803 500 825 526 ei
843 500 974 526 candidati
991 507 998 525 :

217 543 299 574 Vade,
315 548 422 576 etange
435 543 466 569 ad
494 544 624 576 siliginem
649 544 729 575 hanc,
752 552 811 570 nam
834 552 895 570 vere
918 543 1000 571 Mauri

217 588 260 614 isti
275 593 299 614 te
317 591 523 621 apprehendent.
541 589 647 621 Iijulans
659 597 732 623 ergo,
744 590 851 624 agnovit
864 598 924 623 qua:
946 591 999 616 visa

215 638 278 660 sunt
293 633 326 659 ab
342 641 375 660 eo
392 641 445 659 non
468 641 527 660 esse
543 635 688 666 mendacia,
705 636 751 661 sed
767 636 881 661 veracia.
907 635 1000 661 Omnia

218 685 282 704 vero
297 686 356 712 (tua;
380 687 394 704 a
415 678 556 713 juventnte
581 687 625 705 sua
649 681 828 712 commiserat,
844 685 870 706 et
889 687 999 713 quorum

217 730 273 755 ipse
287 728 343 748 erat
356 723 464 755 oblitus,
481 724 586 750 videbat
602 723 742 758 {Ethiopes
753 725 813 750 illos
828 732 999 759 congregare,

216 771 242 792 et
264 767 404 800 deportare
419 768 450 793 ad
469 769 570 800 librant,
587 773 613 794 et
636 769 761 795 dicebat:
790 769 860 795 Vave
885 769 954 803 ((55),
977 770 999 795 si

217 818 268 837 una
285 811 362 844 siligo
382 819 460 844 quam
483 812 578 845 jactavi
595 820 641 845 per
659 812 774 840 furorem
797 813 833 840 ita
855 813 963 846 profuit,
985 821 999 839 a

217 857 321 889 quantis
335 857 411 882 malis
433 864 461 882 se
476 857 570 884 liberat
595 858 638 891 qui
653 858 698 884 dat
722 859 746 884 in
769 858 940 891 simplii-itate
953 865 999 885 sua

1051 273 1216 301 venientibus
1238 276 1376 309 ambobus,
1402 277 1465 304 dicit
1483 279 1508 305 ei
1524 281 1641 308 noxarius
1663 291 1669 308 :
1685 283 1752 310 Audi
1771 292 1829 313 me.

1052 317 1132 348 Zoile.
1149 324 1174 345 et
1190 327 1247 346 eme
1261 329 1366 348 servum
1380 331 1470 354 unum.
1483 325 1544 358 quia
1557 325 1642 353 habeo
1655 331 1707 354 tam
1722 328 1832 360 bonum,

1052 362 1157 388 ntdieat
1176 363 1255 390 homo
1273 366 1342 398 quod
1365 369 1491 398 patricius
1506 369 1549 396 sit.
1568 371 1600 397 Et
1614 371 1723 399 audiens
1738 380 1833 407 argen-

1050 407 1131 432 tarius
1154 407 1222 440 quod
1234 415 1338 435 servum
1363 410 1481 444 haberet,
1498 413 1642 441 admiratus
1655 421 1706 448 est,
1724 422 1751 444 et
1769 418 1834 444 dicit

1051 450 1075 476 ei
1091 459 1096 475 :
1113 450 1198 477 Crede
1214 453 1289 484 mihi,
1303 454 1364 487 quia
1380 462 1431 481 non
1447 457 1570 489 possideo
1586 459 1656 485 unde
1670 467 1760 487 emere
1771 469 1834 495 pos—

1050 496 1110 522 sim.
1129 496 1194 522 Dicit
1214 497 1236 523 ei
1254 505 1358 524 rursum
1384 502 1523 528 notarius:
1540 504 1636 538 Accipe
1651 509 1785 538 mutuum,
1808 511 1834 534 et

1051 547 1110 565 emc
1126 547 1197 572 eum,
1214 543 1323 568 multum
1342 544 1412 570 enim
1427 552 1466 571 est
1482 545 1577 580 bonus,
1594 553 1621 575 et
1632 549 1772 577 benedicet
1787 551 1833 578 tibi

1052 584 1121 611 Dens
1137 594 1182 618 ιιι-ι·
1196 594 1266 612 cum.
1284 589 1423 622 Acquievit
1436 597 1499 623 ergo
1514 593 1548 623 ei,
1560 599 1587 618 et
1597 594 1660 620 emit
1672 602 1732 622 eum
1746 596 1833 622 sordi-

1051 629 1091 654 dis
1105 630 1222 656 vestibus
1236 631 1366 666 indutum,
1389 636 1591 663 numismatibus
1607 638 1722 671 triginta.
1744 640 1833 667 Relin-

1051 681 1135 706 quens
1150 680 1238 701 autem
1254 683 1312 702 eum
1326 680 1455 711 notarius,
1476 680 1539 706 abiit
1562 682 1833 718 Constantinopolim,

1051 719 1218 746 satisiaciens
1232 721 1302 754 quod
1318 722 1381 748 nulli
1398 723 1449 749 huc
1468 725 1660 758 manifestaret,
1675 732 1699 754 el
1721 729 1790 762 quod
1802 730 1834 756 de

1052 763 1137 795 pretio
1149 771 1313 797 nequaquam
1325 767 1375 792 sibi
1388 769 1526 796 retinendo
1537 770 1634 804 aliquid
1652 772 1832 805 defraudaret,

1050 807 1098 832 sed
1129 807 1179 833 hoc
1202 812 1283 835 totutn
1302 812 1460 844 pauperibus
1490 814 1575 841 daret.
1601 815 1671 849 Ergo
1695 817 1835 852 aliquando

1054 851 1124 877 idetn
1153 851 1246 879 Petrus
1269 855 1408 887 coquinam
1437 856 1551 884 faciebat
1575 859 1683 887 domino
1706 869 1765 894 suo,
1787 864 1835 889 ali-

219 902 286 929 bona
313 902 511 936 indigentibus?
537 903 568 930 Et
584 903 616 930 de
631 908 730 930 cra-tero
754 904 789 930 ita
815 905 948 932 modestus
972 910 998 932 et
1015 896 1154 930 B‘l“”"d0
1169 903 1256 924 amem
1280 898 1384 926 lambat
1409 907 1510 934 Ρέὶηνιο5
1535 903 1609 936 ειυς.
1634 912 1768 938 nunquam
1783 907 1833 933 ali-

218 947 332 981 prudens
348 952 426 982 atque
441 955 560 976 summus
571 950 782 984 elecmosynator
806 950 890 978 lactus
905 956 956 982 est,
969 956 998 978 ut

217 992 296 1018 etiam
312 992 417 1026 corpori
430 994 538 1027 proprio
550 1002 605 1021 non.
617 1000 746 1028 parceret.

252 1036 369 1072 Contigit
381 1039 452 1065 enim
469 1039 609 1073 aliquando
624 1041 768 1067 secundum
781 1040 998 1068 consuetudinem

219 1083 363 1116 procedere
385 1091 445 1110 eum
471 1085 586 1111 diluculo
609 1086 641 1112 ad
657 1086 801 1119 teloneum,
823 1091 849 1113 et
866 1087 951 1113 obviat
973 1087 997 1114 ei

219 1134 308 1162 nauta,
324 1131 366 1163 qui
381 1138 395 1156 a
411 1132 547 1165 naufragio
562 1133 647 1159 nudus
664 1138 691 1159 ut
711 1139 786 1160 natus
801 1139 840 1161 est
859 1140 996 1166 evaserat;

218 1178 244 1199 et
258 1173 354 1200 cecidit
375 1180 436 1201 ante
461 1183 531 1207 eum,
551 1185 648 1208 rogans
663 1183 691 1204 ut
720 1180 909 1212 protectioncm
929 1179 997 1213 apud

219 1225 277 1244 eum
293 1218 456 1252 impetraret.
470 1220 515 1246 Ille
529 1228 592 1255 ergo
608 1227 701 1255 putans
716 1223 787 1256 quod
802 1231 900 1257 egenus
912 1228 993 1255 esset.

219 1262 377 1294 cxspoliavit
398 1270 428 1290 se
452 1265 621 1297 esophorium
638 1267 692 1300 (tit)
715 1275 811 1299 suum,
836 1268 905 1302 quod
929 1268 998 1295 illius

219 1306 314 1332 melius
328 1313 399 1340 erat,
418 1313 445 1335 et
468 1310 513 1335 dat
527 1310 562 1340 ei,
578 1312 730 1345 rogavitque
747 1319 807 1338 eum
823 1317 851 1339 ut
872 1313 923 1339 ltoc
942 1314 998 1347 ipse

219 1352 370 1380 vestiretur.
399 1354 514 1388 Pergens
538 1362 601 1382 vero
623 1356 666 1382 ille
680 1362 707 1383 et
720 1359 879 1385 erubescens
904 1360 996 1386 vestiri

221 1396 282 1427 hoc.
298 1397 369 1423 dedit
386 1399 446 1425 illud
465 1400 592 1426 venditori
609 1405 637 1427 ιιι
651 1403 862 1430 venumdaretur.
879 1403 911 1429 Et
936 1412 996 1430 enim

220 1442 354 1468 recederet
366 1443 536 1476 telonearins,
553 1445 615 1472 vidit
631 1445 680 1471 hoc
690 1453 858 1478 suspensum,
870 1453 895 1474 et
909 1449 997 1475 trista-

220 1491 262 1513 tus
272 1493 312 1514 est
323 1489 508 1521 vehementer;
521 1494 547 1516 et
558 1491 704 1517 ascendens
715 1491 821 1518 domum
832 1500 917 1525 suam,
931 1494 996 1520 nihil

220 1539 311 1566 passus
335 1539 374 1560 est.
397 1539 519 1566 gustare;
541 1535 587 1561 sed
607 1535 733 1562 claudens
746 1537 843 1564 ostium
864 1538 996 1564 conclavis

219 1579 270 1608 sui,

220 1623 324 1655 dignus,
350 1624 442 1658 inquit,
461 1630 486 1652 ut
508 1627 559 1652 inci
582 1628 736 1653 memoriam
757 1628 867 1654 haberet
885 1635 995 1662 egenus.

219 1665 283 1692 Cum
307 1675 369 1701 ergo
392 1670 554 1702 anxiaretur,
579 1671 753 1703 obdormivit;
781 1676 808 1698 et
831 1679 893 1699 ecce
930 1673 998 1699 vidit

219 1711 358 1745 quemdam
386 1715 536 1747 speciosum
575 1720 697 1750 tanquam
735 1717 838 1749 sulem,
869 1717 996 1744 ferentem

218 1763 323 1785 crucem
340 1767 420 1793 super
433 1765 511 1793 caput
523 1768 598 1787 suum
611 1766 637 1787 ct
650 1763 829 1796 esopltorium,
840 1763 908 1796 qttod
919 1764 998 1790 dede-

219 1809 260 1829 rat
287 1809 393 1838 nautas,
425 1807 594 1834 assistentcm
615 1808 664 1835 sibi
686 1815 712 1835 ct
747 1810 877 1836 dicentem
903 1818 909 1835 :
931 1810 997 1842 Quid

220 1848 318 1881 ploras,
331 1850 436 1878 domine
450 1851 550 1879 Petro?
566 1854 621 1880 lloc
633 1854 702 1880 enim
719 1860 776 1880 erat
789 1856 812 1881 ei
829 1863 935 1882 nomen.
953 1856 999 1883 Ille

219 1901 282 1920 vero
297 1895 373 1926 dixit,
401 1901 428 1922 ut
448 1898 480 1923 ad
502 1898 582 1924 Deum
598 1899 736 1931 disputans
756 1907 763 1924 :
778 1899 856 1932 Quia,
871 1899 997 1933 Domine,

219 1945 250 1963 ex
266 1939 361 1971 quibus
386 1939 489 1972 largiris
504 1942 591 1972 nobis,
608 1942 700 1968 damus
715 1943 803 1973 alicui,
827 1947 854 1969 et
875 1943 899 1968 in
923 1949 998 1977 turpe

219 1981 319 2007 lucrum
337 1988 441 2009 vertunt
454 1985 623 2018 accipientes.
637 1986 711 2012 Tunc
724 1986 786 2014 dicit
799 1989 822 2013 ei
836 1996 841 2012 :
855 1987 998 2021 Cognoscis

219 2026 286 2052 hoc?
303 2026 335 2052 Et
356 2029 469 2055 ostendit
486 2030 510 2055 ei
526 2031 585 2062 quia
603 2031 708 2057 deintus
723 2033 836 2059 vestitus
850 2039 919 2061 esset
941 2035 998 2068 ejus

218 2071 368 2103 esopliorio.
392 2072 458 2099 Dicit
484 2074 507 2100 ei
523 2083 529 2100 :
548 2075 616 2102 Ecce
640 2083 689 2109 ego
707 2077 753 2103 illo
774 2080 880 2109 vcslior,
896 2087 927 2106 ex
946 2088 999 2114 quo

217 2115 310 2142 dedisti
327 2117 391 2143 mihi
408 2119 470 2149 hoc;
486 2124 512 2145 ct
526 2120 624 2152 gratias
639 2129 687 2154 ago
703 2122 828 2149 voluntati
845 2129 893 2150 tua:
906 2125 996 2158 boote,

217 2161 340 2194 quoniam
355 2161 453 2195 frigore
466 2164 613 2198 allligcbar,
628 2172 654 2192 et
669 2171 694 2192 tu
706 2169 865 2200 cooperuisti
885 2177 937 2195 me.
959 2170 997 2196 Ad

217 2213 246 2233 se
260 2215 322 2240 ergo
341 2215 474 2241 reversus,
490 2209 636 2237 admiratus
651 2216 700 2243 est,
715 2217 740 2238 et
755 2213 836 2246 coepit
848 2214 998 2241 beatiiicare

1050 941 1155 974 quando
1179 943 1204 968 in
1229 943 1346 976 quolibet
1370 944 1462 971 horum
1478 952 1610 973 assuetus.
1626 949 1724 976 Afﬂixit
1745 955 1832 978 autem

1049 986 1167 1020 seipsum
1183 992 1209 1013 et
1230 987 1331 1021 jejunio
1344 990 1434 1016 multo.
1450 991 1514 1017 Cum
1531 1000 1593 1019 vero
1608 993 1717 1021 vidisset
1739 1002 1768 1022 se
1788 996 1834 1023 be-

1051 1031 1138 1058 nedici
1163 1032 1287 1059 dominus
1302 1034 1359 1067 ejus
1384 1043 1464 1069 super
1485 1044 1590 1065 omnem
1610 1039 1829 1074 benedicuonem,

1048 1076 1113 1102 dicit
1129 1076 1165 1109 ei,
1184 1079 1377 1106 verecundatus
1392 1089 1527 1109 enormem
1542 1083 1601 1118 ejus
1615 1084 1739 1112 virtutem
1751 1092 1778 1113 et
1789 1087 1832 1114 hu-

1049 1123 1186 1150 militatem
1201 1132 1207 1150 :
1227 1125 1301 1157 Volo,
1319 1126 1425 1153 humilis
1440 1128 1526 1160 Petro,
1543 1129 1656 1156 liberare
1667 1134 1702 1163 te,
1717 1136 1744 1158 et
1755 1136 1782 1158 ut
1792 1133 1829 1159 sis

1048 1167 1081 1193 de
1097 1167 1197 1202 reliquo
1213 1168 1295 1196 frater
1309 1178 1394 1197 meus.
1409 1171 1456 1198 llle
1471 1180 1533 1199 vero
1545 1174 1639 1201 noluit.
1662 1175 1768 1203 Viderat
1783 1185 1831 1204 au—

1048 1217 1102 1240 tem
1124 1221 1184 1240 eum
1200 1213 1352 1248 frequenter
1366 1218 1482 1244 convicia
1500 1220 1633 1252 perferre,
1649 1225 1675 1247 et
1691 1223 1792 1254 percuti
1815 1231 1830 1249 a

1049 1261 1183 1287 conservis
1198 1261 1263 1288 suis.
1278 1262 1414 1289 Habebam.
1425 1269 1512 1291 autem
1527 1272 1586 1291 eum
1603 1271 1726 1300 tanquam
1737 1275 1830 1296 amen-

1050 1310 1111 1338 tcm,
1126 1307 1160 1333 ita
1176 1311 1205 1333 ut
1222 1311 1249 1334 et
1265 1315 1361 1335 nomen
1385 1309 1408 1335 ei
1426 1310 1591 1344 imponerent
1603 1312 1735 1339 Amentis.
1759 1314 1831 1347 Quo-

1050 1351 1203 1385 tiescunque
1227 1360 1291 1386 ergo
1317 1354 1480 1381 tribulabant
1504 1363 1563 1382 eum
1579 1358 1700 1384 conservi
1723 1359 1780 1392 sui,
1803 1365 1830 1387 et

1049 1396 1199 1423 dormiebat
1210 1397 1236 1423 in
1253 1398 1432 1431 tribulatione,
1447 1401 1590 1434 apparebat
1603 1403 1626 1428 ei
1643 1403 1686 1436 qui
1699 1403 1724 1430 in
1743 1403 1831 1431 Alrica

1049 1441 1087 1468 illi
1112 1449 1281 1476 apparuerat,
1306 1445 1417 1472 vestitus
1441 1447 1586 1479 esophorio
1601 1448 1669 1482 ejus,
1687 1453 1780 1476 tenens
1804 1455 1830 1476 et

1049 1485 1092 1511 illa
1107 1487 1211 1520 triginta
1235 1487 1402 1514 numismata.
1418 1489 1445 1515 in
1463 1497 1557 1522 manu,
1583 1491 1675 1519 dicens
1698 1495 1724 1520 ei
1741 1503 1748 1520 :
1771 1494 1830 1521 Noli

1049 1535 1158 1557 moestus
1180 1538 1249 1566 esse,
1275 1532 1353 1559 frater
1369 1534 1456 1565 Petre,
1472 1542 1521 1569 ego
1541 1537 1643 1570 suscepi
1667 1543 1694 1565 et
1717 1539 1829 1573 pretium

312 1576 427 1605 sedebat
456 1577 567 1613 plorans
590 1587 619 1610 et
654 1582 794 1614 cogimus:
813 1583 878 1615 Quia
896 1591 947 1609 ηοη
960 1585 994 1610 [ui
1009 1575 1032 1605 α
1049 1576 1096 1606 tui,
1112 1575 1157 1602 sed
1174 1581 1294 1603 sustenta
1311 1585 1392 1612 usqtte
1406 1579 1468 1605 dum
1483 1583 1660 1615 cognosceris.

1085 1631 1147 1658 Post
1161 1632 1266 1665 aliquod
1282 1640 1344 1659 vero
1368 1639 1482 1668 tempus,
1496 1641 1626 1663 venerunt
1639 1645 1653 1663 a
1676 1638 1757 1672 patria
1772 1640 1830 1674 ejus

1049 1676 1155 1710 quidam
1169 1679 1269 1709 argenti
1285 1679 1451 1712 venditores,
1467 1686 1494 1707 ut
1507 1688 1613 1709 orarent
1634 1684 1666 1709 ad
1692 1684 1748 1710 loca
1771 1693 1831 1712 san-

1049 1726 1105 1753 cta;
1116 1726 1142 1747 et
1155 1721 1276 1749 invitavit
1287 1731 1332 1750 eos
1344 1725 1375 1750 ad
1388 1726 1526 1758 prandium
1538 1727 1661 1755 dominus
1670 1729 1769 1756 domini
1783 1730 1831 1757 Pe-

1051 1766 1096 1798 tri;
1109 1771 1137 1793 et
1150 1774 1209 1794 cum
1224 1767 1395 1802 ministraret,
1410 1771 1496 1797 statim
1514 1772 1556 1798 ille
1571 1774 1693 1806 cognovit
1708 1783 1764 1803 eos.
1777 1776 1829 1809 ipsi

1049 1816 1136 1838 autem
1159 1812 1220 1839 dum
1244 1813 1416 1845 pranderrnt,
1435 1820 1571 1849 cmperunt
1594 1818 1731 1851 afligurare
1751 1827 1828 1849 eum,

1049 1860 1076 1881 et
1088 1857 1202 1883 invicem
1217 1857 1249 1883 ad
1263 1865 1339 1884 aures
1352 1859 1441 1885 dicere
1454 1868 1461 1886 :
1478 1861 1560 1892 Quam
1581 1861 1678 1888 similat
1693 1869 1758 1895 puer
1779 1863 1830 1889 iste

1049 1901 1156 1928 domino
1172 1902 1249 1929 Petro
1266 1903 1417 1930 teloncario.
1434 1905 1479 1931 Ille
1498 1913 1560 1932 vero
1572 1907 1728 1940 occultabat,
1744 1915 1828 1941 quan-

1050 1951 1104 1971 ttnn
1121 1951 1232 1979 poterat,
1247 1949 1345 1974 vultum
1367 1955 1455 1976 suum.
1473 1950 1569 1977 lterum
1586 1959 1649 1985 ergo
1663 1953 1827 1980 comedenti-

1049 1991 1098 2017 lius
1113 1993 1160 2023 eis,
1177 1999 1312 2025 cmperunt
1324 1994 1410 2020 dicere
1421 1995 1453 2020 ad
1466 2003 1524 2021 eum
1536 1996 1579 2030 qui
1595 2005 1639 2023 eos
1656 1997 1829 2026 invitaverat:

1051 2037 1118 2063 Vere
1133 2042 1264 2070 putamus,
1287 2046 1329 2066 res
1345 2040 1390 2066 tibi
1402 2048 1494 2074 magna
1510 2041 1607 2071 evenit.
1623 2042 1727 2069 domine
1741 2043 1828 2076 Zoile;

1050 2083 1158 2116 etenim,
1184 2084 1233 2110 nisi
1258 2092 1387 2116 erramus,
1405 2086 1533 2119 publicam
1550 2095 1687 2121 personam
1709 2089 1735 2115 in
1752 2090 1828 2117 inini-

1049 2128 1131 2154 sterio
1148 2133 1191 2154 tuo
1207 2129 1297 2156 habes.
1321 2130 1412 2162 Neque
1426 2131 1494 2158 cnitn
1512 2133 1630 2159 sciebant
1644 2134 1751 2167 certius,
1768 2135 1829 2168 quia

1049 2172 1149 2198 eratde
1163 2174 1275 2206 coquina
1290 2179 1315 2200 ct
1338 2174 1439 2209 jejunio
1453 2172 1633 2203 commutatus
1649 2178 1736 2205 vultus
1759 2180 1828 2212 ejus.

1050 2216 1098 2242 Din
1115 2217 1193 2251 igitur
1209 2219 1436 2246 considerantibus
1459 2228 1530 2253 eum,
1554 2222 1616 2248 dicit
1630 2230 1695 2249 unus
1715 2230 1745 2250 ex
1766 2225 1805 2250 eis
1821 2235 1827 2251 :

217 2259 314 2285 egenos
326 2257 352 2279 et
373 2253 482 2280 dicere:
500 2255 569 2280 Vivit
584 2255 719 2284 Dominus.
734 2258 755 2284 si
770 2258 861 2292 inopes
878 2259 997 2286 Christus
1010 2251 1036 2281 ι)
1052 2261 1118 2287 Vere
1132 2262 1254 2289 dominus
1280 2263 1372 2290 Petrus
1393 2269 1442 2295 est,
1466 2272 1571 2299 surgam
1594 2270 1620 2292 et
1641 2267 1736 2293 tenebo
1755 2275 1827 2294 eum.

163 2310 176 2332 ες
216 2303 293 2322 meus
308 2302 378 2328 sunt,
405 2305 455 2324 non
469 2299 580 2331 moriar,
596 2305 623 2326 et
643 2302 703 2327 tiam
725 2306 847 2336 tanquam
871 2312 940 2330 unus
963 2312 994 2331 ex

217 2348 266 2368 EIS.

250 2387 386 2414 Accersito
405 2396 468 2415 vero
484 2390 586 2416 notario
600 2398 659 2423 suo,
683 2399 761 2426 quem
775 2396 803 2419 et
817 2398 934 2424 emerat.
956 2394 997 2420 di-

216 2433 251 2458 cit
267 2434 291 2459 ci
307 2441 312 2458 :
326 2433 463 2460 Secretum
477 2435 538 2460 volu'
552 2436 661 2462 credere
677 2436 742 2468 tibi;
757 2441 782 2463 et
796 2438 885 2469 crede,
900 2438 922 2464 si
935 2446 995 2472 pro-

217 2479 345 2511 palaveris
359 2487 411 2511 me,
427 2480 545 2507 barbaris
558 2482 668 2508 vendam
682 2487 718 2514 te,
728 2488 772 2509 aut
782 2484 803 2510 si
817 2484 996 2518 non‘audieris

215 2529 269 2549 tne.
283 2523 331 2549 Dat
342 2532 403 2550 vero
411 2524 531 2552 eidecetn
546 2526 624 2552 libras
632 2528 731 2560 auri,et
745 2528 841 2554 dicitei
855 2537 861 2554 :
876 2529 958 2561 Vade,
971 2533 997 2556 et

216 2573 274 2592 etne
290 2567 333 2593 tibi
347 2570 496 2602 negotium;
511 2575 536 2596 et
558 2578 633 2598 sume
647 2579 698 2603 me,
715 2576 742 2598 et
762 2572 815 2599 duc
834 2574 859 2599 in
879 2579 996 2600 sanctam

216 2610 359 2643 civitatem,
383 2618 407 2639 ct
423 2614 507 2640 vende
525 2622 566 2640 me
589 2616 697 2642 cuilibet
711 2616 870 2649 Christiano,
887 2623 912 2644 et
939 2626 998 2652 pre-

217 2659 280 2685 tium
295 2660 326 2685 da
342 2661 507 2694 pauperibus.
524 2662 631 2689 Notario
645 2671 733 2691 autem
756 2662 908 2696 recusante,
931 2666 995 2693 dicit

216 2704 241 2729 ei
257 2705 349 2743 iterum
364 2715 370 2732 :
386 2707 513 2738 Quoniam
529 2708 549 2734 si
565 2717 607 2735 me
623 2717 674 2736 non
691 2711 853 2744 vendideris,
872 2719 921 2746 ego
933 2720 995 2739 ven-

216 2747 274 2774 dam
300 2752 327 2776 te
344 2751 474 2782 barbaris,
490 2756 518 2778 ut
533 2754 642 2786 praedixi
667 2755 722 2782 tibi.
743 2756 865 2783 Obedivit
887 2765 950 2792 ergo
970 2759 994 2784 ei

217 2792 349 2826 notarius;
365 2799 390 2820 rt
404 2797 617 2827 pervenientibus
631 2799 669 2825 eis
684 2800 717 2826 ad
732 2805 822 2827 sancta
839 2801 905 2833 loca,
917 2804 994 2830 inve-

218 2836 255 2861 nit
269 2836 335 2862 idem
350 2840 464 2866 notarius
478 2842 591 2868 amicum
607 2850 682 2870 suum
699 2845 816 2877 charum,
833 2846 934 2873 fabrum
953 2855 994 2874 ar-

1052 2306 1132 2333 Valde
1146 2307 1216 2333 enim
1232 2308 1374 2341 imperator
1384 2309 1504 2344 audiens,
1528 2310 1646 2336 tristatur
1665 2311 1698 2338 de
1711 2319 1752 2344 eo,
1768 2313 1828 2345 quia

1051 2351 1148 2377 dudum
1176 2359 1228 2378 non
1254 2354 1409 2385 comparuit.
1429 2353 1502 2379 Foris
1528 2354 1615 2387 itaque
1636 2359 1709 2381 stans
1730 2356 1828 2382 audivit

1051 2395 1121 2427 huic;
1137 2401 1162 2422 et
1179 2404 1280 2429 ponens
1294 2398 1408 2424 catinum
1423 2405 1437 2424 a
1453 2406 1492 2429 se,
1505 2406 1556 2424 non
1570 2403 1609 2425 est
1625 2399 1766 2432 ingressus,
1781 2401 1828 2426 sed

1051 2445 1124 2468 recto
1139 2449 1216 2468 Clll'Sll
1232 2444 1347 2468 cucurrit
1362 2443 1393 2468 ad
1410 2448 1521 2476 portam.
1547 2445 1610 2470 Erat
1631 2444 1718 2478 itaque
1738 2445 1762 2471 ei
1783 2448 1827 2479 qui

1050 2492 1109 2512 eum
1126 2490 1188 2513 tunc
1203 2487 1316 2513 habebat
1331 2488 1454 2514 ostiarius
1470 2492 1556 2514 mutus
1577 2493 1603 2515 et
1615 2491 1710 2515 surdus
1725 2497 1738 2515 a
1758 2490 1826 2516 nati-

1049 2531 1139 2562 vitate,
1155 2533 1198 2566 qui
1214 2540 1260 2566 per
1273 2538 1363 2568 nutum
1381 2538 1466 2560 tamen
1483 2534 1617 2567 aperiebat
1634 2539 1661 2561 et
1675 2535 1826 2564 claudebat.

1051 2577 1189 2611 Festinans
1197 2585 1260 2611 ergo
1274 2585 1366 2604 servus
1379 2578 1423 2604 Dei
1439 2579 1522 2611 exire,
1534 2579 1596 2605 dicit
1606 2579 1686 2605 surdo
1697 2583 1723 2606 et
1734 2585 1806 2606 muto
1819 2600 1826 2606 .

1049 2620 1106 2647 Tibi
1122 2621 1182 2648 dico
1196 2622 1221 2647 in
1237 2622 1340 2648 nomine
1356 2622 1465 2648 Christi.
1482 2623 1525 2649 Ille
1537 2630 1599 2649 vero
1609 2623 1712 2649 audivit
1725 2624 1825 2656 statim,

1048 2671 1075 2693 et
1087 2667 1155 2693 dixit
1168 2675 1174 2692 :
1188 2668 1282 2699 Etiam,
1298 2667 1414 2694 domine.
1439 2667 1533 2694 lterum
1551 2675 1613 2695 vero
1628 2668 1672 2695 ille
1692 2669 1724 2695 ad
1745 2677 1804 2696 eum
1817 2678 1826 2696 :

1048 2713 1137 2745 Aperi.
1155 2712 1300 2745 Respondit
1324 2717 1413 2739 mutus
1427 2717 1454 2739 et
1478 2713 1573 2739 surdus
1593 2713 1729 2740 secundo:
1751 2713 1824 2746 Ego,

1047 2758 1264 2785 domine.Statim
1274 2758 1467 2791 ergosurretit,
1479 2763 1504 2785 et
1515 2759 1616 2792 aperuit
1627 2759 1660 2784 ei.
1670 2758 1700 2784 Et
1711 2761 1825 2785 exeunte

1047 2811 1089 2833 eo,
1103 2804 1180 2830 subiit
1193 2804 1328 2835 ostiarius,
1344 2807 1370 2830 ct
1385 2804 1508 2830 clamavit
1522 2811 1610 2830 coram
1627 2802 1747 2829 omnibus
1757 2809 1824 2836 gau-

1047 2849 1112 2874 dtns
1137 2854 1161 2875 et
1185 2849 1328 2880 exsultans;
1346 2849 1404 2883 quia
1426 2849 1524 2875 audivit
1546 2853 1573 2874 et
1586 2848 1687 2875 locutus
1701 2851 1753 2879 est,
1771 2846 1824 2874 00·
