2074 3144
243 180 253 206 l
259 178 312 206 655

773 170 913 200 LEONTII
934 167 1164 197 NE.\I‘OLITANI
1183 165 1336 194 EPISCOPI

1803 163 1864 191 1556

250 237 331 266 mine,
354 233 472 260 Domine.
499 232 579 257 l‘orrn
592 230 713 256 omnibus
727 229 770 262 qui
795 238 819 253 tu
834 227 927 253 eadem
948 226 1027 251 domo
1040 227 1064 252 Λ
1079 223 1138 256 quia
1156 229 1239 256 usque
1254 222 1331 248 hodie
1347 221 1468 254 putabam
1482 219 1550 253 quod
1567 218 1605 245 vel
1622 217 1719 251 aliquid
1737 217 1861 248 facerem,

251 283 326 305 erant
339 275 496 311 perterritis,
507 275 630 308 quoniam
642 266 780 299 audiebant
793 279 852 297 eum
865 272 1027 304 loquentem,

250 324 345 350 iterum
358 322 421 347 dicit
435 320 478 347 ille
491 320 622 353 quondam
637 323 724 344 mutus
744 327 750 343 :
768 317 812 344 Ille
824 317 867 349 qtti
889 315 1028 348 coquinam

252 367 374 399 faciebat,
391 366 585 395 exiitcurrens,
602 364 646 390 sed
663 363 748 389 videte
762 370 794 388 ne
811 361 879 387 forte
893 361 951 394 iuga
974 360 1030 392 lap-

253 421 298 440 sus
313 412 357 444 sit,
372 418 482 444 magnus
496 411 566 436 enim
582 416 674 435 servus
688 408 732 434 Dei
749 412 798 433 est.
820 407 930 438 Quando
945 405 1023 430 disce-

251 457 341 488 debat,
357 455 423 481 dixit
445 454 508 481 mibi
533 461 539 479 ε
555 453 613 479 Tibi
629 453 687 478 dico
702 453 727 478 in
743 452 847 477 nomine
872 450 988 480 Domini;
1004 453 1030 475 et

253 510 315 528 mox
329 501 382 529 vidi
394 501 428 528 de
441 508 486 527 ore
501 501 558 535 ejus
572 503 710 526 exeuntem
725 498 867 526 ﬂammam,
884 501 910 522 et
921 500 1030 529 tangeri-

255 553 306 573 tem
320 554 397 574 aures
413 554 502 579 meas;
518 551 545 572 et
555 545 643 571 statim
655 543 753 575 audivi,
765 547 791 570 et
804 543 905 568 locuttts
916 548 984 566 smn.
998 540 1031 566 El.

255 591 414 619 cxsilientes
448 593 476 616 et
512 593 660 623 sequentes
708 597 767 616 eum
792 588 889 620 cuncti,
917 587 1029 612 nlleritts

255 645 306 662 nou
323 636 443 662 viderunt
468 643 538 662 eum.
560 634 634 660 Tunc
657 632 838 667 paenitentiam
854 638 946 657 omnes
968 637 1030 663 age-

255 681 325 711 bant,
341 680 385 714 qni
401 680 427 705 in
441 679 519 705 domo
535 679 577 704 illa
599 683 684 708 erant,
709 681 736 704 et
751 677 806 710 ipse
830 676 953 703 dominus
973 674 1031 709 ejus

255 726 298 759 qui
311 725 416 752 Petrum
426 727 537 757 emerat,
550 723 610 757 quia
625 723 651 749 in
665 723 710 749 tali
741 721 931 749 exhomrantia
947 720 1032 746 humi-

258 770 366 796 liassent
378 776 449 801 eum,
461 773 487 795 et
502 768 614 794 maxime
625 768 651 794 hi
662 775 706 801 qui
720 767 850 794 vocabant
860 774 920 793 eum
934 766 1033 792 Amen-

257 818 320 841 Iem.
447 810 450 811 ⁷

292 857 338 884 Hae
352 861 414 884 sunt
440 857 582 884 beatissimi
598 863 612 883 a
639 856 694 884 Deo
714 855 834 882 honorati
856 854 965 881 Joannis
988 861 1030 887 pa-

1079 267 1146 293 dalis
1159 275 1224 301 quas
1240 268 1338 293 ltnliere
1362 273 1468 299 possum
1491 264 1627 298 pecuniis;
1649 263 1800 289 nesciebant
1821 269 1863 288 an-

1080 315 1132 337 tem
1148 312 1216 345 quod
1233 316 1257 338 et
1270 312 1372 344 seipsos
1385 309 1540 340 venderent,
1555 308 1667 343 quadarn
1681 311 1865 342 compasstone

1080 357 1209 390 superati.

1115 412 1177 438 Car.
1194 411 1287 437 XXIII.
1307 427 1335 431 —
1353 410 1464 442 Semper
1484 408 1761 444 quidem_honorabat
1775 414 1866 434 mona-

1080 455 1185 482 chicum
1201 455 1307 482 schema
1322 460 1430 481 sanctus
1447 455 1498 485 hic,
1519 459 1545 480 et
1560 452 1663 479 colebat
1683 456 1710 479 et
1723 452 1869 485 compatie-

1081 501 1167 532 batur,
1182 501 1225 527 ubi
1242 502 1356 527 maxime
1371 500 1515 533 aspiciebat
1543 498 1701 524 monachum
1717 495 1862 531 corporali-

1081 545 1129 572 bus
1144 545 1303 571 utilitatibus
1319 549 1498 577 angnstatnm.
1524 543 1644 570 Habebat
1658 547 1745 568 autem
1769 545 1797 568 et
1818 540 1869 567 hoc

1081 597 1162 624 super
1177 592 1273 617 multos
1299 590 1470 623 prwcipunm,
1499 589 1558 623 quia
1580 587 1775 614 accusationem
1803 593 1869 618 qua-

1082 635 1260 669 lemcumque,
1276 635 1333 660 sive
1348 634 1514 665 mendacem,
1530 633 1587 658 sive
1601 639 1737 662 veracem,
1754 638 1806 656 non
1827 637 1872 655 sn—

1081 680 1209 714 scipiebat
1223 683 1316 705 contra
1338 678 1453 711 aliquem
1467 677 1695 703 circumamictum
1713 674 1872 701 monachico

1082 724 1186 751 habitu.
1200 724 1287 750 Semel
1302 723 1373 750 enim
1390 723 1480 750 evenit
1503 729 1535 749 ex
1557 721 1721 748 immissione
1744 727 1872 753 quorum-

1082 770 1143 796 dam
1175 770 1387 799 criminatorunt,
1412 768 1554 802 pertulisse
1589 773 1648 793 eum
1674 765 1772 799 aliqttid
1796 764 1872 790 tale:

1082 813 1200 847 Quodam
1216 812 1346 839 monacho
1356 817 1466 846 gyrante
1479 811 1504 838 in
1523 810 1632 837 civitate
1645 817 1706 836 cum
1722 809 1807 843 puclla
1821 815 1873 834 una

1082 859 1233 892 iuvencula,
1248 862 1275 885 et
1291 862 1395 892 petente
1410 858 1607 891 eleemosynam
1624 863 1670 890 per
1681 855 1737 881 dies
1748 855 1849 888 aliquot
1860 874 1867 883 .

257 902 379 929 triarchaa
401 903 575 929 narrationes.
590 901 647 928 Non
667 901 752 928 solum
775 901 845 927 enim
867 899 900 926 de
914 899 966 926 vita
987 906 1034 925 sua
1051 896 1192 938 Bquidam
1221 903 1265 937 qui
1290 903 1340 929 hoc
1365 902 1506 933 videram,
1532 900 1716 932 scandalum,
1743 900 1874 927 ειειίειί-

257 952 395 974 contentus
409 952 466 975 erat
481 948 612 974 volentem
628 947 755 980 prolicere
779 946 921 977 atdilicare,
942 941 1034 972 verum

256 993 335 1020 etiam
348 993 381 1019 de
395 992 449 1019 Deo
461 993 575 1026 acceptis
588 996 615 1018 et
632 990 771 1018 veracibus
784 990 954 1017 relationibus
969 991 1035 1018 suis.

256 1042 283 1065 et
296 1037 399 1064 dicebat
413 1044 517 1070 semper
529 1037 586 1063 haec
599 1035 766 1064 audientibus
781 1045 787 1061 :
804 1035 832 1063 Si
851 1035 958 1069 proprio
973 1041 1036 1061 san-

256 1082 328 1116 guini
343 1090 394 1109 non
415 1086 590 1116 pepercerunt
613 1081 718 1115 quidam
737 1081 882 1112 hominum,
904 1080 949 1106 sed
968 1079 1038 1106 hunc

258 1127 389 1154 dederunt
413 1128 437 1153 in
461 1134 555 1153 manus
568 1125 690 1158 fratrum,
716 1127 769 1152 imo
781 1123 1038 1158 Christi,quomodo

259 1176 334 1206 putas
350 1178 399 1198 nos
417 1179 476 1198 cum
491 1171 626 1198 alacritate
640 1175 667 1197 et
689 1170 836 1197 humilitate
857 1170 983 1196 debemus
1005 1168 1038 1195 de

259 1216 423 1243 facultatibus
436 1217 532 1243 uestris
547 1215 610 1242 dare
621 1215 726 1242 Christo
738 1220 765 1242 et
777 1215 868 1249 egenis
881 1219 960 1248 atque
974 1221 1039 1247 pau-

259 1261 375 1294 peribus,
391 1266 417 1288 ut
431 1261 700 1294 recompensalionem
716 1261 907 1293 recipiamusra
925 1260 997 1292 justo
1012 1264 1038 1285 et

259 1305 410 1332 mercedum
423 1304 557 1332 redditore
571 1305 634 1336 Deo,
646 1306 671 1331 in
683 1305 725 1331 illa
737 1304 851 1331 timenda
866 1309 893 1330 et
905 1303 1037 1330 horrenda

259 1349 436 1377 retributionis
463 1350 522 1377 die?
543 1351 592 1382 Qui
621 1357 690 1377 nunc
711 1350 824 1376 seminat
847 1356 937 1383 parce,
960 1356 1038 1382 parce

260 1400 285 1422 et
304 1401 396 1428 metet;
411 1401 437 1422 et
450 1397 494 1429 qui
509 1397 621 1423 seminat
636 1397 661 1423 in
687 1395 922 1426 benedictionibus,
943 1394 968 1421 id
986 1399 1038 1426 est,

260 1440 331 1474 large
343 1444 370 1467 et
380 1441 590 1474 magnanimiter,
603 1441 782 1474 multipliciter
794 1445 820 1467 et
831 1444 911 1466 metet
923 1439 964 1473 (Il
979 1438 1037 1466 Cor.

259 1486 316 1517 Ix);
332 1485 381 1512 hoc
394 1489 444 1517 est,
460 1485 528 1512 bona
542 1485 585 1512 illa
600 1485 765 1512 hmreditabit
776 1492 835 1519 qua
847 1491 952 1511 omnem
965 1491 1040 1511 men-

261 1533 312 1556 tem
325 1531 521 1556 transcendunt.

1086 953 1189 975 mantes
1201 947 1270 982 quod
1285 948 1380 974 mulier
1391 947 1449 981 ejus
1464 951 1546 978 esset,
1558 947 1703 973 attulerunt
1715 945 1873 979 patriarchae

1086 997 1177 1019 contra
1193 1000 1253 1019 eum
1269 993 1404 1025 querelas,
1419 991 1539 1018 dicentes
1552 999 1558 1016 :
1574 990 1685 1024 Propter
1699 989 1773 1024 quid,
1789 997 1803 1016 a
1819 989 1874 1016 Deo

1086 1038 1227 1069 honorate,
1252 1037 1364 1070 derogat
1388 1036 1448 1062 talis
1475 1035 1601 1069 angelica:
1625 1035 1787 1061 monachica
1813 1033 1874 1060 vita

1088 1082 1226 1114 schemati,
1244 1082 1357 1115 puellam
1373 1080 1512 1115 quamdam
1528 1080 1629 1106 habens
1643 1079 1800 1106 mulierem?
1813 1078 1872 1105 Mox

1085 1134 1150 1162 ergo
1164 1126 1210 1153 Dei
1234 1126 1359 1157 famulus,
1385 1131 1481 1158 putans
1505 1125 1648 1159 prohibere.
1673 1129 1766 1151 contra
1793 1123 1874 1150 Deum

1087 1172 1227 1198 commissa
1242 1174 1360 1203 peccata,
1375 1175 1498 1204 tanquam
1511 1170 1555 1202 qui
1570 1170 1602 1195 ad
1619 1169 1670 1196 hoc
1693 1169 1726 1195 ab
1746 1176 1780 1196 eo
1800 1174 1874 1195 esset

1087 1220 1241 1250 provectus,
1258 1216 1387 1249 praecepit
1401 1215 1540 1242 mulierem
1555 1215 1660 1249 quidem
1673 1214 1782 1248 ﬂagellis
1797 1214 1873 1244 czedi,

1087 1266 1114 1286 et
1128 1260 1245 1293 separari
1260 1259 1293 1286 ab
1305 1267 1354 1292 eo;
1370 1260 1456 1293 ipsum
1470 1265 1555 1287 autem
1567 1260 1714 1291 verberari,
1728 1264 1755 1286 et
1771 1259 1796 1286 in
1810 1266 1867 1286 car-

1086 1311 1150 1332 cere
1164 1309 1269 1332 secreto
1284 1304 1395 1331 recludi.
1414 1305 1480 1331 Dum
1496 1312 1559 1338 ergo
1574 1312 1633 1332 cum
1649 1305 1720 1331 omni
1735 1305 1873 1331 celeritate

1086 1351 1172 1387 iussio
1195 1353 1279 1379 sancti
1295 1351 1320 1378 in
1336 1359 1402 1386 opus
1427 1352 1592 1386 procederet,
1616 1352 1738 1385 apparuit
1759 1351 1783 1378 ei
1799 1356 1875 1377 nocte

1089 1405 1137 1432 per
1148 1398 1232 1425 visum
1244 1397 1400 1430 monachus,
1415 1398 1558 1424 ostendens
1568 1397 1592 1424 ei
1607 1397 1715 1423 dorsum
1731 1404 1808 1423 suum
1821 1403 1871 1429 pu-

1091 1442 1231 1469 trelactum
1246 1442 1311 1476 (non
1330 1447 1470 1476 parcentes
1491 1443 1561 1469 enim
1577 1442 1726 1469 ceciderant
1746 1449 1806 1468 cum
1824 1441 1874 1468 Ec-

1090 1487 1181 1514 clesiae
1193 1487 1358 1522 defensores)
1371 1486 1465 1514 dicens
1479 1487 1503 1514 ei
1521 1496 1527 1513 :
1543 1486 1580 1513 Ita
1599 1487 1684 1520 placet
1695 1486 1752 1517 tibi,
1767 1486 1876 1512 domine

1092 1532 1257 1565 patriarcha;
1276 1532 1326 1558 hac
1354 1539 1404 1558 una
1434 1532 1491 1559 vice
1521 1531 1613 1558 errasti
1631 1536 1659 1558 ut
1680 1531 1775 1563 homo;
1798 1530 1877 1557 crede

296 1573 359 1599 CAP.
374 1573 454 1600 XXII.
471 1588 505 1594 —-
518 1574 644 1601 Omnibus
656 1581 719 1608 ergo
743 1574 823 1601 rectis
847 1574 963 1600 moribus
989 1574 1040 1601 iste
1053 1570 1075 1601 C
1091 1576 1166 1609 mihi,
1181 1578 1241 1611 quia
1256 1577 1289 1603 de
1309 1577 1432 1611 proximo
1445 1581 1486 1604 est
1507 1577 1559 1602 vita
1573 1581 1600 1603 et
1614 1584 1696 1602 mors.
1721 1576 1753 1602 Et
1768 1577 1824 1601 base
1838 1575 1877 1601 di-

261 1623 368 1643 sanctus
380 1617 533 1650 adornatus,
548 1626 597 1644 nec
617 1618 666 1645 hoc
679 1619 801 1649 carebat;
818 1618 894 1645 valde
911 1619 982 1645 enim
997 1618 1041 1644 di-

263 1662 358 1695 ligebat
378 1663 464 1696 eloqui
487 1663 520 1689 de
533 1663 633 1690 actibus
653 1669 802 1690 sanctorum
824 1664 940 1695 Palrum,
957 1668 984 1690 et
996 1672 1042 1690 eth

262 1715 319 1734 rutn
344 1709 387 1741 qui
411 1709 590 1743 eleemosyme
613 1710 729 1736 cultores
746 1711 860 1737 luerunt.
885 1710 960 1738 Unde
981 1717 1041 1737 cum

262 1760 312 1778 una
325 1752 427 1780 dierum
443 1755 566 1780 recitaret
579 1754 612 1781 de
627 1755 680 1780 vita
703 1756 786 1782 sancti
810 1755 972 1788 Serapionis,
996 1756 1041 1789 qui

262 1799 403 1824 vocabatur
417 1797 569 1831 Sindonius,
594 1804 621 1825 et
640 1799 770 1826 inveniret
792 1808 851 1827 cum
881 1801 921 1834 (ut
948 1800 1041 1835 fertur)

261 1844 384 1870 amictum
400 1851 474 1870 suum
493 1843 599 1870 dedisse
612 1851 696 1878 egeno
710 1844 838 1879 (Pallad.,
854 1854 911 1880 cap.
935 1844 994 1879 85),
1017 1849 1044 1872 et

262 1889 356 1915 itertttn
369 1888 502 1921 paululum
515 1890 676 1922 processisse
694 1889 776 1921 illinc,
791 1895 818 1917 et
839 1891 920 1924 frigus
933 1891 1042 1925 patienti

262 1933 394 1963 obviasse.
419 1938 446 1961 et
469 1934 506 1960 illi
528 1935 642 1961 tunicam
664 1936 815 1968 praebuisse,
833 1942 858 1964 et
873 1937 933 1970 quia
959 1937 1043 1963 nudus

261 1979 379 2010 sedebat,
397 1985 489 2006 tenens
502 1986 622 2007 sanctum
646 1981 832 2015 Evangelium;
847 1989 871 2009 et
893 1983 1043 2016 interroga-

264 2028 305 2050 tus
321 2032 334 2049 ιι
350 2025 462 2057 quodam
478 2033 485 2051 :
506 2025 570 2057 Quis
594 2029 620 2052 te
641 2027 807 2059 exspoliavit,
821 2027 905 2054 abba?
933 2027 1044 2054 demon-

263 2073 352 2095 strans
364 2075 483 2096 sanctum
499 2070 681 2105 Evangelium,
701 2073 738 2098 ait
753 2081 758 2097 :
780 2072 850 2104 Iste;
870 2077 899 2099 et
912 2073 963 2099 alio
977 2078 1044 2099 tem-

264 2122 328 2148 pore
339 2115 388 2141 hoc
414 2115 499 2148 ipsum
516 2115 686 2149 Evangeliunt
701 2117 864 2150 vendidisse,
887 2122 914 2144 ct
935 2117 1042 2145 dedisse

264 2157 470 2191 cleemosynam,
485 2162 512 2184 et
526 2158 655 2192 discipulo
665 2167 714 2186 suo
724 2160 829 2187 dicente
841 2169 847 2186 :
861 2161 945 2193 Abba,
961 2162 1046 2188 Evan-

264 2200 360 2234 gelium
373 2201 417 2228 ubi
429 2201 487 2228 est?
502 2206 528 2229 et
552 2202 596 2230 illo
611 2202 715 2230 dicente
735 2204 768 2231 ad
786 2212 846 2232 eum
864 2214 869 2230 :
886 2204 982 2238 Crede,
997 2205 1044 2240 Illi,

1091 1628 1165 1654 cens,
1180 1621 1305 1647 discessit
1317 1621 1352 1648 ab
1364 1628 1406 1648 eo.
1427 1621 1502 1648 Mane
1516 1626 1604 1647 autem
1623 1620 1704 1651 l'aeto,
1722 1619 1876 1646 recordatus

1091 1671 1132 1694 est
1146 1667 1192 1694 ille
1209 1667 1303 1694 beatus
1330 1667 1441 1694 visionis
1455 1671 1602 1698 nocturnae,
1628 1671 1654 1693 et
1669 1666 1777 1692 sedebat
1800 1673 1878 1698 super

1092 1711 1188 1738 lectum
1203 1719 1280 1738 suum
1294 1715 1422 1743 mmstus;
1438 1711 1572 1744 mittitque
1587 1711 1687 1741 statim,
1704 1716 1730 1736 et
1750 1714 1877 1736 convocat

1092 1763 1139 1790 per
1151 1757 1339 1783 cancellarium
1355 1763 1432 1783 suum
1447 1758 1606 1782 monachum
1631 1755 1665 1782 de
1694 1756 1751 1782 loco
1773 1754 1798 1781 in
1826 1761 1877 1788 quo

1092 1806 1150 1829 erat
1161 1802 1290 1834 reclusus,
1304 1803 1424 1836 cogitans
1439 1802 1507 1828 intra
1522 1809 1552 1828 se
1567 1802 1660 1827 beatus
1672 1801 1716 1827 ille
1730 1799 1876 1832 patriarcha

1092 1848 1113 1874 si
1129 1847 1222 1873 similis
1238 1852 1310 1874 esset
1327 1847 1365 1873 illi
1389 1847 1434 1881 qui
1450 1851 1526 1873 nocte
1548 1847 1598 1872 sibi
1621 1851 1789 1879 apparuerat.
1811 1844 1876 1870 Cum

1094 1899 1159 1925 ergo
1183 1891 1301 1918 venisset
1324 1898 1384 1918 cum
1410 1891 1499 1918 labore
1522 1890 1605 1917 multo
1624 1892 1722 1924 (neque
1735 1890 1803 1916 enim
1819 1896 1877 1922 pr..—

1093 1943 1152 1972 ptcr
1167 1937 1257 1971 plagas
1269 1938 1369 1964 moveri
1384 1938 1509 1971 poterat),
1525 1944 1637 1970 cumque
1651 1937 1751 1962 vultum
1764 1935 1820 1968 ejus
1836 1936 1874 1959 vi-

1093 1983 1177 2009 disset
1189 1983 1348 2016 patriarcha,
1365 1983 1493 2009 remansit
1507 1982 1566 2008 sine
1582 1988 1645 2008 voce
1668 1982 1806 2010 immotus,
1824 1987 1874 2004 nun

1094 2027 1187 2053 valens
1199 2026 1270 2061 loqui
1286 2035 1291 2052 :
1307 2027 1363 2054 sola
1376 2031 1464 2053 autem
1475 2034 1554 2054 manu
1569 2032 1615 2052 sua
1631 2026 1715 2051 innuit
1732 2031 1759 2051 ut
1774 2025 1878 2051 sederet

1097 2079 1180 2106 prope
1193 2079 1221 2098 se
1234 2072 1260 2098 in
1274 2072 1371 2099 lectulo
1384 2079 1442 2099 suo.
1459 2071 1488 2099 In
1510 2071 1681 2104 semetipsum
1703 2078 1767 2096 vero
1790 2077 1878 2095 rever-

1096 2123 1142 2143 sus
1157 2121 1181 2143 el
1195 2117 1323 2149 signatus,
1340 2117 1441 2150 rogavit
1457 2116 1626 2147 monachum,
1645 2115 1816 2149 prmcinctum
1829 2115 1878 2140 tin-

1097 2167 1153 2196 teo,
1169 2168 1196 2189 ιιι
1209 2164 1267 2190 sine
1280 2163 1439 2190 verecundia
1453 2162 1613 2196 despoliaret
1631 2169 1672 2192 se,
1688 2165 1818 2194 quatenus
1839 2159 1878 2185 vi-

1101 2208 1178 2235 deret
1192 2208 1301 2234 dorsum
1320 2207 1389 2241 ejus,
1412 2208 1435 2234 si
1459 2207 1496 2234 ita
1519 2211 1590 2234 esset
1611 2206 1678 2232 sicut
1700 2210 1725 2232 et
1738 2206 1763 2231 in
1778 2206 1879 2231 somnis

265 2246 308 2281 qui
321 2245 388 2273 dixit
406 2247 470 2273 mihi
487 2255 499 2280 ε,
509 2247 600 2275 Vende
622 2256 681 2282 qua:
695 2249 787 2281 habes,
802 2254 828 2276 et
839 2249 872 2276 da
888 2251 1045 2284 pauperibus
1058 2249 1084 2279 D
1098 2253 1210 2280 viderat.
1228 2253 1275 2279 Vix
1291 2260 1354 2287 ergo
1365 2260 1458 2280 suasus
1469 2257 1498 2280 ut
1513 2253 1539 2279 id
1553 2256 1652 2286 ageret,
1667 2251 1823 2284 despoliavit
1837 2258 1877 2277 se.

266 2290 372 2327 (Matth.
384 2292 454 2325 xm),
469 2291 554 2325 ipsum
570 2293 677 2320 vendidi
690 2298 718 2320 et
738 2294 798 2320 dedi
811 2295 859 2327 eis,
872 2300 900 2321 ut
912 2295 938 2321 in
951 2295 993 2322 die
1005 2296 1047 2329 ju-

265 2336 328 2363 dicii
341 2336 485 2363 habeamus
497 2336 620 2363 ﬁduciam
633 2337 851 2365 abundantiorem
864 2339 933 2372 apud
946 2339 1027 2366 Deum
1038 2348 1046 2371 ;

267 2387 293 2410 et
305 2382 364 2416 quia
379 2383 444 2409 alias
460 2384 554 2409 iterum
568 2383 646 2410 vidua
661 2384 755 2411 mulier
775 2384 882 2418 petisset
901 2385 934 2411 ab
952 2383 1046 2411 eodem

266 2432 357 2454 sancto
377 2427 522 2460 Serapione
535 2428 740 2462 eleemosynam,
756 2429 880 2461 quoniam
895 2429 1048 2456 esuriebant

269 2471 313 2497 lilii
329 2471 395 2504 eius,
409 2476 437 2498 et
449 2480 501 2498 non
516 2472 631 2500 habente
645 2480 677 2500 eo
688 2473 786 2507 aliquid
799 2475 918 2506 omnino,
940 2474 1047 2501 tradidit

269 2521 299 2540 se
311 2515 346 2547 ei,
368 2519 394 2541 ut
418 2517 543 2544 venderet
556 2525 616 2544 eum
630 2517 664 2544 ad
689 2519 784 2545 mimos
798 2519 917 2551 Graecos,
932 2526 998 2554 quos
1020 2524 1048 2547 et

270 2559 435 2587 Christianos
449 2562 510 2589 iecit
522 2563 548 2588 in
566 2563 654 2597 paucis
669 2565 772 2592 diebus.

306 2605 366 2631 llaze
381 2606 469 2639 legens
489 2613 595 2635 sanctus
608 2610 641 2636 de
654 2615 746 2637 sancte
761 2611 916 2644 Serapione,
932 2612 1048 2645 stupefa-

270 2654 330 2677 ctus
345 2655 370 2677 et
384 2651 492 2678 miratus
504 2655 585 2679 sancti
600 2655 766 2687 industriam,
779 2661 849 2682 totus
865 2657 986 2690 lacrymis
1008 2657 1048 2682 in-

272 2695 354 2722 lectus
365 2696 466 2723 vocavit
479 2703 571 2723 omnes
583 2698 777 2732 dispensatores
792 2700 923 2734 proprios,
946 2702 1006 2733 legit
1023 2705 1050 2727 et

274 2739 313 2766 eis
325 2741 412 2767 omnia
428 2740 460 2767 dc
482 2745 574 2767 sancto
600 2743 756 2776 Serapione,
782 2749 809 2771 et
832 2745 895 2771 dicit
919 2745 951 2771 ad
979 2752 1048 2771 eos:

275 2783 363 2817 Vatiae,
379 2793 395 2811 υ
421 2785 596 2819 philochristi,
624 2787 684 2818 quid
714 2790 818 2821 prodest
846 2789 944 2816 homini
969 2790 1050 2816 collo-

273 2833 362 2867 quenti
373 2832 406 2861 de
420 2833 521 2860 actibus
536 2838 684 2860 sanctorum
706 2835 830 2863 I'utrutn'!
849 2836 955 2864 Credite
972 2836 1048 2868 mihi,

1098 2298 1165 2325 Cum
1182 2305 1245 2324 vero
1256 2297 1448 2330 despoliaretur
1463 2301 1492 2323 ut
1505 2300 1665 2324 monstraret
1678 2295 1788 2322 dorsum
1801 2301 1877 2320 suum

1098 2344 1156 2369 viro
1171 2347 1285 2376 saneto,
1323 2348 1372 2376 per
1422 2341 1613 2368 admirandum
1652 2341 1699 2368 Dei
1738 2340 1876 2366 consilium

1098 2387 1200 2414 solutus
1212 2392 1253 2414 est
1265 2393 1318 2420 quo
1341 2390 1398 2412 erat
1412 2385 1517 2412 indutus
1544 2387 1667 2417 amictus,
1694 2389 1721 2411 et
1744 2383 1838 2410 cecidit
1852 2384 1877 2409 itt

1099 2435 1209 2462 terram,
1224 2434 1252 2457 et
1278 2430 1404 2456 viderunt
1430 2437 1489 2456 etim
1514 2436 1607 2455 omnes
1632 2435 1691 2454 esSe
1718 2427 1878 2455 eunuchum.

1099 2475 1151 2503 Sed
1169 2476 1229 2509 quia
1244 2482 1338 2502 recens
1357 2479 1424 2506 erat,
1453 2474 1517 2500 tntlli
1543 2474 1594 2500 ltoc
1615 2473 1749 2500 existebat
1771 2472 1880 2499 manife~

1098 2527 1178 2549 stum.
1195 2522 1348 2548 Videntibus
1362 2528 1424 2555 ergo
1439 2527 1497 2546 eum
1512 2520 1636 2546 omnibus
1657 2525 1684 2546 et
1703 2526 1797 2546 sancto
1814 2526 1881 2552 pon-

1099 2569 1180 2600 tillce,
1209 2573 1236 2594 et.
1263 2568 1378 2594 maxime
1401 2566 1473 2593 dorsi
1505 2567 1563 2600 ejus
1586 2565 1732 2599 perniciosa
1757 2565 1880 2595 verbera,

1099 2612 1206 2638 mittens
1217 2619 1289 2642 mox,
1306 2611 1452 2643 segregavit
1468 2610 1526 2635 illos
1541 2610 1584 2642 qui
1599 2610 1667 2635 hunc
1683 2609 1880 2634 inconsiderate

1102 2661 1296 2684 tractaverunt.
1313 2655 1545 2682 Venerabilissimo
1560 2659 1647 2680 autem
1664 2655 1796 2679 monacho
1807 2660 1880 2679 com-

1101 2702 1178 2735 plura
1205 2701 1396 2731 rationabatur,
1422 2701 1448 2726 in
1471 2700 1617 2733 ignorantia
1632 2698 1722 2725 dicens
1735 2706 1764 2724 se
1780 2700 1804 2723 in
1820 2704 1880 2722 eum

1102 2753 1238 2779 peccasse,
1251 2750 1276 2771 et
1292 2745 1317 2770 in
1333 2745 1415 2770 Deum
1429 2751 1530 2770 verum.
1549 2743 1581 2769 Et
1603 2744 1628 2768 in
1650 2744 1699 2768 hoc
1721 2740 1882 2768 admonebat

1101 2798 1162 2817 eum
1175 2790 1221 2816 ille
1234 2797 1341 2816 sanctus
1357 2798 1363 2814 ε
1382 2790 1450 2822 Non,
1465 2788 1558 2822 inquit,
1581 2796 1597 2814 ο
1612 2788 1659 2818 liti,
1674 2788 1708 2813 ita
1723 2787 1882 2813 sine'custo-

1101 2836 1143 2862 dia
1158 2836 1184 2862 in
1202 2835 1352 2861 civitatibus
1377 2834 1528 2860 conversari
1545 2837 1648 2867 oportet
1672 2838 1718 2858 cos
1729 2830 1772 2864 qui
1789 2833 1883 2856 sancto
