2074 3144
184 148 250 175 θοςτ

186 208 406 243 angelicovestro
429 208 582 236 indumento
606 210 795 240 circumamitti
819 218 890 246 sunt.
917 223 972 242 ma-

188 256 257 280 :ime
276 258 303 280 et
319 255 440 281 feminam
458 255 655 282 circumducere
680 257 710 282 ad
736 258 889 285 scandalutn
905 259 970 286 alio-

187 307 245 326 rum
258 300 413 327 videntium.
429 301 502 327 'l‘unc
528 302 674 329 monachrrs
696 311 755 329 cum
771 305 842 331 omni
867 306 972 332 humili-

187 349 240 371 tate
251 345 379 371 rationem
395 345 521 372 reddebat
536 352 638 377 saneto,
655 348 746 374 dicens
762 357 767 374 :
793 350 890 380 Crede,
918 352 969 377 do-

188 390 268 421 mine,
285 398 337 416 non
364 391 486 416 mentiar.
502 391 579 418 Gaza:
602 400 675 418 eram
702 399 764 420 ante
781 402 878 427 patrcos
893 395 968 429 dies;

186 440 212 461 et
228 440 341 461 exeunte
355 443 397 462 me
414 436 445 461 de
458 437 575 468 civitate,
601 442 630 463 ut
644 438 762 465 venirem
785 444 811 466 et
827 441 969 468 salutarem

187 484 307 506 sanetum
328 481 448 507 abhatcm
475 482 573 514 Cyrum
600 482 671 517 (63),
686 483 802 512 obviavit
827 486 890 512 rrrihi
915 487 971 514 lliEC

188 526 254 552 bene
270 526 324 552 visa
340 526 425 558 puella
439 526 502 552 foris
518 532 631 560 portam,
645 535 757 562 vespere
779 529 949 558 incumbente
963 541 969 565 ;

186 575 210 596 et
226 577 368 597 accurrens
383 572 415 597 ad
435 572 514 603 pedes
528 579 611 603 meos.
628 574 738 607 rogabat
754 579 781 601 ut
797 583 900 602 mecum
914 585 971 603 aru-

187 616 299 642 bularet.
315 616 423 642 Dicebat
437 617 507 643 enim
529 624 559 643 se
587 617 736 652 llebrmam,
753 627 823 652 esse,
851 626 877 647 et
901 622 971 649 vellc

188 660 244 686 tieri
268 660 462 692 Christianam;
482 666 508 688 et
531 662 610 696 erepit
636 663 730 690 cadent
755 671 865 692 narrare
885 666 971 693 verbis

188 706 366 737 Irorribilibus.
384 711 476 733 utnon
502 709 683 741 permitterem
712 711 798 743 perire
825 718 894 738 eam.
927 712 971 738 Ti-

186 758 262 777 mens
287 751 375 784 itaque
396 759 445 786 ego
466 751 596 785 judicium
624 754 680 785 Dei,
697 755 796 789 sumpsi
812 763 881 788 eam,
898 758 972 783 testi-

186 803 263 823 tuans
296 797 365 830 quod
390 805 441 823 non
467 798 623 825 imuritteret
651 801 823 828 tentationern
859 803 972 830 Satanas

185 842 356 875 spadonibus.
382 842 535 870 Nesciebam
565 852 628 871 vero
652 847 722 879 quod
745 847 843 874 nemini
869 854 969 882 parcat.

654 154 732 182 \'lT.—\
753 155 873 184 S‘tNCTl
896 158 1035 186 JOANNIS
1056 159 1341 192 ELEEMOSYNARII.

1739 174 1806 203 1638

986 219 1008 246 Λ
1024 219 1093 250 quod
1106 225 1226 247 ruortnus
1238 229 1323 254 esses,
1341 228 1364 249 cl
1378 225 1532 263 memoriam
1547 226 1582 252 lui
1594 226 1754 256 faciebamus
1767 235 1808 257 ter

1025 263 1049 289 in
1067 271 1146 291 anno.
1162 266 1226 292 Cum
1248 275 1311 301 ergo
1326 269 1444 295 audisset
1463 272 1531 303 quod
1547 271 1572 297 in
1596 279 1665 299 anno
1682 278 1722 300 ter
1735 274 1807 302 face—

1024 313 1081 335 rent
1098 317 1145 343 pro
1158 318 1190 336 eo
1203 312 1371 346 memoriam,
1385 314 1530 349 interrogat
1540 322 1589 344 eos
1603 317 1627 343 itr
1642 322 1694 351 quo
1712 319 1765 352 die,
1781 325 1808 347 et

1023 353 1048 379 in
1063 361 1115 386 quo
1129 362 1220 382 mense
1240 356 1297 383 lucc
1311 358 1486 385 celebrarent.
1512 360 1545 387 Et
1572 361 1624 388 illis
1645 362 1803 397 dicentibus,

1023 399 1122 425 sanctis
1133 399 1324 434 Theophaniis,
1337 407 1364 428 et
1375 402 1509 430 Dominiea
1523 411 1612 432 sancta
1624 412 1701 441 atque
1715 416 1806 435 saneta

1024 443 1178 472 Pentecoste
1186 446 1255 480 (67),
1265 446 1332 473 dixit
1344 447 1387 474 ille
1397 457 1402 473 :
1412 449 1475 482 Quia
1486 449 1568 477 tribus
1579 451 1636 479 istis
1645 455 1808 487 temporibus

1023 490 1083 516 anui
1094 491 1215 517 veniebat
1229 492 1335 526 quidam
1352 494 1508 522 candilatus
1532 501 1560 522 ut
1573 498 1621 530 sol,
1638 503 1665 525 et
1676 500 1804 528 dissolve-

1023 534 1067 560 bat
1082 543 1125 561 tne
1151 543 1165 562 a
1180 537 1292 563 vinculis
1307 537 1402 565 ferreis
1416 544 1442 565 et
1455 548 1467 565 a
1490 542 1625 573 custodia:
1641 549 1667 570 et
1682 545 1807 573 rrtovebar

1022 579 1213 608 deambulando
1230 587 1283 610 tota
1302 583 1356 615 die,
1378 588 1405 611 et
1426 592 1506 612 nemo
1521 590 1729 622 rccognoscebat
1746 598 1802 622 me.

1023 631 1046 650 et
1064 626 1089 651 in
1104 626 1248 653 crastinum
1273 628 1428 656 inveniebar
1450 631 1553 658 vincula
1577 632 1661 660 ferrea
1685 641 1803 668 portans.

1025 670 1132 698 Dicebat
1143 671 1221 706 igitur
1230 678 1335 700 sanctus
1348 677 1488 711 episcopus
1499 677 1559 710 qttia
1575 685 1607 704 ex
1621 678 1670 705 ltoc
1681 680 1806 708 discimus

1024 714 1121 742 habere
1135 716 1299 745 dormientes
1321 720 1448 753 quietem,
1475 722 1581 756 quartdo
1595 731 1644 758 pro
1663 726 1702 752 eis
1725 727 1805 753 culle-

1023 763 1079 786 t‘tas
1091 761 1210 789 facimus.

1057 804 1122 831 CAP.
1135 805 1218 833 XXV.
1234 821 1269 827 —
1283 807 1357 840 Quod
1371 809 1396 836 in
1411 809 1521 838 Actibus
1536 814 1714 846 apostolorum
1729 817 1806 843 audi-

1022 849 1106 877 vimus
1119 850 1215 878 factum
1230 853 1298 887 (Αι-ι.
1316 854 1363 888 ιν),
1382 854 1433 881 hoc
1444 855 1597 890 frequenter
1612 863 1637 885 et
1652 859 1713 888 huic
1728 869 1803 888 com-

186 887 265 920 lgitur
278 888 443 914 venientibus
458 889 545 920 nobis.
566 891 732 918 sanctissime
752 892 839 925 Pater,
854 899 881 920 et
903 901 966 920 ora-
985 898 1006 927 Β
1021 895 1214 927 patientissimo
1228 897 1373 925 accidebat.
1387 887 1513 927 Videntes
1525 903 1595 929 enim
1615 904 1689 931 multi
1706 906 1805 933 indesi-

186 933 284 960 tionem
301 933 507 967 perﬁcientibus,
527 936 655 970 baptizavi
671 945 728 964 eam
742 938 774 964 ad
788 944 908 966 sanctum
923 941 969 967 ab-

185 981 243 1005 bam
258 978 365 1014 Cyrum,
381 985 407 1006 et
422 981 545 1015 gyrabam
567 989 626 1009 cum
646 990 677 1010 ea
698 983 724 1010 in
747 984 860 1019 simplici
875 987 966 1019 corde,

183 1032 329 1058 exposcens
351 1027 481 1054 modicum
503 1033 647 1062 surruptum,
664 1035 795 1064 quatenus
816 1032 968 1060 introduce-

183 1079 239 1098 rem
263 1078 321 1098 eam
342 1072 367 1098 in
388 1073 585 1101 monasterium.
608 1074 673 1101 Cum
696 1077 754 1103 haec
778 1077 895 1104 audisset
921 1085 968 1112 pa-

182 1116 306 1147 triarcha,
323 1117 407 1143 dixit:
422 1117 515 1151 Papam
537 1123 604 1152 quot
617 1120 764 1147 absconsos
784 1128 877 1148 servos
889 1123 967 1149 habet

183 1160 261 1191 Deus,
273 1165 299 1187 et
311 1161 442 1188 nescimus
456 1170 504 1189 nos
518 1163 650 1191 humiles?
665 1164 698 1191 Et
712 1166 851 1193 enarrabat
868 1167 908 1194 his
922 1168 966 1202 qui

180 1210 277 1239 przcsto
291 1207 504 1234 erantvisionem
520 1216 597 1243 quam
612 1210 715 1237 vrderat
732 1215 809 1239 nocte
824 1212 858 1239 de
873 1220 916 1240 eo.
935 1214 968 1240 Et

180 1250 289 1283 protulit
303 1252 453 1284 patriarcha
474 1257 578 1280 centum
594 1255 750 1282 numismata
764 1257 797 1284 de
812 1265 902 1291 manu,
918 1259 965 1285 da-

178 1299 253 1322 turus
267 1295 291 1322 ei
308 1303 315 1322 :
334 1295 379 1322 Dei
395 1301 482 1323 autem
495 1298 597 1325 amicus
611 1299 655 1326 ille
670 1308 731 1327 vere
741 1303 896 1336 monachus,
913 1311 964 1330 non

178 1347 274 1374 passus
295 1341 394 1374 aliquid
422 1342 542 1376 accipere
567 1351 601 1371 ex
626 1345 674 1378 eis,
703 1345 811 1380 dignum
839 1349 965 1376 memoria

179 1385 288 1412 verbum
312 1387 345 1413 ad
373 1387 550 1421 patriarcham
577 1389 680 1417 locutus
703 1396 753 1422 est,
769 1391 880 1419 dicens:
911 1394 965 1428 Ego

178 1430 229 1458 hoc
242 1438 294 1458 non
320 1433 432 1467 postulo,
450 1434 572 1467 domine;
589 1430 734 1462 monachus
753 1437 825 1464 enim
841 1438 863 1465 si
884 1437 963 1467 fidem

180 1477 267 1508 habet,
285 1477 378 1504 horum
394 1486 446 1506 non
463 1479 574 1514 indiget.
591 1479 618 1508 Si
632 1485 720 1508 autem
742 1481 834 1509 horum
849 1487 919 1517 eget,
937 1484 966 1510 ti-

177 1521 237 1547 dem
261 1530 313 1549 non
341 1523 429 1551 habet.
456 1524 531 1557 Quod
557 1525 670 1552 maxime
694 1527 808 1560 amplius
835 1528 964 1556 satisfecit

1021 943 1127 966 nentem
1142 941 1200 974 ejus
1215 946 1241 969 et
1255 942 1453 971 inscrutabilem
1475 946 1546 973 circa
1568 952 1661 981 gentes
1683 957 1804 984 compas-

1019 984 1133 1018 sionem,
1149 987 1324 1015 movebantur
1343 989 1478 1018 multoties
1500 991 1533 1019 ad
1557 993 1694 1022 vendenda
1721 997 1803 1024 multa

1018 1031 1052 1058 de
1065 1031 1219 1059 substantiis
1231 1032 1304 1066 suis;
1319 1039 1346 1061 et
1366 1035 1493 1069 ferentes,
1508 1038 1663 1072 praebebant
1683 1041 1731 1069 Dei
1754 1043 1802 1070 de-

1017 1081 1080 1103 voto
1093 1077 1224 1105 ministro.
1243 1078 1319 1106 Unde
1333 1083 1361 1107 et
1375 1081 1481 1115 quidam
1494 1083 1604 1110 veniens
1623 1092 1675 1112 una
1689 1085 1803 1119 dierum,

1017 1120 1145 1148 otl'erebat‘.
1158 1123 1181 1149 ci
1195 1128 1296 1158 septem
1316 1124 1398 1152 libras
1410 1127 1466 1153 auri
1481 1131 1509 1154 et
1528 1128 1674 1162 dinridiam,
1697 1132 1801 1159 satisfa.

1017 1165 1090 1192 ciens
1101 1172 1203 1201 sancto,
1226 1169 1295 1202 quod
1320 1177 1373 1196 non
1388 1171 1535 1204 possideret
1553 1173 1624 1201 aliud
1648 1175 1748 1210 aliquid
1776 1178 1802 1204 in

1016 1218 1093 1239 auro.
1107 1211 1218 1240 Petebat
1232 1218 1319 1240 autem
1330 1215 1363 1241 ab
1379 1222 1411 1242 eo
1426 1223 1485 1243 cum
1507 1218 1596 1245 multis
1608 1220 1801 1253 genuﬂexioni-

1017 1257 1067 1283 bus
1090 1262 1119 1284 ut
1133 1263 1222 1285 oraret
1237 1265 1368 1294 quatenus
1394 1260 1521 1289 Dominus
1545 1262 1613 1290 Deus
1638 1263 1721 1291 filium
1745 1268 1803 1299 ejus

1016 1302 1141 1330 salvaret.
1153 1303 1347 1332 ilabebatcnim
1361 1313 1439 1333 ttnttut
1453 1307 1620 1334 solummodo
1635 1308 1717 1336 [ilium
1726 1311 1802 1344 quasi

1016 1355 1143 1374 annorum
1160 1349 1322 1383 quindecim,
1339 1357 1367 1377 ut
1381 1351 1522 1379 reduceret
1547 1353 1634 1379 navim
1658 1354 1715 1388 ejus
1739 1362 1799 1382 cum

1017 1395 1086 1422 bono
1098 1396 1132 1422 ab
1145 1396 1243 1429 Africa,
1264 1398 1327 1425 illuc
1341 1398 1413 1425 enim
1428 1399 1540 1427 abierat.
1563 1401 1703 1435 Accipiens
1721 1401 1800 1435 igitur

1015 1447 1133 1467 summus
1148 1442 1274 1469 sacerdos
1298 1443 1472 1477 quantitatem
1492 1445 1548 1471 auri
1572 1445 1606 1472 de
1629 1453 1708 1473 manu
1731 1447 1800 1480 ejus.

1017 1483 1130 1512 miratus
1162 1490 1204 1513 est
1238 1493 1301 1516 eum
1312 1505 1321 1518 ,
1353 1492 1405 1515 tam
1421 1496 1480 1517 esse
1495 1491 1691 1525 magnanimum
1707 1492 1740 1520 ad
1755 1492 1797 1519 of-

1014 1527 1151 1557 ferendam
1168 1534 1248 1559 lotam
1268 1533 1441 1566 quantitatem
1462 1536 1520 1562 auri
1544 1544 1622 1570 quant
1638 1539 1799 1572 possidebat.

177 1569 298 1596 omnibus
319 1571 363 1605 qui
377 1571 517 1598 audierant
537 1572 606 1604 qttod
631 1579 723 1600 servus
746 1574 791 1601 Dei
806 1574 855 1601 iste
870 1582 950 1601 mona
976 1574 999 1604 C
1014 1573 1106 1600 Oravit
1118 1575 1224 1609 quidem
1235 1575 1259 1603 ei
1273 1576 1330 1612 (68)
1346 1582 1372 1604 et
1387 1578 1414 1605 iu
1429 1578 1496 1606 facie
1511 1569 1676 1614 multumpet
1689 1583 1728 1609 sic
1738 1590 1798 1610 eum

172 1617 243 1641 chus
266 1620 348 1642 esset.
369 1615 519 1643 Genuflexit
536 1616 614 1651 igitur
629 1619 795 1651 patriarchae,
811 1623 839 1645 et
852 1619 921 1647 exiit
935 1620 961 1646 in

178 1667 252 1694 pace.
269 1662 373 1689 Extunc
387 1664 466 1696 igitur
482 1665 540 1698 plus
564 1665 710 1691 honorabat
723 1669 751 1692 et
765 1665 880 1698 hospitio
896 1665 963 1693 reci-

177 1706 265 1740 piebat
278 1709 433 1740 monachos,
455 1714 482 1736 et
497 1709 581 1736 bottos
595 1711 740 1737 aestimatos
754 1715 782 1737 et
803 1711 887 1737 malos
904 1719 910 1737 :
936 1715 963 1739 et

176 1749 322 1778 aediﬁcabat
340 1759 400 1779 mox
416 1753 609 1780 xeuodochium
625 1761 756 1786 seorsum,
777 1759 803 1781 et
816 1755 962 1789 appellavit

177 1796 228 1824 hoc
243 1797 449 1831 Receptaculum
471 1801 590 1827 omnium
603 1801 802 1827 monachorum.

213 1842 278 1870 Car.
303 1843 399 1872 XXIV.
414 1859 448 1865 -—
473 1845 633 1873 Mortalitatc
657 1845 799 1880 aliquando
827 1846 961 1874 civitatem

178 1889 435 1922 comprehendente,
453 1890 506 1916 ibat
532 1895 559 1916 et
583 1891 639 1924 ipse
665 1897 782 1922 sanctusI
809 1896 838 1918 ut
859 1891 962 1919 videret

177 1933 299 1959 funerum
311 1933 448 1967 obsequia.
465 1933 548 1960 Valde
563 1935 633 1961 enim
647 1935 751 1962 dicebat
763 1935 813 1962 hoc
826 1943 886 1963 esse
900 1944 961 1970 pro-

175 1977 282 2008 (icnurn.
300 1983 325 2005 et
347 1978 528 2011 sepulcrorum
554 1980 803 2008 considerationem.
829 1981 960 2010 Multoties

176 2030 239 2048 vero
254 2022 387 2050 assidebat
408 2028 435 2050 et
455 2023 495 2050 his
509 2024 565 2058 qui.
592 2025 721 2057 morituri,
738 2026 907 2053 vexationem
933 2028 959 2054 in

175 2068 246 2095 exitu
262 2069 357 2095 animm
372 2069 553 2103 patiebantur;
572 2075 598 2097 et
613 2070 669 2104 ipse
683 2078 774 2098 eorum
790 2072 881 2098 oculos
899 2080 960 2106 pro-

175 2113 238 2146 priis
254 2113 375 2140 tnanibrrs
398 2114 545 2145 claudebat.
564 2116 717 2142 memoriam
741 2116 840 2144 habere
861 2125 892 2143 ex
909 2117 959 2144 hoc

174 2159 362 2192 sempiternam
376 2158 476 2191 volens,
494 2165 519 2186 et
530 2168 618 2186 curam
634 2161 732 2195 proprii
746 2162 843 2188 exitus.
862 2162 958 2189 Princi-

174 2203 363 2235 piebatautem
378 2209 403 2230 et
426 2204 598 2231 collectiortes
621 2213 668 2239 pro
694 2206 824 2233 defunctis
848 2208 957 2241 impigre

1015 1618 1125 1645 dimisit.
1142 1619 1241 1646 Tamen
1260 1626 1368 1655 propter
1387 1622 1444 1656 ejus
1467 1624 1576 1650 multam
1599 1624 1690 1660 ﬁdem,
1713 1628 1799 1660 posuit

1014 1663 1110 1689 subtus
1131 1669 1250 1691 sanctam
1270 1672 1389 1693 mensam
1410 1667 1546 1701 ligaturam
1565 1671 1719 1704 quantitatis
1740 1672 1799 1699 auri

1015 1708 1164 1741 patriarcha
1183 1708 1209 1736 in
1224 1711 1343 1737 oratorio
1357 1712 1468 1739 cubiculi
1485 1713 1536 1745 sui,
1553 1717 1580 1741 et
1600 1716 1720 1749 synaxim
1735 1715 1799 1744 fecit

1014 1754 1104 1780 statim
1118 1755 1263 1789 perfectam
1275 1764 1356 1791 super
1367 1765 1424 1785 eam
1439 1765 1487 1792 pro
1499 1759 1544 1786 illo
1556 1760 1601 1794 qui
1616 1761 1683 1788 hanc
1696 1762 1799 1790 obtule-

1013 1803 1063 1831 rat,
1081 1800 1146 1827 satis
1156 1801 1315 1836 abundeque
1329 1801 1412 1829 Deum
1427 1810 1523 1838 rogans
1537 1809 1668 1838 quatenus
1679 1810 1705 1832 et
1715 1806 1798 1833 flliutn

1013 1845 1072 1879 ejus
1087 1846 1211 1879 salvaret,
1225 1852 1252 1874 et
1266 1855 1359 1874 navent
1372 1855 1430 1874 cum
1445 1848 1529 1875 salute
1541 1849 1689 1882 reduceret,
1703 1857 1797 1877 secun-

1012 1890 1075 1917 dum
1090 1892 1161 1925 quod
1178 1891 1264 1918 fuerat
1280 1892 1428 1926 postulatus
1454 1893 1488 1920 ab
1508 1893 1565 1920 illo.
1591 1894 1708 1921 Necdum
1733 1903 1797 1930 ergo

1014 1936 1118 1969 triginta
1136 1937 1277 1963 transactis
1291 1936 1394 1971 diebus,
1412 1938 1551 1965 defunctus
1570 1943 1611 1966 est
1624 1940 1693 1966 ﬁlius
1709 1940 1796 1967 boari-

1013 1980 1053 2006 nis
1074 1981 1144 2007 illius
1163 1981 1208 2014 qui
1227 1981 1358 2007 obtulerat
1377 1986 1479 2015 septem
1504 1982 1585 2009 libras
1609 1988 1637 2010 et
1659 1984 1796 2012 dimidiam

1011 2024 1184 2057 patriarchae;
1200 2029 1227 2051 et
1245 2026 1270 2051 in
1293 2026 1369 2052 tertia
1385 2025 1428 2052 die
1443 2027 1536 2054 mortis
1559 2027 1642 2061 pueri,
1660 2029 1758 2061 recepit
1770 2035 1797 2056 et

1011 2070 1099 2095 navim
1110 2076 1183 2096 suam
1195 2069 1228 2096 ab
1239 2069 1339 2102 Africa,
1351 2071 1376 2097 in
1388 2078 1438 2104 qua
1447 2076 1503 2097 erat
1514 2075 1541 2098 et
1552 2071 1633 2099 frater
1642 2080 1796 2106 germanus,

1010 2114 1130 2146 ejusdem
1146 2115 1194 2141 viri
1210 2115 1336 2142 creditor.
1352 2116 1384 2142 Et
1399 2117 1507 2143 veniens
1521 2117 1595 2151 juxta
1609 2117 1736 2151 Pharum,
1749 2126 1796 2146 re-

1010 2159 1068 2186 tulit
1079 2160 1212 2194 quumodo
1221 2161 1296 2187 navis
1306 2161 1469 2196 naufragium
1485 2163 1602 2196 pertulit,
1613 2168 1641 2190 et
1651 2164 1796 2198 perdiderit

1011 2208 1096 2232 totum
1107 2212 1159 2240 quo
1173 2210 1231 2232 erat
1243 2206 1329 2240 plena,
1342 2211 1368 2233 et
1379 2207 1448 2240 quod
1460 2215 1512 2234 non
1524 2213 1613 2234 essent
1623 2209 1730 2235 salvam
1745 2209 1795 2235 nisi

175 2245 234 2282 (66)
247 2252 273 2273 et
286 2248 343 2274 sine
366 2248 447 2274 dubio
471 2250 610 2282 perlicere.
641 2250 743 2277 Etenim
770 2252 874 2278 dicebat,
897 2253 956 2286 quia
970 2252 996 2281 ο
1009 2252 1113 2284 animos,
1125 2256 1151 2279 et
1162 2260 1212 2279 una
1222 2252 1318 2286 scapha
1328 2259 1418 2279 vacua.
1431 2253 1495 2279 Cum
1507 2260 1571 2287 ergo
1583 2257 1609 2280 et
1623 2253 1692 2280 hunc
1702 2260 1794 2280 casum

174 2295 235 2317 ante
259 2299 368 2324 partcurn
386 2298 489 2326 tempus
504 2293 625 2327 captivus
640 2295 734 2322 ductus
748 2301 788 2322 est
807 2296 839 2322 ad
862 2297 955 2324 Persas
982 2315 984 2317 -

173 2336 291 2370 quidam,
306 2342 333 2363 et
357 2337 520 2364 descendens
536 2339 560 2365 in
574 2338 719 2371 Persidartt,
735 2345 855 2368 retrusus
875 2348 915 2368 est
929 2342 955 2369 in

172 2389 306 2409 carcerem
322 2383 366 2416 qui
391 2385 571 2418 appellabatur
590 2385 684 2417 Lethe.
702 2387 751 2414 hoc
774 2393 823 2419 est,
847 2388 953 2416 oblivio.

172 2428 282 2461 Quidam
307 2436 371 2462 ergo
397 2428 526 2463 fugientes
547 2430 630 2462 illinc,
649 2432 836 2466 venientesque
863 2433 888 2459 in
904 2434 955 2468 Cy-

173 2480 258 2506 prum,
274 2478 301 2500 et
314 2473 467 2509 inter-rogati
487 2483 502 2501 a
519 2476 672 2509 parentibus
685 2476 766 2509 illius,
789 2478 810 2504 si
834 2478 902 2505 forte
916 2479 955 2505 vi-

171 2518 270 2545 dissent
293 2526 364 2547 cum.
389 2520 578 2554 respondentes
602 2521 726 2548 dixerunt.
749 2523 798 2554 eis,
824 2523 885 2558 quia
908 2531 955 2550 uos

172 2564 288 2598 propriis
303 2565 423 2591 manibus
438 2566 607 2599 sepelivimus
621 2574 693 2594 eum.
717 2567 773 2595 Non
788 2573 875 2596 autem
898 2574 956 2596 erat

171 2609 220 2635 iste
231 2608 264 2635 de
278 2616 330 2642 quo
344 2608 540 2643 interrogabant
553 2618 610 2643 eos,
625 2611 671 2638 sed
683 2612 749 2639 alius
762 2613 954 2640 indissimiliter

171 2661 230 2681 eum
245 2653 375 2680 sitnil.rns.
387 2654 518 2682 Dixerunt
531 2664 593 2682 vero
607 2658 645 2684 eis
659 2662 685 2684 ct
700 2666 829 2691 mensem,
844 2665 869 2685 et
883 2660 952 2686 diem

172 2700 258 2726 obitus
274 2700 364 2733 ipsius.
381 2700 418 2727 llli
433 2708 497 2728 vero
508 2706 629 2736 tanqnarn
643 2711 690 2738 pro
702 2710 806 2731 mortuo
821 2705 953 2732 faciebant

170 2748 193 2772 ei
209 2751 263 2772 tres
285 2747 410 2773 collectas
430 2756 476 2781 per
491 2748 606 2784 singulos
632 2758 728 2777 annos.
754 2751 818 2778 Post
840 2756 953 2784 quatuor

170 2794 257 2826 Itaque
271 2800 355 2820 annos
369 2794 442 2820 venit
457 2794 481 2820 iu
493 2795 618 2830 Cyprum,
633 2796 691 2829 fuga
712 2796 803 2831 lapsus
818 2804 831 2822 a
852 2796 950 2824 Persis.

174 2836 295 2864 Dixerunt
311 2845 374 2873 ergo
389 2839 413 2865 ei
439 2840 498 2867 sui:
517 2840 592 2873 Vere,
613 2840 704 2873 frater,
731 2848 778 2868 nos
803 2841 950 2869 audivimus

1010 2297 1151 2324 didicisset
1165 2297 1287 2324 evenisse
1300 2298 1349 2324 sibi
1361 2297 1484 2324 dominus
1497 2298 1571 2324 navis
1583 2302 1609 2324 et
1622 2302 1694 2332 pater
1707 2299 1793 2331 pueri,

1009 2342 1152 2369 secundum
1166 2342 1274 2369 verbum
1287 2342 1436 2376 Propheta,
1458 2343 1535 2376 paulo
1546 2342 1633 2370 minus
1647 2343 1673 2369 in
1689 2343 1794 2369 inferno

1008 2388 1136 2414 habitavit
1157 2387 1243 2414 anima
1272 2387 1329 2421 ejus
1357 2387 1440 2423 (Psal.
1458 2388 1547 2423 xcnr);
1577 2388 1694 2415 nondum
1722 2389 1792 2415 enim

1009 2433 1179 2459 tribulatione
1200 2432 1245 2459 filii
1266 2432 1306 2459 sui
1322 2434 1462 2465 exstincta,
1477 2434 1678 2466 comprehendit
1691 2441 1750 2460 eum
1766 2439 1793 2460 et

1009 2477 1103 2507 navis;
1120 2476 1202 2503 relata
1219 2480 1280 2503 sunt
1303 2477 1391 2510 itaque
1412 2477 1500 2503 omnia
1521 2485 1582 2511 qua:
1600 2476 1749 2503 acciderant
1768 2478 1791 2502 ei

1008 2521 1177 2554 patriarclne,
1193 2525 1219 2547 et
1234 2528 1301 2554 pene
1316 2521 1375 2554 plus
1390 2529 1468 2555 quam
1485 2521 1506 2547 is
1521 2521 1564 2555 qui
1582 2521 1637 2547 hmc
1651 2528 1791 2554 perpessus

1008 2567 1094 2592 fuerat
1109 2566 1132 2592 in
1149 2566 1255 2592 tristitia
1271 2566 1433 2598 morabatur,
1457 2567 1571 2593 maxime
1587 2572 1693 2599 propter
1708 2567 1790 2592 lilinrn

1006 2611 1063 2645 ejus
1078 2612 1192 2638 unicnin.
1207 2611 1333 2638 Nesciens
1347 2619 1411 2646 ergo
1424 2612 1486 2646 quid
1502 2611 1610 2643 faceret,
1626 2616 1699 2645 rogat
1713 2611 1791 2638 mise-

1007 2656 1216 2682 ricirrdissrurum
1233 2656 1326 2688 Deutu,
1339 2662 1366 2683 ut
1375 2657 1559 2684 consolaretur
1566 2657 1648 2684 virum
1661 2657 1789 2683 immensa

1007 2702 1104 2736 pietate
1119 2710 1176 2729 sua.
1191 2703 1345 2730 Convocare
1359 2704 1430 2730 enim
1442 2712 1515 2736 cum,
1531 2709 1558 2730 et
1568 2704 1697 2730 consolari
1714 2705 1738 2729 irt
1752 2702 1788 2728 fa-

1005 2748 1046 2775 cie
1067 2754 1172 2775 sanctus
1197 2749 1371 2777 erubescebat
1386 2759 1392 2776 ε
1409 2755 1589 2777 verumtamen
1614 2749 1746 2775 rrrandavit
1764 2747 1787 2774 ei

1005 2799 1034 2820 ut
1047 2793 1198 2820 nullatenus
1212 2794 1383 2828 desperaret;
1397 2803 1481 2830 neque
1491 2795 1561 2822 enim
1574 2793 1711 2829 sinejusto
1721 2793 1784 2828 judi.

1005 2841 1047 2868 cio
1060 2840 1144 2868 Dctun
1161 2841 1247 2869 facere
1261 2842 1370 2877 aliquid,
1388 2843 1434 2870 sed
1449 2843 1575 2870 omniain
1591 2843 1639 2868 hoc
1657 2840 1727 2875 quod
1738 2846 1785 2867 cx-
