  <div class='ocr_page' id='page_1' title='image "/cluster/home/n/w/nwhite01/storage/ocr_20150623/93/njp.32101077772836/889.png"; bbox 0 0 2074 3144; ppageno 0'>
   <div class='ocr_carea' id='block_1_1' title="bbox 285 157 353 186">
    <p class='ocr_par' dir='ltr' id='par_1_1' title="bbox 285 157 353 186">
     <span class='ocr_line' id='line_1_1' title="bbox 285 157 353 186; baseline 0 0"><span class='ocrx_word' id='word_1_1' title='bbox 285 158 297 186; x_wconf 73' lang='grc' dir='ltr'>ί</span> <span class='ocrx_word' id='word_1_2' title='bbox 303 157 353 186; x_wconf 77' lang='lat'><strong>659</strong></span> 
     </span>
    </p>
   </div>
   <div class='ocr_carea' id='block_1_2' title="bbox 819 149 1376 181">
    <p class='ocr_par' dir='ltr' id='par_1_2' title="bbox 819 149 1376 181">
     <span class='ocr_line' id='line_1_2' title="bbox 819 149 1376 181; baseline -0.007 -1"><span class='ocrx_word' id='word_1_3' title='bbox 819 152 955 181; x_wconf 65' lang='lat' dir='ltr'><strong>LEONTII</strong></span> <span class='ocrx_word' id='word_1_4' title='bbox 971 151 1203 180; x_wconf 62' lang='lat' dir='ltr'><strong>NEAPOLlTANI</strong></span> <span class='ocrx_word' id='word_1_5' title='bbox 1225 149 1376 180; x_wconf 77' lang='lat' dir='ltr'><strong>EPISCOPI</strong></span> 
     </span>
    </p>
   </div>
   <div class='ocr_carea' id='block_1_3' title="bbox 1845 149 1913 178">
    <p class='ocr_par' dir='ltr' id='par_1_3' title="bbox 1845 149 1913 178">
     <span class='ocr_line' id='line_1_3' title="bbox 1845 149 1913 178; baseline 0 -1"><span class='ocrx_word' id='word_1_6' title='bbox 1845 149 1913 178; x_wconf 69' lang='grc'><strong>1640</strong></span> 
     </span>
    </p>
   </div>
   <div class='ocr_carea' id='block_1_4' title="bbox 289 205 1904 243">
    <p class='ocr_par' dir='ltr' id='par_1_4' title="bbox 289 205 1904 243">
     <span class='ocr_line' id='line_1_4' title="bbox 289 205 1904 243; baseline -0.003 -7"><span class='ocrx_word' id='word_1_7' title='bbox 289 210 372 243; x_wconf 82' lang='lat' dir='ltr'><strong>pedit,</strong></span> <span class='ocrx_word' id='word_1_8' title='bbox 397 209 466 242; x_wconf 87' lang='lat' dir='ltr'><strong>quod</strong></span> <span class='ocrx_word' id='word_1_9' title='bbox 493 215 540 234; x_wconf 86' lang='lat' dir='ltr'><strong>nos</strong></span> <span class='ocrx_word' id='word_1_10' title='bbox 569 207 728 240; x_wconf 70' lang='lat' dir='ltr'><strong>ignoramus.</strong></span> <span class='ocrx_word' id='word_1_11' title='bbox 753 206 820 240; x_wconf 76' lang='lat' dir='ltr'><strong>Ergo</strong></span> <span class='ocrx_word' id='word_1_12' title='bbox 844 212 873 232; x_wconf 92' lang='lat' dir='ltr'><strong>nt</strong></span> <span class='ocrx_word' id='word_1_13' title='bbox 899 215 951 232; x_wconf 87' lang='lat' dir='ltr'><strong>non</strong></span> <span class='ocrx_word' id='word_1_14' title='bbox 979 206 1070 240; x_wconf 84' lang='lat' dir='ltr'><strong>perdat</strong></span> <span class='ocrx_word' id='word_1_15' title='bbox 1085 207 1108 234; x_wconf 77' lang='grc' dir='ltr'><strong>Α</strong></span> <span class='ocrx_word' id='word_1_16' title='bbox 1123 213 1190 234; x_wconf 57' lang='lat' dir='ltr'><strong>sum.</strong></span> <span class='ocrx_word' id='word_1_17' title='bbox 1206 206 1263 238; x_wconf 86' lang='lat' dir='ltr'><strong>quia</strong></span> <span class='ocrx_word' id='word_1_18' title='bbox 1277 210 1383 239; x_wconf 79' lang='lat' dir='ltr'><strong>propter</strong></span> <span class='ocrx_word' id='word_1_19' title='bbox 1393 205 1492 231; x_wconf 78' lang='lat' dir='ltr'><strong>exitum</strong></span> <span class='ocrx_word' id='word_1_20' title='bbox 1503 205 1594 239; x_wconf 75' lang='lat' dir='ltr'><strong>Viginti</strong></span> <span class='ocrx_word' id='word_1_21' title='bbox 1608 205 1745 236; x_wconf 64' lang='lat' dir='ltr'><strong>librarum,</strong></span> <span class='ocrx_word' id='word_1_22' title='bbox 1757 205 1904 232; x_wconf 71' lang='lat' dir='ltr'><strong>infirma-us</strong></span> 
     </span>
    </p>
   </div>
   <div class='ocr_carea' id='block_1_5' title="bbox 289 252 1068 288">
    <p class='ocr_par' dir='ltr' id='par_1_5' title="bbox 289 252 1068 288">
     <span class='ocr_line' id='line_1_5' title="bbox 289 252 1068 288; baseline -0.008 -6"><span class='ocrx_word' id='word_1_23' title='bbox 289 255 449 284; x_wconf 75' lang='lat' dir='ltr'><strong>mercedem.</strong></span> <span class='ocrx_word' id='word_1_24' title='bbox 460 262 537 288; x_wconf 84' lang='lat' dir='ltr'><strong>quam</strong></span> <span class='ocrx_word' id='word_1_25' title='bbox 550 253 645 279; x_wconf 81' lang='lat' dir='ltr'><strong>fecitin</strong></span> <span class='ocrx_word' id='word_1_26' title='bbox 656 258 755 286; x_wconf 85' lang='lat' dir='ltr'><strong>septem</strong></span> <span class='ocrx_word' id='word_1_27' title='bbox 767 258 791 278; x_wconf 87' lang='lat' dir='ltr'><strong>et</strong></span> <span class='ocrx_word' id='word_1_28' title='bbox 803 252 909 278; x_wconf 87' lang='lat' dir='ltr'><strong>dimidia</strong></span> <span class='ocrx_word' id='word_1_29' title='bbox 923 252 989 278; x_wconf 86' lang='lat' dir='ltr'><strong>libra</strong></span> <span class='ocrx_word' id='word_1_30' title='bbox 1001 252 1068 281; x_wconf 92' lang='lat' dir='ltr'><strong>auri,</strong></span> 
     </span>
    </p>
   </div>
   <div class='ocr_carea' id='block_1_6' title="bbox 288 296 1069 332">
    <p class='ocr_par' dir='ltr' id='par_1_6' title="bbox 288 296 1069 332">
     <span class='ocr_line' id='line_1_6' title="bbox 288 296 1069 332; baseline -0.006 -5"><span class='ocrx_word' id='word_1_31' title='bbox 288 306 314 327; x_wconf 82' lang='lat' dir='ltr'><strong>et</strong></span> <span class='ocrx_word' id='word_1_32' title='bbox 328 301 404 326; x_wconf 77' lang='lat' dir='ltr'><strong>Iidem</strong></span> <span class='ocrx_word' id='word_1_33' title='bbox 417 307 494 332; x_wconf 88' lang='lat' dir='ltr'><strong>quam</strong></span> <span class='ocrx_word' id='word_1_34' title='bbox 509 298 658 331; x_wconf 84' lang='lat' dir='ltr'><strong>possidebat</strong></span> <span class='ocrx_word' id='word_1_35' title='bbox 671 298 738 323; x_wconf 72' lang='lat' dir='ltr'><strong>circa</strong></span> <span class='ocrx_word' id='word_1_36' title='bbox 750 301 867 323; x_wconf 81' lang='lat' dir='ltr'><strong>sanctum</strong></span> <span class='ocrx_word' id='word_1_37' title='bbox 881 296 1069 330; x_wconf 85' lang='lat' dir='ltr'><strong>patriarcham;</strong></span> 
     </span>
    </p>
   </div>
   <div class='ocr_carea' id='block_1_7' title="bbox 289 343 1071 379">
    <p class='ocr_par' dir='ltr' id='par_1_7' title="bbox 289 343 1071 379">
     <span class='ocr_line' id='line_1_7' title="bbox 289 343 1071 379; baseline -0.003 -8"><span class='ocrx_word' id='word_1_38' title='bbox 289 347 342 379; x_wconf 88' lang='lat' dir='ltr'><strong>jam</strong></span> <span class='ocrx_word' id='word_1_39' title='bbox 359 352 420 371; x_wconf 86' lang='lat' dir='ltr'><strong>vero</strong></span> <span class='ocrx_word' id='word_1_40' title='bbox 436 348 463 370; x_wconf 92' lang='lat' dir='ltr'><strong>ut</strong></span> <span class='ocrx_word' id='word_1_41' title='bbox 475 349 501 370; x_wconf 90' lang='lat' dir='ltr'><strong>et</strong></span> <span class='ocrx_word' id='word_1_42' title='bbox 516 351 563 370; x_wconf 88' lang='lat' dir='ltr'><strong>nos</strong></span> <span class='ocrx_word' id='word_1_43' title='bbox 578 343 602 369; x_wconf 94' lang='lat' dir='ltr'><strong>in</strong></span> <span class='ocrx_word' id='word_1_44' title='bbox 619 343 815 374; x_wconf 85' lang='lat' dir='ltr'><strong>tentationihus,</strong></span> <span class='ocrx_word' id='word_1_45' title='bbox 840 351 897 376; x_wconf 68' lang='lat' dir='ltr'><strong>qum</strong></span> <span class='ocrx_word' id='word_1_46' title='bbox 918 343 993 369; x_wconf 87' lang='lat' dir='ltr'><strong>nobis</strong></span> <span class='ocrx_word' id='word_1_47' title='bbox 1009 350 1071 369; x_wconf 87' lang='lat' dir='ltr'><strong>eve-</strong></span> 
     </span>
    </p>
   </div>
   <div class='ocr_carea' id='block_1_8' title="bbox 292 388 1072 423">
    <p class='ocr_par' dir='ltr' id='par_1_8' title="bbox 292 388 1072 423">
     <span class='ocr_line' id='line_1_8' title="bbox 292 388 1072 423; baseline -0.004 -5"><span class='ocrx_word' id='word_1_48' title='bbox 292 391 377 423; x_wconf 82' lang='lat' dir='ltr'><strong>niunt,</strong></span> <span class='ocrx_word' id='word_1_49' title='bbox 400 391 505 423; x_wconf 82' lang='lat' dir='ltr'><strong>quando</strong></span> <span class='ocrx_word' id='word_1_50' title='bbox 526 389 624 422; x_wconf 83' lang='lat' dir='ltr'><strong>aliquid</strong></span> <span class='ocrx_word' id='word_1_51' title='bbox 646 389 705 415; x_wconf 85' lang='lat' dir='ltr'><strong>boui</strong></span> <span class='ocrx_word' id='word_1_52' title='bbox 722 388 874 420; x_wconf 80' lang='lat' dir='ltr'><strong>fecerimus,</strong></span> <span class='ocrx_word' id='word_1_53' title='bbox 890 389 1072 422; x_wconf 77' lang='lat' dir='ltr'><strong>imperturhati</strong></span> 
     </span>
    </p>
   </div>
   <div class='ocr_carea' id='block_1_9' title="bbox 294 434 1073 468">
    <p class='ocr_par' dir='ltr' id='par_1_9' title="bbox 294 434 1073 468">
     <span class='ocr_line' id='line_1_9' title="bbox 294 434 1073 468; baseline -0.003 -6"><span class='ocrx_word' id='word_1_54' title='bbox 294 441 319 462; x_wconf 87' lang='lat' dir='ltr'><strong>et</strong></span> <span class='ocrx_word' id='word_1_55' title='bbox 331 437 430 468; x_wconf 67' lang='lat' dir='ltr'><strong>gratias</strong></span> <span class='ocrx_word' id='word_1_56' title='bbox 441 435 588 461; x_wconf 69' lang='lat' dir='ltr'><strong>referentes</strong></span> <span class='ocrx_word' id='word_1_57' title='bbox 601 435 633 460; x_wconf 90' lang='lat' dir='ltr'><strong>ad</strong></span> <span class='ocrx_word' id='word_1_58' title='bbox 649 434 729 460; x_wconf 86' lang='lat' dir='ltr'><strong>Deum</strong></span> <span class='ocrx_word' id='word_1_59' title='bbox 743 442 957 467; x_wconf 81' lang='lat' dir='ltr'><strong>permaneatnus;</strong></span> <span class='ocrx_word' id='word_1_60' title='bbox 974 435 1036 460; x_wconf 92' lang='lat' dir='ltr'><strong>vidit</strong></span> <span class='ocrx_word' id='word_1_61' title='bbox 1048 435 1073 460; x_wconf 94' lang='lat' dir='ltr'><strong>in</strong></span> 
     </span>
    </p>
   </div>
   <div class='ocr_carea' id='block_1_10' title="bbox 292 480 1074 515">
    <p class='ocr_par' dir='ltr' id='par_1_10' title="bbox 292 480 1074 515">
     <span class='ocr_line' id='line_1_10' title="bbox 292 480 1074 515; baseline -0.001 -8"><span class='ocrx_word' id='word_1_62' title='bbox 292 483 392 508; x_wconf 81' lang='lat' dir='ltr'><strong>somnis</strong></span> <span class='ocrx_word' id='word_1_63' title='bbox 411 480 464 515; x_wconf 85' lang='lat' dir='ltr'><strong>jam</strong></span> <span class='ocrx_word' id='word_1_64' title='bbox 490 480 576 506; x_wconf 84' lang='lat' dir='ltr'><strong>dictus</strong></span> <span class='ocrx_word' id='word_1_65' title='bbox 591 480 631 505; x_wconf 92' lang='lat' dir='ltr'><strong>vir</strong></span> <span class='ocrx_word' id='word_1_66' title='bbox 653 480 842 511; x_wconf 69' lang='lat' dir='ltr'><strong>philochri~tus</strong></span> <span class='ocrx_word' id='word_1_67' title='bbox 868 485 969 511; x_wconf 84' lang='lat' dir='ltr'><strong>postera</strong></span> <span class='ocrx_word' id='word_1_68' title='bbox 998 485 1074 506; x_wconf 80' lang='lat' dir='ltr'><strong>nocte</strong></span> 
     </span>
    </p>
   </div>
   <div class='ocr_carea' id='block_1_11' title="bbox 293 525 1073 559">
    <p class='ocr_par' dir='ltr' id='par_1_11' title="bbox 293 525 1073 559">
     <span class='ocr_line' id='line_1_11' title="bbox 293 525 1073 559; baseline -0.001 -8"><span class='ocrx_word' id='word_1_69' title='bbox 293 525 446 559; x_wconf 82' lang='lat' dir='ltr'><strong>quemdam,</strong></span> <span class='ocrx_word' id='word_1_70' title='bbox 469 525 542 557; x_wconf 89' lang='lat' dir='ltr'><strong>quasi</strong></span> <span class='ocrx_word' id='word_1_71' title='bbox 565 525 589 550; x_wconf 92' lang='lat' dir='ltr'><strong>in</strong></span> <span class='ocrx_word' id='word_1_72' title='bbox 614 525 702 551; x_wconf 88' lang='lat' dir='ltr'><strong>habitu</strong></span> <span class='ocrx_word' id='word_1_73' title='bbox 724 525 883 551; x_wconf 78' lang='lat' dir='ltr'><strong>sanctissimi</strong></span> <span class='ocrx_word' id='word_1_74' title='bbox 909 525 1073 558; x_wconf 60' lang='lat' dir='ltr'><strong>pwttiarchm,</strong></span> 
     </span>
    </p>
   </div>
   <div class='ocr_carea' id='block_1_12' title="bbox 293 569 1076 603">
    <p class='ocr_par' dir='ltr' id='par_1_12' title="bbox 293 569 1076 603">
     <span class='ocr_line' id='line_1_12' title="bbox 293 569 1076 603; baseline 0 -7"><span class='ocrx_word' id='word_1_75' title='bbox 293 570 426 596; x_wconf 73' lang='lat' dir='ltr'><strong>dicentem</strong></span> <span class='ocrx_word' id='word_1_76' title='bbox 443 570 490 596; x_wconf 66' lang='lat' dir='ltr'><strong>sibi</strong></span> <span class='ocrx_word' id='word_1_77' title='bbox 510 578 516 595; x_wconf 88' lang='lat'><strong>:</strong></span> <span class='ocrx_word' id='word_1_78' title='bbox 535 569 566 596; x_wconf 88' lang='lat' dir='ltr'><strong>Ut</strong></span> <span class='ocrx_word' id='word_1_79' title='bbox 577 569 639 603; x_wconf 90' lang='lat' dir='ltr'><strong>quid</strong></span> <span class='ocrx_word' id='word_1_80' title='bbox 656 570 798 600; x_wconf 85' lang='lat' dir='ltr'><strong>tribularis,</strong></span> <span class='ocrx_word' id='word_1_81' title='bbox 815 572 905 599; x_wconf 84' lang='lat' dir='ltr'><strong>lratcr,</strong></span> <span class='ocrx_word' id='word_1_82' title='bbox 921 575 947 595; x_wconf 89' lang='lat' dir='ltr'><strong>et</strong></span> <span class='ocrx_word' id='word_1_83' title='bbox 963 577 1076 596; x_wconf 70' lang='lat' dir='ltr'><strong>tumrore</strong></span> 
     </span>
    </p>
   </div>
   <div class='ocr_carea' id='block_1_13' title="bbox 293 613 1075 648">
    <p class='ocr_par' dir='ltr' id='par_1_13' title="bbox 293 613 1075 648">
     <span class='ocr_line' id='line_1_13' title="bbox 293 613 1075 648; baseline 0 -8"><span class='ocrx_word' id='word_1_84' title='bbox 293 614 467 641; x_wconf 84' lang='lat' dir='ltr'><strong>dissolveris?</strong></span> <span class='ocrx_word' id='word_1_85' title='bbox 483 613 573 640; x_wconf 69' lang='lat' dir='ltr'><strong>Nonne,</strong></span> <span class='ocrx_word' id='word_1_86' title='bbox 588 619 615 640; x_wconf 91' lang='lat' dir='ltr'><strong>tu</strong></span> <span class='ocrx_word' id='word_1_87' title='bbox 630 622 672 640; x_wconf 90' lang='lat' dir='ltr'><strong>me</strong></span> <span class='ocrx_word' id='word_1_88' title='bbox 687 615 782 648; x_wconf 79' lang='lat' dir='ltr'><strong>rogasti</strong></span> <span class='ocrx_word' id='word_1_89' title='bbox 801 618 829 640; x_wconf 94' lang='lat' dir='ltr'><strong>nt</strong></span> <span class='ocrx_word' id='word_1_90' title='bbox 847 619 962 646; x_wconf 77' lang='lat' dir='ltr'><strong>peterem</strong></span> <span class='ocrx_word' id='word_1_91' title='bbox 979 622 992 640; x_wconf 88' lang='lat' dir='ltr'><strong>a</strong></span> <span class='ocrx_word' id='word_1_92' title='bbox 1011 614 1075 645; x_wconf 84' lang='lat' dir='ltr'><strong>Deo,</strong></span> 
     </span>
    </p>
   </div>
   <div class='ocr_carea' id='block_1_14' title="bbox 295 658 1074 685">
    <p class='ocr_par' dir='ltr' id='par_1_14' title="bbox 295 658 1074 685">
     <span class='ocr_line' id='line_1_14' title="bbox 295 658 1074 685; baseline 0.001 -1"><span class='ocrx_word' id='word_1_93' title='bbox 295 663 324 685; x_wconf 89' lang='lat' dir='ltr'><strong>ut</strong></span> <span class='ocrx_word' id='word_1_94' title='bbox 343 659 432 685; x_wconf 81' lang='lat' dir='ltr'><strong>salvus</strong></span> <span class='ocrx_word' id='word_1_95' title='bbox 455 658 530 685; x_wconf 86' lang='lat' dir='ltr'><strong>fieret</strong></span> <span class='ocrx_word' id='word_1_96' title='bbox 551 659 618 684; x_wconf 83' lang='lat' dir='ltr'><strong>ﬁlius</strong></span> <span class='ocrx_word' id='word_1_97' title='bbox 644 659 724 685; x_wconf 85' lang='lat' dir='ltr'><strong>tuus?</strong></span> <span class='ocrx_word' id='word_1_98' title='bbox 747 659 813 685; x_wconf 83' lang='lat' dir='ltr'><strong>Ecce</strong></span> <span class='ocrx_word' id='word_1_99' title='bbox 827 659 913 684; x_wconf 63' lang='lat' dir='ltr'><strong>salt-us</strong></span> <span class='ocrx_word' id='word_1_100' title='bbox 929 660 1012 685; x_wconf 78' lang='lat' dir='ltr'><strong>lactus</strong></span> <span class='ocrx_word' id='word_1_101' title='bbox 1026 663 1074 685; x_wconf 82' lang='lat' dir='ltr'><strong>est.</strong></span> 
     </span>
    </p>
   </div>
   <div class='ocr_carea' id='block_1_15' title="bbox 293 704 1078 736">
    <p class='ocr_par' dir='ltr' id='par_1_15' title="bbox 293 704 1078 736">
     <span class='ocr_line' id='line_1_15' title="bbox 293 704 1078 736; baseline -0.003 -6"><span class='ocrx_word' id='word_1_102' title='bbox 293 704 378 731; x_wconf 86' lang='lat' dir='ltr'><strong>Crede</strong></span> <span class='ocrx_word' id='word_1_103' title='bbox 395 705 471 736; x_wconf 84' lang='lat' dir='ltr'><strong>mihi,</strong></span> <span class='ocrx_word' id='word_1_104' title='bbox 488 705 509 730; x_wconf 91' lang='lat' dir='ltr'><strong>si</strong></span> <span class='ocrx_word' id='word_1_105' title='bbox 525 704 634 735; x_wconf 83' lang='lat' dir='ltr'><strong>viveret,</strong></span> <span class='ocrx_word' id='word_1_106' title='bbox 660 712 754 736; x_wconf 79' lang='lat' dir='ltr'><strong>pravus</strong></span> <span class='ocrx_word' id='word_1_107' title='bbox 781 710 807 730; x_wconf 83' lang='lat' dir='ltr'><strong>et</strong></span> <span class='ocrx_word' id='word_1_108' title='bbox 829 705 978 730; x_wconf 88' lang='lat' dir='ltr'><strong>immundus</strong></span> <span class='ocrx_word' id='word_1_109' title='bbox 999 705 1078 731; x_wconf 85' lang='lat' dir='ltr'><strong>homo</strong></span> 
     </span>
    </p>
   </div>
   <div class='ocr_carea' id='block_1_16' title="bbox 296 750 1079 782">
    <p class='ocr_par' dir='ltr' id='par_1_16' title="bbox 296 750 1079 782">
     <span class='ocr_line' id='line_1_16' title="bbox 296 750 1079 782; baseline -0.003 -6"><span class='ocrx_word' id='word_1_110' title='bbox 296 750 380 776; x_wconf 80' lang='lat' dir='ltr'><strong>fieret.</strong></span> <span class='ocrx_word' id='word_1_111' title='bbox 395 751 427 776; x_wconf 88' lang='lat' dir='ltr'><strong>Et</strong></span> <span class='ocrx_word' id='word_1_112' title='bbox 441 750 474 776; x_wconf 86' lang='lat' dir='ltr'><strong>de</strong></span> <span class='ocrx_word' id='word_1_113' title='bbox 489 751 548 776; x_wconf 86' lang='lat' dir='ltr'><strong>navi</strong></span> <span class='ocrx_word' id='word_1_114' title='bbox 562 755 615 781; x_wconf 88' lang='lat' dir='ltr'><strong>tua,</strong></span> <span class='ocrx_word' id='word_1_115' title='bbox 629 758 701 781; x_wconf 85' lang='lat' dir='ltr'><strong>vere,</strong></span> <span class='ocrx_word' id='word_1_116' title='bbox 716 750 765 776; x_wconf 77' lang='lat' dir='ltr'><strong>nisi</strong></span> <span class='ocrx_word' id='word_1_117' title='bbox 782 750 852 776; x_wconf 74' lang='lat' dir='ltr'><strong>Deus</strong></span> <span class='ocrx_word' id='word_1_118' title='bbox 867 750 1017 782; x_wconf 68' lang='lat' dir='ltr'><strong>placaretur</strong></span> <span class='ocrx_word' id='word_1_119' title='bbox 1032 757 1079 782; x_wconf 89' lang='lat' dir='ltr'><strong>pro</strong></span> 
     </span>
    </p>
   </div>
   <div class='ocr_carea' id='block_1_17' title="bbox 298 793 1077 828">
    <p class='ocr_par' dir='ltr' id='par_1_17' title="bbox 298 793 1077 828">
     <span class='ocr_line' id='line_1_17' title="bbox 298 793 1077 828; baseline -0.004 -6"><span class='ocrx_word' id='word_1_120' title='bbox 298 795 367 822; x_wconf 86' lang='lat' dir='ltr'><strong>bono</strong></span> <span class='ocrx_word' id='word_1_121' title='bbox 382 795 449 827; x_wconf 89' lang='lat' dir='ltr'><strong>quod</strong></span> <span class='ocrx_word' id='word_1_122' title='bbox 465 793 550 821; x_wconf 69' lang='lat' dir='ltr'><strong>fet-isti</strong></span> <span class='ocrx_word' id='word_1_123' title='bbox 566 795 684 828; x_wconf 85' lang='lat' dir='ltr'><strong>parvitati</strong></span> <span class='ocrx_word' id='word_1_124' title='bbox 700 803 776 824; x_wconf 63' lang='lat' dir='ltr'><strong>metu,</strong></span> <span class='ocrx_word' id='word_1_125' title='bbox 791 795 921 820; x_wconf 57' lang='lat' dir='ltr'><strong>sententia</strong></span> <span class='ocrx_word' id='word_1_126' title='bbox 937 799 992 820; x_wconf 86' lang='lat' dir='ltr'><strong>erat</strong></span> <span class='ocrx_word' id='word_1_127' title='bbox 1007 795 1077 826; x_wconf 85' lang='lat' dir='ltr'><strong>data,</strong></span> 
     </span>
    </p>
   </div>
   <div class='ocr_carea' id='block_1_18' title="bbox 295 840 1079 873">
    <p class='ocr_par' dir='ltr' id='par_1_18' title="bbox 295 840 1079 873">
     <span class='ocr_line' id='line_1_18' title="bbox 295 840 1079 873; baseline -0.001 -7"><span class='ocrx_word' id='word_1_128' title='bbox 295 845 427 873; x_wconf 79' lang='lat' dir='ltr'><strong>quatenus</strong></span> <span class='ocrx_word' id='word_1_129' title='bbox 443 844 505 871; x_wconf 90' lang='lat' dir='ltr'><strong>tota,</strong></span> <span class='ocrx_word' id='word_1_130' title='bbox 522 844 550 866; x_wconf 89' lang='lat' dir='ltr'><strong>ut</strong></span> <span class='ocrx_word' id='word_1_131' title='bbox 562 840 642 873; x_wconf 80' lang='lat' dir='ltr'><strong>jacet,</strong></span> <span class='ocrx_word' id='word_1_132' title='bbox 655 847 715 866; x_wconf 89' lang='lat' dir='ltr'><strong>cum</strong></span> <span class='ocrx_word' id='word_1_133' title='bbox 731 840 869 866; x_wconf 73' lang='lat' dir='ltr'><strong>animabus</strong></span> <span class='ocrx_word' id='word_1_134' title='bbox 883 840 907 865; x_wconf 93' lang='lat' dir='ltr'><strong>in</strong></span> <span class='ocrx_word' id='word_1_135' title='bbox 921 840 1079 872; x_wconf 87' lang='lat' dir='ltr'><strong>profundum</strong></span> 
     </span>
    </p>
   </div>
   <div class='ocr_carea' id='block_1_19' title="bbox 1122 250 1905 285">
    <p class='ocr_par' dir='ltr' id='par_1_19' title="bbox 1122 250 1905 285">
     <span class='ocr_line' id='line_1_19' title="bbox 1122 250 1905 285; baseline 0.004 -10"><span class='ocrx_word' id='word_1_136' title='bbox 1122 255 1162 276; x_wconf 82' lang='lat' dir='ltr'><strong>est</strong></span> <span class='ocrx_word' id='word_1_137' title='bbox 1182 250 1225 276; x_wconf 88' lang='lat' dir='ltr'><strong>ille</strong></span> <span class='ocrx_word' id='word_1_138' title='bbox 1246 252 1342 276; x_wconf 83' lang='lat' dir='ltr'><strong>invitus</strong></span> <span class='ocrx_word' id='word_1_139' title='bbox 1357 251 1579 284; x_wconf 79' lang='lat' dir='ltr'><strong>clcentosynator.</strong></span> <span class='ocrx_word' id='word_1_140' title='bbox 1597 250 1660 277; x_wconf 87' lang='lat' dir='ltr'><strong>Erat</strong></span> <span class='ocrx_word' id='word_1_141' title='bbox 1674 250 1743 276; x_wconf 84' lang='lat' dir='ltr'><strong>enim</strong></span> <span class='ocrx_word' id='word_1_142' title='bbox 1758 251 1798 285; x_wconf 88' lang='lat' dir='ltr'><strong>(ut</strong></span> <span class='ocrx_word' id='word_1_143' title='bbox 1812 251 1905 285; x_wconf 55' lang='lat' dir='ltr'><strong>praedi-</strong></span> 
     </span>
    </p>
   </div>
   <div class='ocr_carea' id='block_1_20' title="bbox 1122 295 1904 330">
    <p class='ocr_par' dir='ltr' id='par_1_20' title="bbox 1122 295 1904 330">
     <span class='ocr_line' id='line_1_20' title="bbox 1122 295 1904 330; baseline 0.005 -10"><span class='ocrx_word' id='word_1_144' title='bbox 1122 300 1192 320; x_wconf 77' lang='lat' dir='ltr'><strong>ctum</strong></span> <span class='ocrx_word' id='word_1_145' title='bbox 1216 295 1269 327; x_wconf 82' lang='lat' dir='ltr'><strong>est)</strong></span> <span class='ocrx_word' id='word_1_146' title='bbox 1286 296 1359 321; x_wconf 81' lang='lat' dir='ltr'><strong>valde</strong></span> <span class='ocrx_word' id='word_1_147' title='bbox 1380 296 1579 327; x_wconf 86' lang='lat' dir='ltr'><strong>innniscricurs,</strong></span> <span class='ocrx_word' id='word_1_148' title='bbox 1608 301 1633 321; x_wconf 83' lang='lat' dir='ltr'><strong>et</strong></span> <span class='ocrx_word' id='word_1_149' title='bbox 1661 301 1763 323; x_wconf 83' lang='lat' dir='ltr'><strong>amator</strong></span> <span class='ocrx_word' id='word_1_150' title='bbox 1777 299 1904 330; x_wconf 57' lang='lat' dir='ltr'><strong>pecunia.</strong></span> 
     </span>
    </p>
   </div>
   <div class='ocr_carea' id='block_1_21' title="bbox 1122 338 1905 373">
    <p class='ocr_par' dir='ltr' id='par_1_21' title="bbox 1122 338 1905 373">
     <span class='ocr_line' id='line_1_21' title="bbox 1122 338 1905 373; baseline 0.005 -9"><span class='ocrx_word' id='word_1_151' title='bbox 1122 338 1178 364; x_wconf 87' lang='lat' dir='ltr'><strong>Non</strong></span> <span class='ocrx_word' id='word_1_152' title='bbox 1192 339 1322 365; x_wconf 84' lang='lat' dir='ltr'><strong>sufferens</strong></span> <span class='ocrx_word' id='word_1_153' title='bbox 1338 347 1400 372; x_wconf 76' lang='lat' dir='ltr'><strong>ergo</strong></span> <span class='ocrx_word' id='word_1_154' title='bbox 1416 340 1506 366; x_wconf 86' lang='lat' dir='ltr'><strong>beatus</strong></span> <span class='ocrx_word' id='word_1_155' title='bbox 1522 347 1550 366; x_wconf 86' lang='lat' dir='ltr'><strong>se</strong></span> <span class='ocrx_word' id='word_1_156' title='bbox 1566 340 1672 372; x_wconf 67' lang='lat' dir='ltr'><strong>quidem</strong></span> <span class='ocrx_word' id='word_1_157' title='bbox 1687 348 1766 373; x_wconf 91' lang='lat' dir='ltr'><strong>super</strong></span> <span class='ocrx_word' id='word_1_158' title='bbox 1787 349 1905 368; x_wconf 84' lang='lat' dir='ltr'><strong>mensam</strong></span> 
     </span>
    </p>
   </div>
   <div class='ocr_carea' id='block_1_22' title="bbox 1126 385 1907 423">
    <p class='ocr_par' dir='ltr' id='par_1_22' title="bbox 1126 385 1907 423">
     <span class='ocr_line' id='line_1_22' title="bbox 1126 385 1907 423; baseline 0.006 -12"><span class='ocrx_word' id='word_1_159' title='bbox 1126 385 1246 416; x_wconf 76' lang='lat' dir='ltr'><strong>reﬁcere,</strong></span> <span class='ocrx_word' id='word_1_160' title='bbox 1264 386 1337 411; x_wconf 86' lang='lat' dir='ltr'><strong>illum</strong></span> <span class='ocrx_word' id='word_1_161' title='bbox 1353 392 1439 412; x_wconf 88' lang='lat' dir='ltr'><strong>autem</strong></span> <span class='ocrx_word' id='word_1_162' title='bbox 1456 387 1642 419; x_wconf 67' lang='lat' dir='ltr'><strong>Stlpt‘rlr‘t&#39;luln</strong></span> <span class='ocrx_word' id='word_1_163' title='bbox 1657 388 1767 415; x_wconf 75' lang='lat' dir='ltr'><strong>erueiari</strong></span> <span class='ocrx_word' id='word_1_164' title='bbox 1781 390 1907 423; x_wconf 75' lang='lat' dir='ltr'><strong>graviter,</strong></span> 
     </span>
    </p>
   </div>
   <div class='ocr_carea' id='block_1_23' title="bbox 1125 428 1908 468">
    <p class='ocr_par' dir='ltr' id='par_1_23' title="bbox 1125 428 1908 468">
     <span class='ocr_line' id='line_1_23' title="bbox 1125 428 1908 468; baseline 0.005 -13"><span class='ocrx_word' id='word_1_165' title='bbox 1125 429 1382 462; x_wconf 63' lang='lat' dir='ltr'><strong>pcrvenitceleritwr</strong></span> <span class='ocrx_word' id='word_1_166' title='bbox 1408 428 1441 455; x_wconf 87' lang='lat' dir='ltr'><strong>ad</strong></span> <span class='ocrx_word' id='word_1_167' title='bbox 1472 437 1532 456; x_wconf 85' lang='lat' dir='ltr'><strong>eum</strong></span> <span class='ocrx_word' id='word_1_168' title='bbox 1561 431 1604 457; x_wconf 87' lang='lat' dir='ltr'><strong>ille</strong></span> <span class='ocrx_word' id='word_1_169' title='bbox 1635 435 1704 459; x_wconf 71' lang='lat' dir='ltr'><strong>vere&#39;</strong></span> <span class='ocrx_word' id='word_1_170' title='bbox 1742 440 1801 459; x_wconf 85' lang='lat' dir='ltr'><strong>sne</strong></span> <span class='ocrx_word' id='word_1_171' title='bbox 1817 441 1908 468; x_wconf 71' lang='lat' dir='ltr'><strong>super-</strong></span> 
     </span>
    </p>
   </div>
   <div class='ocr_carea' id='block_1_24' title="bbox 1127 473 1908 510">
    <p class='ocr_par' dir='ltr' id='par_1_24' title="bbox 1127 473 1908 510">
     <span class='ocr_line' id='line_1_24' title="bbox 1127 473 1908 510; baseline 0.008 -12"><span class='ocrx_word' id='word_1_172' title='bbox 1127 473 1179 504; x_wconf 86' lang='lat' dir='ltr'><strong>bia,</strong></span> <span class='ocrx_word' id='word_1_173' title='bbox 1193 479 1217 499; x_wconf 88' lang='lat' dir='ltr'><strong>et</strong></span> <span class='ocrx_word' id='word_1_174' title='bbox 1230 473 1299 499; x_wconf 79' lang='lat' dir='ltr'><strong>dixit</strong></span> <span class='ocrx_word' id='word_1_175' title='bbox 1311 473 1344 499; x_wconf 87' lang='lat' dir='ltr'><strong>ad</strong></span> <span class='ocrx_word' id='word_1_176' title='bbox 1359 481 1418 500; x_wconf 88' lang='lat' dir='ltr'><strong>cum</strong></span> <span class='ocrx_word' id='word_1_177' title='bbox 1434 473 1512 510; x_wconf 71' lang='lat' dir='ltr'><strong>hilari</strong></span> <span class='ocrx_word' id='word_1_178' title='bbox 1521 476 1591 501; x_wconf 88' lang='lat' dir='ltr'><strong>vultu</strong></span> <span class='ocrx_word' id='word_1_179' title='bbox 1607 483 1612 501; x_wconf 93' lang='lat'>:</span> <span class='ocrx_word' id='word_1_180' title='bbox 1627 475 1677 501; x_wconf 81' lang='lat' dir='ltr'><strong>Fac</strong></span> <span class='ocrx_word' id='word_1_181' title='bbox 1690 475 1857 509; x_wconf 82' lang='lat' dir='ltr'><strong>eharitatetn,</strong></span> <span class='ocrx_word' id='word_1_182' title='bbox 1873 479 1908 504; x_wconf 90' lang='lat' dir='ltr'><strong>liti</strong></span> 
     </span>
    </p>
   </div>
   <div class='ocr_carea' id='block_1_25' title="bbox 1125 518 1910 553">
    <p class='ocr_par' dir='ltr' id='par_1_25' title="bbox 1125 518 1910 553">
     <span class='ocr_line' id='line_1_25' title="bbox 1125 518 1910 553; baseline 0.006 -9"><span class='ocrx_word' id='word_1_183' title='bbox 1125 518 1222 545; x_wconf 86' lang='lat' dir='ltr'><strong>Troile.</strong></span> <span class='ocrx_word' id='word_1_184' title='bbox 1235 519 1361 545; x_wconf 67' lang='lat' dir='ltr'><strong>A‘istimas</strong></span> <span class='ocrx_word' id='word_1_185' title='bbox 1376 519 1445 553; x_wconf 88' lang='lat' dir='ltr'><strong>quod</strong></span> <span class='ocrx_word' id='word_1_186' title='bbox 1463 519 1487 546; x_wconf 92' lang='lat' dir='ltr'><strong>in</strong></span> <span class='ocrx_word' id='word_1_187' title='bbox 1508 521 1619 547; x_wconf 76' lang='lat' dir='ltr'><strong>veritate</strong></span> <span class='ocrx_word' id='word_1_188' title='bbox 1634 521 1747 548; x_wconf 80' lang='lat' dir='ltr'><strong>dixerim</strong></span> <span class='ocrx_word' id='word_1_189' title='bbox 1763 522 1809 548; x_wconf 92' lang='lat' dir='ltr'><strong>tibi</strong></span> <span class='ocrx_word' id='word_1_190' title='bbox 1823 525 1910 549; x_wconf 79' lang='lat' dir='ltr'><strong>I‘ratri-</strong></span> 
     </span>
    </p>
   </div>
   <div class='ocr_carea' id='block_1_26' title="bbox 1127 563 1909 600">
    <p class='ocr_par' dir='ltr' id='par_1_26' title="bbox 1127 563 1909 600">
     <span class='ocr_line' id='line_1_26' title="bbox 1127 563 1909 600; baseline 0.006 -11"><span class='ocrx_word' id='word_1_191' title='bbox 1127 563 1176 590; x_wconf 85' lang='lat' dir='ltr'><strong>bus</strong></span> <span class='ocrx_word' id='word_1_192' title='bbox 1190 563 1370 597; x_wconf 68' lang='lat' dir='ltr'><strong>hujuscemodi</strong></span> <span class='ocrx_word' id='word_1_193' title='bbox 1391 565 1475 590; x_wconf 84' lang='lat' dir='ltr'><strong>dare?</strong></span> <span class='ocrx_word' id='word_1_194' title='bbox 1497 566 1577 592; x_wconf 80' lang='lat' dir='ltr'><strong>crede</strong></span> <span class='ocrx_word' id='word_1_195' title='bbox 1592 566 1666 598; x_wconf 76' lang='lat' dir='ltr'><strong>mihi,</strong></span> <span class='ocrx_word' id='word_1_196' title='bbox 1689 575 1735 600; x_wconf 88' lang='lat' dir='ltr'><strong>per</strong></span> <span class='ocrx_word' id='word_1_197' title='bbox 1747 568 1834 599; x_wconf 84' lang='lat' dir='ltr'><strong>joeum</strong></span> <span class='ocrx_word' id='word_1_198' title='bbox 1855 569 1909 594; x_wconf 74' lang='lat' dir='ltr'><strong>dixi</strong></span> 
     </span>
    </p>
   </div>
   <div class='ocr_carea' id='block_1_27' title="bbox 1127 608 1911 646">
    <p class='ocr_par' dir='ltr' id='par_1_27' title="bbox 1127 608 1911 646">
     <span class='ocr_line' id='line_1_27' title="bbox 1127 608 1911 646; baseline 0.005 -12"><span class='ocrx_word' id='word_1_199' title='bbox 1127 608 1174 634; x_wconf 81' lang='lat' dir='ltr'><strong>tibi</strong></span> <span class='ocrx_word' id='word_1_200' title='bbox 1190 608 1264 634; x_wconf 81' lang='lat' dir='ltr'><strong>dare.</strong></span> <span class='ocrx_word' id='word_1_201' title='bbox 1283 609 1335 642; x_wconf 79' lang='lat' dir='ltr'><strong>Ego</strong></span> <span class='ocrx_word' id='word_1_202' title='bbox 1350 609 1418 634; x_wconf 76' lang='lat' dir='ltr'><strong>enim</strong></span> <span class='ocrx_word' id='word_1_203' title='bbox 1435 609 1504 635; x_wconf 88' lang='lat' dir='ltr'><strong>volui</strong></span> <span class='ocrx_word' id='word_1_204' title='bbox 1520 616 1645 644; x_wconf 75' lang='lat' dir='ltr'><strong>pnestare</strong></span> <span class='ocrx_word' id='word_1_205' title='bbox 1671 611 1710 637; x_wconf 90' lang='lat' dir='ltr'><strong>eis</strong></span> <span class='ocrx_word' id='word_1_206' title='bbox 1734 612 1836 646; x_wconf 77' lang='lat' dir='ltr'><strong>singula</strong></span> <span class='ocrx_word' id='word_1_207' title='bbox 1862 621 1911 638; x_wconf 85' lang='lat' dir='ltr'><strong>un-</strong></span> 
     </span>
    </p>
   </div>
   <div class='ocr_carea' id='block_1_28' title="bbox 1128 654 1909 691">
    <p class='ocr_par' dir='ltr' id='par_1_28' title="bbox 1128 654 1909 691">
     <span class='ocr_line' id='line_1_28' title="bbox 1128 654 1909 691; baseline 0.008 -14"><span class='ocrx_word' id='word_1_208' title='bbox 1128 654 1248 679; x_wconf 82' lang='lat' dir='ltr'><strong>mismata</strong></span> <span class='ocrx_word' id='word_1_209' title='bbox 1266 658 1373 687; x_wconf 86' lang='lat' dir='ltr'><strong>propter</strong></span> <span class='ocrx_word' id='word_1_210' title='bbox 1387 659 1505 680; x_wconf 82' lang='lat' dir='ltr'><strong>sanctam</strong></span> <span class='ocrx_word' id='word_1_211' title='bbox 1522 655 1706 687; x_wconf 79' lang='lat' dir='ltr'><strong>lestivitatcm;</strong></span> <span class='ocrx_word' id='word_1_212' title='bbox 1723 656 1769 682; x_wconf 88' lang='lat' dir='ltr'><strong>sed</strong></span> <span class='ocrx_word' id='word_1_213' title='bbox 1785 658 1843 691; x_wconf 84' lang='lat' dir='ltr'><strong>quia</strong></span> <span class='ocrx_word' id='word_1_214' title='bbox 1858 666 1909 683; x_wconf 87' lang='lat' dir='ltr'><strong>non</strong></span> 
     </span>
    </p>
   </div>
   <div class='ocr_carea' id='block_1_29' title="bbox 1129 697 1912 737">
    <p class='ocr_par' dir='ltr' id='par_1_29' title="bbox 1129 697 1912 737">
     <span class='ocr_line' id='line_1_29' title="bbox 1129 697 1912 737; baseline 0.008 -14"><span class='ocrx_word' id='word_1_215' title='bbox 1129 697 1240 724; x_wconf 79' lang='lat' dir='ltr'><strong>habebat</strong></span> <span class='ocrx_word' id='word_1_216' title='bbox 1255 699 1410 726; x_wconf 80' lang='lat' dir='ltr'><strong>d~strihuter</strong></span> <span class='ocrx_word' id='word_1_217' title='bbox 1422 708 1496 726; x_wconf 81' lang='lat' dir='ltr'><strong>meus</strong></span> <span class='ocrx_word' id='word_1_218' title='bbox 1515 707 1604 727; x_wconf 82' lang='lat' dir='ltr'><strong>secum</strong></span> <span class='ocrx_word' id='word_1_219' title='bbox 1618 702 1792 728; x_wconf 79' lang='lat' dir='ltr'><strong>sul&#39;licicutetn</strong></span> <span class='ocrx_word' id='word_1_220' title='bbox 1807 708 1889 737; x_wconf 82' lang='lat' dir='ltr'><strong>quant</strong></span> <span class='ocrx_word' id='word_1_221' title='bbox 1899 717 1912 723; x_wconf 62' lang='grc' dir='ltr'>η</span> 
     </span>
    </p>
   </div>
   <div class='ocr_carea' id='block_1_30' title="bbox 1130 744 1912 778">
    <p class='ocr_par' dir='ltr' id='par_1_30' title="bbox 1130 744 1912 778">
     <span class='ocr_line' id='line_1_30' title="bbox 1130 744 1912 778; baseline 0.006 -10"><span class='ocrx_word' id='word_1_222' title='bbox 1130 748 1221 775; x_wconf 76' lang='lat' dir='ltr'><strong>tatem,</strong></span> <span class='ocrx_word' id='word_1_223' title='bbox 1237 744 1314 778; x_wconf 82' lang='lat' dir='ltr'><strong>hujus</strong></span> <span class='ocrx_word' id='word_1_224' title='bbox 1330 745 1367 770; x_wconf 91' lang='lat' dir='ltr'><strong>rei</strong></span> <span class='ocrx_word' id='word_1_225' title='bbox 1382 745 1463 778; x_wconf 62' lang='lat' dir='ltr'><strong>gratia</strong></span> <span class='ocrx_word' id='word_1_226' title='bbox 1479 751 1594 772; x_wconf 88' lang='lat' dir='ltr'><strong>mutuam</strong></span> <span class='ocrx_word' id='word_1_227' title='bbox 1609 746 1705 772; x_wconf 78' lang='lat' dir='ltr'><strong>dedisti</strong></span> <span class='ocrx_word' id='word_1_228' title='bbox 1719 754 1778 773; x_wconf 84' lang='lat' dir='ltr'><strong>eam</strong></span> <span class='ocrx_word' id='word_1_229' title='bbox 1795 748 1869 777; x_wconf 75' lang='lat' dir='ltr'><strong>mihi.</strong></span> <span class='ocrx_word' id='word_1_230' title='bbox 1885 754 1912 774; x_wconf 81' lang='lat' dir='ltr'><strong>et</strong></span> 
     </span>
    </p>
   </div>
   <div class='ocr_carea' id='block_1_31' title="bbox 1129 789 1914 825">
    <p class='ocr_par' dir='ltr' id='par_1_31' title="bbox 1129 789 1914 825">
     <span class='ocr_line' id='line_1_31' title="bbox 1129 789 1914 825; baseline 0.005 -11"><span class='ocrx_word' id='word_1_231' title='bbox 1129 797 1192 815; x_wconf 82' lang='lat' dir='ltr'><strong>ecce</strong></span> <span class='ocrx_word' id='word_1_232' title='bbox 1218 790 1292 815; x_wconf 90' lang='lat' dir='ltr'><strong>attuli</strong></span> <span class='ocrx_word' id='word_1_233' title='bbox 1321 789 1365 816; x_wconf 86' lang='lat' dir='ltr'><strong>tibi</strong></span> <span class='ocrx_word' id='word_1_234' title='bbox 1396 790 1454 816; x_wconf 77' lang='lat' dir='ltr'><strong>iilas</strong></span> <span class='ocrx_word' id='word_1_235' title='bbox 1481 791 1586 825; x_wconf 78' lang='lat' dir='ltr'><strong>triginta</strong></span> <span class='ocrx_word' id='word_1_236' title='bbox 1612 791 1702 818; x_wconf 81' lang='lat' dir='ltr'><strong>libras.</strong></span> <span class='ocrx_word' id='word_1_237' title='bbox 1725 791 1758 818; x_wconf 89' lang='lat' dir='ltr'><strong>Ut</strong></span> <span class='ocrx_word' id='word_1_238' title='bbox 1771 800 1833 819; x_wconf 81' lang='lat' dir='ltr'><strong>vero</strong></span> <span class='ocrx_word' id='word_1_239' title='bbox 1848 793 1914 818; x_wconf 81' lang='lat' dir='ltr'><strong>vidit</strong></span> 
     </span>
    </p>
   </div>
   <div class='ocr_carea' id='block_1_32' title="bbox 1133 835 1914 869">
    <p class='ocr_par' dir='ltr' id='par_1_32' title="bbox 1133 835 1914 869">
     <span class='ocr_line' id='line_1_32' title="bbox 1133 835 1914 869; baseline 0.006 -10"><span class='ocrx_word' id='word_1_240' title='bbox 1133 835 1306 868; x_wconf 74' lang='lat' dir='ltr'><strong>quarritatem</strong></span> <span class='ocrx_word' id='word_1_241' title='bbox 1321 835 1460 868; x_wconf 64' lang='lat' dir='ltr'><strong>episcopus</strong></span> <span class='ocrx_word' id='word_1_242' title='bbox 1478 836 1502 861; x_wconf 92' lang='lat' dir='ltr'><strong>in</strong></span> <span class='ocrx_word' id='word_1_243' title='bbox 1521 836 1667 863; x_wconf 90' lang='lat' dir='ltr'><strong>honorabili</strong></span> <span class='ocrx_word' id='word_1_244' title='bbox 1688 844 1766 863; x_wconf 87' lang='lat' dir='ltr'><strong>manu</strong></span> <span class='ocrx_word' id='word_1_245' title='bbox 1786 837 1914 869; x_wconf 71' lang='lat' dir='ltr'><strong>sapientis</strong></span> 
     </span>
    </p>
   </div>
   <div class='ocr_carea' id='block_1_33' title="bbox 296 880 1913 918">
    <p class='ocr_par' dir='ltr' id='par_1_33' title="bbox 296 880 1913 918">
     <span class='ocr_line' id='line_1_33' title="bbox 296 880 1913 918; baseline 0.004 -8"><span class='ocrx_word' id='word_1_246' title='bbox 296 889 428 918; x_wconf 81' lang='lat' dir='ltr'><strong>pergeret,</strong></span> <span class='ocrx_word' id='word_1_247' title='bbox 449 890 474 911; x_wconf 89' lang='lat' dir='ltr'><strong>et</strong></span> <span class='ocrx_word' id='word_1_248' title='bbox 490 886 614 918; x_wconf 78' lang='lat' dir='ltr'><strong>perderes</strong></span> <span class='ocrx_word' id='word_1_249' title='bbox 627 884 736 911; x_wconf 75' lang='lat' dir='ltr'><strong>fratrem</strong></span> <span class='ocrx_word' id='word_1_250' title='bbox 762 889 846 911; x_wconf 79' lang='lat' dir='ltr'><strong>tuum.</strong></span> <span class='ocrx_word' id='word_1_251' title='bbox 867 885 918 912; x_wconf 84' lang='lat' dir='ltr'><strong>Sed</strong></span> <span class='ocrx_word' id='word_1_252' title='bbox 944 892 1032 918; x_wconf 76' lang='lat' dir='ltr'><strong>surge,</strong></span> <span class='ocrx_word' id='word_1_253' title='bbox 1053 888 1080 910; x_wconf 88' lang='lat' dir='ltr'><strong>et</strong></span> <span class='ocrx_word' id='word_1_254' title='bbox 1097 882 1118 911; x_wconf 78' lang='grc' dir='ltr'><strong>Β</strong></span> <span class='ocrx_word' id='word_1_255' title='bbox 1131 880 1269 905; x_wconf 60' lang='grc' dir='ltr'><strong>θιῖείνηιίὲ</strong></span> <span class='ocrx_word' id='word_1_256' title='bbox 1284 881 1378 906; x_wconf 46' lang='lat' dir='ltr'><strong>&quot;mihi</strong></span> <span class='ocrx_word' id='word_1_257' title='bbox 1399 885 1424 907; x_wconf 71' lang='grc' dir='ltr'><strong>ει</strong></span> <span class='ocrx_word' id='word_1_258' title='bbox 1440 881 1565 914; x_wconf 65' lang='grc' dir='ltr'><strong>Ρπειοτίεν</strong></span> <span class='ocrx_word' id='word_1_259' title='bbox 1590 881 1670 908; x_wconf 53' lang='lat' dir='ltr'><strong>[ﬁbris</strong></span> <span class='ocrx_word' id='word_1_260' title='bbox 1693 882 1799 916; x_wconf 73' lang='grc' dir='ltr'><strong>(ιυίιίειιι</strong></span> <span class='ocrx_word' id='word_1_261' title='bbox 1825 882 1913 911; x_wconf 62' lang='lat' dir='ltr'><strong>sum“)</strong></span> 
     </span>
    </p>
   </div>
   <div class='ocr_carea' id='block_1_34' title="bbox 295 930 1077 964">
    <p class='ocr_par' dir='ltr' id='par_1_34' title="bbox 295 930 1077 964">
     <span class='ocr_line' id='line_1_34' title="bbox 295 930 1077 964; baseline 0.001 -10"><span class='ocrx_word' id='word_1_262' title='bbox 295 931 411 964; x_wconf 76' lang='lat' dir='ltr'><strong>glorifica</strong></span> <span class='ocrx_word' id='word_1_263' title='bbox 428 930 521 960; x_wconf 80' lang='lat' dir='ltr'><strong>Deum,</strong></span> <span class='ocrx_word' id='word_1_264' title='bbox 538 930 582 963; x_wconf 87' lang='lat' dir='ltr'><strong>qui</strong></span> <span class='ocrx_word' id='word_1_265' title='bbox 596 930 668 956; x_wconf 86' lang='lat' dir='ltr'><strong>dedit</strong></span> <span class='ocrx_word' id='word_1_266' title='bbox 682 930 728 956; x_wconf 84' lang='lat' dir='ltr'><strong>tibi</strong></span> <span class='ocrx_word' id='word_1_267' title='bbox 741 937 812 961; x_wconf 85' lang='lat' dir='ltr'><strong>eum,</strong></span> <span class='ocrx_word' id='word_1_268' title='bbox 825 935 851 956; x_wconf 91' lang='lat' dir='ltr'><strong>et</strong></span> <span class='ocrx_word' id='word_1_269' title='bbox 866 930 977 956; x_wconf 66' lang='lat' dir='ltr'><strong>salvarit</strong></span> <span class='ocrx_word' id='word_1_270' title='bbox 996 930 1077 956; x_wconf 88' lang='lat' dir='ltr'><strong>lilium</strong></span> 
     </span>
    </p>
   </div>
   <div class='ocr_carea' id='block_1_35' title="bbox 297 975 1080 1010">
    <p class='ocr_par' dir='ltr' id='par_1_35' title="bbox 297 975 1080 1010">
     <span class='ocr_line' id='line_1_35' title="bbox 297 975 1080 1010; baseline 0.001 -10"><span class='ocrx_word' id='word_1_271' title='bbox 297 979 369 1001; x_wconf 88' lang='lat' dir='ltr'><strong>tttutn</strong></span> <span class='ocrx_word' id='word_1_272' title='bbox 386 975 511 1000; x_wconf 89' lang='lat' dir='ltr'><strong>muntlum</strong></span> <span class='ocrx_word' id='word_1_273' title='bbox 524 975 557 1000; x_wconf 83' lang='lat' dir='ltr'><strong>de</strong></span> <span class='ocrx_word' id='word_1_274' title='bbox 572 975 623 1001; x_wconf 90' lang='lat' dir='ltr'><strong>hoc</strong></span> <span class='ocrx_word' id='word_1_275' title='bbox 637 975 735 1001; x_wconf 66' lang='lat' dir='ltr'><strong>sa&#39;culo</strong></span> <span class='ocrx_word' id='word_1_276' title='bbox 749 983 825 1002; x_wconf 85' lang='lat' dir='ltr'><strong>vano.</strong></span> <span class='ocrx_word' id='word_1_277' title='bbox 845 976 978 1010; x_wconf 80' lang='lat' dir='ltr'><strong>Evigilaus</strong></span> <span class='ocrx_word' id='word_1_278' title='bbox 993 976 1080 1008; x_wconf 79' lang='lat' dir='ltr'><strong>itaque</strong></span> 
     </span>
    </p>
   </div>
   <div class='ocr_carea' id='block_1_36' title="bbox 297 1019 1082 1052">
    <p class='ocr_par' dir='ltr' id='par_1_36' title="bbox 297 1019 1082 1052">
     <span class='ocr_line' id='line_1_36' title="bbox 297 1019 1082 1052; baseline 0 -6"><span class='ocrx_word' id='word_1_279' title='bbox 297 1021 345 1051; x_wconf 80' lang='lat' dir='ltr'><strong>vir,</strong></span> <span class='ocrx_word' id='word_1_280' title='bbox 361 1019 459 1046; x_wconf 85' lang='lat' dir='ltr'><strong>invenit</strong></span> <span class='ocrx_word' id='word_1_281' title='bbox 474 1027 519 1046; x_wconf 85' lang='lat' dir='ltr'><strong>eor</strong></span> <span class='ocrx_word' id='word_1_282' title='bbox 535 1027 610 1046; x_wconf 86' lang='lat' dir='ltr'><strong>suum</strong></span> <span class='ocrx_word' id='word_1_283' title='bbox 625 1021 801 1052; x_wconf 61' lang='lat' dir='ltr'><strong>consolatum,</strong></span> <span class='ocrx_word' id='word_1_284' title='bbox 824 1025 851 1047; x_wconf 85' lang='lat' dir='ltr'><strong>et</strong></span> <span class='ocrx_word' id='word_1_285' title='bbox 867 1021 1017 1047; x_wconf 80' lang='lat' dir='ltr'><strong>universam</strong></span> <span class='ocrx_word' id='word_1_286' title='bbox 1034 1021 1082 1046; x_wconf 80' lang='lat' dir='ltr'><strong>tri—</strong></span> 
     </span>
    </p>
   </div>
   <div class='ocr_carea' id='block_1_37' title="bbox 297 1063 1082 1098">
    <p class='ocr_par' dir='ltr' id='par_1_37' title="bbox 297 1063 1082 1098">
     <span class='ocr_line' id='line_1_37' title="bbox 297 1063 1082 1098; baseline 0 -8"><span class='ocrx_word' id='word_1_287' title='bbox 297 1063 392 1090; x_wconf 84' lang='lat' dir='ltr'><strong>stitiam</strong></span> <span class='ocrx_word' id='word_1_288' title='bbox 406 1064 463 1098; x_wconf 73' lang='lat' dir='ltr'><strong>ejus</strong></span> <span class='ocrx_word' id='word_1_289' title='bbox 477 1065 604 1097; x_wconf 87' lang='lat' dir='ltr'><strong>ejectam;</strong></span> <span class='ocrx_word' id='word_1_290' title='bbox 620 1069 645 1090; x_wconf 88' lang='lat' dir='ltr'><strong>et</strong></span> <span class='ocrx_word' id='word_1_291' title='bbox 661 1064 767 1091; x_wconf 90' lang='lat' dir='ltr'><strong>indutus</strong></span> <span class='ocrx_word' id='word_1_292' title='bbox 782 1065 936 1091; x_wconf 80' lang='lat' dir='ltr'><strong>vestimenta</strong></span> <span class='ocrx_word' id='word_1_293' title='bbox 955 1072 1013 1096; x_wconf 84' lang='lat' dir='ltr'><strong>sua,</strong></span> <span class='ocrx_word' id='word_1_294' title='bbox 1035 1073 1082 1091; x_wconf 87' lang='lat' dir='ltr'><strong>ve-</strong></span> 
     </span>
    </p>
   </div>
   <div class='ocr_carea' id='block_1_38' title="bbox 298 1108 1083 1143">
    <p class='ocr_par' dir='ltr' id='par_1_38' title="bbox 298 1108 1083 1143">
     <span class='ocr_line' id='line_1_38' title="bbox 298 1108 1083 1143; baseline 0 -9"><span class='ocrx_word' id='word_1_295' title='bbox 298 1109 336 1135; x_wconf 84' lang='lat' dir='ltr'><strong>nit</strong></span> <span class='ocrx_word' id='word_1_296' title='bbox 351 1109 446 1135; x_wconf 62' lang='lat' dir='ltr'><strong>cursim</strong></span> <span class='ocrx_word' id='word_1_297' title='bbox 469 1109 502 1134; x_wconf 83' lang='lat' dir='ltr'><strong>ad</strong></span> <span class='ocrx_word' id='word_1_298' title='bbox 520 1108 777 1136; x_wconf 78' lang='lat' dir='ltr'><strong>heuorabilissimum</strong></span> <span class='ocrx_word' id='word_1_299' title='bbox 794 1110 980 1142; x_wconf 75' lang='lat' dir='ltr'><strong>patriarcham,</strong></span> <span class='ocrx_word' id='word_1_300' title='bbox 998 1114 1023 1135; x_wconf 84' lang='lat' dir='ltr'><strong>et</strong></span> <span class='ocrx_word' id='word_1_301' title='bbox 1041 1109 1083 1143; x_wconf 74' lang='lat' dir='ltr'><strong>ju-</strong></span> 
     </span>
    </p>
   </div>
   <div class='ocr_carea' id='block_1_39' title="bbox 298 1154 1084 1187">
    <p class='ocr_par' dir='ltr' id='par_1_39' title="bbox 298 1154 1084 1187">
     <span class='ocr_line' id='line_1_39' title="bbox 298 1154 1084 1187; baseline 0 -7"><span class='ocrx_word' id='word_1_302' title='bbox 298 1158 352 1180; x_wconf 86' lang='lat' dir='ltr'><strong>ctat</strong></span> <span class='ocrx_word' id='word_1_303' title='bbox 374 1162 403 1180; x_wconf 84' lang='lat' dir='ltr'><strong>se</strong></span> <span class='ocrx_word' id='word_1_304' title='bbox 423 1154 454 1180; x_wconf 86' lang='lat' dir='ltr'><strong>ad</strong></span> <span class='ocrx_word' id='word_1_305' title='bbox 479 1154 559 1187; x_wconf 80' lang='lat' dir='ltr'><strong>pedes</strong></span> <span class='ocrx_word' id='word_1_306' title='bbox 582 1154 650 1187; x_wconf 86' lang='lat' dir='ltr'><strong>ejus,</strong></span> <span class='ocrx_word' id='word_1_307' title='bbox 672 1155 769 1187; x_wconf 81' lang='lat' dir='ltr'><strong>gratias</strong></span> <span class='ocrx_word' id='word_1_308' title='bbox 793 1161 873 1186; x_wconf 73' lang='lat' dir='ltr'><strong>agens</strong></span> <span class='ocrx_word' id='word_1_309' title='bbox 889 1154 943 1180; x_wconf 86' lang='lat' dir='ltr'><strong>Deo</strong></span> <span class='ocrx_word' id='word_1_310' title='bbox 957 1154 1031 1186; x_wconf 85' lang='lat' dir='ltr'><strong>elei,</strong></span> <span class='ocrx_word' id='word_1_311' title='bbox 1056 1159 1084 1180; x_wconf 87' lang='lat' dir='ltr'><strong>ct</strong></span> 
     </span>
    </p>
   </div>
   <div class='ocr_carea' id='block_1_40' title="bbox 300 1199 1084 1233">
    <p class='ocr_par' dir='ltr' id='par_1_40' title="bbox 300 1199 1084 1233">
     <span class='ocr_line' id='line_1_40' title="bbox 300 1199 1084 1233; baseline -0.003 -7"><span class='ocrx_word' id='word_1_312' title='bbox 300 1207 411 1226; x_wconf 82' lang='lat' dir='ltr'><strong>narrans</strong></span> <span class='ocrx_word' id='word_1_313' title='bbox 428 1199 555 1226; x_wconf 85' lang='lat' dir='ltr'><strong>visionem</strong></span> <span class='ocrx_word' id='word_1_314' title='bbox 572 1207 650 1233; x_wconf 88' lang='lat' dir='ltr'><strong>quam</strong></span> <span class='ocrx_word' id='word_1_315' title='bbox 666 1200 778 1226; x_wconf 79' lang='lat' dir='ltr'><strong>viderat.</strong></span> <span class='ocrx_word' id='word_1_316' title='bbox 803 1200 887 1232; x_wconf 82' lang='lat' dir='ltr'><strong>Quam</strong></span> <span class='ocrx_word' id='word_1_317' title='bbox 912 1199 1022 1226; x_wconf 87' lang='lat' dir='ltr'><strong>audiens</strong></span> <span class='ocrx_word' id='word_1_318' title='bbox 1040 1199 1084 1233; x_wconf 92' lang='lat' dir='ltr'><strong>ju-</strong></span> 
     </span>
    </p>
   </div>
   <div class='ocr_carea' id='block_1_41' title="bbox 298 1243 1084 1275">
    <p class='ocr_par' dir='ltr' id='par_1_41' title="bbox 298 1243 1084 1275">
     <span class='ocr_line' id='line_1_41' title="bbox 298 1243 1084 1275; baseline -0.001 -4"><span class='ocrx_word' id='word_1_319' title='bbox 298 1244 441 1275; x_wconf 83' lang='lat' dir='ltr'><strong>stissimus,</strong></span> <span class='ocrx_word' id='word_1_320' title='bbox 458 1244 528 1270; x_wconf 72' lang='lat' dir='ltr'><strong>dixit</strong></span> <span class='ocrx_word' id='word_1_321' title='bbox 543 1251 549 1270; x_wconf 92' lang='lat'>:</span> <span class='ocrx_word' id='word_1_322' title='bbox 566 1244 655 1270; x_wconf 81' lang='lat' dir='ltr'><strong>Gloria</strong></span> <span class='ocrx_word' id='word_1_323' title='bbox 671 1243 728 1275; x_wconf 85' lang='lat' dir='ltr'><strong>tibi,</strong></span> <span class='ocrx_word' id='word_1_324' title='bbox 752 1244 864 1275; x_wconf 65' lang='lat' dir='ltr'><strong>benigne</strong></span> <span class='ocrx_word' id='word_1_325' title='bbox 886 1248 913 1270; x_wconf 90' lang='lat' dir='ltr'><strong>et</strong></span> <span class='ocrx_word' id='word_1_326' title='bbox 932 1243 1084 1271; x_wconf 83' lang='lat' dir='ltr'><strong>misericors</strong></span> 
     </span>
    </p>
   </div>
   <div class='ocr_carea' id='block_1_42' title="bbox 301 1288 1082 1322">
    <p class='ocr_par' dir='ltr' id='par_1_42' title="bbox 301 1288 1082 1322">
     <span class='ocr_line' id='line_1_42' title="bbox 301 1288 1082 1322; baseline 0 -8"><span class='ocrx_word' id='word_1_327' title='bbox 301 1289 389 1321; x_wconf 86' lang='lat' dir='ltr'><strong>Deus,</strong></span> <span class='ocrx_word' id='word_1_328' title='bbox 419 1289 462 1322; x_wconf 87' lang='lat' dir='ltr'><strong>qui</strong></span> <span class='ocrx_word' id='word_1_329' title='bbox 488 1293 515 1314; x_wconf 93' lang='lat' dir='ltr'><strong>et</strong></span> <span class='ocrx_word' id='word_1_330' title='bbox 536 1288 749 1321; x_wconf 81' lang='lat' dir='ltr'><strong>deprecationem</strong></span> <span class='ocrx_word' id='word_1_331' title='bbox 774 1293 940 1321; x_wconf 77' lang='lat' dir='ltr'><strong>peccatorum</strong></span> <span class='ocrx_word' id='word_1_332' title='bbox 961 1289 1082 1315; x_wconf 84' lang='lat' dir='ltr'><strong>exaudis.</strong></span> 
     </span>
    </p>
   </div>
   <div class='ocr_carea' id='block_1_43' title="bbox 301 1333 1082 1368">
    <p class='ocr_par' dir='ltr' id='par_1_43' title="bbox 301 1333 1082 1368">
     <span class='ocr_line' id='line_1_43' title="bbox 301 1333 1082 1368; baseline 0 -8"><span class='ocrx_word' id='word_1_333' title='bbox 301 1334 450 1368; x_wconf 78' lang='lat' dir='ltr'><strong>Iterumque</strong></span> <span class='ocrx_word' id='word_1_334' title='bbox 474 1334 506 1360; x_wconf 87' lang='lat' dir='ltr'><strong>ad</strong></span> <span class='ocrx_word' id='word_1_335' title='bbox 531 1334 664 1360; x_wconf 86' lang='lat' dir='ltr'><strong>hominem</strong></span> <span class='ocrx_word' id='word_1_336' title='bbox 690 1333 776 1360; x_wconf 85' lang='lat' dir='ltr'><strong>dixit:</strong></span> <span class='ocrx_word' id='word_1_337' title='bbox 793 1333 971 1367; x_wconf 79' lang='lat' dir='ltr'><strong>Nequaquam,</strong></span> <span class='ocrx_word' id='word_1_338' title='bbox 999 1341 1014 1360; x_wconf 90' lang='grc' dir='ltr'><strong>ο</strong></span> <span class='ocrx_word' id='word_1_339' title='bbox 1036 1333 1082 1366; x_wconf 82' lang='lat' dir='ltr'><strong>fili,</strong></span> 
     </span>
    </p>
   </div>
   <div class='ocr_carea' id='block_1_44' title="bbox 300 1379 1082 1413">
    <p class='ocr_par' dir='ltr' id='par_1_44' title="bbox 300 1379 1082 1413">
     <span class='ocr_line' id='line_1_44' title="bbox 300 1379 1082 1413; baseline 0 -7"><span class='ocrx_word' id='word_1_340' title='bbox 300 1381 410 1413; x_wconf 77' lang='lat' dir='ltr'><strong>gratiam</strong></span> <span class='ocrx_word' id='word_1_341' title='bbox 428 1380 494 1406; x_wconf 87' lang='lat' dir='ltr'><strong>hanc</strong></span> <span class='ocrx_word' id='word_1_342' title='bbox 506 1380 619 1406; x_wconf 87' lang='lat' dir='ltr'><strong>orationi</strong></span> <span class='ocrx_word' id='word_1_343' title='bbox 633 1387 696 1406; x_wconf 71' lang='lat' dir='ltr'><strong>luem</strong></span> <span class='ocrx_word' id='word_1_344' title='bbox 711 1379 837 1411; x_wconf 82' lang='lat' dir='ltr'><strong>aseribas,</strong></span> <span class='ocrx_word' id='word_1_345' title='bbox 850 1380 896 1405; x_wconf 89' lang='lat' dir='ltr'><strong>sed</strong></span> <span class='ocrx_word' id='word_1_346' title='bbox 913 1380 966 1406; x_wconf 85' lang='lat' dir='ltr'><strong>Deo</strong></span> <span class='ocrx_word' id='word_1_347' title='bbox 981 1383 1008 1406; x_wconf 86' lang='lat' dir='ltr'><strong>et</strong></span> <span class='ocrx_word' id='word_1_348' title='bbox 1024 1379 1082 1406; x_wconf 85' lang='lat' dir='ltr'><strong>fidei</strong></span> 
     </span>
    </p>
   </div>
   <div class='ocr_carea' id='block_1_45' title="bbox 300 1423 1084 1458">
    <p class='ocr_par' dir='ltr' id='par_1_45' title="bbox 300 1423 1084 1458">
     <span class='ocr_line' id='line_1_45' title="bbox 300 1423 1084 1458; baseline -0.003 -7"><span class='ocrx_word' id='word_1_349' title='bbox 300 1429 362 1458; x_wconf 63' lang='lat' dir='ltr'><strong>tum,</strong></span> <span class='ocrx_word' id='word_1_350' title='bbox 379 1426 433 1450; x_wconf 36' lang='lat' dir='ltr'><strong>haec</strong></span> <span class='ocrx_word' id='word_1_351' title='bbox 444 1425 514 1451; x_wconf 86' lang='lat' dir='ltr'><strong>enim</strong></span> <span class='ocrx_word' id='word_1_352' title='bbox 526 1426 612 1450; x_wconf 77' lang='lat' dir='ltr'><strong>omnia</strong></span> <span class='ocrx_word' id='word_1_353' title='bbox 627 1424 675 1451; x_wconf 86' lang='lat' dir='ltr'><strong>ista</strong></span> <span class='ocrx_word' id='word_1_354' title='bbox 687 1424 926 1457; x_wconf 84' lang='lat' dir='ltr'><strong>impetrarevalnit.</strong></span> <span class='ocrx_word' id='word_1_355' title='bbox 940 1423 1002 1449; x_wconf 84' lang='lat' dir='ltr'><strong>Erat</strong></span> <span class='ocrx_word' id='word_1_356' title='bbox 1013 1424 1084 1450; x_wconf 90' lang='lat' dir='ltr'><strong>enim</strong></span> 
     </span>
    </p>
   </div>
   <div class='ocr_carea' id='block_1_46' title="bbox 301 1469 1084 1503">
    <p class='ocr_par' dir='ltr' id='par_1_46' title="bbox 301 1469 1084 1503">
     <span class='ocr_line' id='line_1_46' title="bbox 301 1469 1084 1503; baseline 0 -8"><span class='ocrx_word' id='word_1_357' title='bbox 301 1471 378 1497; x_wconf 81' lang='lat' dir='ltr'><strong>valde</strong></span> <span class='ocrx_word' id='word_1_358' title='bbox 390 1471 524 1497; x_wconf 78' lang='lat' dir='ltr'><strong>humiliter</strong></span> <span class='ocrx_word' id='word_1_359' title='bbox 534 1470 650 1497; x_wconf 76' lang='lat' dir='ltr'><strong>sentiens</strong></span> <span class='ocrx_word' id='word_1_360' title='bbox 663 1473 780 1501; x_wconf 84' lang='lat' dir='ltr'><strong>sanctus,</strong></span> <span class='ocrx_word' id='word_1_361' title='bbox 794 1469 881 1496; x_wconf 85' lang='lat' dir='ltr'><strong>verbis</strong></span> <span class='ocrx_word' id='word_1_362' title='bbox 895 1469 995 1496; x_wconf 80' lang='lat' dir='ltr'><strong>scilicet</strong></span> <span class='ocrx_word' id='word_1_363' title='bbox 1005 1473 1084 1503; x_wconf 83' lang='lat' dir='ltr'><strong>atque</strong></span> 
     </span>
    </p>
   </div>
   <div class='ocr_carea' id='block_1_47' title="bbox 302 1516 448 1549">
    <p class='ocr_par' dir='ltr' id='par_1_47' title="bbox 302 1516 448 1549">
     <span class='ocr_line' id='line_1_47' title="bbox 302 1516 448 1549; baseline 0 -8"><span class='ocrx_word' id='word_1_364' title='bbox 302 1516 448 1549; x_wconf 82' lang='lat' dir='ltr'><strong>prudentia.</strong></span> 
     </span>
    </p>
   </div>
   <div class='ocr_carea' id='block_1_48' title="bbox 1129 923 1914 962">
    <p class='ocr_par' dir='ltr' id='par_1_48' title="bbox 1129 923 1914 962">
     <span class='ocr_line' id='line_1_48' title="bbox 1129 923 1914 962; baseline 0.008 -13"><span class='ocrx_word' id='word_1_365' title='bbox 1129 923 1291 956; x_wconf 69' lang='lat' dir='ltr'><strong>disparehat,</strong></span> <span class='ocrx_word' id='word_1_366' title='bbox 1307 924 1388 959; x_wconf 78' lang='lat' dir='ltr'><strong>frigus</strong></span> <span class='ocrx_word' id='word_1_367' title='bbox 1409 927 1487 951; x_wconf 86' lang='lat' dir='ltr'><strong>etiam</strong></span> <span class='ocrx_word' id='word_1_368' title='bbox 1502 926 1654 958; x_wconf 84' lang='lat' dir='ltr'><strong>recedebat,</strong></span> <span class='ocrx_word' id='word_1_369' title='bbox 1671 927 1796 954; x_wconf 78' lang='lat' dir='ltr'><strong>fortitudo</strong></span> <span class='ocrx_word' id='word_1_370' title='bbox 1810 935 1914 962; x_wconf 75' lang='lat' dir='ltr'><strong>quoque</strong></span> 
     </span>
    </p>
   </div>
   <div class='ocr_carea' id='block_1_49' title="bbox 1130 970 1914 1005">
    <p class='ocr_par' dir='ltr' id='par_1_49' title="bbox 1130 970 1914 1005">
     <span class='ocr_line' id='line_1_49' title="bbox 1130 970 1914 1005; baseline 0.005 -9"><span class='ocrx_word' id='word_1_371' title='bbox 1130 974 1156 996; x_wconf 89' lang='lat' dir='ltr'><strong>et</strong></span> <span class='ocrx_word' id='word_1_372' title='bbox 1170 970 1289 1004; x_wconf 73' lang='lat' dir='ltr'><strong>corporis</strong></span> <span class='ocrx_word' id='word_1_373' title='bbox 1304 970 1362 1004; x_wconf 86' lang='lat' dir='ltr'><strong>ejus</strong></span> <span class='ocrx_word' id='word_1_374' title='bbox 1380 971 1452 996; x_wconf 87' lang='lat' dir='ltr'><strong>calor</strong></span> <span class='ocrx_word' id='word_1_375' title='bbox 1476 971 1508 997; x_wconf 91' lang='lat' dir='ltr'><strong>ad</strong></span> <span class='ocrx_word' id='word_1_376' title='bbox 1529 979 1588 998; x_wconf 87' lang='lat' dir='ltr'><strong>eum</strong></span> <span class='ocrx_word' id='word_1_377' title='bbox 1609 972 1808 999; x_wconf 80' lang='lat' dir='ltr'><strong>revertebantur</strong></span> <span class='ocrx_word' id='word_1_378' title='bbox 1821 981 1828 1005; x_wconf 86' lang='lat'>;</span> <span class='ocrx_word' id='word_1_379' title='bbox 1841 978 1869 1000; x_wconf 93' lang='lat' dir='ltr'><strong>ut</strong></span> <span class='ocrx_word' id='word_1_380' title='bbox 1881 981 1914 1000; x_wconf 79' lang='lat' dir='ltr'><strong>ex</strong></span> 
     </span>
    </p>
   </div>
   <div class='ocr_carea' id='block_1_50' title="bbox 1133 1016 1914 1051">
    <p class='ocr_par' dir='ltr' id='par_1_50' title="bbox 1133 1016 1914 1051">
     <span class='ocr_line' id='line_1_50' title="bbox 1133 1016 1914 1051; baseline 0.003 -8"><span class='ocrx_word' id='word_1_381' title='bbox 1133 1016 1182 1043; x_wconf 90' lang='lat' dir='ltr'><strong>hoc</strong></span> <span class='ocrx_word' id='word_1_382' title='bbox 1206 1025 1257 1042; x_wconf 91' lang='lat' dir='ltr'><strong>non</strong></span> <span class='ocrx_word' id='word_1_383' title='bbox 1284 1021 1371 1049; x_wconf 74' lang='lat' dir='ltr'><strong>posset</strong></span> <span class='ocrx_word' id='word_1_384' title='bbox 1400 1016 1480 1044; x_wconf 86' lang='lat' dir='ltr'><strong>latere</strong></span> <span class='ocrx_word' id='word_1_385' title='bbox 1507 1017 1574 1044; x_wconf 87' lang='lat' dir='ltr'><strong>hanc</strong></span> <span class='ocrx_word' id='word_1_386' title='bbox 1597 1024 1656 1044; x_wconf 85' lang='lat' dir='ltr'><strong>esse</strong></span> <span class='ocrx_word' id='word_1_387' title='bbox 1676 1025 1782 1044; x_wconf 73' lang='lat' dir='ltr'><strong>cauSam</strong></span> <span class='ocrx_word' id='word_1_388' title='bbox 1806 1024 1914 1051; x_wconf 83' lang='lat' dir='ltr'><strong>repente</strong></span> 
     </span>
    </p>
   </div>
   <div class='ocr_carea' id='block_1_51' title="bbox 1133 1062 1916 1098">
    <p class='ocr_par' dir='ltr' id='par_1_51' title="bbox 1133 1062 1916 1098">
     <span class='ocr_line' id='line_1_51' title="bbox 1133 1062 1916 1098; baseline 0 -10"><span class='ocrx_word' id='word_1_389' title='bbox 1133 1062 1385 1095; x_wconf 77' lang='lat' dir='ltr'><strong>eomprehendentis</strong></span> <span class='ocrx_word' id='word_1_390' title='bbox 1413 1069 1472 1089; x_wconf 90' lang='lat' dir='ltr'><strong>cum</strong></span> <span class='ocrx_word' id='word_1_391' title='bbox 1501 1063 1725 1090; x_wconf 79' lang='lat' dir='ltr'><strong>counnutatIOnis.</strong></span> <span class='ocrx_word' id='word_1_392' title='bbox 1761 1063 1916 1098; x_wconf 70' lang='lat' dir='ltr'><strong>Suscipiens</strong></span> 
     </span>
    </p>
   </div>
   <div class='ocr_carea' id='block_1_52' title="bbox 1133 1107 1916 1140">
    <p class='ocr_par' dir='ltr' id='par_1_52' title="bbox 1133 1107 1916 1140">
     <span class='ocr_line' id='line_1_52' title="bbox 1133 1107 1916 1140; baseline 0.003 -8"><span class='ocrx_word' id='word_1_393' title='bbox 1133 1114 1196 1140; x_wconf 75' lang='lat' dir='ltr'><strong>ergo</strong></span> <span class='ocrx_word' id='word_1_394' title='bbox 1208 1114 1302 1133; x_wconf 90' lang='lat' dir='ltr'><strong>aurum</strong></span> <span class='ocrx_word' id='word_1_395' title='bbox 1319 1107 1352 1133; x_wconf 89' lang='lat' dir='ltr'><strong>ab</strong></span> <span class='ocrx_word' id='word_1_396' title='bbox 1372 1107 1532 1133; x_wconf 85' lang='lat' dir='ltr'><strong>houorandis</strong></span> <span class='ocrx_word' id='word_1_397' title='bbox 1552 1107 1673 1134; x_wconf 81' lang='lat' dir='ltr'><strong>Inanian</strong></span> <span class='ocrx_word' id='word_1_398' title='bbox 1698 1109 1864 1140; x_wconf 65' lang='lat' dir='ltr'><strong>patriarchae,</strong></span> <span class='ocrx_word' id='word_1_399' title='bbox 1889 1113 1916 1135; x_wconf 85' lang='lat' dir='ltr'><strong>et</strong></span> 
     </span>
    </p>
   </div>
   <div class='ocr_carea' id='block_1_53' title="bbox 1135 1152 1916 1188">
    <p class='ocr_par' dir='ltr' id='par_1_53' title="bbox 1135 1152 1916 1188">
     <span class='ocr_line' id='line_1_53' title="bbox 1135 1152 1916 1188; baseline 0.003 -10"><span class='ocrx_word' id='word_1_400' title='bbox 1135 1152 1199 1178; x_wconf 92' lang='lat' dir='ltr'><strong>nihil</strong></span> <span class='ocrx_word' id='word_1_401' title='bbox 1227 1153 1336 1178; x_wconf 89' lang='lat' dir='ltr'><strong>omnino</strong></span> <span class='ocrx_word' id='word_1_402' title='bbox 1358 1153 1553 1185; x_wconf 84' lang='lat' dir='ltr'><strong>cuntradlccns,</strong></span> <span class='ocrx_word' id='word_1_403' title='bbox 1582 1153 1756 1187; x_wconf 81' lang='lat' dir='ltr'><strong>exspectabat</strong></span> <span class='ocrx_word' id='word_1_404' title='bbox 1775 1155 1808 1181; x_wconf 86' lang='lat' dir='ltr'><strong>ab</strong></span> <span class='ocrx_word' id='word_1_405' title='bbox 1822 1161 1854 1181; x_wconf 90' lang='lat' dir='ltr'><strong>eo</strong></span> <span class='ocrx_word' id='word_1_406' title='bbox 1869 1162 1916 1188; x_wconf 85' lang='lat' dir='ltr'><strong>pa-</strong></span> 
     </span>
    </p>
   </div>
   <div class='ocr_carea' id='block_1_54' title="bbox 1136 1197 1916 1231">
    <p class='ocr_par' dir='ltr' id='par_1_54' title="bbox 1136 1197 1916 1231">
     <span class='ocr_line' id='line_1_54' title="bbox 1136 1197 1916 1231; baseline 0.005 -9"><span class='ocrx_word' id='word_1_407' title='bbox 1136 1197 1251 1223; x_wconf 78' lang='lat' dir='ltr'><strong>triarcha</strong></span> <span class='ocrx_word' id='word_1_408' title='bbox 1281 1197 1501 1231; x_wconf 79' lang='lat' dir='ltr'><strong>conscriptiouem</strong></span> <span class='ocrx_word' id='word_1_409' title='bbox 1525 1198 1763 1225; x_wconf 82' lang='lat' dir='ltr'><strong>abrenuntiatiOuis</strong></span> <span class='ocrx_word' id='word_1_410' title='bbox 1787 1200 1916 1226; x_wconf 78' lang='lat' dir='ltr'><strong>mercedis</strong></span> 
     </span>
    </p>
   </div>
   <div class='ocr_carea' id='block_1_55' title="bbox 1135 1242 1916 1276">
    <p class='ocr_par' dir='ltr' id='par_1_55' title="bbox 1135 1242 1916 1276">
     <span class='ocr_line' id='line_1_55' title="bbox 1135 1242 1916 1276; baseline 0.003 -8"><span class='ocrx_word' id='word_1_411' title='bbox 1135 1248 1226 1268; x_wconf 84' lang='lat' dir='ltr'><strong>earum</strong></span> <span class='ocrx_word' id='word_1_412' title='bbox 1240 1249 1298 1275; x_wconf 72' lang='lat' dir='ltr'><strong>qua:</strong></span> <span class='ocrx_word' id='word_1_413' title='bbox 1313 1242 1381 1268; x_wconf 76' lang='lat' dir='ltr'><strong>data:</strong></span> <span class='ocrx_word' id='word_1_414' title='bbox 1396 1245 1458 1268; x_wconf 81' lang='lat' dir='ltr'><strong>sunt</strong></span> <span class='ocrx_word' id='word_1_415' title='bbox 1475 1242 1581 1276; x_wconf 79' lang='lat' dir='ltr'><strong>triginta</strong></span> <span class='ocrx_word' id='word_1_416' title='bbox 1603 1244 1660 1270; x_wconf 90' lang='lat' dir='ltr'><strong>auri</strong></span> <span class='ocrx_word' id='word_1_417' title='bbox 1681 1243 1818 1270; x_wconf 89' lang='lat' dir='ltr'><strong>librarum.</strong></span> <span class='ocrx_word' id='word_1_418' title='bbox 1844 1243 1916 1270; x_wconf 76' lang='lat' dir='ltr'><strong>Fecl</strong></span> 
     </span>
    </p>
   </div>
   <div class='ocr_carea' id='block_1_56' title="bbox 1135 1286 1918 1322">
    <p class='ocr_par' dir='ltr' id='par_1_56' title="bbox 1135 1286 1918 1322">
     <span class='ocr_line' id='line_1_56' title="bbox 1135 1286 1918 1322; baseline 0.003 -10"><span class='ocrx_word' id='word_1_419' title='bbox 1135 1291 1222 1313; x_wconf 86' lang='lat' dir='ltr'><strong>autem</strong></span> <span class='ocrx_word' id='word_1_420' title='bbox 1236 1286 1286 1313; x_wconf 89' lang='lat' dir='ltr'><strong>hoc</strong></span> <span class='ocrx_word' id='word_1_421' title='bbox 1308 1294 1368 1313; x_wconf 94' lang='lat' dir='ltr'><strong>cum</strong></span> <span class='ocrx_word' id='word_1_422' title='bbox 1384 1286 1481 1321; x_wconf 79' lang='lat' dir='ltr'><strong>gaudio</strong></span> <span class='ocrx_word' id='word_1_423' title='bbox 1501 1287 1606 1314; x_wconf 82' lang='lat' dir='ltr'><strong>Troilus</strong></span> <span class='ocrx_word' id='word_1_424' title='bbox 1621 1288 1770 1322; x_wconf 81' lang='lat' dir='ltr'><strong>episcopus,</strong></span> <span class='ocrx_word' id='word_1_425' title='bbox 1799 1289 1918 1315; x_wconf 76' lang='lat' dir='ltr'><strong>scribens</strong></span> 
     </span>
    </p>
   </div>
   <div class='ocr_carea' id='block_1_57' title="bbox 1135 1333 1917 1366">
    <p class='ocr_par' dir='ltr' id='par_1_57' title="bbox 1135 1333 1917 1366">
     <span class='ocr_line' id='line_1_57' title="bbox 1135 1333 1917 1366; baseline 0.001 -7"><span class='ocrx_word' id='word_1_426' title='bbox 1135 1333 1248 1366; x_wconf 83' lang='lat' dir='ltr'><strong>propriis</strong></span> <span class='ocrx_word' id='word_1_427' title='bbox 1260 1333 1380 1359; x_wconf 84' lang='lat' dir='ltr'><strong>manibus</strong></span> <span class='ocrx_word' id='word_1_428' title='bbox 1396 1333 1430 1360; x_wconf 84' lang='lat' dir='ltr'><strong>ita</strong></span> <span class='ocrx_word' id='word_1_429' title='bbox 1446 1341 1452 1359; x_wconf 95' lang='lat'>:</span> <span class='ocrx_word' id='word_1_430' title='bbox 1465 1333 1546 1366; x_wconf 83' lang='lat' dir='ltr'><strong>Deus,</strong></span> <span class='ocrx_word' id='word_1_431' title='bbox 1558 1334 1665 1360; x_wconf 83' lang='lat' dir='ltr'><strong>domino</strong></span> <span class='ocrx_word' id='word_1_432' title='bbox 1676 1341 1735 1360; x_wconf 88' lang='lat' dir='ltr'><strong>meo</strong></span> <span class='ocrx_word' id='word_1_433' title='bbox 1748 1333 1844 1360; x_wconf 84' lang='lat' dir='ltr'><strong>Joanni</strong></span> <span class='ocrx_word' id='word_1_434' title='bbox 1856 1335 1917 1360; x_wconf 85' lang='lat' dir='ltr'><strong>hea—</strong></span> 
     </span>
    </p>
   </div>
   <div class='ocr_carea' id='block_1_58' title="bbox 1136 1379 1918 1414">
    <p class='ocr_par' dir='ltr' id='par_1_58' title="bbox 1136 1379 1918 1414">
     <span class='ocr_line' id='line_1_58' title="bbox 1136 1379 1918 1414; baseline 0.003 -10"><span class='ocrx_word' id='word_1_435' title='bbox 1136 1379 1239 1405; x_wconf 78' lang='lat' dir='ltr'><strong>tissimo</strong></span> <span class='ocrx_word' id='word_1_436' title='bbox 1263 1379 1420 1412; x_wconf 78' lang='lat' dir='ltr'><strong>patriarcha:</strong></span> <span class='ocrx_word' id='word_1_437' title='bbox 1445 1379 1522 1412; x_wconf 84' lang='lat' dir='ltr'><strong>hujus</strong></span> <span class='ocrx_word' id='word_1_438' title='bbox 1549 1379 1789 1406; x_wconf 64' lang='lat' dir='ltr'><strong>Alexandrinorum</strong></span> <span class='ocrx_word' id='word_1_439' title='bbox 1818 1387 1918 1414; x_wconf 74' lang='lat' dir='ltr'><strong>magna:</strong></span> 
     </span>
    </p>
   </div>
   <div class='ocr_carea' id='block_1_59' title="bbox 1135 1423 1919 1458">
    <p class='ocr_par' dir='ltr' id='par_1_59' title="bbox 1135 1423 1919 1458">
     <span class='ocr_line' id='line_1_59' title="bbox 1135 1423 1919 1458; baseline 0.003 -10"><span class='ocrx_word' id='word_1_440' title='bbox 1135 1423 1259 1454; x_wconf 85' lang='lat' dir='ltr'><strong>civitatis,</strong></span> <span class='ocrx_word' id='word_1_441' title='bbox 1283 1423 1315 1448; x_wconf 86' lang='lat' dir='ltr'><strong>da</strong></span> <span class='ocrx_word' id='word_1_442' title='bbox 1337 1423 1486 1450; x_wconf 79' lang='lat' dir='ltr'><strong>mercedem</strong></span> <span class='ocrx_word' id='word_1_443' title='bbox 1504 1423 1607 1457; x_wconf 81' lang='lat' dir='ltr'><strong>triginta</strong></span> <span class='ocrx_word' id='word_1_444' title='bbox 1632 1424 1755 1450; x_wconf 68' lang='lat' dir='ltr'><strong>lifrarnm</strong></span> <span class='ocrx_word' id='word_1_445' title='bbox 1780 1431 1838 1458; x_wconf 67' lang='lat' dir='ltr'><strong>quae</strong></span> <span class='ocrx_word' id='word_1_446' title='bbox 1858 1424 1919 1450; x_wconf 86' lang='lat' dir='ltr'><strong>data</strong></span> 
     </span>
    </p>
   </div>
   <div class='ocr_carea' id='block_1_60' title="bbox 1135 1460 1916 1502">
    <p class='ocr_par' dir='ltr' id='par_1_60' title="bbox 1135 1460 1916 1502">
     <span class='ocr_line' id='line_1_60' title="bbox 1135 1460 1916 1502; baseline 0.001 -9"><span class='ocrx_word' id='word_1_447' title='bbox 1135 1471 1197 1493; x_wconf 87' lang='lat' dir='ltr'><strong>sunt</strong></span> <span class='ocrx_word' id='word_1_448' title='bbox 1215 1460 1271 1498; x_wconf 78' lang='lat' dir='ltr'><strong>tibi,</strong></span> <span class='ocrx_word' id='word_1_449' title='bbox 1292 1467 1416 1500; x_wconf 88' lang='lat' dir='ltr'><strong>quoniam</strong></span> <span class='ocrx_word' id='word_1_450' title='bbox 1442 1474 1491 1502; x_wconf 82' lang='lat' dir='ltr'><strong>ego</strong></span> <span class='ocrx_word' id='word_1_451' title='bbox 1511 1468 1600 1501; x_wconf 84' lang='lat' dir='ltr'><strong>recepi</strong></span> <span class='ocrx_word' id='word_1_452' title='bbox 1620 1475 1687 1494; x_wconf 79' lang='lat' dir='ltr'><strong>mea.</strong></span> <span class='ocrx_word' id='word_1_453' title='bbox 1711 1468 1766 1495; x_wconf 82' lang='lat' dir='ltr'><strong>Hoc</strong></span> <span class='ocrx_word' id='word_1_454' title='bbox 1790 1469 1916 1501; x_wconf 86' lang='lat' dir='ltr'><strong>scriptum</strong></span> 
     </span>
    </p>
   </div>
   <div class='ocr_carea' id='block_1_61' title="bbox 1136 1511 1920 1548">
    <p class='ocr_par' dir='ltr' id='par_1_61' title="bbox 1136 1511 1920 1548">
     <span class='ocr_line' id='line_1_61' title="bbox 1136 1511 1920 1548; baseline 0.005 -11"><span class='ocrx_word' id='word_1_455' title='bbox 1136 1511 1226 1546; x_wconf 83' lang='lat' dir='ltr'><strong>itaque</strong></span> <span class='ocrx_word' id='word_1_456' title='bbox 1245 1518 1352 1539; x_wconf 84' lang='lat' dir='ltr'><strong>sanctus</strong></span> <span class='ocrx_word' id='word_1_457' title='bbox 1367 1513 1511 1546; x_wconf 84' lang='lat' dir='ltr'><strong>accipiens,</strong></span> <span class='ocrx_word' id='word_1_458' title='bbox 1527 1516 1639 1548; x_wconf 85' lang='lat' dir='ltr'><strong>sumpsit</strong></span> <span class='ocrx_word' id='word_1_459' title='bbox 1653 1521 1743 1540; x_wconf 86' lang='lat' dir='ltr'><strong>secum</strong></span> <span class='ocrx_word' id='word_1_460' title='bbox 1758 1519 1784 1541; x_wconf 84' lang='lat' dir='ltr'><strong>et</strong></span> <span class='ocrx_word' id='word_1_461' title='bbox 1796 1515 1920 1542; x_wconf 85' lang='lat' dir='ltr'><strong>eumdem</strong></span> 
     </span>
    </p>
   </div>
   <div class='ocr_carea' id='block_1_62' title="bbox 336 1555 1920 1594">
    <p class='ocr_par' dir='ltr' id='par_1_62' title="bbox 336 1555 1920 1594">
     <span class='ocr_line' id='line_1_62' title="bbox 336 1555 1920 1594; baseline 0.001 -8"><span class='ocrx_word' id='word_1_462' title='bbox 336 1561 400 1586; x_wconf 72' lang='lat' dir='ltr'><strong>CAP.</strong></span> <span class='ocrx_word' id='word_1_463' title='bbox 423 1560 515 1587; x_wconf 76' lang='lat' dir='ltr'><strong>XXVI.</strong></span> <span class='ocrx_word' id='word_1_464' title='bbox 531 1575 565 1580; x_wconf 95' lang='lat'><strong>—</strong></span> <span class='ocrx_word' id='word_1_465' title='bbox 581 1560 863 1594; x_wconf 76' lang='lat' dir='ltr'><strong>Pergebataliquando</strong></span> <span class='ocrx_word' id='word_1_466' title='bbox 888 1560 929 1587; x_wconf 88' lang='lat' dir='ltr'><strong>hic</strong></span> <span class='ocrx_word' id='word_1_467' title='bbox 947 1560 1038 1587; x_wconf 90' lang='lat' dir='ltr'><strong>beatus</strong></span> <span class='ocrx_word' id='word_1_468' title='bbox 1051 1559 1083 1586; x_wconf 83' lang='lat' dir='ltr'><strong>ad</strong></span> <span class='ocrx_word' id='word_1_469' title='bbox 1099 1555 1121 1586; x_wconf 88' lang='lat' dir='ltr'><strong><em>C</em></strong></span> <span class='ocrx_word' id='word_1_470' title='bbox 1137 1559 1291 1592; x_wconf 82' lang='lat' dir='ltr'><strong>episcopum</strong></span> <span class='ocrx_word' id='word_1_471' title='bbox 1315 1558 1347 1585; x_wconf 88' lang='lat' dir='ltr'><strong>ad</strong></span> <span class='ocrx_word' id='word_1_472' title='bbox 1373 1559 1523 1592; x_wconf 81' lang='lat' dir='ltr'><strong>prandium,</strong></span> <span class='ocrx_word' id='word_1_473' title='bbox 1546 1565 1573 1586; x_wconf 89' lang='lat' dir='ltr'><strong>ut</strong></span> <span class='ocrx_word' id='word_1_474' title='bbox 1588 1560 1657 1586; x_wconf 84' lang='lat' dir='ltr'><strong>enim</strong></span> <span class='ocrx_word' id='word_1_475' title='bbox 1673 1560 1727 1594; x_wconf 89' lang='lat' dir='ltr'><strong>jam</strong></span> <span class='ocrx_word' id='word_1_476' title='bbox 1750 1560 1849 1587; x_wconf 87' lang='lat' dir='ltr'><strong>dictum</strong></span> <span class='ocrx_word' id='word_1_477' title='bbox 1867 1565 1920 1593; x_wconf 86' lang='lat' dir='ltr'><strong>est,</strong></span> 
     </span>
    </p>
   </div>
   <div class='ocr_carea' id='block_1_63' title="bbox 304 1605 1085 1639">
    <p class='ocr_par' dir='ltr' id='par_1_63' title="bbox 304 1605 1085 1639">
     <span class='ocr_line' id='line_1_63' title="bbox 304 1605 1085 1639; baseline 0.001 -9"><span class='ocrx_word' id='word_1_478' title='bbox 304 1605 448 1631; x_wconf 84' lang='lat' dir='ltr'><strong>visitaudos</strong></span> <span class='ocrx_word' id='word_1_479' title='bbox 464 1612 604 1638; x_wconf 73' lang='lat' dir='ltr'><strong>paup-res,</strong></span> <span class='ocrx_word' id='word_1_480' title='bbox 622 1606 646 1631; x_wconf 92' lang='lat' dir='ltr'><strong>in</strong></span> <span class='ocrx_word' id='word_1_481' title='bbox 661 1607 747 1631; x_wconf 86' lang='lat' dir='ltr'><strong>locum</strong></span> <span class='ocrx_word' id='word_1_482' title='bbox 761 1607 802 1639; x_wconf 83' lang='lat' dir='ltr'><strong>qui</strong></span> <span class='ocrx_word' id='word_1_483' title='bbox 817 1606 912 1632; x_wconf 84' lang='lat' dir='ltr'><strong>dicitur</strong></span> <span class='ocrx_word' id='word_1_484' title='bbox 924 1605 1085 1637; x_wconf 73' lang='lat' dir='ltr'><strong>Ctesarium;</strong></span> 
     </span>
    </p>
   </div>
   <div class='ocr_carea' id='block_1_64' title="bbox 308 1649 1087 1684">
    <p class='ocr_par' dir='ltr' id='par_1_64' title="bbox 308 1649 1087 1684">
     <span class='ocr_line' id='line_1_64' title="bbox 308 1649 1087 1684; baseline 0.001 -9"><span class='ocrx_word' id='word_1_485' title='bbox 308 1651 362 1676; x_wconf 86' lang='lat' dir='ltr'><strong>illic</strong></span> <span class='ocrx_word' id='word_1_486' title='bbox 377 1650 446 1676; x_wconf 83' lang='lat' dir='ltr'><strong>enim</strong></span> <span class='ocrx_word' id='word_1_487' title='bbox 460 1651 498 1676; x_wconf 82' lang='lat' dir='ltr'><strong>eis</strong></span> <span class='ocrx_word' id='word_1_488' title='bbox 513 1652 609 1676; x_wconf 81' lang='lat' dir='ltr'><strong>lecorat</strong></span> <span class='ocrx_word' id='word_1_489' title='bbox 625 1651 697 1683; x_wconf 64' lang='lat' dir='ltr'><strong>quasi</strong></span> <span class='ocrx_word' id='word_1_490' title='bbox 714 1651 802 1676; x_wconf 86' lang='lat' dir='ltr'><strong>tholos</strong></span> <span class='ocrx_word' id='word_1_491' title='bbox 813 1649 870 1684; x_wconf 67' lang='lat'><strong>(6‘))</strong></span> <span class='ocrx_word' id='word_1_492' title='bbox 884 1651 1009 1684; x_wconf 81' lang='lat' dir='ltr'><strong>quosdam</strong></span> <span class='ocrx_word' id='word_1_493' title='bbox 1025 1658 1087 1684; x_wconf 86' lang='lat' dir='ltr'><strong>pro-</strong></span> 
     </span>
    </p>
   </div>
   <div class='ocr_carea' id='block_1_65' title="bbox 306 1693 1089 1728">
    <p class='ocr_par' dir='ltr' id='par_1_65' title="bbox 306 1693 1089 1728">
     <span class='ocr_line' id='line_1_65' title="bbox 306 1693 1089 1728; baseline 0.003 -10"><span class='ocrx_word' id='word_1_494' title='bbox 306 1693 383 1724; x_wconf 80' lang='lat' dir='ltr'><strong>lixos,</strong></span> <span class='ocrx_word' id='word_1_495' title='bbox 400 1694 491 1727; x_wconf 76' lang='lat' dir='ltr'><strong>ligneis</strong></span> <span class='ocrx_word' id='word_1_496' title='bbox 509 1695 604 1720; x_wconf 82' lang='lat' dir='ltr'><strong>tabulis</strong></span> <span class='ocrx_word' id='word_1_497' title='bbox 619 1696 768 1726; x_wconf 82' lang='lat' dir='ltr'><strong>pavimento</strong></span> <span class='ocrx_word' id='word_1_498' title='bbox 781 1701 863 1720; x_wconf 75' lang='lat' dir='ltr'><strong>strato</strong></span> <span class='ocrx_word' id='word_1_499' title='bbox 874 1696 906 1721; x_wconf 86' lang='lat' dir='ltr'><strong>ad</strong></span> <span class='ocrx_word' id='word_1_500' title='bbox 921 1696 1089 1728; x_wconf 80' lang='lat' dir='ltr'><strong>requiescen-</strong></span> 
     </span>
    </p>
   </div>
   <div class='ocr_carea' id='block_1_66' title="bbox 305 1740 1089 1775">
    <p class='ocr_par' dir='ltr' id='par_1_66' title="bbox 305 1740 1089 1775">
     <span class='ocr_line' id='line_1_66' title="bbox 305 1740 1089 1775; baseline 0.001 -9"><span class='ocrx_word' id='word_1_501' title='bbox 305 1740 352 1766; x_wconf 86' lang='lat' dir='ltr'><strong>dos</strong></span> <span class='ocrx_word' id='word_1_502' title='bbox 376 1747 431 1770; x_wconf 84' lang='lat' dir='ltr'><strong>eos,</strong></span> <span class='ocrx_word' id='word_1_503' title='bbox 457 1744 484 1765; x_wconf 91' lang='lat' dir='ltr'><strong>et</strong></span> <span class='ocrx_word' id='word_1_504' title='bbox 510 1740 588 1765; x_wconf 87' lang='lat' dir='ltr'><strong>simul</strong></span> <span class='ocrx_word' id='word_1_505' title='bbox 604 1748 662 1766; x_wconf 84' lang='lat' dir='ltr'><strong>cum</strong></span> <span class='ocrx_word' id='word_1_506' title='bbox 677 1741 771 1766; x_wconf 83' lang='lat' dir='ltr'><strong>storeis</strong></span> <span class='ocrx_word' id='word_1_507' title='bbox 788 1746 813 1765; x_wconf 83' lang='lat' dir='ltr'><strong>et</strong></span> <span class='ocrx_word' id='word_1_508' title='bbox 835 1741 955 1767; x_wconf 79' lang='lat' dir='ltr'><strong>rachanis</strong></span> <span class='ocrx_word' id='word_1_509' title='bbox 970 1741 1026 1775; x_wconf 79' lang='grc'><strong>(70)</strong></span> <span class='ocrx_word' id='word_1_510' title='bbox 1043 1749 1089 1774; x_wconf 76' lang='lat' dir='ltr'><strong>per</strong></span> 
     </span>
    </p>
   </div>
   <div class='ocr_carea' id='block_1_67' title="bbox 305 1783 1087 1818">
    <p class='ocr_par' dir='ltr' id='par_1_67' title="bbox 305 1783 1087 1818">
     <span class='ocr_line' id='line_1_67' title="bbox 305 1783 1087 1818; baseline 0.001 -9"><span class='ocrx_word' id='word_1_511' title='bbox 305 1788 385 1809; x_wconf 85' lang='lat' dir='ltr'><strong>totam</strong></span> <span class='ocrx_word' id='word_1_512' title='bbox 403 1783 526 1813; x_wconf 78' lang='lat' dir='ltr'><strong>hiemem,</strong></span> <span class='ocrx_word' id='word_1_513' title='bbox 543 1791 601 1810; x_wconf 86' lang='lat' dir='ltr'><strong>cum</strong></span> <span class='ocrx_word' id='word_1_514' title='bbox 616 1784 729 1816; x_wconf 84' lang='lat' dir='ltr'><strong>quodam</strong></span> <span class='ocrx_word' id='word_1_515' title='bbox 743 1786 928 1817; x_wconf 83' lang='lat' dir='ltr'><strong>episcoporum</strong></span> <span class='ocrx_word' id='word_1_516' title='bbox 941 1793 1031 1811; x_wconf 86' lang='lat' dir='ltr'><strong>eorum</strong></span> <span class='ocrx_word' id='word_1_517' title='bbox 1043 1785 1087 1818; x_wconf 88' lang='lat' dir='ltr'><strong>qui</strong></span> 
     </span>
    </p>
   </div>
   <div class='ocr_carea' id='block_1_68' title="bbox 305 1829 1089 1863">
    <p class='ocr_par' dir='ltr' id='par_1_68' title="bbox 305 1829 1089 1863">
     <span class='ocr_line' id='line_1_68' title="bbox 305 1829 1089 1863; baseline 0.003 -9"><span class='ocrx_word' id='word_1_518' title='bbox 305 1836 364 1854; x_wconf 86' lang='lat' dir='ltr'><strong>cum</strong></span> <span class='ocrx_word' id='word_1_519' title='bbox 388 1835 420 1855; x_wconf 85' lang='lat' dir='ltr'><strong>eo</strong></span> <span class='ocrx_word' id='word_1_520' title='bbox 449 1833 534 1859; x_wconf 81' lang='lat' dir='ltr'><strong>erant,</strong></span> <span class='ocrx_word' id='word_1_521' title='bbox 563 1833 681 1854; x_wconf 79' lang='lat' dir='ltr'><strong>amatore</strong></span> <span class='ocrx_word' id='word_1_522' title='bbox 707 1829 834 1861; x_wconf 72' lang='lat' dir='ltr'><strong>pecorum,</strong></span> <span class='ocrx_word' id='word_1_523' title='bbox 866 1831 981 1863; x_wconf 69' lang='lat' dir='ltr'><strong>passihili</strong></span> <span class='ocrx_word' id='word_1_524' title='bbox 1010 1831 1089 1857; x_wconf 88' lang='lat' dir='ltr'><strong>modo</strong></span> 
     </span>
    </p>
   </div>
   <div class='ocr_carea' id='block_1_69' title="bbox 306 1873 1089 1907">
    <p class='ocr_par' dir='ltr' id='par_1_69' title="bbox 306 1873 1089 1907">
     <span class='ocr_line' id='line_1_69' title="bbox 306 1873 1089 1907; baseline 0.004 -8"><span class='ocrx_word' id='word_1_525' title='bbox 306 1880 407 1906; x_wconf 73' lang='lat' dir='ltr'><strong>presso.</strong></span> <span class='ocrx_word' id='word_1_526' title='bbox 425 1873 546 1906; x_wconf 68' lang='lat' dir='ltr'><strong>Dixitque</strong></span> <span class='ocrx_word' id='word_1_527' title='bbox 561 1873 653 1899; x_wconf 81' lang='lat' dir='ltr'><strong>beatus</strong></span> <span class='ocrx_word' id='word_1_528' title='bbox 671 1874 817 1907; x_wconf 78' lang='lat' dir='ltr'><strong>patriarcha</strong></span> <span class='ocrx_word' id='word_1_529' title='bbox 835 1875 865 1900; x_wconf 84' lang='lat' dir='ltr'><strong>ad</strong></span> <span class='ocrx_word' id='word_1_530' title='bbox 880 1882 938 1901; x_wconf 76' lang='lat' dir='ltr'><strong>eum</strong></span> <span class='ocrx_word' id='word_1_531' title='bbox 958 1884 963 1901; x_wconf 93' lang='lat'>:</span> <span class='ocrx_word' id='word_1_532' title='bbox 980 1878 1043 1902; x_wconf 78' lang='lat' dir='ltr'><strong>Ama</strong></span> <span class='ocrx_word' id='word_1_533' title='bbox 1058 1883 1089 1902; x_wconf 88' lang='lat' dir='ltr'><strong>ac</strong></span> 
     </span>
    </p>
   </div>
   <div class='ocr_carea' id='block_1_70' title="bbox 306 1916 1088 1952">
    <p class='ocr_par' dir='ltr' id='par_1_70' title="bbox 306 1916 1088 1952">
     <span class='ocr_line' id='line_1_70' title="bbox 306 1916 1088 1952; baseline 0.004 -8"><span class='ocrx_word' id='word_1_534' title='bbox 306 1917 417 1950; x_wconf 80' lang='lat' dir='ltr'><strong>honora,</strong></span> <span class='ocrx_word' id='word_1_535' title='bbox 438 1916 520 1944; x_wconf 83' lang='lat' dir='ltr'><strong>frater</strong></span> <span class='ocrx_word' id='word_1_536' title='bbox 537 1919 635 1949; x_wconf 82' lang='lat' dir='ltr'><strong>Troile,</strong></span> <span class='ocrx_word' id='word_1_537' title='bbox 661 1918 754 1945; x_wconf 76' lang='lat' dir='ltr'><strong>fratres</strong></span> <span class='ocrx_word' id='word_1_538' title='bbox 770 1919 865 1946; x_wconf 77' lang='lat' dir='ltr'><strong>(Ilnistl</strong></span> <span class='ocrx_word' id='word_1_539' title='bbox 880 1928 886 1952; x_wconf 92' lang='lat'>;</span> <span class='ocrx_word' id='word_1_540' title='bbox 913 1921 960 1946; x_wconf 88' lang='lat' dir='ltr'><strong>hoc</strong></span> <span class='ocrx_word' id='word_1_541' title='bbox 978 1923 1048 1947; x_wconf 83' lang='lat' dir='ltr'><strong>enim</strong></span> <span class='ocrx_word' id='word_1_542' title='bbox 1065 1921 1088 1947; x_wconf 91' lang='lat' dir='ltr'><strong>ci</strong></span> 
     </span>
    </p>
   </div>
   <div class='ocr_carea' id='block_1_71' title="bbox 305 1963 1088 1998">
    <p class='ocr_par' dir='ltr' id='par_1_71' title="bbox 305 1963 1088 1998">
     <span class='ocr_line' id='line_1_71' title="bbox 305 1963 1088 1998; baseline 0.003 -9"><span class='ocrx_word' id='word_1_543' title='bbox 305 1967 361 1989; x_wconf 85' lang='lat' dir='ltr'><strong>erat</strong></span> <span class='ocrx_word' id='word_1_544' title='bbox 383 1970 490 1988; x_wconf 84' lang='lat' dir='ltr'><strong>nomen.</strong></span> <span class='ocrx_word' id='word_1_545' title='bbox 510 1963 704 1989; x_wconf 80' lang='lat' dir='ltr'><strong>Nuntiaverttnt</strong></span> <span class='ocrx_word' id='word_1_546' title='bbox 726 1964 795 1989; x_wconf 84' lang='lat' dir='ltr'><strong>cuitu</strong></span> <span class='ocrx_word' id='word_1_547' title='bbox 811 1965 917 1997; x_wconf 86' lang='lat' dir='ltr'><strong>quidam</strong></span> <span class='ocrx_word' id='word_1_548' title='bbox 933 1966 1088 1998; x_wconf 60' lang='lat' dir='ltr'><strong>patriarcha:</strong></span> 
     </span>
    </p>
   </div>
   <div class='ocr_carea' id='block_1_72' title="bbox 305 2009 1090 2046">
    <p class='ocr_par' dir='ltr' id='par_1_72' title="bbox 305 2009 1090 2046">
     <span class='ocr_line' id='line_1_72' title="bbox 305 2009 1090 2046; baseline 0.006 -12"><span class='ocrx_word' id='word_1_549' title='bbox 305 2009 374 2042; x_wconf 75' lang='lat' dir='ltr'><strong>quod</strong></span> <span class='ocrx_word' id='word_1_550' title='bbox 389 2009 492 2042; x_wconf 78' lang='lat' dir='ltr'><strong>triginta</strong></span> <span class='ocrx_word' id='word_1_551' title='bbox 508 2009 588 2036; x_wconf 75' lang='lat' dir='ltr'><strong>lib&#39;as</strong></span> <span class='ocrx_word' id='word_1_552' title='bbox 605 2010 659 2035; x_wconf 88' lang='lat' dir='ltr'><strong>auri</strong></span> <span class='ocrx_word' id='word_1_553' title='bbox 678 2015 794 2044; x_wconf 81' lang='lat' dir='ltr'><strong>portaret</strong></span> <span class='ocrx_word' id='word_1_554' title='bbox 810 2012 834 2037; x_wconf 91' lang='lat' dir='ltr'><strong>in</strong></span> <span class='ocrx_word' id='word_1_555' title='bbox 848 2012 902 2046; x_wconf 83' lang='lat' dir='ltr'><strong>ipsa</strong></span> <span class='ocrx_word' id='word_1_556' title='bbox 918 2013 982 2039; x_wconf 83' lang='lat' dir='ltr'><strong>hora</strong></span> <span class='ocrx_word' id='word_1_557' title='bbox 999 2014 1090 2040; x_wconf 79' lang='lat' dir='ltr'><strong>dome-</strong></span> 
     </span>
    </p>
   </div>
   <div class='ocr_carea' id='block_1_73' title="bbox 306 2055 1090 2092">
    <p class='ocr_par' dir='ltr' id='par_1_73' title="bbox 306 2055 1090 2092">
     <span class='ocr_line' id='line_1_73' title="bbox 306 2055 1090 2092; baseline 0.006 -12"><span class='ocrx_word' id='word_1_558' title='bbox 306 2055 386 2080; x_wconf 72' lang='lat' dir='ltr'><strong>sticus</strong></span> <span class='ocrx_word' id='word_1_559' title='bbox 396 2055 513 2088; x_wconf 78' lang='lat' dir='ltr'><strong>ejusdem</strong></span> <span class='ocrx_word' id='word_1_560' title='bbox 529 2056 646 2089; x_wconf 42' lang='lat' dir='ltr'><strong>epi‘Copi</strong></span> <span class='ocrx_word' id='word_1_561' title='bbox 658 2057 750 2088; x_wconf 84' lang='lat' dir='ltr'><strong>Troili,</strong></span> <span class='ocrx_word' id='word_1_562' title='bbox 766 2063 791 2083; x_wconf 91' lang='lat' dir='ltr'><strong>ut</strong></span> <span class='ocrx_word' id='word_1_563' title='bbox 803 2063 902 2084; x_wconf 69' lang='lat' dir='ltr'><strong>cimrret</strong></span> <span class='ocrx_word' id='word_1_564' title='bbox 917 2059 1032 2092; x_wconf 75' lang='lat' dir='ltr'><strong>speciem</strong></span> <span class='ocrx_word' id='word_1_565' title='bbox 1046 2067 1090 2085; x_wconf 86' lang='lat' dir='ltr'><strong>ar-</strong></span> 
     </span>
    </p>
   </div>
   <div class='ocr_carea' id='block_1_74' title="bbox 307 2101 1089 2138">
    <p class='ocr_par' dir='ltr' id='par_1_74' title="bbox 307 2101 1089 2138">
     <span class='ocr_line' id='line_1_74' title="bbox 307 2101 1089 2138; baseline 0.008 -13"><span class='ocrx_word' id='word_1_566' title='bbox 307 2102 376 2133; x_wconf 80' lang='lat' dir='ltr'><strong>genti</strong></span> <span class='ocrx_word' id='word_1_567' title='bbox 389 2101 542 2136; x_wconf 72' lang='lat' dir='ltr'><strong>anaglyphi.</strong></span> <span class='ocrx_word' id='word_1_568' title='bbox 559 2103 640 2135; x_wconf 72' lang='lat' dir='ltr'><strong>gratia</strong></span> <span class='ocrx_word' id='word_1_569' title='bbox 659 2111 755 2129; x_wconf 79' lang='lat' dir='ltr'><strong>tnensa-</strong></span> <span class='ocrx_word' id='word_1_570' title='bbox 768 2112 831 2129; x_wconf 73' lang='lat' dir='ltr'><strong>sine.</strong></span> <span class='ocrx_word' id='word_1_571' title='bbox 846 2104 991 2138; x_wconf 83' lang='lat' dir='ltr'><strong>Episcopus</strong></span> <span class='ocrx_word' id='word_1_572' title='bbox 1001 2111 1089 2132; x_wconf 87' lang='lat' dir='ltr'><strong>autem</strong></span> 
     </span>
    </p>
   </div>
   <div class='ocr_carea' id='block_1_75' title="bbox 307 2146 1090 2181">
    <p class='ocr_par' dir='ltr' id='par_1_75' title="bbox 307 2146 1090 2181">
     <span class='ocr_line' id='line_1_75' title="bbox 307 2146 1090 2181; baseline 0.008 -11"><span class='ocrx_word' id='word_1_573' title='bbox 307 2149 430 2178; x_wconf 85' lang='lat' dir='ltr'><strong>tauquam</strong></span> <span class='ocrx_word' id='word_1_574' title='bbox 442 2146 542 2172; x_wconf 78' lang='lat' dir='ltr'><strong>vetitus</strong></span> <span class='ocrx_word' id='word_1_575' title='bbox 554 2154 702 2173; x_wconf 80' lang='lat' dir='ltr'><strong>sermonem</strong></span> <span class='ocrx_word' id='word_1_576' title='bbox 715 2149 879 2181; x_wconf 74' lang='lat' dir='ltr'><strong>patriatclne,</strong></span> <span class='ocrx_word' id='word_1_577' title='bbox 891 2158 943 2174; x_wconf 79' lang='lat' dir='ltr'><strong>iuro</strong></span> <span class='ocrx_word' id='word_1_578' title='bbox 955 2149 986 2175; x_wconf 81' lang='lat' dir='ltr'><strong>ad</strong></span> <span class='ocrx_word' id='word_1_579' title='bbox 998 2150 1090 2176; x_wconf 79' lang='lat' dir='ltr'><strong>horam</strong></span> 
     </span>
    </p>
   </div>
   <div class='ocr_carea' id='block_1_76' title="bbox 308 2191 1091 2228">
    <p class='ocr_par' dir='ltr' id='par_1_76' title="bbox 308 2191 1091 2228">
     <span class='ocr_line' id='line_1_76' title="bbox 308 2191 1091 2228; baseline 0.008 -14"><span class='ocrx_word' id='word_1_580' title='bbox 308 2191 458 2219; x_wconf 74' lang='lat' dir='ltr'><strong>calefactus.</strong></span> <span class='ocrx_word' id='word_1_581' title='bbox 477 2191 577 2224; x_wconf 79' lang='lat' dir='ltr'><strong>singula</strong></span> <span class='ocrx_word' id='word_1_582' title='bbox 594 2192 650 2218; x_wconf 84' lang='lat' dir='ltr'><strong>dari</strong></span> <span class='ocrx_word' id='word_1_583' title='bbox 675 2192 797 2218; x_wconf 85' lang='lat' dir='ltr'><strong>omnibus</strong></span> <span class='ocrx_word' id='word_1_584' title='bbox 820 2193 944 2220; x_wconf 84' lang='lat' dir='ltr'><strong>fratribus</strong></span> <span class='ocrx_word' id='word_1_585' title='bbox 967 2196 1091 2228; x_wconf 67' lang='lat' dir='ltr'><strong>praecepit</strong></span> 
     </span>
    </p>
   </div>
   <div class='ocr_carea' id='block_1_77' title="bbox 309 2235 1090 2274">
    <p class='ocr_par' dir='ltr' id='par_1_77' title="bbox 309 2235 1090 2274">
     <span class='ocr_line' id='line_1_77' title="bbox 309 2235 1090 2274; baseline 0.006 -13"><span class='ocrx_word' id='word_1_586' title='bbox 309 2235 332 2261; x_wconf 85' lang='lat' dir='ltr'><strong>ei</strong></span> <span class='ocrx_word' id='word_1_587' title='bbox 347 2235 391 2268; x_wconf 90' lang='lat' dir='ltr'><strong>qui</strong></span> <span class='ocrx_word' id='word_1_588' title='bbox 406 2236 511 2269; x_wconf 79' lang='lat' dir='ltr'><strong>triginta</strong></span> <span class='ocrx_word' id='word_1_589' title='bbox 535 2236 614 2262; x_wconf 81' lang='lat' dir='ltr'><strong>libras</strong></span> <span class='ocrx_word' id='word_1_590' title='bbox 638 2237 696 2262; x_wconf 91' lang='lat' dir='ltr'><strong>illas</strong></span> <span class='ocrx_word' id='word_1_591' title='bbox 717 2238 846 2271; x_wconf 86' lang='lat' dir='ltr'><strong>portabat.</strong></span> <span class='ocrx_word' id='word_1_592' title='bbox 875 2239 1002 2266; x_wconf 83' lang='lat' dir='ltr'><strong>Celeriter</strong></span> <span class='ocrx_word' id='word_1_593' title='bbox 1026 2247 1090 2274; x_wconf 77' lang='lat' dir='ltr'><strong>ergo</strong></span> 
     </span>
    </p>
   </div>
   <div class='ocr_carea' id='block_1_78' title="bbox 308 2281 1088 2316">
    <p class='ocr_par' dir='ltr' id='par_1_78' title="bbox 308 2281 1088 2316">
     <span class='ocr_line' id='line_1_78' title="bbox 308 2281 1088 2316; baseline 0.005 -9"><span class='ocrx_word' id='word_1_594' title='bbox 308 2281 457 2316; x_wconf 83' lang='lat' dir='ltr'><strong>ltujusmodi</strong></span> <span class='ocrx_word' id='word_1_595' title='bbox 472 2282 527 2308; x_wconf 82' lang='lat' dir='ltr'><strong>auri</strong></span> <span class='ocrx_word' id='word_1_596' title='bbox 543 2282 674 2315; x_wconf 78' lang='lat' dir='ltr'><strong>quantitas</strong></span> <span class='ocrx_word' id='word_1_597' title='bbox 690 2288 796 2316; x_wconf 78' lang='lat' dir='ltr'><strong>erogata</strong></span> <span class='ocrx_word' id='word_1_598' title='bbox 817 2288 867 2310; x_wconf 76' lang='lat' dir='ltr'><strong>est.</strong></span> <span class='ocrx_word' id='word_1_599' title='bbox 895 2284 989 2310; x_wconf 75' lang='lat' dir='ltr'><strong>Reced-</strong></span> <span class='ocrx_word' id='word_1_600' title='bbox 1001 2285 1088 2312; x_wconf 88' lang='lat' dir='ltr'><strong>ulihus</strong></span> 
     </span>
    </p>
   </div>
   <div class='ocr_carea' id='block_1_79' title="bbox 309 2325 1089 2362">
    <p class='ocr_par' dir='ltr' id='par_1_79' title="bbox 309 2325 1089 2362">
     <span class='ocr_line' id='line_1_79' title="bbox 309 2325 1089 2362; baseline 0.005 -10"><span class='ocrx_word' id='word_1_601' title='bbox 309 2325 397 2360; x_wconf 67' lang='lat' dir='ltr'><strong>itaque,</strong></span> <span class='ocrx_word' id='word_1_602' title='bbox 421 2327 547 2359; x_wconf 73' lang='lat' dir='ltr'><strong>utrisque,</strong></span> <span class='ocrx_word' id='word_1_603' title='bbox 574 2327 720 2359; x_wconf 80' lang='lat' dir='ltr'><strong>patriarcha</strong></span> <span class='ocrx_word' id='word_1_604' title='bbox 745 2329 854 2360; x_wconf 84' lang='lat' dir='ltr'><strong>scilicet,</strong></span> <span class='ocrx_word' id='word_1_605' title='bbox 872 2334 896 2354; x_wconf 89' lang='lat' dir='ltr'><strong>et</strong></span> <span class='ocrx_word' id='word_1_606' title='bbox 911 2329 954 2362; x_wconf 89' lang='lat' dir='ltr'><strong>qui</strong></span> <span class='ocrx_word' id='word_1_607' title='bbox 979 2329 1089 2356; x_wconf 78' lang='lat' dir='ltr'><strong>inritam</strong></span> 
     </span>
    </p>
   </div>
   <div class='ocr_carea' id='block_1_80' title="bbox 309 2371 1091 2407">
    <p class='ocr_par' dir='ltr' id='par_1_80' title="bbox 309 2371 1091 2407">
     <span class='ocr_line' id='line_1_80' title="bbox 309 2371 1091 2407; baseline 0.004 -10"><span class='ocrx_word' id='word_1_608' title='bbox 309 2371 348 2405; x_wconf 90' lang='lat' dir='ltr'><strong>(ut</strong></span> <span class='ocrx_word' id='word_1_609' title='bbox 363 2372 396 2396; x_wconf 84' lang='lat' dir='ltr'><strong>ita</strong></span> <span class='ocrx_word' id='word_1_610' title='bbox 412 2371 509 2405; x_wconf 79' lang='lat' dir='ltr'><strong>dicant)</strong></span> <span class='ocrx_word' id='word_1_611' title='bbox 526 2371 722 2406; x_wconf 74' lang='lat' dir='ltr'><strong>eleemosynam</strong></span> <span class='ocrx_word' id='word_1_612' title='bbox 740 2372 848 2404; x_wconf 82' lang='lat' dir='ltr'><strong>fecerat,</strong></span> <span class='ocrx_word' id='word_1_613' title='bbox 863 2375 988 2407; x_wconf 84' lang='lat' dir='ltr'><strong>episcopo</strong></span> <span class='ocrx_word' id='word_1_614' title='bbox 1001 2374 1091 2401; x_wconf 69' lang='lat' dir='ltr'><strong>Troilo</strong></span> 
     </span>
    </p>
   </div>
   <div class='ocr_carea' id='block_1_81' title="bbox 309 2415 1091 2451">
    <p class='ocr_par' dir='ltr' id='par_1_81' title="bbox 309 2415 1091 2451">
     <span class='ocr_line' id='line_1_81' title="bbox 309 2415 1091 2451; baseline 0.004 -9"><span class='ocrx_word' id='word_1_615' title='bbox 309 2415 335 2442; x_wconf 87' lang='lat' dir='ltr'><strong>in</strong></span> <span class='ocrx_word' id='word_1_616' title='bbox 350 2417 462 2451; x_wconf 81' lang='lat' dir='ltr'><strong>propriis</strong></span> <span class='ocrx_word' id='word_1_617' title='bbox 477 2417 617 2450; x_wconf 85' lang='lat' dir='ltr'><strong>episcopiis</strong></span> <span class='ocrx_word' id='word_1_618' title='bbox 633 2417 703 2442; x_wconf 87' lang='lat' dir='ltr'><strong>velut</strong></span> <span class='ocrx_word' id='word_1_619' title='bbox 719 2418 839 2451; x_wconf 75' lang='lat' dir='ltr'><strong>qurdam</strong></span> <span class='ocrx_word' id='word_1_620' title='bbox 855 2426 946 2444; x_wconf 85' lang='lat' dir='ltr'><strong>amens</strong></span> <span class='ocrx_word' id='word_1_621' title='bbox 957 2423 984 2445; x_wconf 90' lang='lat' dir='ltr'><strong>et</strong></span> <span class='ocrx_word' id='word_1_622' title='bbox 996 2420 1091 2446; x_wconf 75' lang='lat' dir='ltr'><strong>anima:</strong></span> 
     </span>
    </p>
   </div>
   <div class='ocr_carea' id='block_1_82' title="bbox 309 2463 1092 2497">
    <p class='ocr_par' dir='ltr' id='par_1_82' title="bbox 309 2463 1092 2497">
     <span class='ocr_line' id='line_1_82' title="bbox 309 2463 1092 2497; baseline 0.003 -9"><span class='ocrx_word' id='word_1_623' title='bbox 309 2463 456 2495; x_wconf 80' lang='lat' dir='ltr'><strong>periculosa</strong></span> <span class='ocrx_word' id='word_1_624' title='bbox 473 2464 498 2490; x_wconf 89' lang='lat' dir='ltr'><strong>in</strong></span> <span class='ocrx_word' id='word_1_625' title='bbox 514 2471 571 2489; x_wconf 88' lang='lat' dir='ltr'><strong>cum</strong></span> <span class='ocrx_word' id='word_1_626' title='bbox 589 2463 715 2497; x_wconf 81' lang='lat' dir='ltr'><strong>cogitatio</strong></span> <span class='ocrx_word' id='word_1_627' title='bbox 732 2463 819 2494; x_wconf 84' lang='lat' dir='ltr'><strong>irruit,</strong></span> <span class='ocrx_word' id='word_1_628' title='bbox 845 2469 951 2497; x_wconf 84' lang='lat' dir='ltr'><strong>propter</strong></span> <span class='ocrx_word' id='word_1_629' title='bbox 969 2466 1092 2497; x_wconf 78' lang='lat' dir='ltr'><strong>pecunia-</strong></span> 
     </span>
    </p>
   </div>
   <div class='ocr_carea' id='block_1_83' title="bbox 310 2506 1093 2542">
    <p class='ocr_par' dir='ltr' id='par_1_83' title="bbox 310 2506 1093 2542">
     <span class='ocr_line' id='line_1_83' title="bbox 310 2506 1093 2542; baseline 0.004 -10"><span class='ocrx_word' id='word_1_630' title='bbox 310 2514 367 2532; x_wconf 88' lang='lat' dir='ltr'><strong>rmn</strong></span> <span class='ocrx_word' id='word_1_631' title='bbox 383 2506 532 2539; x_wconf 73' lang='lat' dir='ltr'><strong>(lationem;</strong></span> <span class='ocrx_word' id='word_1_632' title='bbox 556 2507 672 2534; x_wconf 84' lang='lat' dir='ltr'><strong>horroris</strong></span> <span class='ocrx_word' id='word_1_633' title='bbox 686 2512 712 2534; x_wconf 92' lang='lat' dir='ltr'><strong>ct</strong></span> <span class='ocrx_word' id='word_1_634' title='bbox 727 2510 826 2534; x_wconf 73' lang='lat' dir='ltr'><strong>artioris</strong></span> <span class='ocrx_word' id='word_1_635' title='bbox 842 2510 969 2542; x_wconf 60' lang='lat' dir='ltr'><strong>pecunia’,</strong></span> <span class='ocrx_word' id='word_1_636' title='bbox 988 2515 1014 2536; x_wconf 83' lang='lat' dir='ltr'><strong>et</strong></span> <span class='ocrx_word' id='word_1_637' title='bbox 1033 2517 1093 2536; x_wconf 82' lang='lat' dir='ltr'><strong>cru-</strong></span> 
     </span>
    </p>
   </div>
   <div class='ocr_carea' id='block_1_84' title="bbox 311 2552 1092 2589">
    <p class='ocr_par' dir='ltr' id='par_1_84' title="bbox 311 2552 1092 2589">
     <span class='ocr_line' id='line_1_84' title="bbox 311 2552 1092 2589; baseline 0.005 -12"><span class='ocrx_word' id='word_1_638' title='bbox 311 2552 425 2578; x_wconf 83' lang='lat' dir='ltr'><strong>delitatis</strong></span> <span class='ocrx_word' id='word_1_639' title='bbox 443 2558 470 2579; x_wconf 89' lang='lat' dir='ltr'><strong>ct</strong></span> <span class='ocrx_word' id='word_1_640' title='bbox 494 2553 658 2586; x_wconf 58' lang='lat' dir='ltr'><strong>negligentia-</strong></span> <span class='ocrx_word' id='word_1_641' title='bbox 681 2555 803 2587; x_wconf 77' lang='lat' dir='ltr'><strong>genimen</strong></span> <span class='ocrx_word' id='word_1_642' title='bbox 826 2562 885 2581; x_wconf 87' lang='lat' dir='ltr'><strong>eum</strong></span> <span class='ocrx_word' id='word_1_643' title='bbox 910 2555 1068 2588; x_wconf 66' lang='lat' dir='ltr'><strong>sequebatur</strong></span> <span class='ocrx_word' id='word_1_644' title='bbox 1084 2577 1092 2589; x_wconf 81' lang='lat'><strong>,</strong></span> 
     </span>
    </p>
   </div>
   <div class='ocr_carea' id='block_1_85' title="bbox 312 2597 1095 2634">
    <p class='ocr_par' dir='ltr' id='par_1_85' title="bbox 312 2597 1095 2634">
     <span class='ocr_line' id='line_1_85' title="bbox 312 2597 1095 2634; baseline 0.005 -11"><span class='ocrx_word' id='word_1_645' title='bbox 312 2597 384 2623; x_wconf 80' lang='lat' dir='ltr'><strong>febre</strong></span> <span class='ocrx_word' id='word_1_646' title='bbox 399 2604 472 2623; x_wconf 80' lang='lat' dir='ltr'><strong>extra</strong></span> <span class='ocrx_word' id='word_1_647' title='bbox 486 2603 603 2624; x_wconf 78' lang='lat' dir='ltr'><strong>naturam</strong></span> <span class='ocrx_word' id='word_1_648' title='bbox 619 2600 705 2632; x_wconf 58' lang='lat' dir='ltr'><strong>mist»,</strong></span> <span class='ocrx_word' id='word_1_649' title='bbox 724 2605 831 2633; x_wconf 68' lang='lat' dir='ltr'><strong>propter</strong></span> <span class='ocrx_word' id='word_1_650' title='bbox 847 2601 915 2633; x_wconf 86' lang='lat' dir='ltr'><strong>quod</strong></span> <span class='ocrx_word' id='word_1_651' title='bbox 929 2607 1043 2634; x_wconf 62' lang='lat' dir='ltr'><strong>aegrotus</strong></span> <span class='ocrx_word' id='word_1_652' title='bbox 1056 2602 1095 2627; x_wconf 91' lang='lat' dir='ltr'><strong>in-</strong></span> 
     </span>
    </p>
   </div>
   <div class='ocr_carea' id='block_1_86' title="bbox 313 2642 1093 2678">
    <p class='ocr_par' dir='ltr' id='par_1_86' title="bbox 313 2642 1093 2678">
     <span class='ocr_line' id='line_1_86' title="bbox 313 2642 1093 2678; baseline 0.006 -12"><span class='ocrx_word' id='word_1_653' title='bbox 313 2642 381 2668; x_wconf 87' lang='lat' dir='ltr'><strong>vitus</strong></span> <span class='ocrx_word' id='word_1_654' title='bbox 404 2642 428 2667; x_wconf 92' lang='lat' dir='ltr'><strong>iu</strong></span> <span class='ocrx_word' id='word_1_655' title='bbox 451 2642 545 2667; x_wconf 85' lang='lat' dir='ltr'><strong>lectum</strong></span> <span class='ocrx_word' id='word_1_656' title='bbox 567 2644 672 2669; x_wconf 48' lang='lat' dir='ltr'><strong>cecidit.</strong></span> <span class='ocrx_word' id='word_1_657' title='bbox 696 2644 907 2670; x_wconf 71' lang='lat' dir='ltr'><strong>llelnlmnadaiio</strong></span> <span class='ocrx_word' id='word_1_658' title='bbox 925 2653 988 2678; x_wconf 72' lang='lat' dir='ltr'><strong>ergo</strong></span> <span class='ocrx_word' id='word_1_659' title='bbox 1004 2654 1016 2670; x_wconf 86' lang='lat' dir='ltr'><strong>a</strong></span> <span class='ocrx_word' id='word_1_660' title='bbox 1032 2654 1093 2671; x_wconf 82' lang='lat' dir='ltr'><strong>sau-</strong></span> 
     </span>
    </p>
   </div>
   <div class='ocr_carea' id='block_1_87' title="bbox 312 2686 1091 2720">
    <p class='ocr_par' dir='ltr' id='par_1_87' title="bbox 312 2686 1091 2720">
     <span class='ocr_line' id='line_1_87' title="bbox 312 2686 1091 2720; baseline 0.005 -7"><span class='ocrx_word' id='word_1_661' title='bbox 312 2686 430 2713; x_wconf 75' lang='lat' dir='ltr'><strong>ctissituo</strong></span> <span class='ocrx_word' id='word_1_662' title='bbox 445 2687 592 2720; x_wconf 86' lang='lat' dir='ltr'><strong>patriarcha</strong></span> <span class='ocrx_word' id='word_1_663' title='bbox 616 2689 647 2714; x_wconf 83' lang='lat' dir='ltr'><strong>ad</strong></span> <span class='ocrx_word' id='word_1_664' title='bbox 663 2697 722 2714; x_wconf 86' lang='lat' dir='ltr'><strong>eum</strong></span> <span class='ocrx_word' id='word_1_665' title='bbox 739 2691 870 2720; x_wconf 78' lang='lat' dir='ltr'><strong>veniente,</strong></span> <span class='ocrx_word' id='word_1_666' title='bbox 887 2696 912 2716; x_wconf 87' lang='lat' dir='ltr'><strong>et</strong></span> <span class='ocrx_word' id='word_1_667' title='bbox 927 2690 958 2715; x_wconf 88' lang='lat' dir='ltr'><strong>ad</strong></span> <span class='ocrx_word' id='word_1_668' title='bbox 975 2699 1091 2717; x_wconf 77' lang='lat' dir='ltr'><strong>un-nsmn</strong></span> 
     </span>
    </p>
   </div>
   <div class='ocr_carea' id='block_1_88' title="bbox 313 2732 1092 2770">
    <p class='ocr_par' dir='ltr' id='par_1_88' title="bbox 313 2732 1092 2770">
     <span class='ocr_line' id='line_1_88' title="bbox 313 2732 1092 2770; baseline 0.005 -11"><span class='ocrx_word' id='word_1_669' title='bbox 313 2732 431 2766; x_wconf 80' lang='lat' dir='ltr'><strong>ejusdem</strong></span> <span class='ocrx_word' id='word_1_670' title='bbox 448 2732 603 2765; x_wconf 64' lang='lat' dir='ltr'><strong>patriarcha!</strong></span> <span class='ocrx_word' id='word_1_671' title='bbox 617 2741 675 2759; x_wconf 88' lang='lat' dir='ltr'><strong>eum</strong></span> <span class='ocrx_word' id='word_1_672' title='bbox 691 2734 826 2768; x_wconf 63' lang='lat' dir='ltr'><strong>invitante,</strong></span> <span class='ocrx_word' id='word_1_673' title='bbox 841 2737 980 2768; x_wconf 76' lang='lat' dir='ltr'><strong>recusatil,</strong></span> <span class='ocrx_word' id='word_1_674' title='bbox 996 2737 1092 2770; x_wconf 82' lang='lat' dir='ltr'><strong>frigore</strong></span> 
     </span>
    </p>
   </div>
   <div class='ocr_carea' id='block_1_89' title="bbox 313 2778 1094 2814">
    <p class='ocr_par' dir='ltr' id='par_1_89' title="bbox 313 2778 1094 2814">
     <span class='ocr_line' id='line_1_89' title="bbox 313 2778 1094 2814; baseline 0.005 -10"><span class='ocrx_word' id='word_1_675' title='bbox 313 2778 384 2804; x_wconf 83' lang='lat' dir='ltr'><strong>enim</strong></span> <span class='ocrx_word' id='word_1_676' title='bbox 400 2783 426 2805; x_wconf 89' lang='lat' dir='ltr'><strong>et</strong></span> <span class='ocrx_word' id='word_1_677' title='bbox 441 2778 513 2804; x_wconf 79' lang='lat' dir='ltr'><strong>febre</strong></span> <span class='ocrx_word' id='word_1_678' title='bbox 533 2786 561 2804; x_wconf 84' lang='lat' dir='ltr'><strong>se</strong></span> <span class='ocrx_word' id='word_1_679' title='bbox 577 2780 665 2805; x_wconf 80' lang='lat' dir='ltr'><strong>vexari</strong></span> <span class='ocrx_word' id='word_1_680' title='bbox 681 2787 726 2813; x_wconf 90' lang='lat' dir='ltr'><strong>pro</strong></span> <span class='ocrx_word' id='word_1_681' title='bbox 747 2782 859 2814; x_wconf 85' lang='lat' dir='ltr'><strong>quadam</strong></span> <span class='ocrx_word' id='word_1_682' title='bbox 880 2789 959 2808; x_wconf 87' lang='lat' dir='ltr'><strong>causa</strong></span> <span class='ocrx_word' id='word_1_683' title='bbox 980 2782 1094 2808; x_wconf 83' lang='lat' dir='ltr'><strong>diccbat.</strong></span> 
     </span>
    </p>
   </div>
   <div class='ocr_carea' id='block_1_90' title="bbox 313 2823 1096 2863">
    <p class='ocr_par' dir='ltr' id='par_1_90' title="bbox 313 2823 1096 2863">
     <span class='ocr_line' id='line_1_90' title="bbox 313 2823 1096 2863; baseline 0.005 -13"><span class='ocrx_word' id='word_1_684' title='bbox 313 2823 393 2859; x_wconf 70' lang='lat' dir='ltr'><strong>igitur</strong></span> <span class='ocrx_word' id='word_1_685' title='bbox 404 2832 464 2852; x_wconf 89' lang='lat' dir='ltr'><strong>cum</strong></span> <span class='ocrx_word' id='word_1_686' title='bbox 476 2824 526 2851; x_wconf 90' lang='lat' dir='ltr'><strong>hoc</strong></span> <span class='ocrx_word' id='word_1_687' title='bbox 538 2823 654 2851; x_wconf 71' lang='lat' dir='ltr'><strong>audi~sut</strong></span> <span class='ocrx_word' id='word_1_688' title='bbox 667 2826 824 2859; x_wconf 78' lang='lat' dir='ltr'><strong>patriarcha,</strong></span> <span class='ocrx_word' id='word_1_689' title='bbox 840 2834 900 2854; x_wconf 79' lang='lat' dir='ltr'><strong>mox</strong></span> <span class='ocrx_word' id='word_1_690' title='bbox 916 2827 1024 2863; x_wconf 79' lang='lat' dir='ltr'><strong>agnovit</strong></span> <span class='ocrx_word' id='word_1_691' title='bbox 1037 2835 1096 2854; x_wconf 82' lang='lat' dir='ltr'><strong>cau-</strong></span> 
     </span>
    </p>
   </div>
   <div class='ocr_carea' id='block_1_91' title="bbox 1139 1603 1922 1639">
    <p class='ocr_par' dir='ltr' id='par_1_91' title="bbox 1139 1603 1922 1639">
     <span class='ocr_line' id='line_1_91' title="bbox 1139 1603 1922 1639; baseline 0.003 -9"><span class='ocrx_word' id='word_1_692' title='bbox 1139 1604 1227 1630; x_wconf 82' lang='lat' dir='ltr'><strong>statim</strong></span> <span class='ocrx_word' id='word_1_693' title='bbox 1244 1611 1323 1630; x_wconf 84' lang='lat' dir='ltr'><strong>sanus</strong></span> <span class='ocrx_word' id='word_1_694' title='bbox 1337 1603 1422 1630; x_wconf 83' lang='lat' dir='ltr'><strong>factus</strong></span> <span class='ocrx_word' id='word_1_695' title='bbox 1437 1609 1487 1630; x_wconf 84' lang='lat' dir='ltr'><strong>est.</strong></span> <span class='ocrx_word' id='word_1_696' title='bbox 1505 1604 1602 1631; x_wconf 87' lang='lat' dir='ltr'><strong>Volens</strong></span> <span class='ocrx_word' id='word_1_697' title='bbox 1616 1612 1680 1639; x_wconf 78' lang='lat' dir='ltr'><strong>ergo</strong></span> <span class='ocrx_word' id='word_1_698' title='bbox 1695 1606 1824 1632; x_wconf 48' lang='lat' dir='ltr'><strong>mercedis</strong></span> <span class='ocrx_word' id='word_1_699' title='bbox 1838 1605 1922 1632; x_wconf 81' lang='lat' dir='ltr'><strong>reddi-</strong></span> 
     </span>
    </p>
   </div>
   <div class='ocr_carea' id='block_1_92' title="bbox 1140 1648 1922 1682">
    <p class='ocr_par' dir='ltr' id='par_1_92' title="bbox 1140 1648 1922 1682">
     <span class='ocr_line' id='line_1_92' title="bbox 1140 1648 1922 1682; baseline 0.004 -8"><span class='ocrx_word' id='word_1_700' title='bbox 1140 1652 1180 1674; x_wconf 86' lang='lat' dir='ltr'><strong>tor</strong></span> <span class='ocrx_word' id='word_1_701' title='bbox 1195 1648 1264 1675; x_wconf 88' lang='lat' dir='ltr'><strong>Deus</strong></span> <span class='ocrx_word' id='word_1_702' title='bbox 1279 1649 1414 1682; x_wconf 87' lang='lat' dir='ltr'><strong>corripere</strong></span> <span class='ocrx_word' id='word_1_703' title='bbox 1430 1657 1501 1681; x_wconf 85' lang='lat' dir='ltr'><strong>eum,</strong></span> <span class='ocrx_word' id='word_1_704' title='bbox 1517 1649 1596 1676; x_wconf 87' lang='lat' dir='ltr'><strong>simul</strong></span> <span class='ocrx_word' id='word_1_705' title='bbox 1610 1655 1697 1677; x_wconf 85' lang='lat' dir='ltr'><strong>autem</strong></span> <span class='ocrx_word' id='word_1_706' title='bbox 1716 1656 1742 1677; x_wconf 88' lang='lat' dir='ltr'><strong>et</strong></span> <span class='ocrx_word' id='word_1_707' title='bbox 1765 1651 1798 1677; x_wconf 87' lang='lat' dir='ltr'><strong>ad</strong></span> <span class='ocrx_word' id='word_1_708' title='bbox 1813 1651 1922 1678; x_wconf 75' lang='lat' dir='ltr'><strong>misera-</strong></span> 
     </span>
    </p>
   </div>
   <div class='ocr_carea' id='block_1_93' title="bbox 1141 1695 1921 1730">
    <p class='ocr_par' dir='ltr' id='par_1_93' title="bbox 1141 1695 1921 1730">
     <span class='ocr_line' id='line_1_93' title="bbox 1141 1695 1921 1730; baseline 0.004 -11"><span class='ocrx_word' id='word_1_709' title='bbox 1141 1695 1238 1720; x_wconf 90' lang='lat' dir='ltr'><strong>tionem</strong></span> <span class='ocrx_word' id='word_1_710' title='bbox 1262 1695 1500 1721; x_wconf 88' lang='lat' dir='ltr'><strong>coutribulatorum</strong></span> <span class='ocrx_word' id='word_1_711' title='bbox 1523 1700 1549 1721; x_wconf 87' lang='lat' dir='ltr'><strong>et</strong></span> <span class='ocrx_word' id='word_1_712' title='bbox 1574 1698 1783 1730; x_wconf 80' lang='lat' dir='ltr'><strong>compassionem</strong></span> <span class='ocrx_word' id='word_1_713' title='bbox 1810 1696 1921 1730; x_wconf 74' lang='lat' dir='ltr'><strong>erigere,</strong></span> 
     </span>
    </p>
   </div>
   <div class='ocr_carea' id='block_1_94' title="bbox 1139 1738 1923 1774">
    <p class='ocr_par' dir='ltr' id='par_1_94' title="bbox 1139 1738 1923 1774">
     <span class='ocr_line' id='line_1_94' title="bbox 1139 1738 1923 1774; baseline 0 -10"><span class='ocrx_word' id='word_1_714' title='bbox 1139 1738 1254 1765; x_wconf 69' lang='lat' dir='ltr'><strong>Ostendit</strong></span> <span class='ocrx_word' id='word_1_715' title='bbox 1268 1739 1292 1765; x_wconf 93' lang='lat' dir='ltr'><strong>ci</strong></span> <span class='ocrx_word' id='word_1_716' title='bbox 1307 1739 1400 1766; x_wconf 80' lang='lat' dir='ltr'><strong>eadem</strong></span> <span class='ocrx_word' id='word_1_717' title='bbox 1416 1739 1459 1766; x_wconf 86' lang='lat' dir='ltr'><strong>die</strong></span> <span class='ocrx_word' id='word_1_718' title='bbox 1482 1739 1623 1766; x_wconf 81' lang='lat' dir='ltr'><strong>dormienti</strong></span> <span class='ocrx_word' id='word_1_719' title='bbox 1639 1745 1696 1773; x_wconf 89' lang='lat' dir='ltr'><strong>post</strong></span> <span class='ocrx_word' id='word_1_720' title='bbox 1721 1741 1858 1773; x_wconf 82' lang='lat' dir='ltr'><strong>prandium</strong></span> <span class='ocrx_word' id='word_1_721' title='bbox 1875 1749 1923 1774; x_wconf 55' lang='lat' dir='ltr'><strong>pa.</strong></span> 
     </span>
    </p>
   </div>
   <div class='ocr_carea' id='block_1_95' title="bbox 1141 1783 1924 1819">
    <p class='ocr_par' dir='ltr' id='par_1_95' title="bbox 1141 1783 1924 1819">
     <span class='ocr_line' id='line_1_95' title="bbox 1141 1783 1924 1819; baseline 0.001 -10"><span class='ocrx_word' id='word_1_722' title='bbox 1141 1783 1261 1810; x_wconf 72' lang='lat' dir='ltr'><strong>triarcha:</strong></span> <span class='ocrx_word' id='word_1_723' title='bbox 1273 1783 1298 1810; x_wconf 89' lang='lat' dir='ltr'><strong>in</strong></span> <span class='ocrx_word' id='word_1_724' title='bbox 1310 1785 1421 1815; x_wconf 84' lang='lat' dir='ltr'><strong>somnis,</strong></span> <span class='ocrx_word' id='word_1_725' title='bbox 1437 1792 1487 1818; x_wconf 87' lang='lat' dir='ltr'><strong>qua</strong></span> <span class='ocrx_word' id='word_1_726' title='bbox 1503 1785 1624 1811; x_wconf 81' lang='lat' dir='ltr'><strong>mercede</strong></span> <span class='ocrx_word' id='word_1_727' title='bbox 1639 1786 1756 1819; x_wconf 85' lang='lat' dir='ltr'><strong>privatus</strong></span> <span class='ocrx_word' id='word_1_728' title='bbox 1769 1785 1924 1811; x_wconf 79' lang='lat' dir='ltr'><strong>esset.\&#39;idit</strong></span> 
     </span>
    </p>
   </div>
   <div class='ocr_carea' id='block_1_96' title="bbox 1141 1828 1925 1864">
    <p class='ocr_par' dir='ltr' id='par_1_96' title="bbox 1141 1828 1925 1864">
     <span class='ocr_line' id='line_1_96' title="bbox 1141 1828 1925 1864; baseline 0.003 -10"><span class='ocrx_word' id='word_1_729' title='bbox 1141 1828 1210 1854; x_wconf 78' lang='lat' dir='ltr'><strong>enim</strong></span> <span class='ocrx_word' id='word_1_730' title='bbox 1234 1829 1273 1862; x_wconf 90' lang='lat' dir='ltr'><strong>(ut</strong></span> <span class='ocrx_word' id='word_1_731' title='bbox 1296 1829 1342 1861; x_wconf 88' lang='lat' dir='ltr'><strong>ait)</strong></span> <span class='ocrx_word' id='word_1_732' title='bbox 1360 1829 1480 1859; x_wconf 83' lang='lat' dir='ltr'><strong>dommn.</strong></span> <span class='ocrx_word' id='word_1_733' title='bbox 1501 1830 1575 1864; x_wconf 89' lang='lat' dir='ltr'><strong>cujus</strong></span> <span class='ocrx_word' id='word_1_734' title='bbox 1601 1830 1822 1863; x_wconf 58' lang='lat' dir='ltr'><strong>pulthritudinem</strong></span> <span class='ocrx_word' id='word_1_735' title='bbox 1844 1834 1925 1864; x_wconf 78' lang='lat' dir='ltr'><strong>atque</strong></span> 
     </span>
    </p>
   </div>
   <div class='ocr_carea' id='block_1_97' title="bbox 1142 1873 1925 1907">
    <p class='ocr_par' dir='ltr' id='par_1_97' title="bbox 1142 1873 1925 1907">
     <span class='ocr_line' id='line_1_97' title="bbox 1142 1873 1925 1907; baseline 0.003 -9"><span class='ocrx_word' id='word_1_736' title='bbox 1142 1873 1348 1907; x_wconf 66' lang='lat' dir='ltr'><strong>tnrgnizudinem</strong></span> <span class='ocrx_word' id='word_1_737' title='bbox 1373 1881 1424 1899; x_wconf 91' lang='lat' dir='ltr'><strong>non</strong></span> <span class='ocrx_word' id='word_1_738' title='bbox 1449 1879 1534 1906; x_wconf 82' lang='lat' dir='ltr'><strong>potest</strong></span> <span class='ocrx_word' id='word_1_739' title='bbox 1547 1881 1589 1900; x_wconf 78' lang='lat' dir='ltr'><strong>ars</strong></span> <span class='ocrx_word' id='word_1_740' title='bbox 1605 1875 1740 1900; x_wconf 87' lang='lat' dir='ltr'><strong>hominum</strong></span> <span class='ocrx_word' id='word_1_741' title='bbox 1766 1874 1873 1906; x_wconf 86' lang='lat' dir='ltr'><strong>imitari,</strong></span> <span class='ocrx_word' id='word_1_742' title='bbox 1899 1879 1925 1900; x_wconf 83' lang='lat' dir='ltr'><strong>et</strong></span> 
     </span>
    </p>
   </div>
   <div class='ocr_carea' id='block_1_98' title="bbox 1139 1917 1923 1952">
    <p class='ocr_par' dir='ltr' id='par_1_98' title="bbox 1139 1917 1923 1952">
     <span class='ocr_line' id='line_1_98' title="bbox 1139 1917 1923 1952; baseline 0.004 -10"><span class='ocrx_word' id='word_1_743' title='bbox 1139 1917 1247 1951; x_wconf 87' lang='lat' dir='ltr'><strong>januam</strong></span> <span class='ocrx_word' id='word_1_744' title='bbox 1259 1917 1335 1950; x_wconf 88' lang='lat' dir='ltr'><strong>hujus</strong></span> <span class='ocrx_word' id='word_1_745' title='bbox 1350 1922 1429 1944; x_wconf 82' lang='lat' dir='ltr'><strong>totam</strong></span> <span class='ocrx_word' id='word_1_746' title='bbox 1445 1926 1562 1949; x_wconf 78' lang='lat' dir='ltr'><strong>auream,</strong></span> <span class='ocrx_word' id='word_1_747' title='bbox 1575 1923 1601 1945; x_wconf 75' lang='lat' dir='ltr'><strong>et</strong></span> <span class='ocrx_word' id='word_1_748' title='bbox 1612 1919 1809 1952; x_wconf 82' lang='lat' dir='ltr'><strong>superjauuam</strong></span> <span class='ocrx_word' id='word_1_749' title='bbox 1822 1919 1923 1945; x_wconf 89' lang='lat' dir='ltr'><strong>titulum</strong></span> 
     </span>
    </p>
   </div>
   <div class='ocr_carea' id='block_1_99' title="bbox 1142 1963 1923 1995">
    <p class='ocr_par' dir='ltr' id='par_1_99' title="bbox 1142 1963 1923 1995">
     <span class='ocr_line' id='line_1_99' title="bbox 1142 1963 1923 1995; baseline 0.004 -8"><span class='ocrx_word' id='word_1_750' title='bbox 1142 1963 1323 1995; x_wconf 75' lang='lat' dir='ltr'><strong>eonSrriptum</strong></span> <span class='ocrx_word' id='word_1_751' title='bbox 1342 1971 1349 1989; x_wconf 86' lang='lat'><strong>:</strong></span> <span class='ocrx_word' id='word_1_752' title='bbox 1365 1963 1466 1989; x_wconf 68' lang='lat' dir='ltr'><strong>Musio</strong></span> <span class='ocrx_word' id='word_1_753' title='bbox 1493 1971 1614 1995; x_wconf 66' lang='lat' dir='ltr'><strong>meum,</strong></span> <span class='ocrx_word' id='word_1_754' title='bbox 1643 1972 1675 1990; x_wconf 77' lang='grc' dir='ltr'><strong>ετ</strong></span> <span class='ocrx_word' id='word_1_755' title='bbox 1701 1971 1809 1995; x_wconf 75' lang='lat' dir='ltr'><strong>nzoums</strong></span> <span class='ocrx_word' id='word_1_756' title='bbox 1834 1965 1923 1990; x_wconf 70' lang='lat' dir='ltr'><strong>Tunna</strong></span> 
     </span>
    </p>
   </div>
   <div class='ocr_carea' id='block_1_100' title="bbox 1142 2007 1925 2044">
    <p class='ocr_par' dir='ltr' id='par_1_100' title="bbox 1142 2007 1925 2044">
     <span class='ocr_line' id='line_1_100' title="bbox 1142 2007 1925 2044; baseline 0.003 -11"><span class='ocrx_word' id='word_1_757' title='bbox 1142 2015 1267 2034; x_wconf 57' lang='lat' dir='ltr'><strong>eetrcon.</strong></span> <span class='ocrx_word' id='word_1_758' title='bbox 1289 2007 1354 2034; x_wconf 87' lang='lat' dir='ltr'><strong>Cum</strong></span> <span class='ocrx_word' id='word_1_759' title='bbox 1378 2016 1442 2044; x_wconf 79' lang='lat' dir='ltr'><strong>ergo</strong></span> <span class='ocrx_word' id='word_1_760' title='bbox 1465 2007 1524 2040; x_wconf 84' lang='lat' dir='ltr'><strong>hoc,</strong></span> <span class='ocrx_word' id='word_1_761' title='bbox 1549 2009 1643 2042; x_wconf 77' lang='lat' dir='ltr'><strong>inquit,</strong></span> <span class='ocrx_word' id='word_1_762' title='bbox 1661 2010 1793 2042; x_wconf 72' lang='lat' dir='ltr'><strong>legissem,</strong></span> <span class='ocrx_word' id='word_1_763' title='bbox 1820 2009 1925 2043; x_wconf 64' lang='lat' dir='ltr'><strong>gavisus</strong></span> 
     </span>
    </p>
   </div>
   <div class='ocr_carea' id='block_1_101' title="bbox 1141 2054 1926 2087">
    <p class='ocr_par' dir='ltr' id='par_1_101' title="bbox 1141 2054 1926 2087">
     <span class='ocr_line' id='line_1_101' title="bbox 1141 2054 1926 2087; baseline 0.003 -9"><span class='ocrx_word' id='word_1_764' title='bbox 1141 2061 1212 2083; x_wconf 83' lang='lat' dir='ltr'><strong>sum,</strong></span> <span class='ocrx_word' id='word_1_765' title='bbox 1236 2054 1351 2081; x_wconf 79' lang='lat' dir='ltr'><strong>sciebam</strong></span> <span class='ocrx_word' id='word_1_766' title='bbox 1365 2055 1435 2080; x_wconf 88' lang='lat' dir='ltr'><strong>enim</strong></span> <span class='ocrx_word' id='word_1_767' title='bbox 1451 2055 1598 2080; x_wconf 70' lang='lat' dir='ltr'><strong>donandum</strong></span> <span class='ocrx_word' id='word_1_768' title='bbox 1623 2054 1686 2080; x_wconf 91' lang='lat' dir='ltr'><strong>tuihi</strong></span> <span class='ocrx_word' id='word_1_769' title='bbox 1712 2055 1745 2080; x_wconf 80' lang='lat' dir='ltr'><strong>ab</strong></span> <span class='ocrx_word' id='word_1_770' title='bbox 1767 2055 1926 2087; x_wconf 69' lang='lat' dir='ltr'><strong>imprratorc</strong></span> 
     </span>
    </p>
   </div>
   <div class='ocr_carea' id='block_1_102' title="bbox 1142 2099 1925 2132">
    <p class='ocr_par' dir='ltr' id='par_1_102' title="bbox 1142 2099 1925 2132">
     <span class='ocr_line' id='line_1_102' title="bbox 1142 2099 1925 2132; baseline 0.001 -8"><span class='ocrx_word' id='word_1_771' title='bbox 1142 2099 1202 2125; x_wconf 88' lang='lat' dir='ltr'><strong>talis</strong></span> <span class='ocrx_word' id='word_1_772' title='bbox 1214 2099 1309 2126; x_wconf 89' lang='lat' dir='ltr'><strong>domus</strong></span> <span class='ocrx_word' id='word_1_773' title='bbox 1324 2100 1513 2132; x_wconf 88' lang='lat' dir='ltr'><strong>epulationem.</strong></span> <span class='ocrx_word' id='word_1_774' title='bbox 1534 2100 1655 2125; x_wconf 80' lang='lat' dir='ltr'><strong>Nondum</strong></span> <span class='ocrx_word' id='word_1_775' title='bbox 1670 2105 1758 2125; x_wconf 85' lang='lat' dir='ltr'><strong>autem</strong></span> <span class='ocrx_word' id='word_1_776' title='bbox 1777 2099 1925 2132; x_wconf 79' lang='lat' dir='ltr'><strong>hujusmodi</strong></span> 
     </span>
    </p>
   </div>
   <div class='ocr_carea' id='block_1_103' title="bbox 1144 2146 1926 2180">
    <p class='ocr_par' dir='ltr' id='par_1_103' title="bbox 1144 2146 1926 2180">
     <span class='ocr_line' id='line_1_103' title="bbox 1144 2146 1926 2180; baseline 0.001 -9"><span class='ocrx_word' id='word_1_777' title='bbox 1144 2146 1210 2172; x_wconf 87' lang='lat' dir='ltr'><strong>tituli</strong></span> <span class='ocrx_word' id='word_1_778' title='bbox 1226 2147 1476 2179; x_wconf 75' lang='lat' dir='ltr'><strong>superscriptiouem</strong></span> <span class='ocrx_word' id='word_1_779' title='bbox 1500 2146 1674 2180; x_wconf 79' lang='lat' dir='ltr'><strong>perlegeram,</strong></span> <span class='ocrx_word' id='word_1_780' title='bbox 1694 2150 1721 2172; x_wconf 86' lang='lat' dir='ltr'><strong>et</strong></span> <span class='ocrx_word' id='word_1_781' title='bbox 1734 2153 1796 2172; x_wconf 83' lang='lat' dir='ltr'><strong>ecce</strong></span> <span class='ocrx_word' id='word_1_782' title='bbox 1820 2148 1926 2178; x_wconf 81' lang='lat' dir='ltr'><strong>quidam</strong></span> 
     </span>
    </p>
   </div>
   <div class='ocr_carea' id='block_1_104' title="bbox 1147 2190 1926 2224">
    <p class='ocr_par' dir='ltr' id='par_1_104' title="bbox 1147 2190 1926 2224">
     <span class='ocr_line' id='line_1_104' title="bbox 1147 2190 1926 2224; baseline -0.001 -8"><span class='ocrx_word' id='word_1_783' title='bbox 1147 2193 1234 2224; x_wconf 78' lang='lat' dir='ltr'><strong>regius</strong></span> <span class='ocrx_word' id='word_1_784' title='bbox 1256 2191 1443 2222; x_wconf 78' lang='lat' dir='ltr'><strong>cubicularius,</strong></span> <span class='ocrx_word' id='word_1_785' title='bbox 1460 2191 1559 2216; x_wconf 84' lang='lat' dir='ltr'><strong>habens</strong></span> <span class='ocrx_word' id='word_1_786' title='bbox 1577 2198 1667 2216; x_wconf 88' lang='lat' dir='ltr'><strong>secum</strong></span> <span class='ocrx_word' id='word_1_787' title='bbox 1681 2195 1705 2215; x_wconf 89' lang='lat' dir='ltr'><strong>et</strong></span> <span class='ocrx_word' id='word_1_788' title='bbox 1719 2190 1785 2214; x_wconf 53' lang='lat' dir='ltr'><strong>alio:</strong></span> <span class='ocrx_word' id='word_1_789' title='bbox 1803 2191 1926 2222; x_wconf 54' lang='lat' dir='ltr'><strong>obs-simi</strong></span> 
     </span>
    </p>
   </div>
   <div class='ocr_carea' id='block_1_105' title="bbox 1106 2233 1927 2268">
    <p class='ocr_par' dir='ltr' id='par_1_105' title="bbox 1106 2233 1927 2268">
     <span class='ocr_line' id='line_1_105' title="bbox 1106 2233 1927 2268; baseline -0.004 -5"><span class='ocrx_word' id='word_1_790' title='bbox 1106 2234 1129 2263; x_wconf 87' lang='grc' dir='ltr'>υ</span> <span class='ocrx_word' id='word_1_791' title='bbox 1142 2235 1240 2266; x_wconf 81' lang='lat' dir='ltr'><strong>divini;</strong></span> <span class='ocrx_word' id='word_1_792' title='bbox 1264 2239 1290 2262; x_wconf 87' lang='lat' dir='ltr'><strong>et</strong></span> <span class='ocrx_word' id='word_1_793' title='bbox 1311 2242 1370 2261; x_wconf 89' lang='lat' dir='ltr'><strong>cntu</strong></span> <span class='ocrx_word' id='word_1_794' title='bbox 1388 2236 1551 2268; x_wconf 63' lang='lat' dir='ltr'><strong>perveniSset</strong></span> <span class='ocrx_word' id='word_1_795' title='bbox 1564 2234 1596 2260; x_wconf 86' lang='lat' dir='ltr'><strong>ad</strong></span> <span class='ocrx_word' id='word_1_796' title='bbox 1611 2234 1688 2260; x_wconf 89' lang='lat' dir='ltr'><strong>talem</strong></span> <span class='ocrx_word' id='word_1_797' title='bbox 1713 2233 1820 2260; x_wconf 73' lang='lat' dir='ltr'><strong>nitentis</strong></span> <span class='ocrx_word' id='word_1_798' title='bbox 1834 2237 1927 2260; x_wconf 64' lang='lat' dir='ltr'><strong>(Ionius</strong></span> 
     </span>
    </p>
   </div>
   <div class='ocr_carea' id='block_1_106' title="bbox 1142 2279 1927 2315">
    <p class='ocr_par' dir='ltr' id='par_1_106' title="bbox 1142 2279 1927 2315">
     <span class='ocr_line' id='line_1_106' title="bbox 1142 2279 1927 2315; baseline 0.001 -9"><span class='ocrx_word' id='word_1_799' title='bbox 1142 2281 1258 2315; x_wconf 81' lang='lat' dir='ltr'><strong>jaunam,</strong></span> <span class='ocrx_word' id='word_1_800' title='bbox 1283 2282 1349 2307; x_wconf 71' lang='lat' dir='ltr'><strong>dixit</strong></span> <span class='ocrx_word' id='word_1_801' title='bbox 1363 2281 1394 2306; x_wconf 89' lang='lat' dir='ltr'><strong>ad</strong></span> <span class='ocrx_word' id='word_1_802' title='bbox 1410 2280 1529 2314; x_wconf 81' lang='lat' dir='ltr'><strong>proprios</strong></span> <span class='ocrx_word' id='word_1_803' title='bbox 1546 2279 1672 2306; x_wconf 86' lang='lat' dir='ltr'><strong>ofliciales</strong></span> <span class='ocrx_word' id='word_1_804' title='bbox 1688 2289 1694 2306; x_wconf 88' lang='lat'><strong>:</strong></span> <span class='ocrx_word' id='word_1_805' title='bbox 1718 2281 1848 2312; x_wconf 83' lang='lat' dir='ltr'><strong>Deponite</strong></span> <span class='ocrx_word' id='word_1_806' title='bbox 1863 2281 1927 2307; x_wconf 77' lang='lat' dir='ltr'><strong>mihi</strong></span> 
     </span>
    </p>
   </div>
   <div class='ocr_carea' id='block_1_107' title="bbox 1144 2327 1927 2361">
    <p class='ocr_par' dir='ltr' id='par_1_107' title="bbox 1144 2327 1927 2361">
     <span class='ocr_line' id='line_1_107' title="bbox 1144 2327 1927 2361; baseline 0 -9"><span class='ocrx_word' id='word_1_807' title='bbox 1144 2327 1258 2354; x_wconf 87' lang='lat' dir='ltr'><strong>titulum.</strong></span> <span class='ocrx_word' id='word_1_808' title='bbox 1272 2327 1304 2353; x_wconf 85' lang='lat' dir='ltr'><strong>Et</strong></span> <span class='ocrx_word' id='word_1_809' title='bbox 1319 2335 1378 2354; x_wconf 89' lang='lat' dir='ltr'><strong>cum</strong></span> <span class='ocrx_word' id='word_1_810' title='bbox 1393 2328 1588 2361; x_wconf 81' lang='lat' dir='ltr'><strong>deposuissent.</strong></span> <span class='ocrx_word' id='word_1_811' title='bbox 1615 2328 1707 2355; x_wconf 87' lang='lat' dir='ltr'><strong>iterum</strong></span> <span class='ocrx_word' id='word_1_812' title='bbox 1721 2327 1810 2354; x_wconf 78' lang='lat' dir='ltr'><strong>dixit:</strong></span> <span class='ocrx_word' id='word_1_813' title='bbox 1831 2328 1927 2353; x_wconf 79' lang='lat' dir='ltr'><strong>Mutate</strong></span> 
     </span>
    </p>
   </div>
   <div class='ocr_carea' id='block_1_108' title="bbox 1144 2372 1927 2406">
    <p class='ocr_par' dir='ltr' id='par_1_108' title="bbox 1144 2372 1927 2406">
     <span class='ocr_line' id='line_1_108' title="bbox 1144 2372 1927 2406; baseline 0 -8"><span class='ocrx_word' id='word_1_814' title='bbox 1144 2380 1215 2402; x_wconf 84' lang='lat' dir='ltr'><strong>eum.</strong></span> <span class='ocrx_word' id='word_1_815' title='bbox 1239 2376 1266 2398; x_wconf 84' lang='lat' dir='ltr'><strong>et</strong></span> <span class='ocrx_word' id='word_1_816' title='bbox 1290 2373 1379 2405; x_wconf 85' lang='lat' dir='ltr'><strong>ponite</strong></span> <span class='ocrx_word' id='word_1_817' title='bbox 1393 2381 1470 2406; x_wconf 84' lang='lat' dir='ltr'><strong>quem</strong></span> <span class='ocrx_word' id='word_1_818' title='bbox 1487 2372 1556 2399; x_wconf 66' lang='lat' dir='ltr'><strong>mnsit</strong></span> <span class='ocrx_word' id='word_1_819' title='bbox 1573 2372 1645 2398; x_wconf 87' lang='lat' dir='ltr'><strong>orbis</strong></span> <span class='ocrx_word' id='word_1_820' title='bbox 1661 2377 1790 2398; x_wconf 58' lang='lat' dir='ltr'><strong>terrarum</strong></span> <span class='ocrx_word' id='word_1_821' title='bbox 1816 2380 1870 2398; x_wconf 75' lang='lat' dir='ltr'><strong>rex.</strong></span> <span class='ocrx_word' id='word_1_822' title='bbox 1896 2372 1927 2398; x_wconf 75' lang='lat' dir='ltr'><strong>Et</strong></span> 
     </span>
    </p>
   </div>
   <div class='ocr_carea' id='block_1_109' title="bbox 1144 2418 1925 2450">
    <p class='ocr_par' dir='ltr' id='par_1_109' title="bbox 1144 2418 1925 2450">
     <span class='ocr_line' id='line_1_109' title="bbox 1144 2418 1925 2450; baseline -0.001 -6"><span class='ocrx_word' id='word_1_823' title='bbox 1144 2418 1290 2444; x_wconf 68' lang='lat' dir='ltr'><strong>attulerunt</strong></span> <span class='ocrx_word' id='word_1_824' title='bbox 1304 2423 1330 2444; x_wconf 90' lang='lat' dir='ltr'><strong>et</strong></span> <span class='ocrx_word' id='word_1_825' title='bbox 1345 2419 1484 2444; x_wconf 72' lang='lat' dir='ltr'><strong>allixerunt</strong></span> <span class='ocrx_word' id='word_1_826' title='bbox 1499 2418 1567 2444; x_wconf 89' lang='lat' dir='ltr'><strong>aliud</strong></span> <span class='ocrx_word' id='word_1_827' title='bbox 1589 2418 1734 2449; x_wconf 85' lang='lat' dir='ltr'><strong>aspiciente</strong></span> <span class='ocrx_word' id='word_1_828' title='bbox 1758 2425 1808 2448; x_wconf 78' lang='lat' dir='ltr'><strong>uie,</strong></span> <span class='ocrx_word' id='word_1_829' title='bbox 1831 2425 1925 2450; x_wconf 80' lang='lat' dir='ltr'><strong>super-</strong></span> 
     </span>
    </p>
   </div>
   <div class='ocr_carea' id='block_1_110' title="bbox 1146 2462 1929 2495">
    <p class='ocr_par' dir='ltr' id='par_1_110' title="bbox 1146 2462 1929 2495">
     <span class='ocr_line' id='line_1_110' title="bbox 1146 2462 1929 2495; baseline -0.001 -7"><span class='ocrx_word' id='word_1_830' title='bbox 1146 2463 1271 2495; x_wconf 76' lang='lat' dir='ltr'><strong>scriptum</strong></span> <span class='ocrx_word' id='word_1_831' title='bbox 1300 2462 1334 2488; x_wconf 74' lang='lat' dir='ltr'><strong>ita</strong></span> <span class='ocrx_word' id='word_1_832' title='bbox 1353 2471 1358 2487; x_wconf 87' lang='lat'><strong>:</strong></span> <span class='ocrx_word' id='word_1_833' title='bbox 1381 2462 1481 2489; x_wconf 70' lang='lat' dir='ltr'><strong>MANSlO</strong></span> <span class='ocrx_word' id='word_1_834' title='bbox 1498 2470 1609 2488; x_wconf 64' lang='grc' dir='ltr'><strong>(ΕῘΕΚΝΑ</strong></span> <span class='ocrx_word' id='word_1_835' title='bbox 1632 2469 1662 2488; x_wconf 70' lang='lat' dir='ltr'><strong>ac</strong></span> <span class='ocrx_word' id='word_1_836' title='bbox 1686 2469 1794 2492; x_wconf 75' lang='lat' dir='ltr'><strong>BEQUIES</strong></span> <span class='ocrx_word' id='word_1_837' title='bbox 1820 2462 1929 2488; x_wconf 67' lang='lat' dir='ltr'><strong>JOANSiS</strong></span> 
     </span>
    </p>
   </div>
   <div class='ocr_carea' id='block_1_111' title="bbox 1147 2509 1927 2537">
    <p class='ocr_par' dir='ltr' id='par_1_111' title="bbox 1147 2509 1927 2537">
     <span class='ocr_line' id='line_1_111' title="bbox 1147 2509 1927 2537; baseline -0.003 -4"><span class='ocrx_word' id='word_1_838' title='bbox 1147 2515 1345 2534; x_wconf 70' lang='lat' dir='ltr'><strong>ARCHIEI‘ISCOI’I</strong></span> <span class='ocrx_word' id='word_1_839' title='bbox 1368 2509 1559 2537; x_wconf 54' lang='lat' dir='ltr'><strong>ALEXANDRIE,</strong></span> <span class='ocrx_word' id='word_1_840' title='bbox 1585 2515 1670 2533; x_wconf 76' lang='lat' dir='ltr'><strong>EMPTA</strong></span> <span class='ocrx_word' id='word_1_841' title='bbox 1693 2515 1775 2533; x_wconf 73' lang='lat' dir='ltr'><strong>LIBRIS</strong></span> <span class='ocrx_word' id='word_1_842' title='bbox 1795 2514 1927 2533; x_wconf 73' lang='lat' dir='ltr'><strong>TMGINTA.</strong></span> 
     </span>
    </p>
   </div>
   <div class='ocr_carea' id='block_1_112' title="bbox 1148 2553 1928 2584">
    <p class='ocr_par' dir='ltr' id='par_1_112' title="bbox 1148 2553 1928 2584">
     <span class='ocr_line' id='line_1_112' title="bbox 1148 2553 1928 2584; baseline -0.004 -5"><span class='ocrx_word' id='word_1_843' title='bbox 1148 2554 1179 2579; x_wconf 74' lang='grc' dir='ltr'><strong>Ι-Σι</strong></span> <span class='ocrx_word' id='word_1_844' title='bbox 1196 2562 1254 2580; x_wconf 77' lang='lat' dir='ltr'><strong>eum</strong></span> <span class='ocrx_word' id='word_1_845' title='bbox 1277 2554 1326 2579; x_wconf 88' lang='lat' dir='ltr'><strong>hoc</strong></span> <span class='ocrx_word' id='word_1_846' title='bbox 1343 2553 1464 2584; x_wconf 78' lang='lat' dir='ltr'><strong>vidisset,</strong></span> <span class='ocrx_word' id='word_1_847' title='bbox 1486 2553 1601 2578; x_wconf 76' lang='lat' dir='ltr'><strong>Surrexit</strong></span> <span class='ocrx_word' id='word_1_848' title='bbox 1623 2561 1636 2576; x_wconf 66' lang='grc' dir='ltr'><strong>ιι</strong></span> <span class='ocrx_word' id='word_1_849' title='bbox 1652 2560 1756 2583; x_wconf 85' lang='lat' dir='ltr'><strong>somno,</strong></span> <span class='ocrx_word' id='word_1_850' title='bbox 1783 2557 1810 2578; x_wconf 83' lang='lat' dir='ltr'><strong>et</strong></span> <span class='ocrx_word' id='word_1_851' title='bbox 1835 2560 1928 2584; x_wconf 72' lang='lat' dir='ltr'><strong>magno</strong></span> 
     </span>
    </p>
   </div>
   <div class='ocr_carea' id='block_1_113' title="bbox 1147 2597 1927 2631">
    <p class='ocr_par' dir='ltr' id='par_1_113' title="bbox 1147 2597 1927 2631">
     <span class='ocr_line' id='line_1_113' title="bbox 1147 2597 1927 2631; baseline -0.005 -6"><span class='ocrx_word' id='word_1_852' title='bbox 1147 2606 1303 2631; x_wconf 76' lang='lat' dir='ltr'><strong>summoque</strong></span> <span class='ocrx_word' id='word_1_853' title='bbox 1316 2598 1411 2630; x_wconf 79' lang='lat' dir='ltr'><strong>pastori</strong></span> <span class='ocrx_word' id='word_1_854' title='bbox 1423 2606 1481 2630; x_wconf 66' lang='lat' dir='ltr'><strong>qua:</strong></span> <span class='ocrx_word' id='word_1_855' title='bbox 1492 2605 1544 2622; x_wconf 62' lang='lat' dir='ltr'><strong>vna</strong></span> <span class='ocrx_word' id='word_1_856' title='bbox 1559 2603 1619 2622; x_wconf 80' lang='lat' dir='ltr'><strong>sunt</strong></span> <span class='ocrx_word' id='word_1_857' title='bbox 1631 2597 1655 2622; x_wconf 87' lang='lat' dir='ltr'><strong>ei</strong></span> <span class='ocrx_word' id='word_1_858' title='bbox 1670 2598 1695 2623; x_wconf 90' lang='lat' dir='ltr'><strong>in</strong></span> <span class='ocrx_word' id='word_1_859' title='bbox 1708 2597 1809 2622; x_wconf 86' lang='lat' dir='ltr'><strong>somnis</strong></span> <span class='ocrx_word' id='word_1_860' title='bbox 1820 2603 1927 2622; x_wconf 76' lang='lat' dir='ltr'><strong>enarra-</strong></span> 
     </span>
    </p>
   </div>
   <div class='ocr_carea' id='block_1_114' title="bbox 1148 2642 1929 2675">
    <p class='ocr_par' dir='ltr' id='par_1_114' title="bbox 1148 2642 1929 2675">
     <span class='ocr_line' id='line_1_114' title="bbox 1148 2642 1929 2675; baseline -0.005 -5"><span class='ocrx_word' id='word_1_861' title='bbox 1148 2645 1195 2671; x_wconf 83' lang='lat' dir='ltr'><strong>vit.</strong></span> <span class='ocrx_word' id='word_1_862' title='bbox 1217 2643 1362 2670; x_wconf 84' lang='lat' dir='ltr'><strong>Proﬁciens</strong></span> <span class='ocrx_word' id='word_1_863' title='bbox 1373 2650 1402 2668; x_wconf 85' lang='lat' dir='ltr'><strong>ea</strong></span> <span class='ocrx_word' id='word_1_864' title='bbox 1417 2643 1450 2669; x_wconf 89' lang='lat' dir='ltr'><strong>de</strong></span> <span class='ocrx_word' id='word_1_865' title='bbox 1464 2649 1542 2668; x_wconf 84' lang='lat' dir='ltr'><strong>causa</strong></span> <span class='ocrx_word' id='word_1_866' title='bbox 1557 2642 1662 2668; x_wconf 75' lang='lat' dir='ltr'><strong>Troilus</strong></span> <span class='ocrx_word' id='word_1_867' title='bbox 1676 2642 1827 2675; x_wconf 68' lang='lat' dir='ltr'><strong>episcopus,</strong></span> <span class='ocrx_word' id='word_1_868' title='bbox 1843 2642 1929 2668; x_wconf 78' lang='lat' dir='ltr'><strong>factus</strong></span> 
     </span>
    </p>
   </div>
   <div class='ocr_carea' id='block_1_115' title="bbox 1146 2688 1654 2723">
    <p class='ocr_par' dir='ltr' id='par_1_115' title="bbox 1146 2688 1654 2723">
     <span class='ocr_line' id='line_1_115' title="bbox 1146 2688 1654 2723; baseline -0.008 -6"><span class='ocrx_word' id='word_1_869' title='bbox 1146 2698 1177 2717; x_wconf 87' lang='lat' dir='ltr'><strong>ex</strong></span> <span class='ocrx_word' id='word_1_870' title='bbox 1190 2695 1252 2715; x_wconf 88' lang='lat' dir='ltr'><strong>tunc</strong></span> <span class='ocrx_word' id='word_1_871' title='bbox 1266 2690 1476 2723; x_wconf 74' lang='lat' dir='ltr'><strong>cleemosynator</strong></span> <span class='ocrx_word' id='word_1_872' title='bbox 1492 2688 1654 2721; x_wconf 78' lang='lat' dir='ltr'><strong>magniﬁcus.</strong></span> 
     </span>
    </p>
   </div>
   <div class='ocr_carea' id='block_1_116' title="bbox 1181 2733 1930 2766">
    <p class='ocr_par' dir='ltr' id='par_1_116' title="bbox 1181 2733 1930 2766">
     <span class='ocr_line' id='line_1_116' title="bbox 1181 2733 1930 2766; baseline -0.003 -5"><span class='ocrx_word' id='word_1_873' title='bbox 1181 2735 1244 2761; x_wconf 38' lang='lat' dir='ltr'><strong>Cir.</strong></span> <span class='ocrx_word' id='word_1_874' title='bbox 1267 2733 1370 2760; x_wconf 70' lang='lat' dir='ltr'><strong>XXVII.</strong></span> <span class='ocrx_word' id='word_1_875' title='bbox 1391 2748 1426 2753; x_wconf 91' lang='lat'><strong><em>—</em></strong></span> <span class='ocrx_word' id='word_1_876' title='bbox 1449 2734 1574 2759; x_wconf 85' lang='lat' dir='ltr'><strong>Dominus</strong></span> <span class='ocrx_word' id='word_1_877' title='bbox 1587 2734 1629 2766; x_wconf 85' lang='lat' dir='ltr'><strong>qui</strong></span> <span class='ocrx_word' id='word_1_878' title='bbox 1645 2733 1751 2759; x_wconf 69' lang='grc' dir='ltr'><strong>ύὶιίιὶηε</strong></span> <span class='ocrx_word' id='word_1_879' title='bbox 1764 2733 1790 2759; x_wconf 91' lang='lat' dir='ltr'><strong>in</strong></span> <span class='ocrx_word' id='word_1_880' title='bbox 1812 2738 1930 2766; x_wconf 84' lang='lat' dir='ltr'><strong>tempore</strong></span> 
     </span>
    </p>
   </div>
   <div class='ocr_carea' id='block_1_117' title="bbox 1147 2780 1930 2816">
    <p class='ocr_par' dir='ltr' id='par_1_117' title="bbox 1147 2780 1930 2816">
     <span class='ocr_line' id='line_1_117' title="bbox 1147 2780 1930 2816; baseline -0.003 -8"><span class='ocrx_word' id='word_1_881' title='bbox 1147 2782 1261 2816; x_wconf 88' lang='lat' dir='ltr'><strong>qttodam</strong></span> <span class='ocrx_word' id='word_1_882' title='bbox 1275 2782 1352 2808; x_wconf 80' lang='lat' dir='ltr'><strong>beato</strong></span> <span class='ocrx_word' id='word_1_883' title='bbox 1363 2780 1414 2807; x_wconf 85' lang='lat' dir='ltr'><strong>Job</strong></span> <span class='ocrx_word' id='word_1_884' title='bbox 1426 2781 1544 2812; x_wconf 88' lang='lat' dir='ltr'><strong>abstulit,</strong></span> <span class='ocrx_word' id='word_1_885' title='bbox 1562 2780 1623 2806; x_wconf 89' lang='lat' dir='ltr'><strong>fecit</strong></span> <span class='ocrx_word' id='word_1_886' title='bbox 1636 2780 1723 2806; x_wconf 85' lang='lat' dir='ltr'><strong>simile</strong></span> <span class='ocrx_word' id='word_1_887' title='bbox 1739 2785 1764 2807; x_wconf 86' lang='lat' dir='ltr'><strong>et</strong></span> <span class='ocrx_word' id='word_1_888' title='bbox 1785 2781 1845 2806; x_wconf 80' lang='lat' dir='ltr'><strong>ltuit:</strong></span> <span class='ocrx_word' id='word_1_889' title='bbox 1859 2780 1930 2806; x_wconf 90' lang='lat' dir='ltr'><strong>omni</strong></span> 
     </span>
    </p>
   </div>
   <div class='ocr_carea' id='block_1_118' title="bbox 1149 2825 1932 2864">
    <p class='ocr_par' dir='ltr' id='par_1_118' title="bbox 1149 2825 1932 2864">
     <span class='ocr_line' id='line_1_118' title="bbox 1149 2825 1932 2864; baseline -0.004 -9"><span class='ocrx_word' id='word_1_890' title='bbox 1149 2828 1267 2855; x_wconf 85' lang='lat' dir='ltr'><strong>bonitate</strong></span> <span class='ocrx_word' id='word_1_891' title='bbox 1290 2827 1380 2864; x_wconf 75' lang='lat' dir='ltr'><strong>pleno,</strong></span> <span class='ocrx_word' id='word_1_892' title='bbox 1402 2831 1496 2853; x_wconf 80' lang='lat' dir='ltr'><strong>sancto</strong></span> <span class='ocrx_word' id='word_1_893' title='bbox 1516 2825 1671 2860; x_wconf 76' lang='lat' dir='ltr'><strong>patriarchae</strong></span> <span class='ocrx_word' id='word_1_894' title='bbox 1692 2825 1799 2853; x_wconf 82' lang='lat' dir='ltr'><strong>Joanni.</strong></span> <span class='ocrx_word' id='word_1_895' title='bbox 1815 2825 1932 2853; x_wconf 78' lang='lat' dir='ltr'><strong>Navibus</strong></span> 
     </span>
    </p>
   </div>
  </div>
