2074 3144
249 177 313 206 ltili

727 181 802 208 VlTA
822 178 943 208 SANCTI
962 179 1100 208 JOANNIS
1122 179 1410 210 ELEEMOSYNARII.

1801 180 1869 209 1642

247 240 321 267 enim
338 239 513 268 sanctissima:
531 238 652 267 ecclesia
674 236 961 272 comprehendentibus
976 236 1032 262 vio-
1046 236 1072 266 Α
1084 236 1217 264 mandavit
1239 237 1304 265 mihi
1322 237 1449 266 Dominus
1475 245 1550 265 meus
1565 243 1591 265 et
1612 238 1731 268 omnium
1750 238 1872 267 Christus

249 285 348 313 lentam
371 285 496 317 hiemem,
519 284 546 311 in
567 284 624 312 loco
638 283 682 318 qui
701 283 839 310 dicebatur
857 281 936 308 Adria
963 279 1049 320 (7i),_

249 331 419 365 proiecerunt
433 331 521 358 omnia
535 338 594 362 sua,
616 337 674 365 quat
691 336 772 356 naves
788 328 942 363 portabant;
958 331 1034 354 erant

251 384 316 403 vero
329 383 422 404 omnes
437 383 517 404 naves
527 376 615 404 simul.
638 376 702 403 Erat
720 379 808 402 aute
832 379 938 401 summa
952 372 1034 399 multa

250 422 326 449 valde
337 423 510 450 enthecarum
526 429 651 453 suarum;
678 420 811 447 habebam
832 419 905 446 enim
932 423 1034 445 tantum

250 467 408 494 vestimenta
430 472 458 494 et
481 471 631 502 argentum,
656 470 683 493 et
706 466 773 493 alias
796 472 839 492 res
862 465 983 496 altiores,
1007 467 1036 491 ut

250 514 448 547 computar'etnr
462 512 564 547 pondus
581 512 651 547 quod
666 511 714 539 ivit
728 511 754 538 in
769 510 944 545 perditionem
954 516 1039 544 quan--

250 559 334 586 titatis
341 559 552 586 centenariorum
561 557 666 593 triginta
679 561 802 592 quatuor.
814 556 874 583 Plus
882 555 953 583 enim
961 558 1040 582 erant

251 611 331 640 quam
347 604 474 632 tredecim
490 612 580 636 naves,
594 604 729 639 capientes
744 610 792 638 per
810 602 928 637 singulas
943 602 1036 629 decem

250 650 332 678 millia
344 650 503 677 modiorum.
526 650 697 677 Venicntibus
712 656 777 676 vero
796 647 986 675 Alexandriam
1010 649 1040 673 et

252 695 433 731 pergentibus,
451 696 539 722 statim
556 695 648 730 reliqui
662 695 807 721 creditores
819 697 846 719 et
861 692 937 726 primi
952 696 1037 719 nauta:

252 743 277 768 in
291 741 434 768 ecclesiam
449 741 635 775 confugerunt.
653 739 765 766 Sanctus
780 746 843 765 vero
855 737 906 763 hoc
916 737 1036 768 audiens,

252 792 279 814 et
290 795 396 814 Causam
417 792 523 821 propter
534 794 611 820 quam
627 785 759 819 fugerant,
775 784 855 810 mittit
870 784 909 812 eis
925 782 1037 809 verbum

252 832 373 858 manibus
395 832 450 857 suis
474 831 663 864 conscriptum,
688 829 787 855 habens
803 829 838 854 ita
856 836 863 854 τ
886 836 896 852 t
914 826 1038 854 Dominus

252 877 339 908 dedit,
359 877 464 909 fratres;
491 876 628 908 Dominus,
652 881 681 901 ut
703 874 795 906 voluit,
822 873 947 905 abstulit;
971 872 1039 899 sicut

1085 279 1153 308 Deus
1168 279 1257 316 (Joan.
1273 282 1310 317 x).

1121 326 1183 353 Car.
1195 326 1291 358 XXIX.
1302 328 1479 356 —Districtus
1492 328 1598 363 quidam
1615 329 1650 357 ab
1665 329 1756 364 bisqui
1766 331 1872 364 pensio.

1085 380 1146 399 nem
1161 372 1314 407 exigebant,
1335 382 1395 402 cum
1417 382 1470 402 non
1492 375 1602 403 haberet
1619 375 1691 410 quod
1711 376 1787 404 daret
1803 378 1872 412 (erat

1085 417 1155 444 enim
1165 418 1239 452 regio
1248 418 1274 445 in
1285 426 1380 453 magna
1390 419 1557 453 difficultate,
1566 428 1599 447 eo
1609 420 1678 454 quod
1691 420 1787 449 ﬂuvius
1797 421 1871 450 Nilus

1086 463 1233 491 secundum
1243 464 1459 491 consuetudinem
1472 471 1523 492 non
1534 465 1654 500 irrigaret
1665 466 1740 501 aquis
1750 468 1873 502 terram),

1087 507 1144 542 ipse
1164 508 1257 536 abiens
1276 508 1430 543 deprecatus
1444 514 1486 537 est
1500 509 1593 537 ducem
1608 511 1748 545 quemdam
1764 520 1875 547 magna-

1088 558 1185 587 torum,
1200 559 1228 581 ut
1241 560 1344 583 mutuas
1356 555 1406 583 sibi
1422 556 1498 583 daret
1521 557 1709 592 quinquaginta
1723 558 1806 587 libras
1820 568 1870 587 au-

1089 599 1126 631 ri;
1140 604 1166 626 et
1179 599 1284 627 diccbat
1299 608 1328 627 se
1341 600 1406 628 dare
1420 602 1529 635 pignora
1539 621 1548 635 ,
1563 603 1585 629 si
1608 603 1697 635 vellet,
1713 604 1804 639 dupla.
1820 605 1872 633 Re-

1089 645 1210 678 promisit
1223 652 1287 679 ergo
1308 645 1360 673 dux
1376 646 1439 674 dare
1452 647 1487 680 ei,
1509 647 1542 674 ad
1556 655 1671 681 prmsens
1686 657 1750 676 vero
1761 650 1873 678 distulit.

1090 691 1264 719 Exactoribus
1277 699 1340 726 ergo
1360 694 1604 729 constringantibus
1617 702 1689 728 eum,
1705 696 1777 723 valit
1801 696 1869 730 ipse;

1089 740 1118 763 ut
1128 737 1215 763 omnis
1230 737 1261 764 ad
1277 743 1380 772 portum
1395 747 1410 766 a
1422 748 1474 774 quo
1496 741 1583 768 cuncti
1604 741 1777 776 recipiuntur,
1800 744 1875 771 vide-

1090 782 1152 810 licet
1166 783 1198 810 ad
1214 782 1382 812 mitissimum
1396 789 1425 812 et
1436 785 1544 820 dignum
1566 786 1740 815 admiratione
1762 789 1875 822 patriar-

1089 826 1178 854 cham.
1201 828 1233 855 Et
1256 828 1373 856 nondum
1396 836 1464 863 pene
1488 830 1621 864 propriam
1645 832 1830 860 necessitatem
1851 834 1876 861 ei

1090 878 1253 907 narraverat,
1269 873 1336 901 dixit
1343 877 1449 901 sanctus
1459 874 1492 901 ad
1506 882 1566 902 eum
1578 882 1586 902 :
1598 875 1645 908 Do,
1658 876 1705 908 liii.
1714 876 1737 904 si
1750 878 1875 913 volneris,

253 923 364 950 Domino
384 923 492 957 placuit,
518 923 552 948 ita
568 922 664 948 factum
686 927 750 947 esr:
764 921 798 947 sit
820 926 916 946 nomen
933 918 1038 945 Domini
1055 921 1077 951 Β
1091 924 1116 945 et
1129 925 1183 953 quo
1206 919 1316 952 vestior,
1331 919 1530 948 vestimentum.
1551 920 1655 947 Etenim
1676 928 1738 948 cum
1759 922 1878 950 admira-

253 968 419 994 benediclum
435 966 507 1002 (Job.
522 968 553 1001 t).
571 966 657 999 Exite,
679 965 735 997 ﬁlii,
752 965 816 991 nihil
832 972 863 991 ex
880 965 929 990 hoc
939 963 1015 990 veriti
1030 971 1037 988 :

253 1014 380 1041 Dominus
396 1014 465 1040 enim
478 1013 609 1039 sollicitus
619 1012 669 1038 erit
682 1011 713 1038 de
729 1010 855 1037 crastino.
876 1019 886 1036 ι
913 1009 1040 1036 Ascendit

253 1061 340 1095 itaque
361 1061 427 1094 pene
441 1059 579 1085 dimidium
595 1057 708 1084 civitatis
727 1057 753 1083 in
768 1061 899 1083 secretum
914 1063 922 1082 :
937 1055 980 1082 die
993 1062 1041 1081 au-

253 1111 306 1132 tem
328 1105 411 1131 altero
424 1100 544 1130 volentes
566 1102 622 1136 (72)
647 1101 779 1128 consolari
807 1099 922 1127 nobilem
945 1100 1037 1131 istum;

254 1151 309 1183 ipse
325 1157 388 1176 vero
410 1154 611 1182 praeoccupans,
627 1146 707 1180 coepit
726 1146 848 1172 omnibus
862 1145 952 1172 dicere
967 1153 973 1170 :
990 1144 1041 1171 Ne-

254 1202 394 1229 quaquam,
408 1202 424 1221 o
440 1193 485 1220 lilii
502 1199 528 1220 et
542 1192 649 1223 fratres,
664 1198 743 1218 causa
755 1191 861 1218 navium
877 1190 1041 1217 difficultatis

254 1240 414 1271 tristemini;
439 1246 499 1265 nam
520 1238 626 1264 humilis
642 1236 767 1269 Joannes,
792 1236 903 1268 credite,
919 1236 1040 1262 inventus

254 1291 296 1314 est
319 1285 474 1320 culpabilis;
499 1285 596 1319 quippe
621 1283 671 1310 nisi
695 1282 877 1309 cxtollentiam
903 1281 1039 1313 haberem,

255 1333 328 1360 nullo
341 1334 420 1360 modo
436 1333 485 1360 hoc
500 1333 607 1359 ferrem.
629 1331 683 1359 Sed
703 1331 762 1364 quia
783 1330 930 1357 extollebar
950 1329 976 1355 in
1000 1328 1041 1355 his

255 1386 314 1412 qua:
330 1379 374 1405 Dei
389 1383 476 1410 erant,
491 1382 517 1404 et
530 1377 691 1404 mstimabam
706 1377 776 1410 quod
792 1383 885 1410 magna
901 1381 981 1409 opera
1003 1373 1042 1400 fa-

256 1431 353 1455 cerem,
372 1424 439 1450 dans
460 1430 518 1457 qua:
534 1422 671 1450 hominum
687 1427 770 1453 erant,
789 1421 839 1448 hoc
854 1420 917 1447 mihi
934 1419 1040 1451 evenit;

256 1470 348 1497 volens
363 1477 426 1504 ergo
441 1470 512 1497 Deus
526 1474 552 1496 ut
569 1469 619 1495 hoc
639 1468 827 1502 intelligerent,
845 1467 894 1493 ista
910 1464 1040 1500 permisit.

257 1517 429 1551 Eieemosyna
445 1517 514 1543 enim
527 1524 579 1543 non
590 1515 741 1551 vigilantem
755 1515 908 1549 plerumque
920 1514 945 1540 in
957 1512 1043 1539 extol-

257 1563 362 1591 lentiam
375 1564 461 1590 elevat
478 1571 484 1590 :
501 1563 596 1589 invitus
610 1569 672 1589 vero
688 1569 764 1588 casus
778 1559 1042 1587 ltumiliatsustinen-

1091 963 1187 991 bilibus
1196 963 1252 991 suis
1261 963 1337 991 bonis
1347 969 1375 992 et
1385 964 1435 992 hoc
1444 964 1612 999 possidebat,
1628 965 1698 1000 quod
1713 973 1766 994 non
1781 973 1874 1001 posset

1092 1009 1184 1037 videre
1209 1009 1324 1043 aliquem
1341 1008 1376 1037 de
1397 1010 1600 1038 necessitatibus
1623 1011 1825 1047 lacrymantem,
1849 1019 1877 1041 et

1091 1061 1143 1081 non
1157 1054 1246 1082 statim
1260 1061 1291 1082 se
1306 1055 1419 1089 propriis
1428 1055 1525 1089 rigaret
1538 1056 1660 1091 lacrymis
1672 1065 1678 1083 :
1692 1058 1760 1085 unde
1773 1061 1802 1085 et
1814 1066 1875 1086 mox

1090 1098 1248 1133 petitionem
1269 1099 1383 1127 volentis
1397 1099 1431 1127 ab
1451 1107 1484 1128 eo
1507 1107 1626 1128 mutuum
1650 1102 1773 1137 accipere
1792 1102 1877 1131 adiut—

1092 1144 1186 1178 plevit.
1200 1144 1234 1171 Et
1247 1144 1368 1179 sequenti
1383 1149 1462 1172 nocte
1473 1145 1545 1173 videt
1561 1146 1611 1173 dux
1622 1147 1691 1181 quod
1702 1152 1786 1176 staret
1797 1154 1878 1182 super

1091 1187 1175 1216 altare
1198 1189 1315 1224 quidam,
1336 1189 1378 1216 cui
1402 1189 1548 1217 oti'erebant
1574 1191 1648 1219 multi
1672 1191 1836 1226 oblationes;
1851 1198 1879 1221 et

1093 1240 1139 1266 per
1150 1240 1229 1261 unam
1253 1241 1333 1268 quam
1348 1234 1495 1269 ponebant,
1510 1236 1675 1270 accipiebant
1697 1242 1804 1266 centum
1829 1246 1879 1273 pro

1092 1277 1149 1313 ipsa
1163 1278 1197 1306 de
1209 1279 1296 1306 altari.
1313 1280 1378 1307 Erat
1394 1284 1482 1308 autem
1497 1285 1524 1308 et
1538 1282 1686 1315 patriarcha
1702 1287 1762 1317 post
1776 1287 1879 1321 tergum

1093 1321 1161 1357 ejus.
1188 1322 1298 1351 Jaeebat
1310 1331 1374 1358 ergo
1388 1332 1439 1352 una
1459 1325 1562 1353 oblatio
1577 1331 1638 1354 ante
1652 1335 1698 1355 eos
1713 1329 1738 1356 in
1753 1337 1806 1357 uno
1818 1337 1879 1358 sea-

1094 1374 1167 1401 mno,
1190 1372 1218 1395 et
1229 1368 1292 1395 dicit
1308 1369 1415 1403 quidam
1430 1370 1491 1398 duci
1508 1378 1516 1396 :
1534 1371 1615 1405 Vade,
1630 1372 1737 1401 domine
1751 1374 1819 1407 dux,
1831 1382 1879 1402 ac-

1093 1412 1152 1446 cipe
1172 1414 1332 1442 oblationem
1353 1415 1437 1449 illam,
1462 1421 1489 1444 et
1513 1417 1579 1445 alter
1600 1418 1633 1446 ad
1655 1420 1749 1454 altare,
1764 1426 1794 1448 et
1815 1422 1878 1451 tolle

1093 1465 1143 1493 pro
1159 1466 1191 1485 ea
1206 1466 1312 1488 centum
1327 1461 1486 1489 oblationes.
1510 1462 1556 1490 illo
1570 1471 1634 1491 vero
1655 1465 1805 1500 pigritante,
1830 1474 1880 1494 cu~

1094 1504 1176 1532 currit
1191 1506 1350 1540 patriarcha,
1365 1506 1425 1535 licet
1439 1514 1499 1542 post
1512 1513 1573 1536 eum
1588 1514 1682 1543 staret,
1695 1516 1723 1538 et
1735 1512 1794 1540 tulit
1808 1511 1878 1540 banc

1094 1555 1157 1578 ante
1170 1559 1243 1584 eum,
1260 1556 1287 1579 et
1300 1552 1404 1586 obtulit,
1428 1558 1456 1582 et
1468 1555 1582 1590 accepit,
1608 1556 1677 1584 sicut
1691 1565 1794 1592 omnes,
1820 1566 1882 1587 eam

257 1614 320 1635 teni.
346 1609 389 1635 Ait
412 1608 483 1635 enim
509 1608 596 1634 divina
621 1607 755 1640 Scriptura
774 1615 778 1631 :
798 1606 942 1639 Paupertas
957 1604 1040 1630 virum
1058 1606 1081 1638 ο
1097 1601 1152 1624 lum
1165 1597 1198 1624 de
1219 1598 1304 1625 ειηπί·
1323 1598 1459 1634 Ενῖῧίιῧηε
1473 1602 1575 1636 mque:
1595 1611 1648 1631 non
1664 1609 1769 1638 P0lerat
1782 1606 1883 1634 disce!“

258 1654 387 1680 humiliat.
407 1654 438 1680 Et
453 1654 548 1681 iterum
564 1653 645 1679 David
659 1653 709 1679 hoc
723 1652 820 1683 sciens,
846 1651 950 1678 dicebat
966 1658 973 1676 :
993 1651 1043 1677 Bo-

258 1707 319 1725 num
335 1700 398 1726 mihi
412 1699 481 1732 quod
495 1704 522 1725 tu
533 1698 677 1725 bumiliasti
693 1705 746 1730 me,
761 1704 788 1725 ut
803 1697 903 1724 discam
918 1697 1045 1730 justifica-

258 1747 345 1773 tiones
357 1754 414 1773 luas
427 1746 511 1781 (Psal.
525 1747 628 1779 cxvut).
642 1746 707 1773 Dum
719 1746 789 1772 enim
800 1745 878 1771 malis
890 1744 974 1772 factus
987 1752 1045 1771 sum

259 1791 400 1825 sbnoxius,
421 1792 482 1825 quia
506 1791 638 1818 dationem
658 1798 705 1825 per
719 1798 813 1817 vanam
826 1791 936 1824 gloriam
952 1790 1046 1824 perde-

259 1836 330 1869 bam,
359 1842 386 1864 ct
410 1837 533 1871 quoniam
555 1844 601 1871 per
623 1836 715 1863 vitium
741 1843 829 1862 meutn
850 1835 962 1869 perdita:
986 1841 1046 1862 sunt

259 1886 339 1908 tanta:
355 1882 484 1915 pecuniae,
500 1881 586 1908 habeo
600 1889 669 1907 nunc
682 1881 810 1914 judicium
825 1880 974 1907 animarum
988 1888 1047 1914 quae

259 1926 284 1953 in
299 1931 374 1952 arcto
390 1931 459 1952 sunt.
477 1926 585 1957 Verum,
603 1925 779 1957 dilectissimi,
794 1925 837 1958 qui
852 1929 914 1951 tunc
928 1931 1047 1958 tempore

259 1970 321 2004 justi
336 1970 407 1996 illius
420 1970 469 1997 Job
484 1970 534 1996 fuit
548 1970 627 2002 Deus,
644 1974 670 1995 et
684 1977 753 1996 nunc
769 1969 838 1996 idem
855 1970 911 2003 ipse
930 1974 982 2002 est,
1002 1970 1046 2003 qui

261 2024 313 2042 non
330 2020 437 2049 propter
458 2020 603 2049 egestatem
628 2022 725 2047 meam,
747 2014 793 2042 sed
814 2015 849 2042 ob
873 2015 1046 2049 indigentium

260 2061 457 2094 necessitatem,
474 2068 526 2087 non
542 2060 709 2095 derelinquet
724 2068 781 2086 nos.
800 2060 857 2094 ipse
872 2061 942 2087 enim
957 2060 1023 2087 dixit
1039 2070 1045 2087 ;

260 2106 316 2132 Non
327 2106 494 2138 tedeseram,
537 2106 623 2140 deque
650 2105 834 2139 nerelinquatn
862 2103 951 2138 (Hebr.
971 2105 1041 2139 xm).

259 2151 293 2178 Et
308 2158 399 2178 rursus
412 2159 418 2177 :
432 2151 548 2184 Quarrite
561 2151 674 2184 primunt
690 2158 799 2185 regnum
812 2151 867 2183 Dei,
881 2157 907 2178 et
918 2151 1047 2185 justitiam
1064 2183 1071 2187 _

262 2198 331 2230 ejus,
352 2202 379 2223 et
392 2196 449 2223 haec
461 2198 550 2223 omnia
561 2196 718 2230 adjiciantur
729 2197 804 2223 vobis
816 2197 922 2232 (Matth.
941 2200 986 2231 Vt).
1001 2198 1045 2225 Vo

259 2243 344 2269 lentes
365 2250 428 2277 ergo
448 2243 582 2269 consolari
605 2250 665 2269 eum
690 2243 804 2269 civitatis
829 2243 1003 2277 habitatores,
1019 2250 1048 2272 ut

1096 1650 1163 1670 uere
1176 1644 1320 1672 somuium.
1336 1645 1405 1677 Misit
1418 1651 1505 1675 autem
1518 1652 1545 1675 et
1557 1648 1665 1676 adduxit
1676 1657 1738 1677 eum
1752 1651 1798 1685 qui
1810 1653 1882 1680 voie~

1096 1688 1142 1716 bat
1165 1694 1286 1718 mutuum
1310 1692 1443 1726 accipere,
1462 1697 1490 1720 ut
1505 1698 1646 1728 praestaret
1656 1696 1691 1722 ei.
1709 1695 1815 1724 Etcum
1839 1705 1883 1725 ve-

1097 1734 1197 1768 nisset,
1213 1735 1276 1762 dicit
1289 1736 1314 1763 ei
1337 1737 1522 1773 dunAceipe
1545 1739 1615 1774 quod
1639 1741 1726 1775 petisti
1752 1746 1883 1770 mutuum.

1098 1779 1271 1815 Respondeas
1284 1781 1339 1815 ille,
1355 1782 1420 1810 dixit
1434 1783 1458 1810 ei
1470 1792 1478 1810 :
1492 1785 1560 1812 Ante
1573 1785 1633 1812 tulit
1645 1786 1796 1814 mercedem
1810 1791 1880 1814 tuam

1097 1826 1221 1855 dominus
1236 1828 1396 1861 patriarcha.
1410 1829 1514 1857 Etenim
1526 1835 1552 1857 te
1562 1831 1670 1858 demitto
1680 1831 1820 1860 differ-eote
1830 1840 1885 1863 me.

1096 1873 1249 1907 compulsus
1264 1880 1322 1900 sum
1343 1873 1376 1901 ad
1392 1874 1467 1901 illum
1483 1880 1606 1910 tanquam
1619 1877 1654 1904 ad
1667 1882 1773 1912 portum
1792 1880 1883 1906 confu-

1097 1925 1176 1951 gere,
1193 1919 1275 1945 multa
1288 1920 1360 1945 enim
1374 1924 1433 1946 erat
1448 1920 1487 1948 vis
1502 1921 1691 1955 inquietudinis
1714 1928 1881 1952 exactorum.

1097 1963 1164 1989 Cum
1174 1970 1238 1997 ergo
1247 1964 1366 2000 audisset
1375 1964 1436 1997 hoc,
1452 1966 1540 1993 statim
1555 1967 1711 1995 recordatus
1723 1974 1762 1995 est
1774 1970 1882 2002 somnii,

1097 2012 1125 2035 et
1137 2007 1205 2036 dixit
1216 2017 1224 2034 :
1237 2007 1305 2036 Vere
1313 2010 1383 2037 bene
1392 2010 1481 2038 dixisti
1495 2020 1501 2037 :
1514 2012 1581 2045 Quia
1591 2018 1652 2040 ante
1663 2013 1722 2041 tulit
1733 2014 1884 2042 mercedem

1098 2057 1182 2081 tuam.
1195 2054 1264 2081 Ante
1280 2054 1340 2082 tulit
1353 2055 1435 2089 enim,
1460 2060 1488 2084 et
1502 2065 1542 2084 vae
1555 2058 1593 2085 illi
1605 2058 1649 2092 qui
1660 2059 1717 2087 vult
1728 2059 1819 2089 facere
1834 2061 1884 2088 bo-

1097 2106 1172 2133 num,
1187 2104 1215 2127 et
1229 2099 1327 2127 diﬂ'ert.
1344 2100 1379 2128 Et
1392 2102 1527 2129 enarravit
1536 2102 1561 2130 ei
1572 2106 1600 2130 et
1613 2104 1737 2132 omnibus
1751 2106 1885 2134 somnium

1097 2145 1167 2180 quod
1183 2145 1294 2174 viderat.

1133 2201 1198 2229 Car.
1214 2201 1299 2229 XXX.
1312 2217 1347 2223 --
1358 2202 1487 2238 Pergame
1501 2204 1641 2240 aliquando
1659 2212 1753 2234 sancto
1766 2208 1800 2234 ad
1815 2212 1884 2234 tem-

1100 2247 1171 2281 plum
1193 2254 1346 2276 sanctorum
1376 2249 1579 2278 victoriosorum
1604 2257 1749 2288 martyrum
1774 2253 1836 2288 Cyri
1859 2258 1885 2281 et

260 2288 358 2314 dictum
374 2293 425 2320 est,
441 2288 490 2321 ipsi
507 2288 589 2321 magis
605 2288 704 2315 inventi
724 2292 787 2315 sunt
800 2294 906 2315 econtra
921 2290 1043 2316 cortSuia-
1059 2285 1085 2318 ι)
1100 2293 1210 2322 Joannis
1220 2315 1228 2327 ,
1244 2296 1271 2323 in
1280 2296 1395 2330 gloriosa
1407 2303 1498 2325 eorum
1509 2299 1638 2326 memoria
1649 2285 1778 2327 orationis
1788 2285 1884 2335 gratia,

261 2333 358 2359 tionem
371 2332 404 2359 ab
415 2333 473 2366 ejus
482 2332 645 2359 beatitudine
658 2333 799 2366 recepisse.
809 2333 892 2360 Nimis
898 2340 962 2368 ergo
969 2334 1047 2361 breve

260 2384 364 2413 tempus
385 2378 521 2413 praeteriit,
538 2383 565 2406 et
583 2379 608 2406 iu
624 2379 732 2413 duplum
747 2380 862 2407 restituit
885 2381 956 2408 Deus
980 2389 1048 2409 noro

260 2431 351 2453 nostro
361 2426 410 2453 Job
419 2426 574 2459 facultates;
587 2430 614 2452 et
623 2427 718 2453 iterum
728 2431 785 2453 erat
796 2427 851 2460 ipse
862 2428 1048 2461 magnanimus

260 2472 331 2498 circa
360 2471 581 2503 misericordiam,
609 2471 721 2498 fortasse
742 2476 828 2498 autem
845 2476 871 2498 ct
897 2472 1047 2506 I‘eliﬁiOaiOi‘

260 2524 339 2550 quam
354 2522 430 2543 antea
446 2517 539 2543 fuerat.

296 2561 362 2589 CAP.
374 2562 490 2589 XXV‘lll.
506 2562 586 2589 ——Ad
603 2567 749 2591 extremam
761 2570 940 2598 paupertatem
955 2574 1047 2601 perve-

263 2607 346 2634 nienti
359 2607 462 2634 cuidam
478 2607 510 2634 de
522 2608 674 2635 dttllierllcis
689 2609 816 2637 ministris
826 2632 832 2643 ,
849 2613 955 2645 propria
969 2621 1049 2640 manu

262 2654 310 2679 istc
325 2658 448 2685 sanctus,
466 2657 492 2679 ut
509 2654 594 2680 nullus
607 2655 702 2687 sciret,
718 2656 783 2682 duas
798 2657 878 2683 libras
889 2658 945 2684 auri
961 2659 1049 2691 dedit;

262 2705 289 2725 ct
305 2699 414 2726 audiens
435 2698 468 2725 ab
491 2699 657 2732 accipiente:
673 2700 804 2733 Quoniam
827 2702 884 2728 llaec
903 2703 1047 2737 accipiens,

262 2744 379 2777 domine,
396 2745 505 2770 ulterius
519 2752 569 2770 non
586 2744 670 2772 habeo
685 2747 784 2774 vultum
796 2747 947 2775 intendendi
962 2750 987 2775 in
1000 2750 1049 2776 ho-

265 2790 411 2817 nurabilem
427 2794 454 2817 et
476 2791 621 2823 angelicam
637 2791 729 2818 faciem
754 2798 838 2825 tuam,
855 2802 917 2820 vere
940 2794 1048 2829 dignum

263 2835 352 2869 laude,
367 2841 395 2863 ut
410 2836 526 2869 sapiens,
542 2836 645 2864 locutus
659 2842 700 2864 est
714 2840 823 2866 verbum
837 2848 843 2866 :
857 2840 990 2875 Nondum,
1008 2842 1047 2868 itt-

264 2883 367 2917 quiens,
381 2889 536 2916 sanguinem
548 2890 635 2909 meum
648 2891 694 2917 pro
707 2890 747 2915 te,
764 2885 854 2919 frater,
871 2886 964 2920 effudi,
981 2888 1049 2915 sicut

416 2946 554 2980 PATROL.
577 2948 636 2981 Gn.
660 2950 773 2983 XCII].

1101 2346 1216 2369 exeunte
1227 2347 1331 2376 portam
1346 2342 1476 2376 civitatis,
1493 2344 1611 2378 suscepit
1625 2351 1686 2371 eum
1709 2344 1803 2372 mulier
1825 2353 1886 2379 pro-

1101 2385 1204 2418 cidous,
1215 2390 1243 2413 et
1252 2386 1345 2414 dicens
1356 2396 1363 2414 :
1374 2387 1484 2415 Viudica
1496 2396 1549 2421 me,
1561 2389 1684 2423 quoniam
1699 2389 1821 2424 injuriam
1836 2398 1885 2425 pa-

1102 2430 1154 2458 tior
1167 2439 1181 2458 a
1194 2438 1293 2466 genero
1305 2439 1375 2460 meo.
1386 2433 1549 2466 Quibusdam
1558 2442 1619 2469 ergo
1631 2434 1664 2462 de
1675 2435 1803 2470 obsequio
1817 2435 1885 2470 ejus,

1100 2478 1146 2511 qui
1169 2477 1300 2505 habebant
1319 2479 1507 2506 conﬁdentiam
1532 2479 1601 2514 apud
1621 2487 1694 2514 eum,
1716 2480 1885 2508 dicentibus:

1103 2523 1169 2556 Quia
1175 2530 1235 2550 cum
1244 2530 1368 2551 reversus
1374 2523 1467 2558 fueris,
1476 2532 1583 2552 causam
1594 2525 1652 2560 ejus
1657 2524 1748 2552 facies.
1762 2525 1867 2561 Respon
1872 2541 1886 2547 -

1102 2568 1141 2594 dit
1167 2569 1405 2603 Sapientissimus:
1423 2570 1455 2597 Et
1477 2570 1610 2603 quomodo
1633 2570 1704 2598 Dens
1736 2572 1885 2600 cntionem

1103 2618 1223 2640 nostram
1245 2614 1384 2648 suscipiet,
1407 2615 1430 2641 si
1441 2621 1492 2649 ego
1514 2615 1590 2642 istam
1614 2617 1810 2651 postposuero?
1822 2617 1887 2651 Quis

1103 2659 1168 2686 mibi
1183 2661 1327 2694 spopondit
1341 2665 1372 2688 ut
1386 2661 1473 2688 vivam
1488 2669 1537 2696 ego
1547 2662 1574 2688 in
1585 2661 1750 2690 crastinum?
1762 2667 1789 2690 et
1799 2663 1843 2689 ibo
1854 2664 1886 2689 ad

1103 2704 1250 2738 Christum,
1259 2712 1307 2740 pro
1313 2714 1344 2734 ea
1353 2708 1482 2734 rationem
1492 2707 1658 2735 redditurus?
1667 2708 1700 2735 Et
1708 2715 1759 2734 non
1774 2707 1886 2734 recessit

1102 2749 1135 2776 de
1145 2750 1203 2777 loco
1215 2750 1270 2780 illo,
1280 2758 1363 2785 usque
1373 2752 1435 2779 dum
1446 2752 1517 2786 quod
1528 2753 1593 2780 satis
1603 2753 1628 2780 ei
1640 2757 1697 2779 erat
1709 2752 1763 2779 fieri
1772 2752 1884 2780 faceret.

1136 2794 1201 2822 (in.
1215 2795 1310 2823 XXXI.
1332 2810 1367 2816 —
1377 2797 1417 2824 Ad
1432 2797 1594 2826 voluntatem
1611 2798 1689 2833 igitur
1707 2797 1886 2825 memorabilis

1102 2839 1192 2875 hujus,
1209 2848 1269 2876 qute
1284 2846 1339 2869 tota
1354 2842 1384 2869 in
1396 2842 1454 2871 Deo
1465 2848 1532 2875 erat,
1548 2844 1619 2871 misit
1632 2844 1657 2871 ei
1672 2842 1742 2870 Deus
1756 2843 1829 2870 viros
1839 2850 1885 2870 sa-

1103 2887 1205 2921 pientes
1219 2892 1246 2916 et
1258 2894 1365 2923 semper
1383 2890 1580 2923 mentorandos,
1595 2889 1721 2918 Joannem
1734 2887 1884 2924 etsopllro-

1692 2946 1733 2977 52
