2074 3144
201 181 271 210 ιθιδ

735 174 877 203 LEIINTiI
898 171 1131 200 ΜΞΑΙὊΙΛΤΑΝΙ
1150 170 1304 199 EPISCOPI

1767 171 1837 199 lGio

204 242 288 269 nium.
303 240 452 268 Consiliarii
468 239 539 267 enim
559 242 636 266 eratut
650 238 783 265 veraciter
797 236 875 269 boni,
892 235 988 270 quibus
1002 235 1025 263 Α
1041 233 1141 260 versari
1166 232 1253 265 hunc;
1279 231 1404 260 dicebant
1416 231 1488 258 enim
1513 229 1540 258 Ιιί
1561 230 1605 266 qui
1620 229 1647 258 In
1664 234 1827 258 testamento

202 292 230 314 ct
244 292 369 321 tanquam
385 285 504 320 patrihus
519 284 661 311 indiscrete
675 283 826 315 obediebat,
843 286 870 308 et
883 281 983 315 gratias

200 332 306 366 agebat.
329 336 458 366 tanquam
482 329 667 358 constantibus
690 328 807 356 maxime
828 332 855 355 et
877 327 989 354 viriliter

201 378 341 412 agetttihus
365 377 494 404 militibus
520 383 568 411 pro
594 377 692 410 pietate
713 375 859 410 religionis.
884 373 988 401 Etenim

202 423 286 451 sancti
299 422 413 457 Spiritus
427 422 524 449 virtute
539 421 611 453 freti,
627 425 653 448 et
667 428 729 448 cum
743 419 916 448 Severianilis
928 419 987 453 (75)

203 477 233 496 ac
243 469 351 497 castoris
364 469 433 496 circa
447 469 582 503 regionem
593 468 767 495 existentibus
779 466 922 494 immundis
936 465 994 504 haz-y

199 516 291 543 reticis
306 515 434 550 sapientia
454 521 502 542 sua
523 521 554 542 ac
575 513 798 548 disputationibus
814 519 927 547 pugnam
942 510 990 538 hn-

203 562 295 589 bentcs
306 565 332 588 et
353 559 519 593 conﬂictata,
540 559 620 587 multa
643 558 748 594 quidem
761 559 882 591 castella,
895 557 991 592 plures-

202 614 255 641 que
268 606 403 639 ecclesias,
420 606 544 633 similiter
563 610 590 633 et
604 605 763 632 monasteria
787 604 820 631 ab
835 611 882 631 ore
897 603 989 630 talium

204 652 358 683 bestiarum.
378 656 502 686 tanquam
520 651 581 678 boui
597 655 733 684 pastores,
751 649 867 677 evellere
881 648 989 676 studue-

198 701 274 729 runt,
292 700 399 730 propter
409 695 479 730 quod
494 699 520 722 et
533 695 648 722 maxime
671 693 814 728 plurimum
838 693 987 720 honorabat

203 747 312 769 sanems
326 741 374 767 hos
389 740 433 767 ille
448 746 511 767 vere
525 739 718 767 unctissimas.

237 787 303 814 (In.
320 785 425 819 XXXII.
441 784 504 812 ——Si
511 792 574 812 vero
584 784 679 812 alicubi
688 784 802 819 aliquem
810 783 906 810 durum
916 787 943 810 et
954 783 991 810 in-

206 833 349 859 humanam
361 836 389 858 et
408 837 593 865 percussorem
604 830 674 858 circa
685 830 807 865 proprios
817 837 910 857 servos
928 836 990 856 sen-

202 877 288 906 tiebat
297 877 341 904 ille
351 877 455 908 beatus,
464 875 534 903 hunc
541 876 626 909 primo
635 875 809 908 convocabat,
821 880 913 903 etcum
928 874 990 901 muI-

1041 278 1123 313 patris
1137 277 1195 313 ejus
1209 277 1310 305 inventi
1328 281 1390 304 sunt
1409 280 1503 310 testes,
1520 275 1583 310 quia
1604 283 1657 302 non
1672 274 1775 302 dimisit
1787 275 1825 309 ei,

1039 323 1156 357 domine,
1180 327 1257 358 pater
1279 323 1338 357 ejus
1352 323 1470 350 moriens
1484 329 1570 357 usque
1583 321 1615 348 ad
1630 328 1713 348 unum
1738 320 1826 348 numi-

1040 375 1115 401 sma;
1141 368 1189 396 sed
1212 367 1313 395 habens
1335 367 1428 395 decem
1453 366 1535 394 libras
1550 366 1618 397 auri,
1642 365 1750 392 adducit
1765 373 1827 393 eum

1039 413 1096 449 ipsa
1111 414 1174 441 hora
1189 413 1294 448 quando
1305 416 1492 440 testamentum
1504 411 1649 443 scribebat,
1660 415 1687 438 et
1697 410 1760 437 dicit
1776 411 1802 438 oi
1818 419 1825 437 :

1041 459 1094 486 llas
1108 458 1200 486 decem
1215 458 1296 485 libras
1312 457 1390 489 habe,
1407 457 1444 484 iiIi
1464 455 1510 483 mi.
1527 455 1607 489 Quid,
1632 455 1672 482 vis
1694 455 1826 482 dimittam

1040 504 1087 533 tibi
1102 503 1177 536 istas,
1191 510 1225 531 an
1239 504 1279 531 vis
1294 502 1435 530 Dominam
1448 508 1536 529 meam
1550 501 1596 528 Dei
1611 500 1768 536 genitricem
1779 507 1830 527 cu-

1040 554 1156 578 ratorem
1166 552 1194 576 et
1206 547 1388 583 provisorem!
1404 546 1493 574 Puero
1504 553 1568 573 vero
1578 545 1695 580 eligente
1705 548 1823 572 sanetam

1041 595 1088 623 Dei
1102 594 1270 630 genitricem,
1298 593 1424 628 pracepit
1448 592 1512 620 dare
1536 595 1630 619 cuncta
1657 590 1828 625 pauperibus.

1041 640 1073 667 Et
1086 646 1158 671 ecce,
1175 639 1309 674 inquiunt,
1323 637 1502 669 sanctissime,
1519 636 1545 663 in
1560 636 1644 663 multa
1658 635 1747 670 inopia
1762 642 1827 662 con-

1040 685 1122 717 sistit,
1144 689 1222 712 nocte
1234 690 1266 712 ac
1278 683 1322 711 die
1333 683 1442 710 domum
1463 682 1584 709 Domina:
1599 686 1699 709 nostra
1714 688 1766 708 non
1781 680 1829 707 de-

1041 739 1143 760 serens.
1157 730 1226 758 Cum
1245 737 1310 765 ergo
1323 729 1382 757 hac
1396 728 1513 757 audisset
1528 735 1544 754 a
1559 726 1707 755 scientibus
1722 730 1830 754 sanctus

1041 776 1095 811 hie,
1111 776 1210 803 nemini
1230 775 1331 810 aliquid
1345 774 1449 807 dicens.
1465 773 1574 801 adducit
1588 771 1731 807 quemdam
1747 771 1830 798 tabel-

1041 822 1162 854 Iionem;
1187 826 1214 849 et
1237 820 1363 849 narrabat
1385 821 1410 848 ei
1428 827 1496 850 rem,
1519 820 1586 846 dans
1600 818 1625 846 ei
1646 818 1787 845 terminum
1801 821 1831 844 ut

1041 867 1108 896 nulli
1122 867 1245 895 crederet
1260 873 1339 902 quam
1361 865 1488 901 praecepit
1505 865 1532 892 ei
1553 864 1640 892 facere
1653 871 1721 897 rem,
1737 863 1830 890 dicens

204 927 230 949 ta
241 923 349 949 lenitate
357 922 476 956 rogabat,
485 921 591 948 dicens:
600 921 660 954 Fili,
669 921 742 948 venit
752 920 857 955 quidem
867 920 900 947 ad
912 927 990 947 aures
1006 919 1028 949 Β
1043 915 1068 942 ei
1082 923 1088 940 :
1102 913 1185 946 Vade,
1197 914 1259 940 etin
1269 912 1403 940 veteribus
1411 910 1635 956 chartulisscribe
1642 911 1829 936 testamentum

206 968 368 1002 peccatrices
375 975 449 995 meas
462 967 531 1001 quod
543 975 575 995 es
584 968 739 1002 operatiOne
746 967 845 994 inimici
858 966 990 993 modicum

204 1014 296 1042 durius
313 1014 382 1041 circa
396 1013 520 1048 proprios
533 1019 630 1047 pueros
644 1017 703 1040 tuos
719 1012 824 1045 feraris;
840 1012 898 1045 sed,
912 1019 988 1047 rogo,

204 1059 252 1086 des
273 1059 360 1086 locutu
376 1059 432 1085 ine.
448 1058 506 1085 Non
520 1058 591 1086 enim
608 1062 635 1085 ut
650 1057 830 1092 percutiamns
845 1064 902 1090 eos,
918 1056 991 1084 dedit

205 1105 283 1133 nobis
305 1105 353 1132 hos
366 1104 446 1137 Deus,
462 1104 508 1131 scd
531 1107 559 1131 ut
573 1104 700 1131 serviant.
718 1103 843 1130 Fortasse
857 1110 920 1130 vero
941 1109 991 1129 nec

197 1146 388 1186 propterhoc,
410 1150 458 1178 sed
472 1154 499 1179 ut
509 1153 691 1177 sustententur
704 1157 718 1176 a
739 1149 826 1181 nobis,
841 1156 874 1176 es
894 1148 991 1184 quibus

201 1194 289 1224 Deus'
315 1197 441 1232 pnestitit
484 1195 573 1223 nobis.
611 1193 682 1228 Quid
731 1194 802 1221 enim
817 1194 889 1229 (edit:
913 1193 989 1229 mihi)

205 1245 232 1267 et
246 1240 320 1267 dedit
335 1241 430 1271 homo,
451 1243 478 1266 et
493 1239 563 1266 emit'
573 1246 633 1267 eum
647 1239 692 1273 qui
707 1238 740 1266 ad
752 1239 895 1273 imag‘nem
910 1243 937 1265 et
952 1238 990 1265 si-

204 1285 382 1312 militudinem
397 1284 444 1311 Dei
465 1289 570 1311 creatus
585 1289 612 1311 et
636 1284 780 1310 honoratus
795 1283 854 1311 est?
867 1282 990 1318 Nunquid

203 1331 275 1359 enim
303 1334 344 1364 tu,
371 1329 494 1357 dominus
520 1328 588 1363 ejus,
618 1328 717 1364 aliquid
744 1329 802 1363 plus
828 1328 948 1363 possides
964 1329 990 1356 in

203 1376 310 1412 proprio
331 1382 454 1409 corpore,
475 1381 583 1402 manum
603 1379 648 1401 aut
670 1375 775 1409 pedem,
799 1374 841 1401 veI
861 1374 990 1407 auditum,

198 1425 250 1449 aut
260 1420 393 1449 animam?
408 1419 530 1455 Nunquid
543 1427 595 1447 non
607 1419 704 1446 similis
715 1422 757 1446 est
769 1419 816 1446 tibi
828 1426 876 1453 per
885 1419 991 1446 omnia?

203 1469 271 1496 Audi
288 1469 377 1496 lumen
391 1467 549 1502 gloriosum,
567 1465 677 1493 Paulum
692 1465 825 1493 dicentem
839 1465 992 1500 :Quotquot

200 1511 350 1540 ittCItsisto
361 1511 487 1546 haptizati
497 1511 572 1543 estis,
583 1510 719 1537 Christum
729 1510 852 1538 induistis
862 1509 988 1544 (Gal.tn).

203 1558 261 1585 Non
273 1561 315 1585 est
324 1557 432 1585 ludens
442 1563 529 1590 neque
540 1555 659 1589 Gratcus,
675 1563 727 1583 non
741 1560 782 1582 est
796 1562 889 1583 servus
904 1561 991 1589 neque

1040 958 1178 994 cujusdam
1190 957 1298 985 nomine
1309 956 1473 991 Theopenti;
1489 961 1515 983 et
1530 954 1571 982 fat:
1582 954 1610 982 in
1624 954 1718 982 eadem
1733 954 1827 980 charta

1041 1011 1084 1032 me
1103 1008 1131 1031 et
1154 1007 1256 1037 patrem
1271 1002 1344 1036 pueri
1371 1000 1546 1028 consobrinOs
1571 999 1666 1027 fratres
1678 1019 1686 1032 ,
1701 1003 1728 1026 et
1743 998 1828 1031 vade,

1040 1054 1067 1078 et
1081 1049 1125 1076 die
1142 1047 1232 1083 jureni
1246 1057 1251 1074 ι
1267 1047 1337 1081 Scis,
1359 1046 1451 1080 frater,
1467 1046 1537 1081 quod
1552 1052 1637 1080 genus
1651 1045 1768 1072 existens
1785 1051 1830 1078 pa-

1041 1094 1176 1127 triarchae,
1190 1101 1243 1121 non
1257 1093 1390 1120 debueras
1403 1093 1439 1119 ita
1455 1092 1482 1119 in
1497 1095 1655 1126 paupertate
1669 1089 1791 1118 vasarii
1802 1094 1830 1117 et

1041 1140 1153 1169 ostende
1167 1139 1191 1167 ei
1207 1140 1329 1167 chartam
1342 1159 1350 1172 ,
1375 1143 1404 1166 et
1418 1138 1462 1165 dic
1477 1137 1628 1171 :Quoniam
1644 1137 1666 1164 si
1680 1136 1829 1168 erubescis,

1041 1193 1090 1221 ego
1104 1185 1201 1213 ordino
1214 1191 1322 1211 causam
1346 1188 1418 1211 tuam
1433 1182 1501 1217 apud
1518 1181 1708 1217 patriarchsm,
1721 1185 1749 1208 et
1770 1180 1830 1208 vide

1041 1232 1103 1267 quid
1116 1235 1125 1258 t
1137 1231 1163 1258 bi
1177 1230 1254 1257 dicet.
1271 1229 1336 1256 Cum
1352 1235 1416 1263 ergo
1429 1228 1518 1255 omnia
1533 1235 1591 1262 quas
1605 1227 1677 1262 iussa
1693 1231 1756 1254 sunt
1771 1227 1795 1255 ei
1811 1234 1828 1254 a

1042 1275 1191 1311 patriarcha
1199 1274 1306 1305 tabellio
1317 1273 1434 1307 fecisset,
1446 1272 1520 1300 venit
1530 1272 1562 1299 ad
1574 1280 1636 1300 eunt
1647 1272 1754 1300 dicens:
1763 1272 1830 1305 Quia

1042 1325 1135 1356 pactus
1159 1325 1199 1348 est
1214 1327 1279 1354 puer
1295 1319 1373 1353 tnihi,
1389 1323 1418 1346 ut
1438 1326 1487 1354 ego
1503 1319 1596 1354 loquar
1621 1325 1728 1346 causam
1753 1325 1830 1345 suam

1042 1367 1160 1401 domino,
1170 1371 1196 1394 et
1207 1373 1317 1401 magnas
1328 1365 1473 1401 gratiarum
1485 1365 1602 1392 actiones
1610 1364 1742 1392 referebat
1752 1364 1828 1392 mihi.

1043 1412 1113 1440 Dixit
1129 1412 1220 1446 itaque
1243 1416 1371 1439 sanctus:
1387 1408 1459 1438 Vade
1470 1416 1497 1437 et
1510 1410 1554 1437 die
1577 1410 1602 1437 ei
1616 1420 1622 1436 :
1635 1410 1701 1443 Quia
1724 1410 1829 1438 locutus

1042 1464 1100 1485 sunt
1116 1456 1286 1491 patriarchae.
1303 1457 1335 1483 Et
1354 1456 1410 1484 dixi
1423 1464 1429 1482 :
1441 1455 1572 1488 Quoniam
1592 1460 1620 1482 ct
1632 1462 1681 1490 ego
1695 1455 1752 1483 scio
1766 1455 1829 1489 quia

1042 1501 1134 1529 habuit
1155 1501 1330 1528 consobrinus
1343 1507 1418 1528 meus
1443 1500 1542 1532 tilium,
1558 1499 1606 1527 sed
1623 1507 1655 1526 ex
1671 1500 1744 1527 vultu
1760 1499 1830 1529 hune

1044 1556 1098 1576 non
1113 1555 1288 1583 recognosco.
1303 1547 1376 1574 Bene
1389 1553 1452 1582 ergo
1469 1547 1544 1580 facis,
1560 1546 1695 1574 adducens
1711 1546 1783 1575 hunc
1796 1545 1830 1573 ad

203 1603 282 1634 liber,
296 1609 390 1629 cannea
399 1603 469 1629 enim
483 1608 531 1628 vos
542 1609 623 1628 unum
637 1602 705 1629 estis
716 1601 743 1628 in
757 1601 874 1628 Christo.
887 1601 914 1628 Si
926 1609 989 1636 ergo
1004 1603 1028 1635 α
1044 1603 1097 1623 me-
1122 1594 1264 1623 Adducens
1285 1602 1350 1630 ergo
1370 1601 1443 1626 eum,
1467 1598 1543 1628 porta
1556 1597 1583 1620 et
1597 1593 1716 1621 chartam
1732 1598 1830 1621 tecum.

204 1647 273 1682 apud
285 1647 420 1674 Christum
435 1647 550 1681 :equalcs
563 1654 666 1679 sumus,
681 1653 708 1674 et
721 1646 754 1674 ad
770 1648 883 1674 invicem
897 1653 989 1680 sequa-

204 1694 243 1721 Ies
275 1693 434 1721 efficiamur.
474 1692 577 1719 Etenim
613 1691 736 1719 Christus
771 1692 884 1718 formam
919 1690 990 1718 servi

204 1738 363 1773 assumpsit,
391 1738 491 1765 docens
520 1745 569 1764 nos
590 1744 642 1764 non
666 1737 804 1771 superbire
828 1742 919 1764 contra
933 1744 990 1764 ser-

204 1792 252 1813 vos
278 1788 393 1811 nostros.
424 1783 497 1811 Unus
521 1783 591 1810 enim
607 1787 648 1810 est
668 1783 795 1810 Dominus
819 1784 948 1816 omnium,
963 1784 990 1811 in

203 1832 282 1859 cunis
300 1831 438 1863 habitans,
455 1836 484 1858 ct
498 1830 614 1858 humilia
630 1831 781 1864 respiciens
802 1829 887 1864 (Psal.
907 1829 992 1867 exn);

203 1884 259 1904 non
278 1876 349 1904 dixit
367 1875 509 1909 sublimia,
535 1875 583 1903 sed
608 1875 733 1902 humilia.
755 1875 894 1908 Quantum
919 1876 995 1904 enim

202 1928 297 1948 aurum
311 1920 445 1953 dedimus,
460 1924 491 1947 ut
505 1920 705 1946 honorilicatunt
726 1924 754 1946 et
768 1925 886 1954 emptum
899 1921 990 1947 nobis-

202 1973 264 1992 eum
276 1973 338 1992 cum
357 1965 491 2000 sangniue-
504 1964 594 1991 divino
609 1969 635 1992 et
648 1964 785 1992 Dominico
795 1985 802 1997 ,
819 1966 896 1993 nobis
906 1965 991 1992 servi-

200 2011 253 2037 tuti
268 2009 453 2044 subiit-iunius?
477 2009 588 2044 Propter
599 2017 660 2038 eum
679 2010 787 2044 celum,
799 2016 908 2045 propter
927 2018 989 2039 eum

203 2061 284 2089 terra,
295 2062 403 2092 propter
417 2065 478 2085 eum
495 2058 589 2091 stellas,
614 2063 722 2092 propter
733 2066 795 2085 eum
810 2059 848 2085 sol
862 2079 868 2090 ,
884 2065 990 2094 propter

201 2110 263 2130 eum
287 2110 360 2130 mare
372 2107 400 2130 et
413 2110 472 2138 qua:
486 2102 513 2130 in
527 2110 560 2130 eo
569 2107 640 2130 sunt.
651 2103 794 2132 ﬁstautem
807 2111 911 2137 verum,
927 2105 989 2139 quia

203 2152 230 2175 et
251 2147 377 2182 angelici
394 2148 558 2182 ministrant,
573 2152 682 2184 propter
692 2156 752 2176 eum
770 2149 897 2177 Christus
909 2151 990 2185 pedes

202 2202 341 2223 servorum
374 2195 452 2227 lavit,
485 2201 597 2231 propter
620 2204 681 2224 eum
704 2198 848 2227 cruciﬁxus
875 2203 935 2232 est,
961 2204 989 2227 et

200 2245 297 2270 catters
308 2241 396 2269 omnia
412 2246 519 2276 propter
530 2249 591 2270 eum
605 2249 698 2277 passus
705 2248 758 2272 est.
772 2244 812 2271 'I‘u
822 2248 911 2272 autem
927 2252 988 2273 eum

1043 1642 1108 1670 Cum
1123 1649 1186 1669 vero
1200 1642 1394 1676 pervenissent,
1411 1641 1471 1668 tulit
1482 1648 1543 1669 eum
1557 1645 1661 1669 secreto
1677 1641 1721 1668 ille
1729 1641 1828 1675 justus,

1042 1692 1070 1716 et
1082 1688 1163 1722 erepit
1177 1687 1327 1715 deosculari
1341 1694 1414 1720 eum,
1428 1691 1455 1715 et
1469 1687 1559 1715 dicere
1570 1695 1578 1713 :
1594 1687 1665 1714 Bene
1676 1688 1749 1714 venit
1759 1687 1830 1714 Illius

1043 1733 1195 1761 consobrini
1212 1733 1276 1761 mei.
1293 1731 1394 1760 Ditavit
1407 1732 1488 1768 igiiur
1501 1740 1573 1766 eum,
1587 1736 1614 1760 et
1627 1733 1704 1759 uxori
1721 1732 1831 1760 tradidit

1042 1779 1070 1807 in
1085 1778 1246 1806 Alexandria
1259 1799 1266 1810 .
1281 1782 1309 1806 et
1321 1778 1429 1806 domum
1445 1782 1473 1806 et
1486 1778 1574 1806 omnia
1590 1777 1685 1812 quibus
1700 1785 1766 1812 opus
1782 1778 1830 1804 ha-

1043 1823 1098 1852 buit
1110 1823 1218 1852 donavit
1234 1823 1258 1850 ei
1269 1842 1276 1855 ,
1292 1823 1477 1851 demonstrare
1491 1822 1620 1851 festinans
1634 1822 1759 1857 quoniam
1775 1829 1828 1849 non

1043 1869 1212 1904 derelinquet
1237 1869 1365 1897 Dominus
1388 1874 1528 1904 sperantes
1549 1870 1576 1896 in
1592 1876 1621 1896 se
1654 1867 1765 1905 (Juditlt.
1780 1867 1829 1903 vr).

1078 1925 1142 1953 Cn.
1159 1924 1279 1952 XXXIV.
1294 1924 1560 1960 —Impra:termisse
1583 1929 1671 1951 autem
1698 1929 1726 1951 et
1752 1923 1830 1958 hujus

1042 1970 1159 1998 mandati
1176 1977 1267 1997 curam
1281 1970 1373 1998 habuit
1386 1970 1429 1997 hic
1442 1968 1617 2002 admirabilis,
1631 1969 1717 2005 legem
1730 1976 1831 2003 ponen-

1043 2015 1077 2044 tis
1090 2024 1097 2043 :
1111 2015 1215 2043 Veienti
1225 2021 1347 2043 mutuare
1358 2023 1373 2043 a
1386 2021 1413 2043 te
1422 2023 1457 2042 ne
1467 2019 1572 2042 avertas
1584 2015 1727 2049 aliquando
1740 2014 1830 2049 (Deut.

1043 2069 1093 2094 xv;
1108 2061 1173 2089 Luc.
1197 2060 1246 2096 vt),
1262 2068 1316 2089 non
1339 2061 1476 2095 prohibuit
1490 2061 1606 2094 aliquem
1629 2059 1782 2094 huiusmodi
1796 2059 1830 2086 ab

1041 2114 1075 2134 eo
1089 2105 1242 2141 suffragium
1257 2106 1446 2141 postulantem.
1464 2105 1540 2134 Unde
1554 2105 1605 2133 hoc
1619 2105 1708 2132 sciens
1721 2104 1829 2140 quidam

1042 2151 1172 2186 malignus
1184 2155 1212 2179 et
1223 2151 1364 2186 impostor,
1376 2151 1450 2185 petiit
1464 2150 1497 2178 ab
1511 2157 1544 2178 eo
1559 2154 1587 2178 ut
1600 2149 1650 2177 sibi
1665 2154 1770 2177 mutuas
1783 2149 1830 2176 ds-

1043 2201 1084 2225 ret
1098 2196 1189 2232 viginti
1211 2195 1294 2224 libras
1307 2196 1376 2224 auri.
1393 2196 1458 2223 Erat
1471 2201 1560 2224 autem
1575 2196 1611 2224 de
1623 2196 1664 2223 his
1678 2195 1721 2230 qui
1734 2196 1830 2222 dicun-

1042 2247 1085 2270 tur
1096 2241 1261 2270 GaIIodromi
1270 2241 1340 2277 (74).
1350 2242 1602 2276 Contemnensergo
1612 2246 1731 2269 sanctum
1742 2249 1830 2276 quern-

200 2288 246 2322 qui
259 2295 275 2315 a
285 2287 342 2316 Deo
355 2288 501 2316 honoratur
513 2287 674 2322 inbonoras,
689 2293 718 2317 et
726 2290 803 2325 quasi
812 2298 864 2318 non
875 2291 913 2318 sis
923 2291 991 2326 ejus.
1003 2289 1031 2321 Β
1043 2289 1186 2317 admodm
1201 2293 1228 2316 et
1250 2289 1318 2316 alios
1331 2288 1439 2322 multm,
1460 2288 1566 2316 dicebat
1579 2297 1586 2315 :
1598 2288 1664 2322 Quia
1679 2287 1747 2315 nihil
1762 2287 1829 2315 mihi

192 2333 262 2361 'dem
276 2337 387 2367 naturai,
400 2341 452 2361 non
463 2340 574 2368 parcens
585 2333 665 2361 feris?
677 2334 723 2362 Dic
733 2354 741 2368 ,
755 2335 867 2363 obsecro
875 2355 883 2369 ,
894 2336 987 2369 velles,

191 2379 305 2413 ‘qnoties
318 2379 425 2414 culpam
441 2378 571 2413 admittis,
588 2383 617 2406 ut
627 2386 688 2407 mos
701 2379 827 2408 redderet
834 2381 886 2408 tibi
903 2381 988 2409 Deus?

199 2423 382 2459 Nequaquam.
398 2424 456 2459 Dic,
482 2424 616 2460 quomodo
637 2432 699 2453 oras
721 2425 850 2459 quotidie,
874 2426 987 2454 dicens:

202 2470 311 2497 Dimitte
325 2470 402 2497 nobis
415 2470 507 2498 debita
521 2474 622 2503 nostra,
634 2470 705 2498 sicut
726 2475 753 2498 et
768 2479 818 2499 nos
832 2472 989 2500 dimittimus

190 2516 367 2545 -debitoribus
380 2517 479 2544 nostris
493 2517 600 2553 (lauit.
611 2517 668 2552 vi)?
691 2517 738 2544 His
756 2522 782 2545 et
795 2517 836 2545 his
855 2518 987 2546 similibus

199 2561 289 2590 verbis
315 2561 349 2589 de
374 2561 509 2589 habitante
524 2563 549 2590 in
572 2570 602 2590 se
626 2562 752 2590 thesauro
777 2571 892 2591 mouens
915 2564 987 2591 hunc

194 2606 336 2639 absolvit;
351 2611 379 2634 et
393 2606 443 2633 nisi
465 2606 605 2635 didicisset
618 2608 696 2635 istum
714 2608 900 2641 emendatum,
917 2617 986 2642 pras-

191 2651 342 2687 parabatet
353 2651 499 2680 instruebat
511 2660 616 2681 servum
630 2654 759 2682 afﬂictum
771 2673 780 2688 ,
796 2659 825 2681 ut
839 2655 926 2690 fugam
942 2663 985 2682 ur-

191 2699 310 2733 =riperet,
326 2704 352 2726 et
366 2698 545 2726 venditionem
562 2704 682 2732 peteret;
697 2705 724 2728 et
745 2700 816 2728 hunc
830 2708 986 2735 comparans

190 2743 296 2780 ,justus,
309 2743 399 2770 statim
416 2742 526 2769 liberum
541 2745 683 2772 statuebat.

236 2789 302 2817 Car.
318 2789 437 2816 XXXIII.
450 2803 485 2808 —~
495 2789 615 2817 Audiens
629 2790 770 2824 aliquando
784 2792 923 2827 cujusdam
937 2791 989 2819 ele~

191 2834 396 2869 etuosynatoris
409 2841 520 2868 puerum
535 2833 686 2869 orphanum
701 2835 857 2865 derelictum
868 2857 876 2870 ,
891 2844 988 2871 paren-

193 2881 270 2911 tibus
284 2880 341 2909 suis
355 2879 540 2915 morientibus,
555 2884 583 2910 et
598 2881 624 2910 in
647 2881 732 2911 multa
747 2888 907 2918 paupertate
920 2890 988 2911 coa-

1042 2334 1125 2362 dedit.
1147 2333 1316 2368 Quaesierat“
1329 2333 1419 2368 itaque
1434 2332 1561 2361 Ecclesia:
1574 2339 1698 2368 pastores
1711 2337 1741 2361 et
1753 2333 1828 2360 ordi-

1043 2384 1151 2407 natores
1164 2383 1194 2406 ut
1207 2379 1232 2406 in
1247 2385 1382 2406 carcerem
1399 2378 1471 2406 hunc
1484 2378 1638 2412 mitterent,
1662 2373 1691 2407 et
1704 2379 1825 2414 publica-

1043 2429 1105 2452 rent
1126 2425 1184 2460 ejus
1198 2424 1384 2452 substantiam.
1400 2425 1437 2452 At
1450 2424 1567 2452 imitator
1580 2425 1707 2459 dicentis,
1736 2425 1828 2452 Estote

1043 2469 1240 2503 misericordes,
1267 2469 1337 2497 sicut
1351 2475 1378 2497 et
1400 2469 1480 2499 Pater
1502 2475 1592 2498 vester
1613 2471 1768 2498 misericors
1788 2475 1829 2498 est

1043 2515 1132 2549 (Luca
1143 2514 1191 2550 vi),
1208 2514 1253 2549 qui
1267 2515 1350 2542 solem
1366 2522 1443 2543 suum
1454 2516 1520 2543 oriri
1534 2517 1596 2544 facit
1609 2523 1690 2551 super
1704 2517 1789 2544 bonos
1802 2521 1830 2545 et

1041 2563 1137 2594 malos,
1148 2566 1177 2589 et
1191 2561 1257 2596 phu't
1271 2568 1351 2596 super
1362 2561 1449 2597 iustos
1463 2567 1490 2590 et
1511 2562 1635 2597 iniustos,
1661 2569 1828 2598 nequaquam

1040 2609 1093 2636 illis
1106 2608 1253 2640 comensit,
1268 2612 1298 2635 ut
1308 2615 1369 2635 eum
1382 2608 1542 2644 afﬂigerent.
1561 2609 1607 2636 His
1618 2614 1708 2637 autem
1720 2610 1830 2637 turban-

1036 2653 1111 2681 tibus
1123 2657 1216 2681 contra
1231 2660 1303 2686 eunt,
1320 2657 1410 2688 utpote
1422 2655 1467 2688 qui
1482 2653 1641 2688 patriarchas
1655 2654 1786 2689 illuserat,
1802 2659 1830 2683 et

1038 2699 1190 2727 dicentibus
1201 2698 1235 2726 ad
1248 2699 1370 2727 eumdem
1382 2703 1503 2726 sanctum
1516 2708 1523 2726 :
1535 2699 1593 2726 Non
1604 2699 1706 2734 justum
1718 2705 1772 2734 est,
1787 2700 1831 2727 do-

1037 2745 1123 2777 mine,
1139 2749 1168 2771 ut
1184 2744 1254 2778 quod
1270 2747 1402 2779 pauperes
1420 2745 1585 2778 acciperent,
1605 2745 1649 2773 hie
1675 2746 1831 2774 luxuriosus

1040 2790 1165 2826 accipiat,
1190 2791 1332 2825 respondit
1345 2795 1456 2818 econtra
1472 2792 1518 2819 ille
1531 2796 1573 2819 ter
1588 2792 1691 2825 beatus,
1716 2793 1828 2824 dit-ens:

1040 2836 1158 2869 Credite,
1180 2836 1288 2870 fratres,
1310 2837 1372 2872 quia
1392 2837 1415 2865 si
1429 2842 1506 2866 extra
1520 2838 1681 2866 voluntatem
1693 2839 1830 2873 accipere-

1042 2883 1078 2911 tis
1091 2882 1190 2918 aliquid
1201 2882 1236 2911 ab
1249 2890 1293 2918 ea,
1309 2883 1364 2912 duo
1378 2884 1504 2912 mandata
1524 2884 1788 2920 uansgmderetnini,
1801 2890 1831 2914 ot

1060 3007 1076 3015 4
