2074 3144
308 182 376 213 16ιό

769 193 847 221 νιτΑ
866 193 990 222 SANCTI
1010 194 1151 223 JOANNIS
1172 195 1458 226 ELEEMOSYNARII.

1848 198 1917 243 ltili!

301 258 382 277 unum
414 249 592 284 ndimplebitis
619 250 725 285 quando
760 255 787 277 ct
809 251 842 278 ad
867 259 999 286 pauperes
1022 251 1083 279 data
1097 251 1121 280 Α
1136 259 1205 285 nun,
1216 252 1373 289 dicebatque
1389 261 1419 282 se
1432 254 1618 283 demonstrans
1633 254 1706 287 quasi
1722 247 1817 281 iratum
1829 261 1837 281 ι
1851 255 1920 283 Vere

297 291 382 332 fuerit
425 294 610 331 hujuscemodi
653 298 801 333 quantitas.
855 297 940 324 Unum
962 297 1082 332 quidem,

301 339 362 374 quia
385 341 548 375 apparebitis
563 342 731 375 impatientes
744 343 814 369 circa
829 342 966 375 damnum,
981 348 1008 370 et
1025 343 1083 370 effi-

300 386 407 414 ciemini
421 386 480 414 aliis
501 387 584 415 forma
601 388 668 414 mala
682 397 689 419 ;
705 389 815 415 alterum
832 392 931 421 autem,
957 389 1082 424 quoniam

300 440 353 461 non
368 433 519 461 obedientes
533 434 609 461 eritis
633 432 747 460 Domino
770 433 835 467 Deo,
862 433 959 461 dicenti
973 442 980 461 :
997 434 1036 462 Ab
1051 442 1083 462 eo

300 480 344 514 qui
358 480 495 507 abstulerit
511 485 553 507 tua
568 487 601 508 ne
616 485 720 515 repetas
734 479 809 515 (Lac.
825 480 873 514 vi).
887 480 998 515 Expedit
1008 487 1082 516 ergo,

300 532 318 551 ο
339 524 395 557 lilii,
409 528 437 552 ut
458 524 605 552 efficiamur
619 525 743 552 omnibus
764 525 915 560 exemplum
932 526 1079 560 patientiae.

302 569 406 596 Etotnim
429 571 571 603 Apostolus
586 569 650 598 dicit
665 579 672 598 :
689 571 776 604 Quare
791 578 844 598 non
858 571 942 606 magis
956 570 1082 606 iniuriam

300 615 453 642 sustinetisf
467 623 549 649 quare
561 623 613 643 non
626 617 708 651 magis
719 616 839 644 fraudem
853 617 974 651 patimini
988 616 1009 652 (Ι
1021 618 1080 644 Cor.

300 659 357 695 vi)?
380 660 412 687 Et
434 661 531 688 bonum
553 665 595 688 est
609 662 715 696 quidem
736 663 876 695 veraciter,
892 662 996 694 fratres,
1010 663 1082 691 omni

301 705 401 739 petenti
415 705 487 739 dare,
501 706 632 735 excelsius
646 712 735 735 autem
750 711 778 734 et
793 707 975 736 honorabifms
990 712 1017 735 et
1030 715 1082 735 non

301 751 398 784 petenti
410 758 417 784 ;
431 751 454 778 ei
470 757 557 778 autem
568 752 613 786 qui
626 752 713 780 aufert
724 753 911 780 vestimentum
922 753 978 780 sine
989 753 1083 780 volun-

300 799 352 822 tate
372 802 386 821 τι
402 796 478 823 nobis
492 796 556 824 dare
569 801 595 824 et
611 797 738 830 tunicam,
753 797 880 832 angelice
895 805 959 826 vere
981 803 1083 826 natura

305 835 428 872 imitatio,
445 840 499 868 imo
511 841 608 870 divina:
620 847 672 870 est.
689 843 726 870 Ex
740 842 781 870 his
794 842 866 871 enim
880 850 940 878 quae
955 843 1083 872 habemus

298 884 426 914 Dominus
442 887 567 922 praecepit
580 887 739 916 benefacere
755 889 880 923 proximo
892 897 900 916 :
914 889 1025 924 Bonum,
1041 889 1082 917 in-

1135 305 1188 325 nou
1199 299 1343 327 obaudiam
1356 300 1443 333 vobis,
1456 300 1495 328 ite
1508 306 1522 327 a
1535 307 1589 327 me.
1611 299 1688 326 Mida
1704 299 1768 327 nihil
1782 299 1854 331 aliud
1878 299 1920 327 fs-

1134 342 1213 375 ciatn,
1229 347 1258 370 ut
1268 351 1316 371 vos
1328 352 1380 371 non
1396 345 1624 377 scandalizemini,
1639 344 1690 371 nisi
1710 344 1836 379 accipiam
1861 353 1919 373 mtt-

1135 387 1240 420 iieretn,
1261 393 1391 423 quatenus
1413 396 1504 417 curam
1524 389 1637 417 habeam
1660 390 1765 422 domus.
1781 394 1808 417 et
1823 389 1917 417 faciam

1133 432 1219 460 malos
1230 432 1298 461 dies.
1321 433 1371 467 Qui
1391 435 1447 462 vult
1465 432 1648 467 scandalizari,
1671 434 1877 468 scandaiisctur,
1891 441 1919 463 ct

1132 478 1177 506 det
1191 477 1304 507 frontem
1321 480 1347 507 in
1370 480 1507 514 parietem.
1531 480 1599 514 Quid
1623 480 1705 508 vultis
1719 487 1753 507 ex
1767 480 1833 507 Inc?
1846 479 1917 507 Nun-

1132 523 1196 558 quid
1211 524 1315 559 iudices
1332 526 1468 553 constituti
1482 526 1546 554 estis
1558 534 1637 561 super
1649 533 1692 553 me
1706 533 1720 553 a
1736 525 1807 553 Deo?
1821 525 1868 559 ite,
1882 525 1916 552 de

1133 569 1208 596 vobis
1222 576 1313 596 emam
1331 569 1464 602 habetote,
1479 577 1527 597 vos
1539 577 1587 604 pro
1602 577 1645 597 me
1663 569 1718 597 Deo
1732 577 1785 596 non
1800 569 1917 597 reddetis

1133 613 1273 641 rationem.
1294 613 1368 642 Unus
1380 619 1421 642 est
1433 614 1523 649 index,
1539 619 1566 642 et
1581 618 1672 641 sancta
1687 614 1745 643 dies
1755 613 1857 648 iudicii,
1871 613 1917 647 qui

1132 658 1243 693 singulis
1256 659 1349 688 reddet
1361 660 1506 688 secundum
1520 667 1601 694 opera
1615 667 1719 687 eorum.
1744 659 1853 687 Dicebat
1868 666 1917 686 au-

1133 708 1186 732 tem
1207 704 1264 732 haec
1283 705 1410 734 clamans.
1435 705 1546 740 Quidam
1566 713 1631 740 ergo
1648 706 1773 734 ecclesia
1791 704 1916 732 defenso-

1133 756 1203 781 rum,
1221 749 1278 777 haec
1291 751 1424 779 multoties
1438 751 1577 778 audientes
1593 750 1626 778 ab
1643 758 1685 784 eo,
1700 750 1852 778 referebant
1870 757 1917 784 pa-

1133 795 1255 823 triarchae
1274 796 1346 831 quod
1368 796 1457 824 liebat.
1473 795 1544 824 Deus
1556 804 1621 824 vero
1640 796 1729 824 sciens
1749 796 1818 831 quod
1835 795 1917 823 nollet

1133 841 1177 868 ille
1197 846 1304 869 sanctus
1325 841 1460 870 offendere
1483 842 1604 870 abbatem
1631 842 1764 875 Vitalium,
1784 840 1917 869 induravit

1132 894 1179 915 cur
1193 887 1261 923 eius,
1284 896 1318 916 ne
1336 888 1458 916 crederet
1474 889 1523 916 eis.
1545 888 1744 916 Recordabatur
1764 888 1836 916 enim
1855 891 1918 915 ante

297 933 364 967 quit,
380 932 459 961 facies
469 933 543 961 fratri
557 939 612 968 tuo,
623 934 697 969 iuxta
708 935 779 969 quod
791 935 910 969 possidet
919 942 1012 963 manus
1023 940 1078 968 tua,

1133 933 1271 960 memorati
1291 934 1423 967 eunuchi;
1445 934 1492 961 sed
1513 934 1660 968 increpavit
1679 933 1851 961 vehementer
1869 939 1917 960 eos

298 985 349 1005 non
365 985 397 1005 ex
413 978 455 1005 his
468 986 526 1013 quas
539 986 574 1006 ex
591 979 638 1007 lite
647 984 675 1007 et
687 980 862 1008 contentione
875 984 903 1008 et
915 980 949 1007 ab
959 980 1082 1015 iniuriam

296 1030 375 1058 passo
387 1023 552 1052 auferuntur.

330 1069 394 1097 CAP.
416 1070 524 1098 XXXV.
544 1085 579 1090 —
599 1071 685 1099 Senex
710 1072 815 1107 quidam
841 1079 972 1108 magnus,
1006 1073 1080 1108 quasi

295 1123 423 1143 annorum
439 1117 585 1152 sexaginta,
609 1117 719 1145 audiens
743 1118 808 1145 tales
830 1126 873 1146 res
895 1118 974 1153 beati,
1000 1119 1082 1147 voluit

295 1165 398 1188 tentare
411 1169 481 1194 eum,
497 1162 519 1189 si
533 1167 624 1196 posset
637 1163 726 1191 verbis
740 1163 858 1196 suaderi,
874 1168 902 1192 et
919 1165 952 1191 ad
967 1165 1080 1192 scande.

296 1206 350 1232 lum
371 1205 447 1234 facile
471 1207 609 1241 inclinari,
624 1212 651 1235 et
665 1213 694 1235 ut
713 1208 840 1244 contigit,
855 1210 878 1237 si
892 1210 1081 1238 condemnaret

294 1251 420 1286 aliquem.
453 1253 485 1280 Et
509 1253 631 1282 habitans
651 1255 725 1290 prius
747 1256 774 1283 in
795 1257 957 1285 monasterio
977 1257 1080 1286 abbatis

295 1296 430 1325 Seridonis
444 1298 513 1333 (75)⁹
530 1299 592 1327 exiit
607 1305 634 1327 et
647 1301 720 1328 venit
733 1301 937 1335 Alexandriam;
960 1308 988 1330 et
999 1304 1081 1331 sumit

294 1344 521 1372 conversationem
538 1345 689 1374 hominibus
702 1347 809 1381 quidem
829 1347 1079 1383 reprehensibi'em,

294 1388 340 1416 sed
355 1388 410 1416 Deo
426 1395 537 1424 gratam,
554 1391 598 1426 qui
617 1391 662 1418 dat
676 1387 718 1427 (ut
735 1392 774 1420 ait
789 1392 883 1428 David)
906 1394 1016 1428 singulis
1038 1401 1080 1422 se-

293 1434 407 1462 cundum
431 1442 478 1462 cor
501 1443 592 1464 eorum
616 1435 701 1472 (Psal.
723 1437 792 1473 xtx).
814 1438 968 1473 Ingrediens
992 1439 1080 1475 itaque

294 1479 437 1513 civitatem,
456 1481 548 1509 scribit
560 1490 654 1510 omnes
666 1490 725 1517 quas
740 1487 809 1511 natm
824 1489 901 1512 erant
915 1485 1078 1517 meretrices,

292 1529 320 1552 et
334 1525 415 1560 coepit
429 1526 548 1555 l-borare
566 1528 704 1563 opuscula,
717 1533 746 1556 ct
762 1529 883 1563 accipere
899 1537 948 1564 per
961 1530 1079 1566 singulos

292 1570 350 1598 dies
363 1571 486 1605 siliquam
499 1579 588 1599 unam.
601 1566 666 1601 c‘um
681 1580 746 1608 ergo
760 1575 930 1603 occumberet
940 1575 991 1608 soi,
1007 1583 1080 1605 man-

1134 978 1179 1011 qui
1193 982 1285 1006 contra
1298 978 1421 1007 Vitaiium
1435 979 1557 1007 abbatem
1572 978 1765 1006 accusationem
1777 977 1804 1006 ei
1820 977 1916 1005 silere-

1132 1024 1206 1057 bant,
1222 1024 1315 1052 dicens
1332 1026 1365 1053 ad
1377 1032 1424 1053 eos
1439 1034 1447 1052 :
1463 1026 1598 1060 Quiescite
1614 1031 1740 1053 accusare
1757 1024 1915 1063 monachos.

1131 1071 1172 1098 An
1193 1071 1300 1098 nescitis
1312 1071 1384 1106 quod
1402 1071 1472 1099 circa
1492 1075 1591 1099 sancta
1610 1070 1746 1098 memoria;
1762 1068 1917 1096 Constanti-

1131 1123 1194 1144 num
1209 1116 1265 1152 (77)
1280 1117 1466 1152 imperatorem
1488 1121 1577 1144 actum
1594 1116 1690 1150 fuisse,
1705 1114 1917 1149 conscriptiones

1131 1169 1190 1197 quae
1202 1163 1235 1190 de
1248 1169 1282 1191 eo
1299 1162 1423 1197 leguntur
1444 1162 1616 1190 contineant!
1636 1161 1779 1195 Quoniam,
1793 1159 1841 1192 ait,
1858 1159 1917 1194 qui-

1130 1208 1191 1235 dam
1205 1215 1257 1235 non
1275 1209 1401 1235 timentes
1415 1207 1508 1241 Dx‘um,
1524 1215 1586 1235 cum
1605 1207 1787 1235 celebrantur
1799 1203 1916 1233 secunda

1130 1253 1253 1289 Synodus
1267 1254 1293 1280 in
1306 1253 1393 1281 Nicaea
1406 1252 1476 1290 (78),
1497 1255 1636 1287 creperum
1648 1255 1742 1279 contra
1762 1257 1792 1278 se
1806 1250 1871 1278 dare
1890 1250 1916 1277 in

1129 1300 1236 1335 scriptis
1256 1299 1340 1328 famas
1366 1304 1456 1334 turpes
1477 1299 1554 1327 beato
1569 1298 1605 1326 illi
1626 1297 1793 1332 imperatori,
1807 1296 1915 1332 quidam

1130 1345 1219 1374 clerici
1233 1346 1340 1380 quidem
1354 1345 1513 1379 existentes,
1529 1344 1635 1380 quidam
1650 1343 1784 1375 monachi,
1793 1347 1822 1371 et
1833 1343 1867 1370 ad
1880 1343 1918 1369 fa-

1129 1391 1197 1419 ciem
1209 1391 1344 1420 adducens
1357 1395 1465 1419 sanctus
1475 1391 1521 1418 Dei
1532 1390 1719 1421 Constantinus
1733 1393 1916 1417 accusawrem

1130 1440 1157 1464 et
1169 1441 1333 1470 accusatum,
1348 1440 1488 1470 utrumque
1509 1435 1621 1464 audivit.
1647 1435 1751 1463 Etcum
1772 1434 1917 1462 invenisset

1130 1481 1227 1508 multas
1246 1481 1337 1508 talium
1351 1481 1567 1508 eriminationum
1596 1487 1672 1508 veras
1699 1486 1774 1511 esse,
1802 1477 1917 1506 efferens

1129 1526 1266 1555 ardentem
1285 1534 1392 1554 cereum
1402 1546 1411 1561 ,
1427 1527 1545 1554 incendit
1554 1533 1648 1554 omnes
1660 1533 1719 1561 quae
1728 1525 1797 1553 datas
1807 1528 1870 1551 sunt
1889 1523 1917 1551 is

1130 1573 1237 1607 scriptis
1258 1572 1343 1600 malas
1362 1572 1517 1606 opiniones,
1542 1571 1655 1599 dicens:
1668 1570 1738 1599 Vere
1757 1571 1781 1598 si
1802 1570 1917 1607 propriis

293 1616 406 1644 ducebat
419 1618 495 1645 unius
509 1618 570 1646 aerei
586 1619 690 1653 lupinus
702 1619 771 1655 (76),
782 1625 809 1648 et
823 1620 938 1649 intrabat
952 1621 985 1649 ad
999 1629 1078 1650 unam
1093 1615 1117 1647 C
1132 1618 1216 1646 oculis
1230 1617 1355 1645 vidissem
1375 1617 1541 1646 sacerdotem
1552 1617 1611 1652 Dei,
1625 1616 1667 1644 vel
1686 1616 1800 1651 aliquem
1823 1622 1916 1643 eorum

291 1662 472 1697 meretricum,
487 1668 513 1691 et
527 1663 607 1692 dabat
623 1666 647 1692 ei
665 1673 749 1693 arens
765 1673 897 1701 nummos,
917 1671 945 1695 et
958 1667 1078 1696 dicebat:

294 1707 366 1734 Dona
381 1708 443 1735 mihi
458 1713 562 1736 noctem
578 1709 667 1743 istam,
683 1715 711 1738 et
725 1711 778 1738 noli
794 1711 930 1741 fornicari.
945 1713 977 1741 Et
990 1720 1081 1741 mane-

291 1754 336 1781 bat
349 1753 422 1788 iuxta
437 1762 496 1782 eam
515 1761 593 1784 nocte
607 1756 660 1790 illa,
679 1757 825 1786 observans
838 1767 897 1787 eam
914 1767 947 1788 ne
963 1760 1079 1788 fornica-

294 1803 377 1826 retur.
404 1800 498 1829 Stabat
512 1809 574 1837 ergo
595 1809 610 1830 a
623 1810 734 1839 vespere
754 1804 781 1832 in
799 1812 853 1833 uno
866 1806 964 1841 angulo
978 1806 1080 1835 cellulae

293 1843 337 1871 ubi
349 1844 499 1874 dormiebat
519 1847 626 1881 mulier,
649 1849 764 1884 psallens
785 1855 812 1878 et
825 1858 905 1879 orans
925 1858 973 1886 pro
992 1860 1034 1885 ea,
1054 1858 1082 1881 ct

272 1918 274 1920 τ
293 1889 401 1917 mittens
413 1891 613 1926 genttﬂexiones
632 1901 714 1928 usque
729 1894 762 1922 ad
782 1903 922 1930 auroram;
938 1901 964 1925 et
977 1900 1079 1930 exiens.

293 1934 440 1968 accipiebat
452 1936 561 1964 verbum
577 1938 611 1964 ab
623 1938 666 1965 illa
677 1939 746 1973 quod
759 1940 823 1968 nulli
835 1940 937 1969 diceret
949 1943 1079 1971 actionem

292 1977 361 2012 eius.
378 1978 414 2006 ita
437 1980 529 2014 agebat
543 1988 658 2015 semper,
673 1990 811 2018 quousque
827 1991 881 2012 una
894 1991 984 2013 earum
996 1987 1082 2014 mani-

293 2023 398 2052 festavit
418 2026 496 2053 vitam
519 2026 588 2062 eius,
604 2029 674 2063 quod
699 2037 762 2063 non,
785 2036 814 2059 ut
830 2031 1014 2068 fornicarctur,
1040 2033 1082 2062 in-

295 2072 375 2097 trarel
388 2070 421 2097 ad
434 2078 490 2102 eas.
503 2071 550 2099 sed
566 2077 594 2100 ut
607 2073 731 2102 salvaret.
747 2075 838 2104 Oravit
852 2083 944 2111 senex,
957 2083 984 2106 et
998 2078 1081 2113 erepit

243 2150 246 2153 '
294 2114 389 2141 mulier
404 2122 419 2143 a
433 2115 566 2145 daemonio
581 2119 681 2153 vexari.
696 2124 723 2148 ut
739 2127 786 2155 per
799 2121 871 2150 illam
886 2128 990 2151 caetera:
1003 2124 1081 2153 time-

295 2165 371 2193 rent,
388 2165 414 2188 et
428 2169 480 2189 non
496 2164 696 2193 manifestarent
712 2174 772 2194 eum
793 2168 865 2195 omni
886 2173 1005 2204 tempore
1021 2171 1082 2198 vita!

294 2205 360 2251 rius.
374 2206 502 2251 Dicebant
515 2217 578 2244 ergo
588 2211 696 2244 quidam
711 2212 735 2239 ci
751 2220 810 2248 quae
824 2221 839 2240 a
854 2214 986 2242 dmmonio
998 2224 1081 2244 vexa-

296 2250 373 2277 batur
384 2259 391 2279 :
403 2250 470 2284 Quid
484 2253 544 2280 est?
558 2255 685 2283 Reddidit
705 2257 751 2284 tibi
766 2257 836 2285 Deus
858 2260 983 2293 quoniam
1007 2268 1082 2288 men-

1131 1663 1177 1698 qni
1191 1662 1346 1690 monachico
1361 1662 1453 1690 habita
1467 1661 1658 1690 circumamicti
1669 1665 1740 1694 sunt,
1750 1664 1915 1695 peccantem.

1130 1707 1299 1743 chlamydem
1311 1714 1397 1735 meam
1406 1706 1579 1741 explicarem,
1590 1711 1617 1734 et
1625 1705 1790 1742 ccupat-irem
1799 1712 1872 1738 eum,
1883 1711 1918 1732 ne

1131 1753 1167 1780 ab
1178 1753 1269 1788 aliquo
1282 1752 1427 1781 videretur.
1443 1752 1509 1780 Nam
1521 1757 1548 1780 et
1559 1752 1586 1780 ia
1598 1759 1705 1780 servum
1716 1751 1764 1779 Dei
1779 1751 1865 1785 illum,
1879 1750 1918 1777 vi-

1131 1800 1227 1828 delicet
1248 1799 1413 1833 eunuchum,
1435 1799 1470 1826 ita
1481 1800 1602 1834 putastis,
1620 1803 1648 1826 et
1658 1797 1822 1825 nisistisme
1841 1800 1917 1824 extra

1131 1846 1211 1878 viam,
1225 1849 1252 1873 et
1266 1845 1315 1872 feci
1336 1845 1431 1872 animat
1450 1852 1517 1872 mea
1536 1847 1673 1879 peccatum
1692 1849 1827 1877 maguum.
1846 1842 1917 1869 Con-

1132 1891 1244 1919 fundeus
1263 1899 1328 1926 ergo
1346 1898 1395 1919 eos
1413 1892 1536 1923 multum,
1558 1890 1683 1917 absolvit.
1707 1888 1805 1917 Servus
1827 1884 1916 1915 autem

1134 1937 1179 1963 Dei
1194 1936 1305 1964 Vitalius
1319 1941 1334 1963 a
1347 1937 1452 1971 propria
1473 1935 1627 1970 operatione
1641 1941 1694 1962 non
1713 1933 1845 1961 cessabat.
1866 1933 1916 1960 De-

1132 1981 1290 2015 precabatur
1320 1988 1384 2016 ergo
1405 1985 1435 2008 ut
1455 1980 1613 2015 quibusdam
1639 1983 1699 2014 post
1723 1984 1835 2007 mortem
1858 1977 1918 2012 eius

1127 2023 1158 2053 in
1193 2026 1297 2055 somnis
1331 2026 1516 2056 manifestaret
1549 2026 1638 2058 Deus,
1689 2029 1782 2052 utnon
1804 2024 1917 2058 imputa-

1131 2076 1205 2099 retur
1222 2071 1249 2099 in
1264 2076 1400 2106 peccatum
1416 2071 1459 2099 his
1471 2072 1515 2106 qui
1531 2071 1777 2100 scandalisabantur
1797 2071 1823 2098 in
1843 2077 1916 2103 um,

1131 2123 1164 2144 eo
1183 2115 1253 2151 quod
1275 2123 1332 2144 rem
1352 2124 1430 2150 quam
1452 2117 1548 2151 agebat
1568 2115 1687 2144 dicerent
1710 2115 1836 2143 seandalo
1857 2122 1918 2143 esse

1133 2162 1259 2196 plenam,
1289 2166 1317 2189 et
1341 2169 1394 2189 non
1418 2160 1530 2189 haberet
1555 2161 1635 2188 homo
1655 2161 1758 2197 peccati
1787 2159 1915 2194 judicium

1132 2215 1165 2236 ex
1180 2216 1223 2241 ea,
1234 2207 1360 2243 quidquid
1374 2207 1477 2235 locutus
1491 2206 1593 2234 fuisset.
1610 2207 1707 2234 Multas
1720 2206 1798 2240 igitur
1810 2205 1844 2233 de
1859 2205 1918 2233 tali-

1134 2254 1184 2280 bus
1197 2252 1352 2281 mulieribus
1371 2252 1398 2280 in
1412 2252 1643 2287 cor-punctionem
1663 2251 1769 2279 induxit
1782 2254 1839 2278 hac
1850 2257 1917 2284 ope-

295 2296 340 2322 tita
357 2303 397 2323 es.
412 2297 447 2324 Ut
461 2297 607 2326 fornicetur
624 2302 693 2328 enim
715 2292 1007 2338 ingredituripessimus
1020 2306 1080 2340 iste,

1134 2298 1202 2325 ratio
1219 2298 1288 2333 eius,
1308 2302 1337 2325 et
1356 2298 1476 2325 maxime
1494 2297 1601 2332 quando
1615 2297 1740 2325 videbant
1757 2303 1819 2324 eum
1839 2299 1918 2323 nocte

294 2347 320 2370 et
336 2349 387 2369 non
404 2348 445 2370 est
466 2344 538 2371 aliud
559 2345 669 2380 aliquid.
685 2346 743 2374 .lam
759 2348 830 2375 enim
845 2353 872 2376 et
887 2356 993 2378 sanctus
1006 2350 1082 2379 Vita-

295 2388 346 2417 lius
368 2389 430 2426 (hoc
452 2391 550 2425 quippe
574 2398 670 2418 nomen
694 2396 753 2418 erat
772 2393 809 2428 ei)
832 2394 925 2421 volens
945 2395 1081 2423 hominum

294 2434 404 2469 gloriam
419 2435 518 2471 fugere,
535 2440 561 2463 et
574 2437 677 2464 animas
696 2445 710 2464 a
726 2439 842 2466 tenebris
855 2446 994 2474 revocare,
1010 2440 1083 2469 dice-

296 2481 340 2508 bat
354 2482 522 2509 audientibus
542 2483 654 2516 cunctis,
670 2491 730 2511 cum
746 2484 877 2513 laboraret
899 2486 926 2513 in
939 2494 1033 2521 opere.
1052 2492 1084 2516 et

295 2527 410 2566 solveret
425 2528 528 2562 vesperi
541 2534 548 2554 :
561 2528 658 2556 Eamus
674 2529 762 2562 modo,
777 2530 884 2558 domina
908 2532 967 2559 talis
987 2539 1083 2567 exspe-

295 2575 349 2598 ctat
363 2579 420 2600 nos.
438 2572 486 2601 Ubi
504 2580 567 2608 ergo
579 2578 636 2600 erat
649 2574 715 2602 ordo
731 2575 836 2609 ipsius?
850 2576 939 2604 Multis
953 2584 1017 2611 ergo
1030 2578 1083 2605 eri-

297 2616 457 2645 minantibus
474 2623 502 2646 et
521 2618 692 2647 illudentibus
705 2621 739 2654 ei,
756 2620 859 2649 dicebat
876 2621 1019 2657 :Nunquid
1033 2630 1083 2657 ego

298 2669 349 2689 non
370 2663 454 2690 vestio
473 2671 569 2698 corpus
595 2669 624 2691 ut
647 2667 834 2695 omnesivdut
858 2668 994 2696 monachis
1017 2670 1083 2697 solis

296 2706 380 2735 iratus
392 2713 433 2735 est
446 2708 532 2736 Deus?
548 2709 615 2737 Vere
626 2715 653 2738 et
667 2710 716 2745 ipsi
729 2712 850 2740 homines
863 2717 926 2741 sunt
938 2718 966 2741 ut
979 2722 1081 2743 omnes.

297 2751 407 2780 Dicebat
419 2754 506 2788 itaque
520 2755 544 2782 ei
558 2756 664 2789 quidam
686 2766 692 2783 :
714 2757 812 2793 Accipe
827 2759 874 2786 tibi
890 2767 968 2788 unam
985 2761 1082 2789 mulie-

297 2805 364 2830 rem,
379 2799 455 2832 abba,
470 2805 497 2827 et
511 2805 582 2829 muta
598 2803 783 2833 vestimentum
805 2809 889 2839 tuum,
905 2811 931 2833 ut
947 2814 999 2834 non
1015 2807 1083 2835 blas-

297 2843 437 2876 pltemetur
459 2845 528 2874 Deus
550 2854 597 2881 per
620 2851 666 2879 te.
694 2854 721 2876 et
744 2850 853 2877 habebis
873 2851 1001 2886 indicium
1024 2861 1082 2888 qua:

297 2889 509 2920 scaudalizantur
518 2893 676 2922 animarum.
690 2897 724 2922 At
737 2896 781 2924 ille
792 2897 967 2931 respondebat
978 2899 1017 2927 eis
1031 2900 1080 2928 ite-

1131 2342 1320 2371 extendentem
1340 2349 1434 2370 manus
1455 2347 1483 2370 et
1502 2348 1622 2370 orantem
1636 2349 1685 2377 pro
1699 2348 1855 2375 unaquaque
1869 2347 1916 2368 ea-

1132 2395 1191 2416 rum
1207 2397 1214 2416 :
1230 2394 1336 2424 propter
1358 2389 1428 2424 quod
1450 2389 1571 2424 qundam
1593 2395 1685 2416 earum
1708 2395 1723 2414 a
1747 2386 1918 2431 fornicatione

1133 2434 1288 2467 cessabant;
1299 2434 1421 2469 quaedam
1435 2440 1499 2462 vero
1511 2433 1677 2468 accipiebam
1691 2433 1773 2464 viros,
1786 2437 1814 2459 et
1825 2431 1920 2466 iudice

1134 2481 1375 2513 conversabantur;
1406 2480 1527 2515 quedam
1548 2486 1613 2507 vero
1637 2483 1665 2506 et
1685 2478 1772 2505 modis
1795 2476 1918 2505 erunibus

1135 2526 1262 2553 mundum
1282 2526 1474 2561 relinquentes,
1498 2524 1660 2560 singularem
1674 2524 1755 2551 vitam
1774 2523 1916 2551 ducebant.

1134 2573 1227 2601 Nullus
1243 2578 1331 2600 tamen
1346 2572 1424 2600 scivit
1435 2579 1520 2606 usque
1532 2572 1564 2599 ad
1575 2571 1633 2607 eius
1645 2571 1834 2599 dormitionem
1846 2569 1916 2604 quod

1133 2618 1219 2654 ipsius
1234 2618 1413 2647 admonitione
1425 2623 1454 2646 et-
1466 2619 1586 2646 oratione
1605 2616 1746 2652 impudica
1759 2615 1919 2644 muliercula

1134 2670 1150 2690 a
1164 2663 1341 2691 fornicatione
1353 2668 1500 2691 cessarent.
1805 2657 1811 2661 ’

1172 2717 1249 2745 Unde
1258 2717 1372 2752 quodam
1392 2718 1436 2745 die
1451 2722 1566 2746 exeunte
1578 2724 1612 2745 eo
1626 2724 1641 2744 a
1656 2717 1740 2752 prima
1755 2715 1846 2742 talium
1861 2719 1920 2740 mu-

1137 2761 1231 2789 lierum
1243 2762 1370 2795 diluculo,
1391 2763 1480 2790 obviat
1498 2762 1522 2790 ei
1535 2763 1641 2797 quidam
1657 2763 1735 2788 homo
1754 2759 1919 2791 immundus,

1136 2807 1238 2834 intrans
1261 2807 1293 2834 ad
1317 2807 1499 2835 fornicandum
1522 2814 1583 2835 eum
1607 2814 1656 2838 ea.
1678 2811 1705 2834 et
1727 2812 1787 2832 cum
1809 2804 1921 2832 vidisset

1135 2859 1255 2881 sanctum
1273 2853 1395 2881 Vitalitnn
1411 2861 1443 2882 ex
1465 2861 1495 2881 ea
1518 2853 1710 2889 egredientem.
1725 2851 1798 2880 dedit
1817 2850 1848 2878 ei
1866 2849 1921 2877 sia-

1136 2907 1195 2932 pam
1211 2900 1238 2927 in
1257 2899 1361 2934 faciem,
1383 2900 1474 2929 dicens
1497 2900 1528 2928 ad
1540 2907 1599 2927 eum
1614 2906 1621 2925 :
1639 2898 1792 2934 Usqueqno,
1806 2896 1922 2931 pessima
