2074 3144
181 181 250 211 ton

682 185 688 189 '
713 181 856 212 -ιιιιιοΝτιι
877 181 1108 210 NEAI‘OHTAN‘I
1132 182 1287 212 EPISCOI’I

1748 183 1816 212 1648

185 240 280 268 iltttsor
289 239 401 274 Christi,
417 248 470 269 non
482 241 607 269 emendas
623 245 648 269 te
661 241 694 268 ab
708 242 750 269 his
763 243 886 277 nequitiis
901 242 971 270 tuis?
984 241 1012 271 Δ
1023 240 1103 270 Gaza.
1118 245 1144 268 et
1159 242 1277 275 suscepit
1293 241 1419 269 cellulam
1442 242 1545 270 abbatis
1558 242 1644 270 Vitalii
1658 244 1803 271 secundum

185 286 235 319 Qui
259 285 328 314 dixit
349 285 383 312 ad
405 293 465 313 cum
483 293 490 312 :
511 286 595 314 Crede
616 287 699 320 Inibi,
726 288 840 321 accipies
863 289 967 322 alapam

185 337 200 357 a
217 339 260 359 me
271 331 374 362 humili.
393 334 421 358 ut
436 335 490 359 tota
501 331 660 359 Alexandria
675 333 812 368 colligatur
826 334 859 360 ad
869 334 969 361 clamo-

187 385 231 405 res
242 382 311 406 tuos.
327 378 447 406 Nondum
459 379 532 406 brevt
547 383 666 414 tempore
686 384 830 414 transacto,
843 380 968 408 dormivit

187 429 248 450 cum
270 431 333 457 pace
354 423 380 451 in
401 424 495 452 cellula
515 432 562 452 sua
583 429 692 453 sanctus
710 425 831 458 Vitalius,
860 428 969 453 nemine

187 467 288 495 sciente
300 468 418 496 omnino.
434 468 551 496 Habebat
562 470 638 497 enim
652 470 729 498 valde
743 471 865 505 pusillam
881 471 968 498 .ccllu-

189 513 251 546 lam,
265 519 344 547 super
353 513 447 541 ducum
459 515 502 549 qui
521 515 617 542 dicitur
631 515 709 543 Porta
730 515 794 543 solis
807 515 876 550 (79).
892 516 967 544 Unde

187 561 215 584 et
228 557 392 592 plorataque,
409 566 468 586 cutn
483 560 592 588 coliecta
606 561 786 588 celebraretur
798 561 872 596 juxta
886 561 967 588 cellu-

187 602 240 631 lam
254 604 311 638 ejus
328 604 355 630 in
369 605 481 632 ecclesia
501 605 670 642 κειται-(80),
692 607 878 634 convenientes
892 615 967 642 quar-

187 650 249 678 tlam
268 651 481 679 muliercularum
499 653 600 682 barum.
616 653 648 678 ad
667 653 807 680 alterutras
827 653 966 681 dicebant:

188 697 295 731 Eamus,
310 704 411 731 eamus,
427 698 522 725 iterum
542 698 622 725 abbas
635 698 744 724 Vitalius
758 699 895 726 collectam
918 699 967 725 ha-

188 742 241 770 bet.
254 742 287 770 Et
296 743 462 770 venientibus
476 743 524 776 eis,
536 743 644 770 curabat
653 751 710 770 eas.
727 743 808 777 Igitur
820 743 967 770 dormiente

186 795 230 819 eo,
247 792 276 814 ut
297 789 451 822 praedictum
472 792 523 820 est,
543 788 570 815 in
593 789 698 822 propria
721 788 823 819 cellula,
848 792 875 814 et
895 787 967 814 nullo

187 833 297 866 sciente,
314 841 372 861 mox
391 833 499 868 quidam
523 833 627 860 dazmun
649 839 772 868 tanquam
784 833 907 867 Ethiops
921 833 966 860 de-

186 878 288 910 formis,
304 882 372 905 astat
392 879 416 905 ci
434 879 478 913 qui
490 878 607 906 'doderat
626 879 728 912 alapam
748 878 835 906 abbati
856 878 963 911 Vitalio,

1021 285 1111 319 (idem,
1130 291 1156 313 et
1178 287 1205 313 in
1224 293 1255 313 ea
1271 288 1415 321 permansit
1434 294 1518 322 usque
1532 288 1563 314 ad
1583 293 1695 315 mortem
1717 296 1802 316 suam.

1019 331 1051 358 Et
1062 332 1244 361 sanctissimus
1261 333 1410 367 patriarcha
1435 333 1529 360 multas
1551 334 1650 367 gratias
1667 335 1724 370 egit
1739 336 1802 367 Deo,

1018 377 1078 410 quia
1094 385 1144 404 non
1159 377 1278 411 permisit
1296 385 1357 405 eum
1374 386 1483 411 peccare
1498 379 1525 405 in
1540 386 1647 406 servum
1667 387 1743 406 suum
1760 381 1803 407 Vi-

1019 422 1118 449 talium.
1141 422 1215 449 Multi
1232 428 1320 450 autem
1343 424 1454 451 multum
1464 432 1496 451 ex
1514 428 1577 452 tunc
1597 425 1624 451 in
1642 425 1799 453 Alexandria

1017 469 1172 503 profueth
1191 469 1250 502 sibi,
1267 474 1294 496 et
1314 469 1428 504 hospitio
1449 471 1613 504 recipiebant
1637 473 1798 499 monachos:

1017 519 1046 542 et
1058 515 1234 542 mouebantur
1255 520 1283 542 ut
1294 523 1345 542 nott
1357 515 1580 543 condemnaretur
1598 516 1692 551 aliquis
1714 518 1748 544 ab
1761 519 1800 546 eis

1018 561 1086 588 sicut
1099 566 1233 588 evenerat.
1245 562 1318 588 Fecit
1331 566 1418 588 autem
1433 566 1459 588 ct
1474 562 1600 589 sanitates
1614 567 1673 596 post
1687 567 1798 590 mortem

1018 605 1175 632 bonorabile
1199 613 1294 632 nomen
1319 606 1403 633 sancti
1426 605 1518 632 Vitalii
1542 613 1589 640 per
1610 598 1724 633 divinam
1744 615 1801 640 gra-

1018 652 1080 679 tiam
1095 660 1101 678 :
1116 651 1192 685 cuius
1206 651 1368 678 orationibus
1391 651 1436 678 det
1459 651 1536 678 nobis
1552 651 1679 678 Dominus
1703 652 1798 679 bonam

1017 697 1262 728 conversationem,
1284 701 1310 723 et
1330 696 1541 724 misericordtam
1563 697 1588 723 in
1609 696 1670 729 die,
1693 698 1800 731 quando

1017 742 1198 770 manifestabit
1220 743 1374 769 abscondita
1402 742 1555 776 hominum,
1577 747 1605 770 ct
1625 743 1694 770 nuda
1718 744 1799 770 faciet

1016 787 1125 816 consilia
1138 788 1257 814 cardium
1269 786 1295 822 (I
1307 787 1366 814 Cor.
1383 787 1430 820 tv).

1051 833 1115 860 CAP.
1138 831 1255 859 XXXVI.
1271 847 1306 853 -
1321 832 1481 866 Pracipiens
1504 831 1647 866 aliquando
1665 830 1725 857 dari
1746 831 1799 857 cui-

1017 879 1078 906 dam
1104 879 1201 912 petenti
1225 879 1433 914 cleemosynam,
1459 878 1551 905 decem
1572 883 1694 903 nummos
1715 883 1800 903 aereos

185 928 212 950 et
226 923 271 950 dat
287 924 310 951 ei
323 923 438 958 alapam,
451 924 541 951 dicens
555 932 562 950 :
582 925 692 958 Suscipe
705 926 808 957 alapam
824 931 902 957 quam
918 924 966 950 mi—
981 920 1004 949 B
1018 932 1127 958 tantum,
1144 925 1267 953 convicia
1283 926 1315 952 ah
1335 933 1367 951 eo
1385 925 1533 958 patiebatur
1555 924 1580 950 in
1597 923 1663 950 facie
1676 923 1800 950 atrociter

185 969 217 996 sit
237 969 283 996 tibi
298 969 380 996 abbas
395 969 517 997 Vitalius.
535 970 568 997 Et
581 969 694 1002 cadens,
708 970 796 997 statim
812 970 892 1003 capit
906 977 966 1003 spu-

186 1022 268 1042 mare.
289 1015 455 1050 Cungregata
470 1019 511 1042 est
528 1015 618 1050 igitur,
641 1016 786 1043 secundum
801 1015 965 1050 prophetiam

187 1059 289 1092 Vitalii,
312 1067 379 1094 pene
401 1064 456 1088 tota
478 1060 639 1088 Alexandria
666 1061 692 1088 in
712 1061 865 1089 violentiam
886 1069 964 1095 quam

185 1104 334 1138 patiebatur
346 1113 360 1131 ι
375 1105 515 1136 drcmone;
531 1111 558 1133 et
570 1106 685 1133 maxime
696 1107 757 1141 quia
767 1107 883 1133 sonitum
896 1107 965 1133 datae

184 1149 306 1184 ei'alapa:
326 1151 468 1178 audierunt
482 1151 588 1186 quidam
600 1172 606 1183 ,
622 1152 696 1186 quasi
715 1151 747 1178 ad
770 1152 848 1179 unius
868 1151 965 1186 iactum

186 1195 297 1228 sagitta.
314 1195 376 1222 Post
390 1195 538 1230 aliquantas
553 1203 616 1223 vero
639 1194 718 1223 horas
740 1196 766 1222 in
787 1200 901 1223 trientem
926 1203 967 1223 re-

183 1241 260 1267 diens
283 1242 305 1268 is
327 1241 373 1276 qui
392 1243 550 1276 patiebatur,
572 1242 650 1270 scidit
673 1243 827 1269 vestimenta
852 1243 966 1276 pectoris

184 1286 239 1317 sui,
255 1291 292 1313 et
313 1286 431 1313 cucurrit
449 1287 482 1314 ad
507 1287 648 1319 cellulam,
670 1287 789 1314 clamans
809 1292 835 1314 et
855 1287 965 1314 dicens:

181 1331 293 1366 Culpam
315 1331 366 1359 feci
391 1332 448 1366 tibi,
472 1339 548 1360 serve
572 1332 618 1359 Dei
641 1332 729 1365 Vitali,
754 1333 880 1359 miserere
902 1333 966 1360 mei.

184 1377 364 1406 (incurrerunt
381 1386 446 1406 vero
464 1386 525 1406 cum
556 1386 589 1406 eo
613 1386 707 1406 omnes
730 1379 877 1406 audientes.
899 1378 965 1406 Cum

184 1423 346 1457 pet-venisset
366 1424 400 1451 ad
416 1424 538 1452 cellulam
552 1425 649 1457 salicti,
672 1424 736 1452 exiit
758 1425 853 1451 iterum
867 1423 966 1451 datmo-

184 1469 395 1504 niumy-jactans
412 1470 612 1498 eum-omnibus
630 1469 828 1505 aspicientibus.
851 1469 884 1496 Et
905 1476 965 1496 cum
986 1484 988 1486 -

182 1515 384 1550 ingrederentur
405 1517 519 1543 introrlti
539 1518 583 1551 qui
604 1524 664 1544 cutn
679 1524 712 1544 eo
726 1521 909 1549 cucurrerunt,
926 1516 964 1543 in-

183 1566 313 1589 venerunt
326 1567 446 1588 sanctum
461 1567 574 1589 stantem
583 1561 614 1589 ,ιη
626 1562 754 1596 geniculis
767 1563 831 1596 suis,
847 1566 872 1589 et
887 1569 966 1588 oran-

182 1611 248 1638 tem,
261 1611 289 1634 et
300 1607 416 1633 anirnam
431 1607 542 1635 Domino
557 1608 716 1639 tradentem,
732 1611 759 1634 et
770 1607 800 1634 in
816 1608 965 1640 pavimento
979 1598 1002 1628 ο

184 1651 341 1684 scripturam
356 1651 526 1685 huiusmodi:
545 1651 600 1678 Viri
610 1652 789 1685 Alexandrini,
811 1652 888 1678 nolite
910 1656 967 1679 ante

184 1701 283 1730 tmtpus
303 1696 399 1729 aliquid
416 1696 546 1731 judicare,
566 1697 731 1732 quoadusque
749 1695 967 1723 veniatDominux

183 1740 208 1773 (1
222 1739 281 1768 Cor.
297 1742 346 1776 tv).
360 1740 539 1768 Contitebatur
553 1749 617 1768 vero
637 1746 664 1768 et
677 1741 767 1774 homo,
779 1742 822 1775 qui
837 1749 852 1768 a
867 1741 966 1768 dmmo-

183 1787 228 1813 nlo
246 1787 400 1818 vexabatur,
416 1786 485 1821 quod
507 1791 601 1814 sancto
617 1787 725 1819 fecerat,
741 1791 767 1814 et
781 1788 850 1822 quod
864 1787 969 1815 dixerat

154 1837 291 1869 functus
311 1832 346 1860 ei.
381 1832 500 1860 Recitata
528 1837 590 1860 sunt
611 1841 674 1867 ergo
696 1832 848 1860 beatissimo
871 1833 966 1860 .loanni

180 1877 341 1909 patriarcha
363 1877 451 1904 omnia
465 1885 523 1911 quae
545 1879 616 1905 circa
637 1883 758 1905 sanctum
769 1878 894 1906 Vitalium
909 1883 966 1906 act-1

184 1927 261 1955 sunt;
283 1927 311 1949 et
334 1922 499 1950 descendens
522 1930 581 1950 cum
601 1922 691 1956 clero,
717 1924 790 1950 venit
815 1923 847 1950 ad
871 1931 969 1957 corpus

179 1969 268 1995 sancti
291 1968 398 2001 Vitaiii;
427 1972 456 1996 et
481 1976 541 1995 cum
563 1968 674 1996 vidisset
695 1969 968 2003 superscriptiouem,

185 2013 250 2041 dixit
267 2020 275 2040 :
291 2013 361 2041 Vere
374 2013 443 2040 hanc
462 2014 569 2041 humilis
582 2012 699 2042 Joannes
712 2021 759 2048 per
776 2014 859 2042 Deum
873 2016 967 2048 evasit,

181 2065 245 2085 nam
265 2059 366 2093 alapam
387 2066 467 2092 quam
487 2058 590 2094 accepit
611 2060 657 2094 qui
682 2061 779 2095 patitur
800 2067 850 2095 ego
867 2061 972 2095 accipe-

177 2111 253 2132 metu.

219 2149 295 2177 Tunc
318 2152 408 2186 itaque
429 2158 522 2179 omnes
542 2151 702 2185 fornicari»,
718 2154 815 2185 etquae
838 2150 971 2178 abrenun-

176 2194 317 2222 4iaverunt
334 2202 367 2222 ex
381 2196 433 2228 eis,
447 2200 474 2223 et
488 2195 561 2222 viros
572 2200 756 2230 susceperant,
769 2202 830 2222 cum
845 2194 930 2225 cereis
943 2199 971 2222 et

187 2239 352 2274 Iampadibus
366 2241 496 2274 praeibam
510 2247 572 2267 eum
589 2240 694 2273 ﬂentes,
707 2244 735 2268 et
745 2240 864 2267 dicentes
879 2247 887 2267 :
903 2238 968 2266 Per-

1017 972 1062 998 iie
1076 972 1178 1003 beatus,
1192 971 1252 1004 quia
1272 978 1326 997 non
1340 969 1448 997 dederat
1468 970 1491 997 ei
1505 972 1633 1003 quotquot
1645 967 1736 994 voluit.
1754 967 1800 994 His

1017 1023 1105 1043 autem
1119 1016 1164 1051 qui
1186 1016 1220 1043 de
1235 1016 1362 1050 obsequio
1387 1019 1473 1048 erant,
1494 1013 1675 1048 quaerentibus
1698 1012 1800 1039 ctedere

1016 1068 1076 1090 eum
1091 1062 1134 1097 qui
1159 1061 1365 1092 conviciabatur,
1389 1060 1535 1095 increpavit
1557 1067 1604 1086 eos
1627 1059 1800 1085 vehementer

1018 1108 1165 1143 patriarcha
1179 1129 1185 1140 ,
1208 1107 1298 1134 dicens
1323 1114 1329 1132 :
1353 1107 1438 1133 Sinite
1469 1113 1542 1136 eum,
1561 1104 1657 1131 fratres
1680 1111 1687 1130 :
1714 1102 1800 1129 habeo

1019 1156 1071 1184 ego
1105 1151 1242 1187 sexaginta
1280 1158 1386 1182 annos,
1452 1151 1641 1183 hiasphemaus
1661 1155 1706 1182 per
1720 1154 1800 1181 opera

1017 1206 1075 1226 mea
1090 1197 1239 1229 Christum,
1256 1200 1282 1223 et
1304 1203 1383 1222 unum
1400 1195 1547 1222 convicium
1568 1202 1620 1220 non
1634 1192 1743 1226 portabo
1762 1191 1796 1218 ab

1017 1243 1086 1271 isto?
1106 1243 1138 1270 Et
1151 1243 1277 1277 praecepit
1291 1242 1376 1268 datori
1400 1241 1504 1268 solvere
1519 1240 1664 1272 sacculum,
1685 1243 1714 1265 ut
1727 1238 1799 1264 sine-

1017 1293 1058 1316 ret
1072 1295 1212 1322 paupercm
1228 1288 1323 1314 tollere
1337 1292 1463 1322 quantum
1478 1286 1557 1313 vellet
1569 1285 1692 1319 pretium.

1051 1335 1114 1361 CAP.
1132 1333 1263 1362 XXXVII.
1279 1333 1306 1359 Si
1322 1340 1386 1359 vero
1395 1332 1538 1365 aliquando
1552 1329 1676 1366 audiebat
1688 1328 1794 1361 sapien-

1016 1380 1145 1413 tissimus,
1161 1380 1286 1414 qnoniam
1300 1379 1512 1412 eleemosynator
1526 1381 1568 1403 est
1595 1375 1665 1407 talis,
1681 1373 1798 1400 adduce-

1017 1426 1061 1453 bat
1081 1433 1141 1452 eum
1167 1425 1193 1452 in
1216 1425 1348 1451 hilaritate
1362 1430 1492 1454 seorsum,
1509 1423 1534 1448 e’t
1549 1420 1653 1447 dicebat
1666 1420 1689 1445 ei
1703 1428 1709 1445 :
1725 1418 1799 1450 Otto-

1017 1471 1095 1498 modo
1108 1470 1119 1496 f
1119 1473 1192 1497 actus
1200 1477 1228 1496 es
1235 1468 1463 1503 eleemosynator!
1472 1467 1674 1498 uaturalitcr,an
1687 1464 1800 1497 teipsum

1017 1516 1147 1543 violenter
1162 1514 1277 1549 cogens?
1294 1513 1369 1542 Unde
1383 1512 1489 1547 quidam
1515 1512 1560 1546 qui
1574 1512 1608 1538 ab
1628 1518 1661 1539 eo
1686 1511 1800 1538 interro-

1017 1561 1145 1596 gabanlur
1155 1581 1163 1592 ,
1180 1558 1360 1591 verecundati,
1372 1557 1539 1585 occultabant
1553 1556 1677 1591 quidem,
1693 1556 1800 1589 quidam

1019 1611 1107 1633 autem
1123 1605 1246 1633 dicebant
1262 1604 1296 1631 ei.
1324 1603 1436 1637 Propter
1451 1603 1519 1637 quod
1534 1610 1601 1629 unus
1626 1602 1802 1635 interrogatus

1019 1660 1033 1678 a
1047 1656 1149 1683 sancto,
1163 1650 1300 1684 respondit
1324 1650 1378 1675 ita:
1405 1649 1492 1675 Crede
1520 1647 1594 1679 mihi,
1610 1647 1726 1677 domine,
1742 1645 1802 1680 quia

1020 1695 1085 1723 uib'l
1096 1695 1129 1722 do
1141 1698 1186 1721 aut
1201 1693 1269 1721 facio
1282 1692 1361 1725 boni;
1377 1695 1559 1718 verumtamen
1575 1690 1661 1724 ipsum
1677 1689 1746 1723 quod
1759 1689 1798 1715 fa-

1020 1741 1061 1769 cio
1076 1744 1103 1767 ct
1128 1739 1244 1774 pra-beo,
1258 1746 1291 1765 ex
1313 1737 1408 1771 quibus
1435 1736 1504 1763 Deus
1532 1741 1559 1762 et
1584 1734 1718 1762 orationes
1748 1737 1801 1760 tua:

1019 1786 1177 1821 largiuntur,
1186 1784 1221 1810 ita
1233 1783 1320 1810 facere
1327 1782 1440 1809 assuevi.
1459 1781 1536 1808 Eram
1549 1779 1704 1814 priusvalde
1715 1779 1802 1805 immi-

1020 1831 1135 1859 sericors
1155 1834 1183 1857 et
1205 1828 1330 1860 crudelis,
1346 1832 1372 1854 et
1403 1826 1485 1854 semel
1502 1826 1597 1852 damna
1621 1824 1764 1859 pcrtuli,ct
1777 1823 1802 1850 in

1020 1877 1190 1905 subtilitatem
1223 1874 1342 1902 deveni:
1370 1874 1451 1906 cmpit
1475 1872 1598 1906 cogitatio
1626 1877 1683 1897 mea
1714 1869 1804 1897 d:ccre

1020 1921 1086 1951 mihi
1102 1931 1108 1949 :
1124 1922 1192 1949 Vere
1207 1921 1228 1948 si
1243 1927 1316 1948 esses
1330 1919 1551 1954 eleemosynator,
1568 1924 1619 1944 non
1642 1916 1802 1950 relinqueret

1022 1974 1048 1998 te
1059 1970 1137 1997 Deus.
1150 1967 1237 1996 Statui
1259 1974 1322 2001 ergo
1336 1973 1384 2000 per
1400 1964 1518 1998 singulos
1542 1963 1599 1990 dies
1611 1963 1674 1988 dare
1688 1963 1804 1996 quinque

1021 2021 1105 2042 atreus
1115 2020 1238 2040 nummos
1252 2011 1411 2047 pauperibus
1424 2018 1432 2043 ;
1447 2013 1473 2036 et
1484 2016 1543 2036 cum
1564 2007 1704 2042 cmpissem
1729 2007 1805 2038 dare,

1021 2060 1111 2088 statim
1124 2059 1236 2087 Satanas
1249 2056 1404 2091 prohibebat
1415 2062 1467 2088 me,
1483 2054 1574 2082 dicens
1587 2061 1594 2080 :
1609 2052 1677 2079 Vere
1689 2051 1806 2086 quinque

1023 2106 1125 2134 nummi
1149 2104 1193 2132 isti
1221 2102 1358 2130 sufﬁciunt
1374 2101 1464 2129 domui
1490 2099 1523 2127 ad
1544 2099 1626 2132 olera,
1641 2103 1686 2124 aut
1701 2097 1732 2124 ad
1748 2096 1806 2124 bal-

1023 2158 1102 2179 neum
1126 2147 1347 2184 percipiendum;
1377 2150 1405 2173 et
1437 2145 1536 2177 statim,
1567 2148 1692 2178 tanquam
1724 2142 1747 2169 si
1773 2142 1806 2168 dc

1024 2195 1144 2223 faucibus
1167 2199 1289 2221 natorum
1327 2197 1448 2219 meorum
1482 2190 1612 2224 privarem
1638 2194 1706 2219 eos,
1738 2186 1803 2212 nihil

1022 2241 1129 2268 dabam.
1143 2240 1207 2266 Cum
1221 2244 1285 2272 ergo
1307 2236 1432 2264 vidissem
1456 2233 1526 2268 quod
1548 2238 1688 2267 superarer
1702 2230 1803 2261 aritio,

186 2285 301 2313 ﬁdimus
324 2286 436 2314 salutem
455 2290 573 2313 nostram
589 2290 616 2313 et
629 2285 788 2313 doctrinam.
805 2285 971 2312 Enarrabant
985 2281 1010 2310 D
1022 2285 1082 2312 dico
1108 2290 1190 2318 puero
1218 2289 1278 2309 meo
1292 2290 1299 2308 :
1314 2281 1363 2308 Per
1383 2279 1500 2314 singulos
1516 2278 1572 2304 dies
1599 2276 1698 2308 furare,
1711 2282 1808 2302 mene-

182 2333 257 2360 enim
266 2332 319 2367 jam
335 2332 564 2360 conversationem
578 2332 636 2366 ejus
647 2332 782 2365 omnibus,
792 2336 829 2365 et,
839 2331 970 2364 Quoniam

175 2385 240 2405 mon
268 2384 375 2413 propter
404 2383 508 2412 turpem
541 2384 600 2405 rem
632 2377 664 2403 ad
695 2383 744 2404 nos
777 2377 911 2408 intrabat;
944 2380 971 2403 et

173 2423 248 2457 vquia
269 2431 400 2458 nunquam
419 2419 564 2458 aliquando
585 2422 699 2449 vidimus
718 2429 778 2449 eum
800 2429 879 2456 super
900 2421 970 2448 latus

175 2468 377 2502 dormientem,
401 2473 448 2496 aut
469 2475 548 2496 unam
573 2476 607 2495 ex
631 2467 708 2494 nobis
733 2471 866 2494 tenentem
890 2473 970 2493 manu

187 2520 244 2541 sua.
263 2514 296 2540 Et
310 2514 565 2547 reprabendentibus
586 2522 632 2542 eas
645 2514 803 2549 quibusdam
821 2517 849 2540 et
860 2512 971 2540 dicenti-

176 2561 243 2588 ibtts
254 2559 362 2593 τουτο
374 2560 435 2587 hac
444 2568 497 2588 non
510 2561 633 2588 omnibus
641 2559 785 2591 dicebatis,
797 2558 844 2586 sed
858 2557 971 2585 seanda-

176 2606 319 2634 ‘Iiaabatur
335 2606 362 2631 in
380 2612 414 2632 co
433 2610 487 2632 tota
508 2605 620 2633 civitas?
634 2604 793 2632 enarrabant
803 2603 858 2637 jam
871 2601 972 2636 capitu-

189 2652 254 2685 lum,
275 2643 345 2685 quod
369 2650 439 2678 circa
461 2657 520 2678 eam
543 2656 646 2685 gestum
661 2654 712 2683 est,
726 2656 787 2684 qua
809 2656 825 2676 a
840 2647 972 2675 damonio

182 2697 356 2725 uexationem
376 2695 510 2727 sustinuit,
526 2700 554 2723 et
570 2696 630 2730 quia
644 2695 695 2722 bac
719 2695 844 2722 timentes
865 2693 974 2720 taceba-

188 2749 258 2770 ums.
272 2741 379 2776 Sepulto
398 2747 463 2774 ergo
476 2747 508 2767 eo
526 2740 551 2766 in
567 2739 651 2766 multo
664 2739 775 2770 honore.
791 2737 936 2773 permansit
946 2736 973 2763 is

183 2788 234 2821 qui
248 2786 283 2814 ab
294 2793 328 2814 eo
337 2789 477 2813 conectas
491 2789 518 2811 st
531 2791 612 2811 sanus
626 2784 711 2811 factus
726 2788 783 2817 est,
799 2783 899 2810 iaciens
915 2789 973 2809 me-

187 2831 303 2860 moriam
316 2830 385 2868 eius.
400 2830 572 2858 Postmodum
595 2834 682 2857 autem
701 2833 727 2855 et
750 2828 911 2856 renuntiavit
925 2835 975 2855 ste-

167 2879 259 2913 ~«tatIo,
287 2878 423 2923 ingressus
444 2876 637 2908 monasterium
657 2875 760 2905 abbatis
783 2874 922 2904 Seridonis
946 2873 973 2902 iu

1022 2331 1133 2362 sciente,
1144 2328 1262 2363 quinque
1284 2332 1418 2356 nummos,
1431 2328 1458 2351 et
1471 2323 1504 2350 da
1520 2322 1726 2354 eleemosyuam.
1742 2319 1807 2346 Sunt

1022 2383 1072 2410 ego
1095 2375 1166 2402 enim
1191 2372 1328 2406 trapezita,
1353 2369 1470 2397 domine.
1489 2368 1533 2395 llle
1549 2375 1612 2394 vero
1627 2365 1807 2395 benefaciens,

1022 2422 1103 2456 capit
1116 2420 1198 2448 furari
1213 2419 1296 2446 denos
1309 2416 1376 2452 (8i).
1395 2415 1458 2443 Erat
1470 2419 1559 2441 autem
1584 2412 1690 2448 quando
1711 2417 1737 2438 et
1751 2410 1806 2437 sili-

1022 2475 1111 2503 quam.
1136 2465 1203 2493 Cum
1221 2471 1284 2498 ergo
1297 2462 1407 2490 vidisset
1433 2460 1495 2494 quia
1524 2457 1766 2503 benedicebamur,
1781 2459 1809 2482 et

1022 2501 1121 2540 divitiis
1141 2509 1357 2540 abundabamus,
1374 2505 1454 2539 cmpit
1480 2509 1505 2532 et
1532 2503 1667 2530 trcmisses
1681 2501 1773 2534 furari,
1783 2503 1812 2526 et

1023 2558 1096 2585 dare.
1106 2555 1193 2584 Semel
1200 2555 1288 2588 itaque
1294 2551 1428 2580 admirans
1435 2547 1631 2577 benedictiones
1639 2545 1696 2578 Dei,
1705 2545 1759 2571 dixi
1766 2544 1808 2570 ei:

1023 2602 1093 2630 Vere
1114 2601 1223 2628 multum
1247 2596 1412 2634 profuerunt,
1438 2594 1486 2628 illi,
1510 2593 1625 2628 quinque
1647 2589 1748 2618 nummi
1762 2588 1809 2620 illi,

1024 2648 1085 2676 volo
1099 2653 1163 2681 ergo
1177 2649 1205 2673 ttt
1218 2645 1266 2672 des
1280 2643 1384 2670 decem.
1400 2640 1476 2668 Tunc
1487 2639 1551 2666 dicit
1562 2638 1626 2665 tuihi
1639 2641 1667 2664 et
1680 2643 1746 2670 puer
1767 2641 1810 2661 su-

1026 2694 1155 2722 bridendo
1171 2701 1178 2719 ι
1194 2691 1278 2722 Vade,
1291 2697 1339 2718 ora
1360 2687 1437 2716 furtis
1457 2686 1534 2714 meis.
1560 2684 1625 2712 Nam
1648 2690 1711 2711 vere
1733 2681 1813 2709 hodie

1015 2747 1078 2773 non
1094 2738 1252 2764 haberemus
1266 2741 1344 2770 quem
1357 2731 1592 2760 manducassemus
1605 2735 1710 2763 panem.
1719 2726 1772 2754 Sed
1787 2725 1811 2752 si

1025 2789 1066 2812 est
1089 2783 1130 2810 fur
1150 2783 1248 2817 justus,
1264 2787 1313 2816 ego
1328 2786 1398 2806 sum.
1413 2777 1488 2805 Tunc
1500 2783 1564 2810 ergo
1587 2774 1669 2806 dixit,
1685 2772 1812 2807 quoniam

1026 2828 1159 2857 uetitissia
1173 2827 1254 2854 dabat
1276 2830 1303 2853 et
1315 2822 1428 2858 siliquas
1449 2822 1541 2854 etiam,
1556 2827 1590 2847 ex
1607 2819 1657 2847 lida
1670 2818 1754 2850 illius,
1769 2824 1814 2844 as-

1027 2874 1113 2908 suevi,
1124 2873 1242 2903 domine,
1258 2870 1292 2899 de
1305 2869 1394 2898 animo
1408 2867 1482 2896 dare.
1497 2865 1654 2896 Ediﬂcatus
1675 2871 1739 2899 ergo
1753 2870 1814 2890 sane
