2074 3144
271 195 340 225 “illi

733 197 813 226 VITA
832 196 954 226 SANCTI
976 195 1119 225 JOANNIS
1140 197 1428 226 ELEEMOSYNARII.

1832 202 1898 230 1Ιῖ50

267 263 327 286 etus
341 256 430 288 valde,
442 255 509 284 dixit
533 255 565 282 ad
580 261 641 283 eum
656 263 664 284 :
679 254 767 282 Crede
782 254 859 287 mihi,
876 254 973 280 multas
993 260 1057 280 eon-
1072 253 1097 282 Δ
1110 260 1159 280 nos
1181 253 1266 287 lictor,
1282 258 1309 281 et
1335 258 1444 289 peccato
1460 255 1487 281 et
1512 252 1692 281 inobedicntia
1704 252 1831 287 deceptos
1845 253 1898 280 ite-

270 303 433 332 versationes
463 301 568 328 Patrum
580 301 642 336 legi,
659 300 712 327 tale
722 299 822 334 aliquid
838 307 890 326 non
902 298 1003 326 audivi.

303 347 370 376 CAP.
385 345 694 375 XXXVIII.-——|lalitiam
706 349 888 373 reservantem
915 343 1058 378 quemdam

271 391 424 424 illustrium,
441 395 536 419 contra
549 391 629 418 alium
644 390 805 424 principem,
819 389 929 416 audiens
944 388 989 416 hic
1003 395 1058 415 ma-

270 446 337 474 gnus
351 438 479 469 Joannes,
494 436 597 464 monuit
620 444 682 464 eum
696 444 778 471 saepe,
793 439 821 463 et
834 435 918 463 suasit
937 435 969 461 ad
991 442 1058 462 con-

273 484 399 518 cordiam,
413 489 440 512 et
470 491 522 511 non
547 483 631 516 potuit
645 490 705 509 eum
734 487 892 509 convertere
907 481 939 507 ad
954 487 1056 515 pacem.

270 530 357 557 Semel
370 537 435 564 ergo
444 529 526 557 mittit
541 533 568 556 et
581 528 689 555 adducit
703 534 764 554 eum
789 531 908 558 sanctus,
923 525 998 560 quasi
1010 531 1058 559 pro

271 582 302 603 κ
319 575 423 609 publica
436 579 482 602 :ct
498 574 562 602 facit
588 573 683 600 missas
705 573 733 599 in
753 572 871 599 oratorio
882 578 939 602 stre,
956 571 1057 597 nullum

270 620 372 648 habens
384 619 434 647 nisi
458 619 608 646 ministrum
624 625 701 645 suum
716 615 787 652 (82).
803 616 869 644 Cum
884 622 950 650 ergo
965 619 1057 642 sancta

271 667 452 694 hcnedixisset
463 665 623 700 patriarcha,
637 668 664 691 et
679 663 826 691 orationem
842 661 1005 689 llominicam
1018 661 1059 688 In<

269 712 403 743 choasset,
417 715 557 746 coeperunt
569 711 659 737 dicere
669 715 722 736 tres
739 714 840 736 tantum
855 709 902 740 illi,
920 708 1000 734 Pater
1011 714 1059 734 no-

269 762 335 783 ster.
350 755 384 784 Et
397 763 457 783 eum
472 755 641 790 pervenisset
654 754 687 781 ad
702 761 864 785 sermonem,
880 760 933 787 quo
946 752 1056 784 dicitur,

271 801 380 829 Dimitte
394 801 471 829 nobis
483 801 571 828 debita
584 803 685 830 nostra,
699 799 768 825 sicut
785 802 812 824 et
826 804 874 824 nos
899 796 1059 823 dimittimus

270 846 435 874 debitoribus
447 845 556 878 nostris,
572 844 657 872 innuit
681 843 829 870 domestico
857 842 1017 876 patriarcha,
1031 846 1060 869 ut

271 897 379 921 taceret.
393 892 472 920 Siluit
492 899 558 925 ergo
567 896 595 918 et
616 889 778 924 patriarcha,
790 893 819 916 et
832 888 961 915 remansit
986 888 1059 922 prin-

1110 305 1169 325 rum
1212 299 1374 335 \T'vifieavit,
1403 305 1430 329 ct
1460 301 1572 337 proprio
1609 298 1739 334 sanguine
1753 298 1896 326 redemita

1109 350 1206 378 morte,
1222 348 1250 372 et
1263 352 1370 372 omnem
1399 349 1498 372 terram
1514 349 1540 372 et
1555 345 1641 379 ipsum
1656 345 1753 372 caelum
1768 345 1794 371 in
1809 343 1896 372 obse-

1109 391 1201 426 quium
1220 391 1356 418 hominum
1383 390 1510 424 subdidit,
1521 391 1568 418 sed
1580 395 1607 417 et
1621 397 1689 418 nunc
1708 390 1823 424 qualiter
1838 396 1898 424 pec-

1109 441 1201 463 cantes
1208 444 1261 464 non
1270 435 1391 471 dissipat,
1400 436 1446 464 sed
1461 435 1647 471 longanimiter
1661 435 1744 470 magis
1757 440 1893 469 exspectat

1109 481 1253 509 immobilis
1264 481 1309 508 illa
1322 486 1427 514 natura,
1438 486 1466 509 et
1479 481 1583 515 patiens
1597 481 1641 508 ille
1658 481 1762 512 oculus,
1775 486 1801 508 et
1815 480 1892 508 nobis

1110 527 1264 562 plerumque
1279 527 1525 562 blasphemantibns
1533 527 1590 563 ipse
1600 527 1754 555 consolatur
1767 532 1795 555 et
1819 527 1897 554 blan~

1109 572 1180 599 ditur
1194 579 1240 606 per
1254 572 1451 600 miserationem
1467 573 1700 606 suam,desursum
1715 573 1816 607 pluvias
1833 580 1898 607 pru-

1109 621 1169 651 pter
1183 617 1264 646 vitam
1292 621 1410 645 nostram
1427 618 1556 651 tribuens,
1570 621 1683 652 quantos
1706 618 1791 645 malos
1804 624 1898 651 opera—

1109 663 1174 695 rios,
1191 667 1331 698 pergentcs
1342 669 1370 690 ut
1384 663 1507 691 occidant
1519 669 1561 690 aut
1578 663 1708 694 fruentur,
1723 663 1789 698 tegit
1807 667 1833 689 et
1847 670 1898 688 non

1110 708 1202 741 tradit,
1217 715 1250 736 ne
1264 708 1404 743 capiantur
1415 712 1441 736 et
1455 708 1622 742 puniantur?
1631 713 1744 742 quantos
1755 708 1898 735 existentes

1111 755 1137 782 in
1148 755 1259 782 navibus
1275 755 1301 782 in
1313 756 1416 790 pelago,
1434 760 1462 782 ut
1475 755 1627 790 prtedentur
1637 757 1776 783 obviantes
1788 756 1838 782 sibi
1854 763 1900 782 na-

1110 808 1168 834 ves,
1189 805 1216 828 et
1239 801 1361 828 occidant
1380 801 1424 836 qui
1449 801 1476 828 in
1496 801 1536 828 eis
1563 805 1637 833 sunt,
1654 809 1705 828 non
1730 801 1858 836 permitti:
1874 800 1899 827 in

1111 845 1268 880 profundum
1284 845 1414 879 demergi,
1429 845 1475 872 sed
1498 845 1611 879 imperat
1627 845 1692 872 mari
1706 853 1739 872 ne
1759 845 1902 872 absorbent

1111 897 1177 924 eos,
1205 895 1363 924 exspectans
1395 891 1597 918 conversionem
1630 889 1738 918 malitia:
1762 890 1901 924 ipSorum?

269 945 333 973 cepe
353 938 437 970 solus,
452 937 545 964 dicens
558 943 664 963 versum
681 943 689 961 ε
704 934 811 962 Dimitte
833 934 1008 967 nobis,sicnt
1031 938 1059 961 et
1074 937 1098 967 Β
1113 935 1205 969 quanti
1230 934 1352 969 pejorant
1383 942 1480 969 corpus
1514 933 1570 970 (-85)
1595 938 1623 961 et
1653 934 1809 969 sanguinem
1843 934 1902 969 ejus

270 992 320 1012 nos
332 984 500 1011 dimittimus.
515 983 548 1010 Et
560 981 650 1009 statim
665 988 810 1009 conversus
822 985 940 1014 sanctus,
956 979 1057 1007 dieitei

271 1033 408 1057 mansueta
421 1036 505 1056 voce:
520 1027 584 1055 Vide
594 1027 620 1054 in
631 1027 703 1062 quali
715 1027 826 1054 terribili
839 1026 903 1053 hora
930 1026 994 1061 quid
1018 1025 1057 1053 di-

270 1082 315 1103 cas
330 1075 404 1102 Deo:
419 1074 547 1108 Quoniam
573 1073 642 1099 sicut
669 1079 719 1106 ego
743 1072 858 1104 dimitto,
875 1072 910 1098 ita
925 1074 953 1098 et
976 1075 1004 1098 tu
1019 1071 1061 1098 di-

271 1123 346 1148 mitte
369 1120 444 1148 mihi.
459 1119 595 1154 Tanquam
622 1119 656 1145 ab
680 1118 743 1152 igne
755 1117 846 1145 statim
861 1118 1008 1145 cruciatum
1020 1116 1059 1144 fe-

270 1172 333 1192 rens
347 1165 488 1199 praedictus
512 1164 645 1198 princeps,
656 1164 751 1191 cecidit
762 1164 789 1190 in
813 1163 905 1191 faciem
921 1163 953 1190 ad
979 1154 1061 1196 redcs

270 1211 365 1242 sancti,
388 1210 480 1237 dicens
497 1218 504 1236 ε
519 1208 689 1242 Qumcunque
703 1208 826 1243 iusseris,
844 1208 962 1240 domine,
979 1208 1060 1236 faciet

271 1262 363 1282 servus
379 1260 449 1282 tuus.
465 1254 496 1281 Et
510 1253 697 1281 reconciliatus
707 1258 748 1281 est
762 1253 870 1282 inimico
885 1261 934 1281 suo
946 1261 979 1281 ex
994 1258 1056 1281 tunc

271 1308 333 1328 cum
348 1300 422 1327 omni
433 1299 555 1326 veritate.

304 1355 368 1383 CAP.
377 1355 683 1389 XXXIX—Superbum
698 1359 784 1382 autem
797 1355 817 1382 si
825 1354 930 1382 videbat
941 1354 1061 1390 aliquem

272 1403 377 1435 beatus,
393 1403 462 1429 hunc
475 1402 580 1436 quidem
595 1409 648 1429 non
662 1403 788 1437 arguebat
804 1402 830 1428 in
846 1401 914 1429 facie
930 1410 937 1428 :
952 1401 1058 1437 quando

272 1452 358 1474 autem
372 1454 432 1473 eum
445 1447 470 1473 in
486 1451 588 1474 secreto
604 1454 653 1473 suo
669 1446 807 1473 sedentem
828 1445 944 1479 videbat,
961 1447 1058 1474 all‘ere-

272 1491 317 1519 bat
331 1491 363 1519 de
375 1491 527 1519 humilitate
539 1499 687 1524 sermones,
699 1496 728 1518 ut
740 1499 785 1526 per
808 1492 859 1519 tale
873 1491 1058 1527 magisterium

272 1536 373 1564 sensim
402 1541 557 1572 percuteret
570 1537 726 1571 superbum.
740 1542 765 1564 et
779 1537 929 1564 modestum
948 1537 1058 1572 faceret,

273 1583 363 1609 dicens
378 1582 413 1610 ita
427 1591 434 1610 :
451 1583 540 1615 Miror,
557 1582 656 1609 dotnini
666 1583 729 1616 mei,
745 1582 879 1616 quomodo
894 1590 946 1610 non
971 1590 1060 1611 recor-

1112 984 1331 1013 sacrosauctum,
1356 985 1384 1008 et
1419 981 1518 1015 patitur
1547 985 1575 1007 et
1607 980 1794 1015 longanimiter
1827 980 1900 1015 ag't,

1111 1033 1163 1053 non
1190 1020 1304 1054 reddens
1331 1027 1370 1054 eis
1385 1026 1430 1053 hic
1450 1026 1549 1061 aliquid
1570 1025 1697 1055 difﬁcile?
1728 1030 1841 1061 quantos
1875 1026 1900 1052 in

1110 1071 1207 1099 itinere
1230 1072 1429 1104 ltr'rocinantes,
1444 1078 1496 1098 non
1512 1071 1593 1098 tradit
1620 1072 1646 1098 in
1673 1072 1761 1098 cibum
1791 1071 1901 1098 ohvian-

1111 1117 1183 1144 tibus
1218 1117 1268 1144 sibi
1296 1117 1408 1144 besriis?
1441 1124 1556 1152 quantos
1593 1122 1688 1145 eurrtes
1724 1117 1752 1144 in
1784 1124 1899 1144 concava

1111 1169 1253 1196 terrarum,
1266 1168 1293 1190 et
1304 1163 1428 1191 itinerum
1441 1163 1588 1191 seditiones
1599 1166 1757 1198 opcranles,
1773 1162 1897 1198 protegit.

1111 1215 1207 1237 utnon
1226 1213 1421 1236 consumantur
1443 1216 1459 1236 a
1481 1208 1691 1236 custodientibus
1720 1208 1841 1241 canibus,
1856 1208 1897 1235 vel

1110 1256 1190 1282 etiam
1202 1254 1375 1282 hominibus!
1386 1253 1419 1281 Et
1431 1254 1615 1281 meinterdum
1630 1259 1675 1280 aut
1686 1261 1747 1281 cum
1758 1254 1897 1281 meretrice
1916 1267 1918 1271 ι

1111 1301 1291 1334 recumbente,
1303 1305 1348 1328 aut
1361 1307 1421 1327 cum
1449 1300 1491 1327 his
1506 1301 1551 1336 qui
1572 1307 1601 1328 se
1617 1300 1764 1334 inebriant,
1779 1305 1824 1328 aut
1839 1308 1899 1328 cum

1111 1348 1198 1382 turpia
1220 1347 1387 1382 loquentibus
1398 1351 1587 1380 conversante,
1602 1351 1647 1374 aut
1667 1351 1765 1375 cmtero
1780 1347 1899 1382 quolibet

1110 1393 1200 1421 smculi
1213 1393 1290 1428 hujus
1306 1392 1441 1428 implicato
1454 1392 1573 1429 peccato,
1588 1394 1647 1429 apis
1660 1393 1767 1428 quidem
1778 1395 1893 1422 circum-

1111 1439 1206 1472 fertur,
1220 1443 1247 1466 et
1262 1439 1344 1466 valles
1357 1444 1384 1466 et
1399 1440 1489 1466 alveos
1503 1440 1607 1471 circuit,
1623 1447 1746 1474 quaerens
1767 1440 1896 1473 colligere

1111 1485 1237 1518 fructum,
1250 1490 1277 1512 ut
1291 1485 1369 1512 dulce
1395 1484 1476 1512 faciat
1499 1485 1563 1512 mihi
1588 1490 1689 1520 guttur,
1704 1488 1774 1521 quod
1789 1485 1859 1514 foeda
1872 1490 1901 1514 et

1110 1531 1201 1565 iniqua
1226 1531 1396 1564 pronuntiat;
1413 1539 1463 1559 uva
1485 1536 1574 1559 autem
1591 1532 1699 1560 festinat
1712 1540 1760 1567 per
1781 1533 1900 1561 calorem

1112 1576 1249 1609 maturari,
1265 1580 1294 1604 ut
1316 1577 1462 1611 repleatos
1476 1582 1504 1604 et
1525 1577 1642 1605 ltetifieet
1655 1586 1712 1612 cor,
1727 1579 1798 1614 quod
1816 1579 1900 1607 faem-

273 1629 348 1656 datur
363 1630 459 1656 misera
474 1629 561 1655 anima
573 1636 631 1655 mea
643 1628 799 1656 humilitatis
813 1637 872 1663 quae
887 1629 1059 1657 demonstra-

1113 1630 1170 1651 rem
1202 1630 1279 1649 suum
1305 1623 1511 1657 prrevaricatum
1534 1629 1583 1651 est.
1608 1623 1703 1651 Flores
1730 1624 1844 1652 invicem
1870 1633 1900 1652 se

273 1674 310 1701 tit
323 1674 399 1702 nobis
414 1682 496 1709 super
507 1678 606 1702 terram
622 1682 752 1709 apparere
775 1674 873 1702 Filium
886 1674 944 1708 Dei,
957 1675 1003 1702 sed
1020 1674 1062 1701 iu-

273 1725 394 1748 tumesco
419 1724 446 1747 et
471 1720 586 1748 extollar
609 1727 689 1755 super
704 1719 813 1748 fratrem
835 1727 934 1752 meum,
951 1720 974 1747 si
988 1719 1062 1747 fuero

273 1765 407 1793 modicum
423 1770 468 1792 aut
479 1765 616 1800 pulchrior
631 1770 730 1799 eo,aut
740 1765 831 1799 ditior,
848 1765 1060 1801 autgloriosior,

274 1816 320 1840 aut
333 1811 509 1848 principatum
521 1811 600 1839 ofﬁcii
614 1812 797 1846 cujuscunque
808 1811 938 1844 habuero,
956 1819 1007 1839 non
1020 1812 1061 1839 iu-

275 1858 397 1893 telligens
421 1859 536 1886 divinam
560 1865 664 1891 vocem,
677 1865 735 1892 qua:
759 1857 843 1884 dicit:
860 1857 959 1885 Discite
982 1865 997 1883 a
1021 1865 1063 1884 me

274 1904 334 1937 quia
343 1904 413 1930 mitis
425 1910 484 1929 sum
498 1903 644 1933 etlrumilis
651 1902 742 1934 corde,
751 1906 779 1929 et
789 1903 929 1929 invenietis
943 1903 1062 1936 requiem

275 1950 413 1976 animabus
428 1948 523 1975 vestris
538 1947 646 1983 (Matth.
659 1946 710 1982 st);
723 1954 809 1982 neque
820 1953 971 1974 sanctorum
984 1954 1063 1974 voces

275 1993 404 2027 cogitans,
417 1992 540 2027 quoniam
568 1991 676 2026 quidam
691 1995 788 2020 terram
809 1990 886 2026 (Gen.
904 1991 994 2025 xvnt),
1005 1992 1064 2026 qui-

276 2040 336 2065 dam
363 2038 501 2071 cinerem,
518 2036 625 2072 quidam
654 2044 771 2064 vermem
798 2040 825 2064 et
850 2045 902 2064 non
929 2036 1064 2064 hominem

276 2083 361 2118 (Ptol.
386 2082 580 2118 xxr),quidam
611 2087 656 2110 aut
680 2082 854 2116 impeditioris
886 2087 914 2110 et
942 2082 1065 2111 tardioris

276 2129 369 2163 lingua:
394 2127 493 2164 (Exod.
520 2128 557 2164 tv)
581 2135 611 2156 se
635 2128 827 2156 nominabant:
844 2133 871 2156 et
895 2129 955 2164 quia
972 2128 1064 2162 Isaias,

276 2175 482 2211 quandoDeum
493 2175 584 2202 videre
597 2175 704 2208 meruit,
713 2179 740 2202 ut
753 2175 825 2209 capit
840 2174 930 2207 homo,
944 2179 1006 2202 tunc
1017 2175 1066 2202 im-

277 2221 373 2248 munda
388 2220 454 2247 labia
480 2228 510 2247 se
523 2220 622 2248 habere
644 2220 827 2255 pronuntiavit
848 2220 917 2255 (Ira.
931 2219 982 2255 vt).
996 2220 1064 2254 Quid

276 2266 346 2293 enim
361 2271 388 2293 et
402 2273 460 2292 sum
475 2265 601 2292 humilis?
611 2265 704 2293 Nonne
713 2265 747 2292 de
759 2265 815 2292 luto
825 2265 901 2292 fictus
912 2273 982 2300 sum,
995 2266 1066 2293 unde

1113 1673 1312 1703 praeoccupant,
1326 1673 1354 1696 ut
1379 1669 1512 1697 delectent
1536 1669 1639 1702 oculos,
1654 1670 1699 1703 qui
1715 1669 1902 1699 fornicationi.

1114 1713 1163 1741 hus
1177 1718 1204 1741 et
1216 1714 1310 1742 alienis
1331 1714 1485 1741 mulieribus
1502 1715 1534 1742 ad
1545 1716 1678 1744 luxuriata
1686 1716 1810 1744 innuunt.
1823 1717 1901 1744 Ficus

1114 1760 1234 1787 turbatur
1245 1760 1315 1796 (Si),
1328 1765 1461 1796 quatenus
1476 1761 1623 1797 perveniat,
1636 1768 1665 1788 ut
1678 1762 1780 1796 repleat
1794 1770 1900 1789 mamuu

1114 1814 1161 1840 per
1173 1806 1393 1841 magnitudinem,
1405 1810 1433 1833 et
1447 1814 1478 1833 us
1493 1814 1541 1840 per
1555 1806 1732 1837 dulcedinem,
1746 1806 1816 1840 quod
1829 1811 1902 1834 tenet

1115 1856 1142 1878 et
1170 1851 1255 1878 basiat
1277 1851 1391 1878 alienam
1422 1851 1574 1878 mulierem.
1599 1851 1673 1879 Talia
1697 1859 1781 1886 ergo,
1806 1852 1903 1887 inquit.

1114 1904 1194 1931 opera
1205 1897 1302 1924 fratres
1315 1901 1434 1931 agentes,
1448 1901 1475 1924 et
1492 1897 1558 1924 tales
1573 1896 1762 1925 retributiones
1771 1899 1903 1932 recipien~

1116 1947 1155 1969 tes
1169 1948 1183 1967 a
1197 1942 1310 1976 benigno
1325 1941 1378 1969 Deo
1388 1961 1396 1974 ,
1412 1942 1518 1977 qualem
1533 1942 1712 1970 dehueramus
1727 1944 1826 1972 habere
1841 1952 1904 1979 pru-

1115 1987 1452 2021 dentiam,,considerantes
1476 1989 1647 2017 novissimam
1662 1995 1780 2018 nostram
1798 1995 1826 2018 et
1841 1991 1904 2018 hor-

1116 2035 1226 2062 rendam
1238 2034 1347 2062 horam?
1360 2035 1467 2063 .llullum
1482 2037 1552 2063 enim
1567 2036 1601 2063 de
1615 2038 1742 2065 memoria
1754 2038 1852 2066 mortis
1877 2045 1904 2065 et

1117 2082 1190 2109 exitu
1218 2082 1314 2109 anima:
1340 2081 1491 2114 diswtabat
1511 2089 1618 2116 semper
1641 2083 1685 2110 ille
1707 2083 1811 2116 beatus,
1824 2084 1860 2110 ita
1877 2090 1904 2111 ut

1117 2127 1272 2162 frequenter
1287 2128 1393 2162 quidam
1404 2127 1438 2155 ad
1453 2136 1512 2155 cum
1527 2128 1645 2164 superbo
1666 2129 1805 2161 schemate
1822 2130 1904 2157 irrita-

1118 2178 1177 2202 reut
1186 2179 1212 2201 et
1224 2173 1320 2201 ridenti
1337 2175 1423 2206 vultu,
1436 2180 1463 2202 et
1483 2174 1682 2203 inconsiderati;
1693 2176 1787 2208 oculo;
1810 2180 1839 2203 et
1851 2177 1907 2204 esi-

1119 2223 1178 2247 ront
1194 2220 1286 2247 humili
1301 2227 1385 2252 more,
1398 2225 1425 2247 et
1438 2226 1596 2254 compuncta
1610 2221 1691 2254 facie,
1699 2227 1725 2248 et
1736 2222 1906 2257 lacrymanti—

1114 2265 1272 2302 Iliusoculis.
1285 2266 1396 2300 Propter
1406 2266 1476 2300 quod
1490 2271 1517 2294 et
1531 2267 1636 2294 dicebat
1651 2267 1735 2300 :Quia
1748 2268 1789 2302 (ut
1802 2267 1909 2296 animo

278 2316 341 2339 sunt
362 2317 389 2339 et
413 2310 529 2339 lateres?
542 2311 637 2338 Nonne
661 2318 769 2338 omnem
791 2318 868 2344 quam
884 2316 948 2346 puto
964 2311 1063 2339 habere
1082 2307 1105 2334 1)
1118 2317 1168 2344 ego
1188 2310 1306 2344 humilis)
1322 2310 1420 2338 sufﬁcit
1435 2311 1467 2338 ad
1492 2311 1605 2342 salutem
1620 2312 1728 2339 assidue
1746 2316 1772 2339 et
1782 2312 1905 2340 dolenter

277 2357 398 2392 gleriam,
412 2357 500 2394 utﬂos
513 2354 802 2391 fcenimareescitUsa.
817 2356 880 2390 XL)?
897 2356 943 2383 llis
959 2364 1023 2392 ergo
1037 2361 1062 2384 et

279 2402 440 2437 huiusmodi,
453 2406 480 2429 et
501 2401 562 2428 aliis
583 2401 701 2436 pluribus
725 2401 812 2428 verbis
837 2401 1062 2435 sapientissimus.

277 2448 352 2482 quasi
365 2447 397 2474 de
410 2454 439 2474 se
450 2446 552 2478 dicens,
565 2453 625 2473 eum
639 2446 682 2480 qui
697 2446 852 2481 languorem
866 2445 1010 2473 inflationis
1039 2452 1066 2474 et

278 2493 408 2526 superbia
421 2492 534 2520 habebat
544 2492 664 2520 cauterio
677 2491 849 2524 comburens,
865 2492 990 2526 proderat
1004 2493 1063 2527 ejus

279 2538 383 2564 animm.
398 2537 562 2572 lntelligebat
577 2537 647 2564 enim
672 2536 694 2564 is
709 2537 752 2571 qui
764 2536 840 2564 ulcus
855 2536 970 2565 habebat
994 2538 1065 2573 quod

279 2583 311 2610 de
321 2590 353 2610 eo
368 2582 518 2617 patriarcha
531 2582 586 2610 haec
599 2583 742 2610 intimaret.

312 2627 378 2654 Lar.
392 2626 449 2654 XL.
462 2641 495 2646 -—
510 2627 543 2653 Et
558 2627 609 2654 hoc
622 2626 777 2662 frequenter
793 2627 838 2656 ille
850 2636 865 2656 a
879 2628 935 2657 Deo
946 2629 1065 2657 honora-

281 2678 332 2705 tus,
344 2671 470 2699 all'crebat
484 2672 510 2699 iu
523 2672 648 2703 medium,
659 2672 692 2699 ad
704 2673 860 2700 humilitatis
868 2680 1065 2709 argumentum,

280 2718 390 2745 dicens:
406 2717 482 2751 Quod
511 2717 532 2744 si
559 2718 807 2746 Considerassemus
822 2725 849 2746 et
873 2721 1064 2754 cognossemus

282 2763 327 2790 Dei
337 2771 397 2797 erga
411 2771 459 2790 nos
471 2762 681 2791 misericordiam
693 2768 719 2790 et
731 2764 887 2797 bonitatem,
900 2772 949 2792 nec
965 2766 991 2793 in
1010 2774 1066 2794 caa-

280 2807 320 2834 los
334 2808 533 2834 sublevaremus
560 2808 651 2835 oculos
662 2814 781 2843 nosnos,
797 2810 843 2836 scd
855 2817 962 2844 semper
976 2811 1001 2838 in
1016 2812 1066 2839 hu-

281 2853 333 2881 mili
348 2853 438 2881 habitu
453 2861 483 2881 ac
493 2853 630 2888 prudentia
645 2854 812 2889 degeremus.
826 2856 858 2883 Ut
870 2857 943 2883 enim
954 2862 1065 2891 praeter-

280 2907 348 2933 can,
372 2899 486 2934 qualiter
512 2907 564 2927 non
589 2900 735 2928 existentes
748 2907 782 2929 .ut
805 2910 926 2931 esst'mus
941 2904 1066 2936 produxit

1118 2356 1246 2391 cogitare,
1256 2360 1282 2383 et
1294 2356 1500 2384 sollicitudinem
1513 2355 1612 2384 habere
1624 2356 1659 2384 de
1671 2361 1766 2389 morte,
1779 2357 1904 2391 quoniam

1119 2410 1198 2429 neruo
1217 2402 1295 2429 nobis
1310 2403 1342 2429 in.
1359 2402 1403 2429 illa
1418 2402 1482 2429 hora
1498 2403 1684 2437 cempatietnr,
1695 2407 1740 2429 aut
1765 2403 1907 2430 comitabi—

1119 2452 1162 2475 tur
1175 2456 1207 2476 ex
1219 2448 1270 2474 vita
1285 2448 1346 2480 ista,
1360 2448 1410 2475 nisi
1424 2454 1504 2482 opera
1520 2448 1589 2475 bona
1602 2453 1702 2475 nostra
1720 2447 1754 2475 Et
1771 2449 1905 2482 quomoda

1119 2493 1222 2528 angelis
1238 2493 1403 2521 venientibus
1417 2498 1443 2520 et
1470 2494 1674 2527 properantibus
1698 2494 1820 2521 turbatur
1843 2498 1905 2521 tunc

1119 2539 1219 2571 anima,
1233 2539 1255 2565 si
1272 2538 1378 2565 iuventa
1403 2545 1468 2565 non,
1480 2538 1562 2566 fuerit
1581 2539 1758 2574 preparata'tv
1771 2540 1906 2574 quomodo

1119 2590 1194 2618 rogat
1202 2584 1349 2612 utaddatur
1359 2584 1409 2611 sibi
1420 2584 1555 2612 modicum
1570 2585 1751 2618 tempusxitat,
1761 2589 1788 2612 et
1795 2585 1882 2612 audiet
1895 2591 1903 2612 :

1118 2630 1185 2662 Quid
1213 2631 1308 2658 enim?
1331 2631 1445 2666 Tempus
1468 2630 1541 2665 quod
1566 2631 1673 2663 vixisti,
1691 2631 1759 2658 bene
1781 2639 1907 2658 consum-

1118 2676 1212 2710 psisti?
1238 2676 1270 2703 Et
1285 2677 1380 2704 iterum
1403 2676 1509 2704 dicebat
1532 2682 1656 2710 laminam
1683 2676 1717 2704 de
1739 2676 1903 2710 semetipso:

1118 2721 1266 2754 Quomodo,
1282 2722 1390 2749 humilis
1403 2721 1534 2755 Joannes,
1548 2721 1661 2749 transire
1685 2724 1785 2756 poteris
1806 2722 1905 2749 bestias

1117 2767 1265 2794 arundineti
1283 2767 1369 2801 (Psal.
1386 2768 1477 2802 uvn),
1490 2768 1596 2801 quando
1612 2767 1756 2794 obviabunt
1777 2767 1823 2794 tibi
1837 2775 1902 2795 exa—

1117 2813 1224 2840 ctores?
1240 2812 1287 2840 Va
1297 2813 1383 2846 qualis
1399 2813 1478 2840 timor
1491 2817 1519 2839 et
1533 2817 1633 2840 tremor
1660 2812 1763 2840 obtinet
1785 2813 1903 2840 ultimum

1118 2863 1180 2885 tunc
1206 2858 1336 2885 rationem
1351 2861 1504 2892 ponentem,
1520 2858 1600 2885 tantis
1623 2857 1830 2892 exquisitoribus
1849 2863 1903 2886 tate

1118 2904 1215 2932 amaris
1230 2910 1256 2932 et
1269 2904 1541 2932 immisericordibus?
1562 2903 1664 2932 Etenim
1692 2908 1798 2932 sanctus
1813 2904 1861 2932 iste
1874 2905 1899 2931 in
