2074 3144
155 220 223 249 “iit

686 211 825 242 LEONTII
846 210 1076 240 NEM’OLITANI
1105 208 1258 238 EPISCOPI

1721 205 1789 234 1652

168 270 293 300 nienmrin
306 275 410 306 semper
429 269 561 297 retinebat
574 267 643 305 quod
657 270 748 296 sancto
775 266 887 300 Simoni,
904 265 950 300 qui
963 266 987 296 Α
1001 264 1102 299 seopio.
1124 262 1212 291 Semel
1226 268 1292 296 ergo
1305 265 1332 289 et
1353 261 1393 289 bis
1413 260 1475 289 fecit
1499 260 1550 291 hoc
1568 260 1654 294 ipsum
1673 260 1782 288 schema

170 319 196 344 lu
211 317 341 345 columnis
355 316 427 343 stetit
447 315 518 350 (85),
531 321 577 349 per
592 314 780 342 revclationem
796 312 894 340 factum
908 316 949 340 est

171 366 262 390 notum
279 369 287 388 :
301 352 366 394 Quia
382 359 421 397 (ut
435 359 483 395 ait)
507 363 620 386 exeunte
633 358 720 385 anima
735 365 751 385 e
766 364 887 392 corpora,
898 357 949 384 ob-

170 407 241 434 viam
255 405 278 433 ei
293 412 352 433 cum
366 404 516 432 ascendcrit
528 411 544 430 a
558 409 627 431 terra
642 403 667 430 in
682 403 790 435 celum,
803 403 878 430 chori
893 402 949 429 dr-

170 459 288 484 ntonum,
296 451 423 486 singuliin
433 450 539 485 proprio
546 449 649 478 ordine.
658 448 753 476 Obviat
763 448 787 476 ei
793 448 889 476 chorus
896 448 952 475 dat-

172 497 320 524 monlorum
334 495 477 530 superbia,
493 495 633 529 investigat
646 502 717 527 eam,
728 494 750 522 si
765 494 860 522 habeat
868 500 951 528 opera

171 549 274 570 eorum.
281 541 477 569 Obviatchorus
483 540 619 575 spirituum
626 539 810 567 detractionis:
820 538 952 573 aspiciunt

171 588 194 616 si
209 588 313 622 quando
336 587 456 615 oblocuta
471 587 515 618 sit.
530 590 557 614 et
580 586 763 621 pcenitentiout
788 593 840 612 non
857 584 950 619 egerit.

174 634 287 662 Obviam
317 634 412 661 iterum
436 633 559 667 superius
586 632 720 659 damnum
743 630 947 665 fornicationis:

173 683 324 706 scrutantur
335 678 356 706 si
367 680 555 712 recognoscant
583 677 610 703 in
620 684 650 704 ea
667 677 816 709 voluptates
830 682 901 702 suas.
919 674 952 702 Et

172 723 301 758 quandoa
316 727 384 750 terra
398 730 481 756 usque
500 722 532 748 ad
546 721 641 749 celum
657 721 753 748 misera
778 720 864 747 anitna
879 719 951 753 posi-

173 774 231 795 tura
246 768 372 795 rationem
389 766 548 800 pervenerit.
570 772 689 793 seorsum
703 765 737 791 ab
749 772 780 791 ea
804 764 889 791 sancti
903 771 952 791 an-

173 812 223 846 geli
236 812 351 845 stabunt,
367 816 395 839 et
417 819 468 839 non
494 810 656 845 adiuvabunt
678 817 736 837 eam
751 809 801 836 nisi
821 809 954 836 bonitates

174 864 237 884 siue.
254 856 316 883 Haec
339 857 508 884 considerans
533 856 575 884 hic
599 855 703 888 nobilis,
732 855 887 890 perterritus
905 861 954 889 pro

175 901 224 927 tali
236 900 300 927 hora
314 904 342 927 et
355 900 482 927 sollicitus
493 900 640 934 factusest,
655 899 744 926 ferens
757 899 784 926 in
796 899 954 926 memoriam

1000 309 1044 337 ille
1058 309 1162 337 beatus.
1178 307 1299 335 Erudivit
1312 311 1339 335 et
1358 307 1385 334 in
1405 306 1455 334 hoc
1471 305 1574 340 plebem
1586 306 1742 340 magniﬁce,
1755 309 1783 332 et

999 354 1150 383 emendavit
1162 362 1169 387 ;
1184 353 1311 382 timebant
1322 353 1410 386 enim,
1423 360 1457 381 ne
1471 353 1567 382 iterum
1578 352 1692 387 idipsum
1704 352 1782 380 sche-

1002 409 1045 429 ma
1058 401 1158 429 faceret
1172 401 1211 428 eis
1225 400 1271 427 ille
1285 407 1392 434 semper
1404 399 1602 428 mernorandus.

1034 446 1100 474 Car.
1121 445 1199 473 XLII.
1215 459 1251 468 -—-
1265 445 1349 480 Loqui
1369 450 1457 473 autem
1479 444 1507 472 in
1531 451 1651 472 sacram
1673 445 1782 472 mnino

1002 498 1055 519 non
1082 491 1270 525 permittebat,
1290 490 1337 518 sed
1362 490 1390 517 in
1410 494 1555 525 conspectu
1574 489 1693 517 omnium
1712 489 1785 517 foras

1001 536 1122 564 mittebat
1134 543 1195 564 eum
1206 555 1215 569 ,
1228 536 1340 564 dicens:
1357 535 1389 563 Si
1404 535 1510 571 quidem
1530 539 1559 563 ut
1577 542 1669 563 orares
1688 535 1783 563 veniin

1002 582 1053 609 huc
1061 602 1069 614 ,
1081 581 1108 608 in
1122 581 1173 609 hoc
1185 587 1301 609 mentem
1313 585 1384 608 tuam
1397 585 1424 608 et
1434 587 1466 608 os
1478 585 1551 608 tuum
1562 587 1659 609 vacare
1670 585 1783 615 exopta;

1002 626 1025 655 si
1045 634 1110 654 vero
1130 630 1239 661 propter
1259 625 1438 658 locutionem,
1458 625 1585 660 scriptum
1603 629 1666 653 est:
1687 625 1786 653 Domus

1001 671 1049 699 Dei
1063 671 1167 699 domus
1186 671 1316 699 orationis
1336 670 1475 698 vocabitur
1496 669 1613 706 (lauit.
1628 678 1670 698 xxt
1683 673 1693 706 )
1707 679 1715 705 ;
1732 671 1786 698 noli

1002 724 1067 752 ergo
1083 716 1171 745 facere
1185 723 1244 744 eam
1258 716 1412 751 speluncam
1428 716 1572 743 latronum.

1036 763 1102 788 Car.
1118 760 1208 789 XLIII.
1223 775 1258 781 -—
1272 760 1329 788 Hoc
1347 765 1435 788 autem
1454 764 1512 788 erat
1531 760 1713 788 admirabilius
1726 768 1788 788 san-

1001 806 1113 834 ctissimi
1129 806 1208 841 huius
1220 806 1378 841 patriarchae
1386 827 1395 840 ,
1408 806 1534 841 quoniam
1546 812 1596 834 nec
1606 806 1788 834 monachicam

1002 853 1083 879 vitam
1103 851 1223 884 ducens,
1239 859 1326 886 neque
1341 853 1367 879 in
1380 852 1453 879 clero
1471 855 1588 879 moratus
1608 852 1634 879 in
1651 851 1763 879 ecclesia
1776 871 1784 884 ,

1003 898 1051 926 sed
1065 902 1093 926 et
1107 896 1214 926 femina
1233 897 1351 932 legitime
1371 897 1471 925 dudum
1493 898 1650 933 coniunctus
1664 897 1737 934 (86).
1752 898 1788 926 ita

173 949 198 972 cl
208 945 292 973 sancti
305 944 445 973 Hilarionis
455 945 587 980 eloquium
601 945 675 979 (Vita
689 944 843 978 Hilarionis,
851 951 877 971 c.
885 943 954 979 38);
969 940 992 971 Β
1007 943 1090 970 tenuit
1102 943 1221 978 vigorem
1233 943 1355 970 ecclesiae
1366 943 1400 970 ab
1412 943 1470 977 ipso
1483 943 1560 971 initio
1572 950 1625 977 quo
1639 943 1788 978 patriarcha

175 990 236 1026 quia
249 997 308 1017 cum
322 997 337 1018 e
349 990 402 1016 vita
416 997 570 1024 egressurus
581 994 662 1022 esset,
674 988 824 1017 formidavit
847 993 875 1017 et
886 989 953 1017 dixit

176 1034 270 1061 animat
280 1041 335 1062 sua
349 1041 357 1062 :
374 1035 510 1069 Octoginta
525 1042 620 1067 annos,
633 1043 648 1062 ο
660 1034 770 1062 humilis
793 1034 893 1067 anima,
908 1034 955 1062 ha-

176 1079 223 1106 bes
237 1080 358 1107 serviens
372 1079 489 1112 Christo,
505 1083 532 1106 et
547 1079 622 1107 times
631 1079 720 1107 exire?
733 1079 792 1110 Exi,
803 1078 863 1113 quia
873 1078 954 1106 mise—

176 1123 260 1150 ricors
276 1128 324 1151 est.
338 1123 369 1151 Et
381 1124 485 1151 dicebat
507 1124 555 1151 sibi
571 1124 738 1158 patriarcha:
751 1124 778 1151 Si
792 1124 815 1150 is
827 1124 870 1158 qui
882 1128 951 1151 octo-

175 1169 250 1201 ginta
261 1176 344 1196 annos
358 1170 469 1196 servivit
491 1170 608 1203 Christo,
621 1174 646 1197 et
670 1175 788 1198 mortuos
806 1169 956 1202 suscitavit,

176 1218 201 1240 et
213 1215 287 1249 signa
302 1214 371 1245 feeit,
386 1214 473 1241 timuit
486 1221 600 1241 amaram
610 1214 682 1241 illam
697 1215 799 1247 horam,
816 1213 878 1250 quid
907 1214 955 1240 ha-

177 1259 223 1286 bes
236 1264 274 1291 tu,
286 1258 392 1286 humilis
405 1259 533 1291 Joannes,
549 1259 638 1287 dicere
663 1264 709 1287 aut
730 1259 817 1287 lacere
828 1281 836 1294 ,
850 1259 958 1294 quando

178 1303 342 1330 obviaverlnt
356 1303 382 1330 in
398 1303 491 1331 faciem
502 1307 573 1330 tuam
593 1304 716 1331 crudeles
731 1303 769 1331 illi
784 1308 811 1330 et
838 1304 957 1331 immise—

181 1350 296 1378 ricordes
305 1354 442 1378 exactores
454 1355 480 1378 et
492 1350 677 1385 inquisitores?
688 1350 728 1378 Ad
738 1355 851 1385 quantos
859 1351 958 1384 poteris

181 1395 310 1423 rationem
324 1395 446 1430 reddere,
455 1395 487 1422 ad
498 1403 543 1424 eos
554 1395 597 1430 qui
611 1395 755 1430 exquirunt
766 1397 798 1422 de
809 1394 958 1427 mendacio.

179 1440 271 1468 ad-eos
280 1441 323 1475 qui
331 1441 365 1468 de
376 1441 549 1474 detractione,
559 1441 590 1468 ad
601 1449 646 1469 eos
654 1440 697 1475 qui
709 1440 742 1469 de
752 1440 917 1474 crudelitate,
925 1441 958 1468 ad

180 1492 227 1512 eos
240 1486 283 1520 qui
298 1485 331 1513 de
344 1485 466 1519 avaritia,
481 1485 513 1513 ad
531 1493 578 1514 eos
589 1486 632 1521 qui
647 1487 679 1514 de
693 1487 819 1514 memoria
838 1486 912 1519 mali,
924 1486 957 1512 ad

178 1537 225 1558 eos
241 1531 285 1565 qui
311 1531 345 1559 de
359 1531 431 1565 odio,
446 1532 478 1559 ad
494 1539 541 1559 eos
559 1533 601 1567 qui
617 1532 757 1566 exquirunt
773 1533 805 1560 de
826 1532 959 1567 perjurio?

180 1575 213 1604 Et
242 1577 408 1604 dementatns
428 1577 532 1604 dicebat
556 1586 563 1603 :
585 1577 654 1605 Deus
670 1597 678 1611 ,
703 1581 730 1604 tu
761 1584 807 1605 eos
839 1577 956 1611 iucre;a,

1008 992 1182 1016 consecratus
1197 992 1239 1016 est
1248 1008 1257 1021 ,
1271 988 1337 1016 etin
1352 988 1432 1016 talem
1452 988 1641 1017 sublimitatem
1660 989 1790 1016 exaltatua

1005 1038 1046 1061 est
1055 1053 1063 1066 ,
1079 1037 1108 1060 ut
1121 1033 1218 1060 multos
1231 1034 1401 1061 eremitarum
1413 1038 1441 1061 et
1454 1033 1480 1061 in
1491 1037 1563 1061 arcta
1575 1034 1627 1061 vita
1638 1034 1790 1069 degentium

1005 1084 1154 1113 superaret.

1041 1123 1107 1151 Car.
1124 1123 1215 1150 XLIV.
1230 1137 1265 1144 —
1281 1123 1377 1152 Veiens
1391 1127 1478 1152 autem
1494 1131 1544 1152 nee
1557 1123 1636 1159 hujus
1649 1124 1711 1151 boni
1730 1131 1790 1152 esse

1008 1168 1151 1203 inexpers,
1178 1167 1305 1195 videlicet
1326 1168 1489 1197 monachicae
1501 1169 1563 1196 vita:
1577 1170 1791 1196 connumeratio-

1008 1214 1067 1247 nis,
1090 1213 1179 1241 studet
1200 1220 1257 1241 rem
1281 1214 1383 1241 talem:
1410 1219 1573 1249 congregans
1597 1214 1665 1242 duos
1684 1214 1790 1242 ordines

1007 1264 1159 1288 sanctorum
1173 1259 1380 1292 monachorum,
1395 1259 1486 1287 statuit
1501 1259 1527 1287 in
1539 1259 1578 1287 eis
1597 1266 1703 1287 omnem
1722 1259 1791 1286 utili-

1008 1309 1088 1332 tatem
1103 1305 1179 1332 tribui
1194 1304 1228 1332 de
1243 1305 1313 1332 villis
1326 1304 1381 1332 suis
1397 1304 1424 1331 in
1445 1304 1552 1332 civitate
1565 1311 1612 1332 sua
1625 1313 1632 1331 :
1646 1309 1674 1332 et
1694 1304 1791 1331 faciens

1008 1351 1048 1378 eis
1061 1350 1172 1378 cellulas
1193 1350 1219 1378 in
1234 1349 1338 1378 duobus
1351 1350 1474 1378 oratoriis
1490 1349 1609 1378 Domina
1622 1354 1720 1377 nostra
1732 1356 1791 1376 san-

1008 1401 1059 1423 ctae
1084 1395 1131 1424 Dei
1155 1395 1307 1430 genitricis,
1329 1398 1356 1423 et
1374 1394 1459 1423 sancti
1479 1394 1604 1427 Joannis,
1623 1402 1682 1429 qua:
1702 1394 1758 1429 ipse
1777 1402 1793 1421 a

1008 1441 1186 1470 fundamentis
1209 1441 1403 1473 aediﬁcaverat,
1417 1441 1510 1468 dicens
1530 1440 1719 1468 amantissimis
1739 1439 1793 1467 Deo

1009 1487 1148 1515 monachis
1163 1487 1198 1513 ita
1212 1494 1218 1513 :
1233 1486 1289 1521 Ego
1302 1490 1362 1521 post
1377 1485 1460 1513 Deum
1475 1485 1615 1513 utilitatem
1628 1485 1792 1519 corporalem

1009 1536 1125 1559 vestram
1145 1531 1311 1566 procurabo,
1332 1538 1380 1558 vos
1399 1535 1486 1557 autem
1507 1529 1651 1565 spiritualis
1672 1529 1794 1557 habetote

1010 1584 1077 1604 mete
1097 1583 1188 1603 curam
1207 1575 1313 1603 salutis.
1336 1575 1492 1609 Vespertina
1513 1579 1541 1602 et
1560 1579 1687 1602 nocturna
1707 1574 1794 1610 vigilia

180 1627 240 1647 nam
271 1621 356 1648 omnis
375 1620 501 1649 fortitudo
531 1622 666 1649 hominum
695 1622 735 1649 eis
754 1623 879 1650 resistere
907 1630 958 1649 non
972 1615 994 1645 C
1011 1620 1075 1648 mihi
1083 1619 1152 1655 apud
1162 1619 1243 1647 Deum
1255 1621 1415 1654 imputetur:
1430 1618 1557 1654 quidquid
1572 1626 1634 1646 vero
1650 1618 1678 1646 in
1691 1618 1794 1647 cellulis

181 1666 258 1692 valet.
286 1665 343 1699 Tu,
374 1666 504 1700 Domine,
526 1667 559 1694 da
590 1667 667 1694 nobis
696 1668 820 1695 ductores
855 1673 961 1696 sanctus

179 1710 298 1744 angelos,
319 1711 363 1744 qui
388 1711 538 1739 custodiant
569 1713 753 1747 etgnbernent
781 1720 848 1746 nos;
878 1714 959 1741 multa

180 1756 250 1783 enim
282 1761 323 1783 est
350 1761 440 1784 eontra
473 1765 521 1785 nos
546 1765 637 1785 eorum
657 1759 769 1792 insania,
790 1760 887 1786 multus
907 1764 961 1787 tre-

182 1809 250 1834 mor.
265 1801 362 1829 multus
387 1802 475 1834 timur,
493 1802 602 1829 multum
619 1803 763 1838 periculum
789 1803 874 1838 pelagi
891 1805 961 1831 aeris

183 1846 274 1881 hujus.
287 1846 315 1873 Si
326 1847 396 1874 enim
408 1847 441 1874 de
452 1847 558 1875 civitate
571 1856 596 1875 ιιι
613 1849 747 1876 civitatem
766 1857 848 1884 super
862 1854 959 1878 terram

181 1891 359 1924 ambulantes,
367 1893 539 1926 deprecamur
547 1900 593 1920 eos
604 1893 650 1928 qui
660 1894 736 1921 nobis
747 1895 872 1923 ductores
886 1901 960 1931 sunt,

182 1943 215 1965 ne
229 1937 256 1964 in
267 1937 411 1971 prmeipltia
423 1937 552 1965 cadamus
564 1958 573 1970 ,
587 1943 632 1966 aut
646 1938 671 1965 in
694 1940 838 1975 agrestium
863 1940 961 1968 bestia-

182 1990 239 2010 rum
251 1982 320 2016 loca,
335 1988 381 2010 aut
397 1984 422 2010 in
439 1983 545 2011 ﬂumina
562 1984 674 2017 inﬁnita,
689 1990 735 2012 aut
750 1985 776 2012 in
790 1986 962 2014 inaccessibi-

172 2028 214 2056 les
239 2033 267 2055 et
292 2028 386 2056 invios
398 2033 518 2061 montes,
540 2032 589 2055 aut
602 2036 631 2056 tn
649 2032 789 2055 iatronttm
803 2035 902 2056 manus
916 2032 966 2056 aut

174 2075 201 2101 in
227 2082 352 2102 eremum
380 2074 690 2110 iucomprehensibilem
721 2078 769 2101 aut
793 2073 966 2109 inaquosam,

181 2121 209 2143 et
221 2123 369 2149 pereamus.
381 2117 449 2149 Quot
462 2118 618 2145 ductoribus
631 2118 744 2146 fortibus
757 2123 784 2146 et
797 2119 896 2146 divinis
914 2126 961 2147 cu-

180 2161 299 2189 stodibus
325 2169 391 2195 opus
403 2163 539 2196 habemus,
555 2168 695 2199 pergentes
723 2165 799 2200 longa
814 2165 860 2193 via
871 2165 920 2193 hac
934 2171 961 2194 et

180 2211 291 2239 alterna,
305 2207 440 2240 videlicet,
454 2215 513 2242 qua
524 2215 557 2236 ex
571 2216 683 2244 corpore
696 2215 738 2237 est
745 2210 874 2246 egressio,
887 2215 914 2239 et
927 2211 960 2238 ad

180 2251 278 2279 celum
305 2251 445 2280 ascensio!
460 2254 506 2280 lla
517 2257 581 2280 sunt-
598 2255 727 2289 sapientia
744 2256 828 2290 plente
843 2256 912 2284 beati
927 2256 958 2284 ad

1014 1667 1109 1695 vestris
1121 1665 1202 1693 ofﬁcii
1216 1665 1342 1698 feceritis,
1358 1672 1405 1700 pro
1421 1664 1516 1693 vestris
1529 1665 1564 1692 sit
1576 1665 1726 1692 animabus.
1738 1664 1796 1692 Hoc

1013 1717 1102 1740 autem
1117 1712 1195 1746 fecit,
1210 1712 1303 1739 volens
1317 1711 1485 1738 sollicitiores
1505 1710 1613 1738 efﬁcere
1632 1709 1680 1738 Dei
1697 1711 1794 1739 amicos

1013 1758 1170 1786 monachos.
1184 1757 1259 1786 Unde
1271 1763 1296 1785 et
1311 1756 1456 1792 permansit
1471 1757 1526 1784 Deo
1542 1757 1602 1784 talis
1615 1760 1686 1791 grata
1700 1757 1794 1784 consti-

1013 1804 1077 1830 tutio
1091 1803 1212 1830 ordinum
1226 1811 1233 1836 ;
1247 1803 1317 1830 clad
1331 1802 1528 1830 similitudinem
1542 1802 1694 1830 monasterii
1707 1810 1738 1830 ex
1753 1802 1794 1830 his

1012 1849 1108 1876 civitas
1128 1855 1195 1883 pene
1209 1849 1290 1881 vivit,
1316 1848 1342 1876 in
1355 1848 1468 1877 diversis
1483 1848 1549 1876 locis
1562 1848 1702 1884 pervigiles
1715 1848 1792 1884 hym-

1012 1894 1104 1922 nodias
1119 1887 1174 1922 Deo
1187 1893 1317 1921 referens.

1047 1938 1112 1967 Cn.
1132 1938 1213 1966 XLV.
1228 1953 1262 1959 —
1276 1938 1309 1966 Et
1324 1938 1375 1966 hoc
1388 1937 1481 1966 beatus
1495 1938 1545 1966 istc
1558 1938 1595 1966 ita
1607 1945 1701 1966 omnes
1715 1937 1794 1966 doce-

1013 1984 1073 2018 bat,
1087 1988 1114 2011 et
1128 1984 1328 2012 contestabatur
1349 1982 1440 2011 dicens
1455 1992 1463 2011 :
1476 1982 1633 2011 Nullatenus
1651 1983 1792 2018 aliquando

1012 2031 1198 2059 haereticorum
1211 2030 1404 2058 communionis
1412 2050 1421 2063 ,
1435 2030 1489 2057 imo
1501 2029 1722 2065 coinquinationis
1734 2036 1794 2064 par—

1011 2075 1173 2111 ticipemini,
1186 2075 1266 2103 etiam
1282 2075 1305 2103 si
1330 2075 1402 2103 omni
1417 2075 1469 2102 vita
1483 2080 1571 2102 vestra
1585 2081 1619 2102 ex
1637 2074 1723 2108 aliqua
1742 2074 1792 2101 im-

1011 2122 1133 2157 pulsione
1157 2121 1200 2149 vel
1229 2120 1390 2149 necessitate
1415 2120 1628 2148 communionem
1655 2119 1792 2147 catholicas

1013 2167 1143 2195 Ecclesiae
1165 2174 1217 2194 non
1240 2166 1421 2199 invenientes,
1445 2167 1504 2194 sine
1524 2166 1709 2193 communione
1731 2172 1791 2200 per-

1012 2214 1175 2242 manseritis.
1192 2212 1220 2240 Si
1236 2211 1326 2246 enim,
1340 2212 1397 2245 ait,
1416 2219 1525 2239 uxorem
1547 2211 1710 2245 corporalem
1729 2210 1793 2245 legi-

1013 2259 1076 2286 time
1089 2258 1266 2293 possidentes,
1279 2257 1306 2284 in
1320 2257 1428 2292 regione
1439 2256 1527 2290 aliqua
1540 2255 1679 2290 longinqua
1694 2254 1793 2288 absque

180 2303 210 2325 se
220 2300 248 2324 et
260 2296 293 2325 ad
311 2304 405 2325 omnes
428 2298 572 2331 doctrinm;
593 2299 634 2326 hae
649 2304 710 2326 sunt
722 2300 779 2335 ejus
801 2301 960 2335 quotidiana:
975 2289 1000 2320 θ
1011 2304 1061 2331 ista
1075 2289 1194 2337 tempore
1207 2289 1291 2329 multo
1302 2289 1438 2328 morantes
1447 2320 1454 2332 ,
1466 2289 1617 2335 relinquere
1629 2289 1697 2327 hanc
1710 2302 1738 2326 et
1749 2298 1792 2324 alii

181 2350 252 2370 cura
262 2347 342 2375 atque
358 2344 551 2373 meditationes.

214 2387 277 2415 Car.
298 2387 363 2416 XLI.
381 2403 417 2410 -
429 2389 535 2417 Multam
550 2394 637 2416 autem
651 2395 678 2417 ct
691 2390 724 2418 de
738 2395 829 2418 sancta
849 2391 963 2419 statione

180 2441 271 2462 curam
284 2434 414 2468 habebat,
426 2440 454 2462 et
466 2435 670 2463 sollicitudinem
684 2437 891 2464 demonstrabat.
904 2436 963 2465 Una

183 2478 254 2506 enim
268 2478 373 2506 dictum
387 2481 480 2507 valens
494 2481 591 2508 multos
602 2488 724 2508 resecare
734 2501 742 2514 ,
754 2486 844 2508 utnon
856 2483 963 2516 egrede-

181 2527 275 2551 rentur
285 2529 349 2558 post
361 2524 517 2554 solutionem
537 2527 623 2554 sancti
642 2527 776 2560 Evangelii
790 2526 824 2553 de
836 2526 960 2558 ecclesia,

181 2572 210 2596 et
227 2568 321 2597 otiosis
341 2569 509 2597 sermonibus
529 2579 576 2604 pro
598 2572 719 2599 oratione
737 2575 876 2604 vacarent,
898 2571 960 2605 quid

181 2614 261 2642 taciti
274 2613 480 2648 Beliquitmos,
505 2621 642 2650 postquam
659 2617 754 2643 lectum
778 2620 820 2643 est
842 2620 961 2642 sanctum

181 2660 370 2695 Evangelium,
385 2660 545 2694 ecclesiam;
561 2666 589 2689 et
601 2663 658 2696 ipse
672 2662 753 2693 exiit,
769 2666 797 2688 et
815 2661 884 2688 sedit
902 2667 962 2687 cum

181 2705 268 2733 turba.
282 2705 409 2734 Omnibus
425 2713 488 2734 vero
499 2706 715 2740 obstupentibus,
727 2706 793 2733 dixit
803 2706 837 2733 ad
849 2712 896 2733 eos
905 2706 961 2739 jus.

182 2754 244 2776 tus:
265 2749 368 2783 Filioli,
384 2749 427 2778 ubi
442 2757 523 2782 oves,
545 2750 601 2778 illic
620 2754 648 2777 et
667 2756 766 2784 pastor.
789 2752 843 2778 Aut
866 2750 962 2778 intrate

183 2795 272 2829 intro,
286 2800 315 2823 et
329 2795 508 2831 ingredimur
520 2803 527 2827 ;
543 2800 587 2822 aut
601 2800 706 2823 manete
720 2796 778 2828 hic,
793 2801 820 2824 et
840 2796 883 2823 hic
903 2803 961 2823 ma-

183 2841 263 2870 nebo.
279 2841 335 2877 Ego
349 2845 456 2876 propter
474 2848 522 2869 vos
541 2840 675 2868 descendo
694 2841 720 2868 in
738 2844 858 2868 sanctam
877 2840 961 2867 eccle-

184 2887 268 2920 siam,
283 2894 344 2915 nam
364 2891 483 2922 poteram
501 2887 587 2915 facere
605 2885 726 2914 mihimet
745 2885 840 2914 missas
860 2886 886 2913 in
906 2886 961 2920 cpi-

1010 2348 1128 2384 copularl
1138 2368 1146 2381 ,
1165 2355 1180 2375 a
1200 2347 1254 2375 Deo
1269 2351 1297 2374 et
1311 2346 1414 2381 legibus
1428 2345 1609 2381 prohibemur,
1623 2344 1646 2372 si
1661 2351 1725 2371 vero
1744 2343 1794 2370 hoc

1010 2393 1163 2429 egerimus,
1187 2391 1335 2427 punimur;
1354 2389 1487 2426 quomodo
1507 2394 1600 2424 putas,
1621 2388 1676 2415 Deo
1691 2395 1739 2422 per
1753 2395 1794 2414 re—

1013 2443 1081 2466 ctam
1103 2438 1181 2465 ﬁdem
1200 2441 1228 2465 et
1245 2436 1402 2464 catholicam
1424 2435 1569 2463 Ecclesiam
1594 2434 1750 2469 conjuncti,
1766 2438 1794 2460 ut

1013 2484 1050 2511 ait
1065 2483 1225 2518 Apostolus:
1242 2481 1336 2516 Aptari
1350 2488 1399 2508 vos
1411 2480 1456 2508 uni
1470 2480 1527 2507 viro
1547 2480 1677 2515 virginem
1696 2483 1795 2506 castam

1014 2528 1141 2556 exhibere
1154 2526 1260 2554 Christo
1276 2526 1309 2562 (ll
1320 2525 1379 2552 Cor.
1391 2524 1433 2560 xl)
1443 2546 1451 2559 ,
1467 2525 1489 2552 si
1503 2525 1678 2551 orthodoxam
1691 2529 1719 2550 et
1735 2530 1795 2550 san-

1015 2578 1067 2600 tam
1082 2572 1159 2598 fidem
1179 2570 1392 2598 adulteraveritis
1413 2577 1461 2604 per
1482 2569 1694 2596 communionem
1711 2568 1798 2595 haere-

1014 2619 1136 2650 ticorum,
1151 2623 1203 2643 non
1217 2615 1244 2642 in
1260 2616 1346 2642 futuro
1361 2614 1459 2642 smculo
1475 2614 1610 2646 tormenti,
1623 2613 1692 2648 quod
1701 2620 1796 2647 exspe-

1014 2665 1069 2689 ctat
1091 2661 1248 2693 Itmreticos,
1266 2661 1368 2688 erimus
1387 2659 1447 2686 facti
1462 2659 1623 2693 participes?
1637 2658 1796 2686 Communio

1015 2707 1086 2735 enim
1097 2729 1104 2741 ,
1118 2707 1170 2739 ait,
1186 2706 1246 2734 ideo
1261 2706 1369 2739 dicitur,
1386 2712 1418 2733 eo
1433 2705 1503 2740 quod
1516 2711 1683 2732 communem
1699 2702 1794 2735 faciat,

1014 2757 1040 2780 et
1062 2752 1151 2779 ﬁrmet
1171 2751 1412 2778 communicantem
1437 2749 1532 2784 quibus
1551 2749 1738 2776 communicat.
1758 2748 1797 2775 Ne

1014 2797 1103 2832 igitur,
1119 2802 1225 2831 quaeso,
1246 2796 1298 2828 ait,
1316 2803 1333 2823 ο
1354 2795 1418 2829 ﬁlii,
1439 2794 1589 2829 huiusmodi
1609 2795 1734 2822 oratoriis
1752 2802 1798 2829 ap-

1015 2841 1126 2877 plicetis.

1051 2887 1115 2914 Car.
1136 2885 1226 2913 XLVI.
1249 2899 1283 2906 -—-
1303 2883 1368 2913 Cum
1389 2885 1511 2914 omnibus
1529 2884 1606 2913 bonis
1625 2885 1680 2912 suis
1698 2889 1725 2912 et
1748 2884 1799 2912 hoc
