2074 3144
261 205 328 235 ίῦἰδ

730 205 809 233 νιτΑ
830 204 952 233 SANCTI
971 202 1107 232 JOANNZ’S
1126 203 1402 232 ELEEMOSYNAIIII

1800 209 1868 237 1651

257 265 351 292 beatus
369 263 411 291 hic
431 260 598 298 possidebat,
618 261 688 297 quod
708 262 717 299 (
732 267 760 289 ιιι
779 262 878 289 dictum
899 267 940 290 est
955 262 964 297 )
986 269 1037 289 non
1051 261 1077 292 Α
1090 266 1149 288 sunt
1162 269 1236 295 eam,
1250 261 1467 289 abreiiuniiaiites
1481 262 1578 289 mundo
1589 283 1596 295 ,
1613 270 1672 290 cum
1686 270 1716 290 ea
1731 269 1871 300 pergentes

258 311 451 338 condemnaret
466 309 613 344 proximum
623 329 631 341 ,
647 316 695 336 nec
709 308 918 336 condemnantes
939 308 1041 342 recipe-

261 359 310 382 ret.
328 354 421 382 Dicam
437 362 500 382 vero
514 359 540 382 et
555 354 612 388 ejus
630 353 776 381 doctrinam
796 353 830 381 de
848 353 900 380 hoc
918 353 1042 381 omnibus

259 402 428 436 proficuam:
458 401 566 428 Juvenis
595 400 700 435 quidam
727 400 833 433 rapiens
859 399 1016 427 monacham
1033 419 1040 431 ,

260 447 325 481 fugit
350 446 620 481 Constantinopolim.
641 444 812 473 Hocdiscens
832 443 935 480 justus.
958 443 1042 471 tristis

260 492 345 519 factus
362 496 403 520 est
422 499 506 526 usque
519 491 556 518 'ad
580 495 700 518 mortem.
719 490 851 524 Tempore
871 496 935 516 vero
954 488 1041 522 aliquo

260 541 408 570 transacto,
424 536 585 564 conscdente
599 544 632 564 eo
647 544 696 563 una
719 536 820 564 dierum
840 535 868 563 in
891 534 1041 562 honorabili

262 583 437 612 cimiliarchio
455 591 514 611 cum
534 583 690 617 quibusdam
710 582 831 613 clericis,
847 585 874 608 et
892 586 1041 607 sermonem

260 633 358 661 animae
372 632 462 660 utilem
478 636 600 660 movente
610 652 616 663 ,
631 632 704 659 venit
718 631 745 658 in
760 631 875 658 medium
895 634 923 657 et
942 635 1043 658 memo-

262 679 303 706 ria
316 680 420 713 juvenis
434 678 477 712 qui
492 678 612 705 ancillam
628 677 674 704 Dei
697 681 836 711 rapuerat,
857 681 884 703 et
904 679 1043 709 coeperunt

263 724 307 757 qui
327 727 419 750 sancto
437 722 611 750 considebant
626 722 852 749 anathematizare
872 721 950 748 talem
968 720 1044 754 juvev

263 776 342 801 nem,
366 772 489 802 tanquam
512 768 556 801 qui
576 767 641 794 duas
666 768 769 794 animas
786 766 951 801 perdiderat,
967 773 1042 793 suam

262 813 385 840 videlicet
402 817 429 840 et
443 813 662 840 sanctimonialis.
675 812 844 846 Compescuit
854 818 917 844 ergo
930 815 957 837 et
971 817 1044 837 rese-

264 859 333 886 cavit
347 866 394 885 eos
407 859 515 890 beatus,
531 858 622 885 dicens
635 867 642 885 :
657 857 695 885 Ne
710 857 748 885 sic
758 878 765 891 ,
783 857 827 884 lilii
838 877 844 888 .
861 864 894 884 ne
908 856 946 883 sic
959 864 966 888 ;
982 862 1042 882 nam

263 904 402 931 ostendam
426 903 502 930 vobis
525 905 585 937 quia
608 907 635 930 et
659 910 707 930 vos
730 902 783 930 duo
809 906 914 936 peccata
937 900 1040 928 facitis:

1094 306 1119 333 in
1135 301 1324 334 monasterium
1343 308 1410 342 ejus.
1431 307 1531 334 Servus
1549 308 1619 335 enim
1641 307 1687 336 Dei
1709 309 1872 344 monachus,

1091 352 1135 386 qui
1150 353 1300 380 totonderat
1324 361 1401 386 eam,
1422 358 1560 388 postquam
1580 354 1710 382 satisfecit
1729 356 1869 388 omnibus.

1092 398 1198 426 tradidit
1211 399 1265 426 Deo
1279 398 1398 433 spiritum
1415 399 1441 426 in
1457 407 1529 433 pace.
1546 400 1623 433 Ideo,
1639 400 1735 435 inquit,
1752 401 1812 429 dico
1826 409 1872 430 vo-

1091 444 1150 476 bis,
1172 443 1236 476 lilii,
1260 451 1293 471 ne
1313 444 1461 478 prtecipiles
1481 445 1515 471 ad
1535 445 1736 472 condemnanda
1756 450 1782 474 et
1803 445 1873 479 iudi-

1091 488 1174 515 canda
1189 489 1246 516 sitis
1260 488 1357 516 aliena.
1374 489 1506 516 Multoties
1518 490 1589 516 enim
1605 495 1742 525 peccatum
1757 489 1872 519 fornica-

1093 533 1174 561 tionis
1188 534 1319 567 vidimus,
1340 533 1521 568 ptenitentiam
1536 542 1599 562 vero
1618 534 1694 569 ejus,
1714 542 1793 569 quam
1814 535 1874 563 fecit

1091 580 1213 611 occulte,
1230 587 1283 607 non
1298 580 1460 614 aspeximus.
1475 579 1509 607 Et
1522 585 1564 608 est
1577 582 1639 616 quia
1659 582 1757 609 furtum
1777 582 1874 610 facien-

1093 629 1144 652 tem
1165 625 1306 659 quemdam
1325 625 1455 658 vidimus,
1472 626 1585 660 suspiria
1609 634 1672 654 vero
1696 633 1723 655 et
1743 628 1874 663 lacrymas

1092 677 1158 705 quas
1172 670 1297 705 produxit
1312 670 1367 698 Deo
1380 672 1523 699 nescimus.
1545 671 1578 699 Et
1599 680 1648 700 nos
1667 673 1774 707 quidem
1794 674 1875 702 habe-

1093 722 1152 741 mus
1165 722 1226 742 eum
1242 715 1348 749 qualem
1364 715 1479 743 vidimus
1493 717 1568 743 illum
1580 739 1588 751 ,
1609 717 1693 744 furem
1705 738 1712 750 ,
1733 723 1776 745 aut
1795 719 1875 746 forni-

1092 764 1209 787 catorem
1219 780 1227 792 ,
1244 764 1290 787 aut
1303 760 1438 795 perjurum
1449 762 1535 797 ;apud
1548 762 1631 790 Deum
1645 771 1708 791 vero
1719 769 1821 798 recepta
1833 768 1875 792 est

1092 806 1193 833 occulta
1207 806 1264 841 ejus
1277 806 1410 834 confessio
1423 813 1450 835 et
1464 808 1619 842 poenitentia
1632 829 1639 841 ,
1660 814 1687 836 et
1706 814 1748 837 est
1767 810 1800 836 ab
1819 809 1877 844 ipso

1093 852 1237 887 pretiosus.
1250 852 1350 880 Omnes
1362 852 1442 888 igitur
1455 853 1654 881 admirabantur
1668 862 1748 890 super
1758 856 1876 884 doctrina

1093 898 1217 926 industrii
1230 898 1346 933 pastoris
1360 898 1437 932 hujus
1450 904 1529 933 atque
1543 900 1670 933 magistri.

260 956 361 980 unum.
390 949 452 983 quia
481 948 697 983 transgrediinini
724 947 874 974 mandatum
902 946 1037 973 dicentis:
1057 944 1079 974 Β
1127 943 1191 970 Car.
1212 943 1315 971 XLVII.
1337 958 1373 965 -—
1394 943 1500 970 Duobus
1519 944 1624 971 clericis
1644 944 1821 972 calceantcnta
1837 944 1875 971 fa-

259 994 345 1022 Nolite
357 994 485 1028 judicare,
498 998 526 1020 ut
539 1001 590 1020 non
603 992 758 1028 jiidicemini
768 992 874 1027 (Matth.
887 993 932 1026 vit)
946 1000 953 1024 ;
965 991 1041 1018 dein-

258 1040 291 1067 de
303 1060 310 1072 ,
326 1040 387 1073 quia
402 1038 510 1066 nescitis
525 1038 623 1066 certius
638 1038 661 1065 si
676 1046 759 1072 usque
775 1037 852 1064 hodie
874 1039 1000 1071 peccent,
1015 1039 1043 1063 et

259 1092 311 1112 non
326 1084 480 1118 pt'eniteant.

294 1128 356 1164 Legi
381 1129 450 1155 enim
472 1130 551 1155 vitam
576 1128 662 1155 Patris
685 1128 784 1162 aliquid
807 1127 858 1154 tale
880 1126 1040 1154 habentem:

259 1175 319 1209 quia
346 1175 372 1202 in
395 1174 503 1201 civitate
523 1175 637 1208 quadam
660 1174 712 1201 duo
731 1172 854 1200 monachi
874 1171 996 1199 abierunt
1015 1172 1042 1199 in

260 1220 446 1246 ministerium.
464 1219 496 1246 Et
510 1226 569 1245 cum
586 1219 711 1245 transiret
726 1225 794 1245 unus
810 1225 856 1251 per
871 1218 956 1244 locum
966 1237 972 1248 ,
988 1215 1043 1244 cla-

260 1264 347 1290 mabat
360 1264 382 1289 ci
398 1270 449 1290 una
465 1264 616 1296 forniCaria,
634 1263 742 1290 dicens;
758 1263 835 1290 Salva
847 1270 898 1295 me,
913 1261 1000 1294 Pater,
1014 1265 1043 1288 ut

259 1310 382 1336 Christus
402 1309 580 1335 meretricem.
602 1309 648 1335 Illc
665 1316 729 1335 vero
750 1308 885 1334 hominum
907 1306 1041 1334 confusio—

261 1361 322 1381 nem
356 1354 467 1381 omnino
495 1362 548 1382 non
586 1361 705 1388 curans,
765 1353 832 1380 dixit
853 1353 900 1380 ei:
925 1353 1042 1386 Sequere

260 1406 313 1426 me.
330 1399 360 1425 Et
374 1402 466 1425 tenens
487 1405 546 1425 eam
567 1405 614 1431 per
634 1406 739 1433 manuni
761 1398 837 1433 ejus,
856 1397 1043 1432 eiiitpublice

260 1443 294 1470 de
307 1443 432 1475 civitate,
453 1442 576 1470 omnibus
596 1438 794 1476 aspicientibus.
819 1442 897 1468 Facta
918 1447 958 1469 cst
978 1449 1042 1476 crgo

260 1487 327 1515 fama
351 1489 409 1522 quia
430 1489 512 1515 abbas
535 1488 637 1522 accepit
658 1489 796 1515 mulierem
820 1488 943 1514 domnaiii
973 1486 1040 1513 Por-

261 1534 381 1568 phyriam
397 1534 454 1569 (ita
469 1534 539 1561 cnim
560 1534 703 1561 vocabatur
723 1533 846 1567 mulier).
870 1532 1042 1567 Pergentibus

261 1585 326 1613 ergo
342 1579 394 1610 eis.
410 1583 438 1604 ut
451 1579 569 1605 mitteret
584 1586 642 1605 eam
664 1578 689 1605 in
712 1578 902 1604 monasterium
913 1597 921 1608 ,
943 1576 1042 1604 invenit

261 1623 358 1650 mulier
373 1623 398 1649 in
412 1630 463 1650 una
475 1623 587 1650 ecclesia
603 1630 713 1657 puerum
728 1622 754 1649 in
770 1629 869 1649 terrain
884 1622 1042 1656 projectum,

259 1673 285 1696 et
302 1668 409 1695 sustulit
423 1675 481 1694 eum
499 1672 526 1694 ut
541 1668 652 1694 nutriret
668 1667 752 1693 illuin.
769 1666 858 1700 Itaque
874 1670 933 1700 post
945 1673 1043 1692 annum

261 1711 367 1746 quidam
381 1716 512 1738 venerunt
527 1711 553 1738 in
569 1711 679 1745 patriam
689 1732 696 1743 ,
713 1711 756 1738 ubi
771 1716 828 1738 erat
841 1711 925 1738 abbas
939 1714 965 1738 et
979 1710 1044 1737 Por-

261 1756 372 1791 pliyria,
399 1764 458 1791 quae
482 1756 568 1784 fuerat
591 1757 625 1783 de
646 1757 850 1790 meretricibus;
871 1760 898 1782 et
923 1755 1044 1783 videntes

259 1809 320 1829 eam
335 1802 432 1830 habere
446 1802 584 1837 puerulum
594 1822 601 1834 ,
616 1802 706 1829 dicunt
719 1802 743 1829 ei
757 1810 764 1828 :
789 1802 926 1829 Veraciter
945 1801 1043 1828 bonum

261 1848 350 1874 abbati
366 1848 464 1882 pullum
479 1848 603 1883 genuisti.
619 1847 741 1875 Nondum’
751 1847 821 1874 enim
834 1852 955 1874 sanctum
969 1847 1044 1874 sche-

261 1900 304 1920 ma
318 1898 467 1927 acceperat.
485 1894 583 1920 Euules
597 1901 660 1927 ergo
675 1894 774 1928 Tyrum
793 1893 835 1927 qui
852 1893 971 1919 viderant
985 1900 1043 1919 eam

260 1938 344 1972 (inde
367 1938 436 1964 enim
459 1938 540 1964 abbas
564 1939 659 1964 tulerat
678 1937 789 1971 illam),
817 1937 1040 1968 dili'amaverunt,

260 1982 320 2016 quia
343 1983 434 2014 genuit
456 1981 489 2008 de
511 1982 605 2008 abbate
629 1982 788 2016 Porphyria,
813 1986 839 2008 ct
859 1988 908 2008 nos
928 1981 1041 2008 vidimus

261 2025 399 2059 puerulum
413 2026 498 2052 oculis
514 2027 610 2052 nostris
625 2026 784 2053 similantem
798 2026 833 2053 ei.
849 2025 960 2058 Quando
975 2033 1039 2060 ergo

260 2071 426 2105 cognovitex
443 2070 497 2097 Deo
519 2071 601 2097 abbas
621 2071 721 2097 obitum
743 2078 838 2104 suum;
860 2071 926 2097 dicit
949 2078 1043 2099 nonum

260 2115 372 2150 Pelagia:
382 2136 389 2149 ,
404 2115 442 2142 sic
456 2116 527 2142 enim
543 2117 653 2142 mutavit
668 2123 763 2142 nomen
778 2117 850 2149 ejus,
867 2117 972 2151 quando
987 2121 1042 2142 tra-

260 2161 328 2188 didit
341 2161 365 2187 ei
384 2163 504 2187 sanctum
521 2161 628 2188 schema
645 2169 651 2187 :
667 2161 765 2188 Eamus
784 2161 901 2196 Tyrum,
923 2162 981 2196 quia
994 2162 1041 2188 lia-

262 2207 312 2233 beo
326 2205 382 2232 illic
396 2213 551 2240 responsum
565 2226 572 2239 ,
587 2211 614 2232 et
628 2206 688 2232 volo
702 2210 731 2232 ut
745 2206 838 2233 venias
858 2213 973 2234 mecum.
994 2205 1041 2232 Illa

261 2259 324 2278 vero
339 2259 389 2277 non
405 2252 495 2278 valens
508 2251 690 2279 contradicere
704 2252 727 2278 ei
739 2271 747 2284 ,
762 2256 852 2279 seCiita
867 2256 907 2279 est
919 2259 980 2279 eum
994 2260 1001 2278 :
1016 2255 1043 2278 et

1093 989 1241 1021 cientibus,
1265 992 1293 1016 et
1312 989 1388 1024 juxta
1412 996 1441 1015 se
1461 989 1659 1023 laborantibus,
1682 997 1750 1017 unus
1769 990 1875 1024 quidem

1094 1033 1208 1061 habebat
1223 1034 1292 1061 ﬁlios
1308 1034 1417 1067 mullos,
1430 1038 1456 1061 et
1470 1042 1595 1067 uxorem,
1609 1039 1636 1062 et
1651 1039 1767 1068 patrem.
1782 1039 1810 1061 et
1822 1042 1876 1061 ina-

1094 1084 1160 1107 trem
1176 1089 1182 1107 :
1198 1081 1310 1107 vacabat
1327 1087 1390 1107 vero
1403 1080 1524 1108 ecclesia
1541 1080 1601 1108 sine
1620 1080 1831 1113 intermissione,
1851 1085 1876 1107 et

1093 1133 1185 1154 omnes
1210 1131 1270 1161 post
1291 1126 1373 1153 Deum
1394 1126 1481 1154 alebat
1503 1126 1537 1154 de
1557 1130 1614 1154 arte
1637 1133 1695 1154 sua.
1718 1126 1792 1153 Alter
1813 1132 1877 1153 vero

1093 1172 1212 1206 quamvis
1225 1171 1327 1198 doctior
1340 1175 1410 1199 esset
1424 1171 1486 1203 illo,
1501 1179 1533 1199 eo
1548 1171 1617 1206 quod
1636 1179 1688 1198 non
1708 1176 1876 1204 permaneret

1094 1217 1119 1244 in
1136 1218 1265 1249 ecclesia,
1287 1218 1334 1244 sed
1352 1217 1431 1244 etiam
1452 1217 1597 1245 Dominicis
1616 1217 1709 1244 diebus
1725 1217 1874 1247 laboraret,

1094 1270 1143 1290 nec
1156 1263 1273 1297 seipsum
1288 1266 1390 1290 tantum
1405 1263 1507 1289 nutrire
1521 1261 1638 1289 valebat.
1660 1261 1796 1288 Invidebat
1813 1268 1876 1295 ergo

1094 1309 1144 1335 iste
1158 1309 1245 1335 vicino
1258 1315 1316 1335 suo.
1334 1308 1365 1335 Et
1380 1315 1431 1335 una
1448 1307 1505 1335 vice
1517 1315 1571 1334 non
1586 1307 1717 1334 suﬂ‘erens
1730 1307 1874 1339 invidiam,

1093 1354 1157 1381 dicit
1171 1354 1195 1381 ei
1212 1362 1272 1381 cum
1290 1353 1326 1381 ira
1340 1361 1347 1380 :
1365 1353 1441 1381 Unde
1456 1358 1484 1380 tu
1498 1354 1536 1380 sic
1551 1353 1626 1380 dives
1646 1352 1731 1379 factus
1751 1352 1801 1379 es?
1821 1351 1876 1386 Ego

1092 1406 1156 1426 vero
1171 1406 1268 1426 vacans
1284 1399 1342 1433 plus
1357 1398 1409 1425 arti
1424 1406 1491 1425 mea:
1505 1405 1583 1433 quam
1597 1403 1624 1425 tu
1635 1418 1642 1429 ,
1655 1397 1680 1424 in
1694 1402 1875 1432 paupertatem

1092 1443 1196 1470 deveni.
1214 1443 1281 1471 Dicit
1296 1451 1358 1471 vero
1372 1443 1396 1470 ei
1407 1463 1414 1475 ,
1430 1444 1524 1470 volens
1545 1442 1632 1469 facere
1650 1449 1711 1469 eum
1725 1448 1820 1469 vacare
1833 1448 1876 1468 eo-

1093 1489 1201 1515 clcsiic:
1219 1488 1328 1515 invenio
1346 1489 1457 1523 pretium
1475 1489 1500 1514 in
1515 1492 1603 1520 terra,
1625 1491 1653 1515 et
1671 1488 1731 1514 inde
1751 1487 1874 1522 paulatim

1092 1533 1168 1560 dives
1184 1533 1268 1560 factus
1283 1541 1341 1560 sum
1353 1542 1360 1566 ;
1376 1533 1422 1560 sed
1435 1534 1457 1560 si
1469 1534 1523 1566 vis,
1533 1540 1637 1567 semper
1649 1540 1715 1559 voco
1727 1537 1766 1565 te,
1779 1538 1806 1559 et
1817 1532 1875 1559 veni

1093 1586 1196 1606 mecum
1207 1587 1215 1612 ;
1226 1582 1252 1606 et
1266 1579 1391 1613 quidquid
1404 1579 1596 1611 invenerimus,
1607 1578 1721 1612 accipies
1728 1578 1876 1605 dimidium.

1057 1620 1080 1652 C
1094 1623 1160 1651 Cum
1174 1630 1237 1657 ergo
1250 1623 1432 1658 acquiesceret
1447 1623 1506 1656 ille,
1521 1626 1549 1650 et
1566 1627 1720 1657 sequeretur
1738 1630 1798 1650 eum
1812 1631 1876 1650 eun-

1095 1673 1148 1697 tem
1168 1669 1201 1696 ad
1221 1670 1382 1701 ecclesiam,
1404 1669 1461 1696 sine
1480 1669 1679 1696 intermissione
1700 1669 1835 1696 benedixit
1851 1670 1876 1696 ei

1094 1716 1177 1748 Deus,
1194 1719 1221 1742 et
1234 1715 1343 1742 divitem
1360 1715 1425 1743 fecit
1438 1723 1511 1743 eum.
1527 1715 1602 1742 'I‘uuc
1617 1716 1684 1743 dixit
1697 1715 1721 1743 ci
1737 1716 1779 1743 ille
1794 1715 1877 1742 bonus

1093 1760 1277 1788 consiliarius:
1295 1760 1406 1793 Vidisti,
1424 1760 1516 1793 frater,
1532 1768 1613 1788 unum
1629 1760 1795 1788 mendacium
1817 1767 1876 1794 pro-

1094 1811 1154 1841 pter
1168 1806 1252 1833 Deum
1270 1805 1345 1840 (88),
1360 1811 1484 1840 quantum
1500 1806 1596 1840 profuit
1609 1806 1704 1833 animae
1719 1811 1768 1833 tua:
1779 1810 1805 1832 et
1815 1805 1876 1832 sub-

1093 1851 1198 1878 stantias
1215 1851 1285 1877 tuae?
1299 1850 1399 1882 Crede,
1415 1851 1480 1877 nihil
1502 1850 1667 1878 inveniebam
1689 1849 1831 1883 aliquando
1849 1850 1875 1875 in

1094 1902 1180 1928 terra,
1195 1900 1223 1923 ut
1235 1896 1373 1923 aestimasti
1387 1896 1468 1930 gratia
1483 1896 1559 1930 pretii
1572 1904 1579 1927 ;
1599 1896 1644 1922 sed
1665 1895 1790 1929 quoniam
1809 1894 1876 1922 dixit

1094 1940 1221 1968 Dominus
1235 1950 1240 1966 :
1259 1940 1375 1973 Quaerite
1389 1940 1502 1974 primum
1516 1948 1625 1974 regnum
1644 1941 1688 1968 Dei
1706 1945 1732 1967 et
1745 1940 1874 1974 justitiam

1093 1984 1168 2019 ejus,
1190 1990 1218 2013 et
1239 1985 1297 2011 hare
1310 1984 1398 2011 omnia
1412 1984 1570 2018 adjicientur
1585 1985 1660 2012 vobis
1674 1986 1682 2018 (
1697 1985 1790 2011 Matth.
1807 1993 1831 2012 vi
1844 1985 1853 2019 )
1866 1995 1873 2018 ς

1094 2031 1195 2058 idcirco
1219 2029 1387 2057 Occasionem
1410 2029 1478 2063 feci,
1494 2033 1595 2057 tantum
1611 2035 1641 2057 ut
1661 2030 1815 2057 seducerem
1830 2035 1875 2063 te;

1093 2082 1121 2105 et.
1145 2084 1209 2105 ecce
1229 2085 1281 2103 non
1301 2077 1359 2104 sine
1378 2083 1457 2104 causa
1476 2076 1610 2109 laboravi,
1626 2076 1674 2103 sed
1696 2076 1836 2107 invenisti.
1851 2082 1876 2103 et

1094 2123 1312 2157 superinvenisti.
1336 2123 1391 2150 lloc
1416 2122 1496 2158 igitur
1517 2122 1624 2149 discens
1642 2128 1748 2149 sanctus
1766 2121 1876 2156 patriar.

1093 2170 1160 2205 clis,
1178 2170 1241 2197 fecit
1261 2169 1334 2196 illum
1357 2169 1455 2196 bonum
1475 2168 1656 2195 consiliarium
1678 2167 1874 2203 presbyterum,

1094 2218 1227 2247 tamquam
1243 2214 1350 2247 dignum
1364 2221 1372 2246 ;
1386 2217 1444 2241 erat
1456 2212 1528 2240 enim
1544 2213 1634 2239 lector.

1128 2258 1194 2286 Car.
1208 2258 1321 2286 XLVIII.
1336 2273 1370 2278 —
1387 2258 1419 2285 Et
1432 2257 1538 2292 quidem
1553 2257 1681 2284 hactenus
1698 2260 1760 2283 ante
1774 2262 1875 2281 inemo-

260 2301 390 2323 vcnerunt
404 2297 501 2329 ambo,
523 2297 650 2324 habemes
671 2301 697 2324 et
717 2297 854 2332 puerulum
874 2302 974 2332 septem
994 2304 1041 2324 an-

1095 2308 1168 2332 ratus
1194 2304 1240 2331 Dei
1260 2305 1348 2331 cultor
1373 2303 1498 2335 Menuas,
1521 2303 1566 2337 qui
1590 2301 1676 2328 fuerat
1696 2300 1878 2328 vicedominus

260 2350 355 2368 norum
376 2342 543 2369 exisieiuem.
565 2342 630 2369 Cum
653 2350 715 2377 ergo
737 2347 890 2378 aagrotasset
908 2343 989 2370 abbas
1014 2343 1040 2369 in

260 2387 336 2414 luﬁrn
349 2388 412 2414 itate
424 2387 456 2413 ad
471 2392 581 2414 mortem
591 2406 600 2420 ,
613 2388 787 2415 ascenderunt
810 2388 843 2414 ad
863 2388 1040 2415 visitationem

260 2432 317 2466 ejus
329 2432 362 2459 de
375 2432 481 2459 civitate
497 2440 577 2466 usque
591 2433 623 2460 ad
643 2439 748 2460 centum
772 2433 883 2460 animas.
908 2434 937 2460 Et
957 2433 1039 2461 dicit:

259 2476 358 2504 Aﬂcrte
379 2485 485 2511 prunas.
501 2477 590 2512 Itaque
604 2486 662 2505 cum
679 2479 792 2506 venisset
809 2478 968 2506 thuribulum
983 2479 1040 2513 (87)

261 2523 367 2556 plenum
387 2525 497 2558 prunis,
515 2525 573 2550 Iulit
591 2529 617 2550 et
634 2525 769 2551 evacuavit
789 2532 833 2551 cas
854 2525 879 2551 in
901 2525 1040 2552 vesdmeu-

261 2572 313 2594 tum
328 2575 413 2601 suum,
430 2574 455 2595 et
469 2569 535 2596 dixit
548 2578 553 2595 :
565 2559 682 2601 Credite.
697 2569 801 2603 fratres,
816 2569 875 2603 quia
890 2569 958 2596 sicut
973 2569 1041 2596 Deus

262 2614 356 2640 rubum
383 2615 522 2641 custodivit
542 2616 735 2642 incunibustum
756 2616 788 2642 ab
809 2615 883 2650 igne,
905 2616 972 2641 sicut
994 2622 1041 2641 nec

262 2660 377 2684 tunicam
393 2659 466 2699 'hanc
488 2667 573 2686 meam
597 2660 770 2687 incenderunt
794 2668 884 2694 pruna:
909 2660 981 2692 istae,
1006 2660 1039 2686 ita

261 2710 312 2731 nec
337 2710 385 2737 ego
409 2705 503 2738 agnovi
530 2709 664 2738 peccatum
686 2706 819 2738 mulieris,
839 2713 871 2732 ex
891 2712 943 2740 quo
963 2709 1036 2732 natus

259 2755 329 2775 sum.
347 2750 377 2776 Et
391 2757 483 2777 omnes
498 2751 584 2777 mirati
603 2756 680 2784 sunt,
704 2752 837 2786 quomodo
857 2759 908 2778 non
929 2751 1038 2778 ardebat

260 2794 445 2822 vestimentum
460 2795 493 2822 ab
507 2796 585 2830 igne;
608 2801 633 2822 et
651 2796 866 2830 glorificaverunt
888 2795 969 2823 Deum
991 2796 1038 2822 ha-

261 2837 367 2866 bentem
379 2840 497 2867 occultos
512 2849 614 2868 servos.
631 2841 667 2868 Ex
685 2843 824 2869 occasione
838 2849 925 2870 autem
942 2850 1036 2869 nonnae

261 2883 372 2919 Pelagia:
387 2885 518 2920 quondam
532 2886 694 2920 meretricis,
709 2886 765 2915 aliae
780 2887 926 2915 fornicarize
939 2891 1036 2915 secuta:

1093 2349 1268 2377 sanctissima:
1288 2350 1408 2377 ecclesiae
1429 2348 1671 2376 Alexandrinorum
1694 2353 1796 2380 magna:
1809 2345 1874 2371 civi-

1092 2395 1169 2426 tatis.
1192 2394 1326 2421 enarravit
1345 2395 1432 2422 nobis.
1448 2392 1589 2428 Sequentia
1605 2396 1693 2419 autein
1709 2391 1795 2418 vilitas
1816 2398 1878 2418 mea

1093 2440 1214 2475 depinxit
1227 2448 1234 2473 ;
1249 2440 1372 2474 quasdam
1387 2446 1450 2467 vero
1464 2447 1479 2466 a
1493 2438 1649 2474 quibusdam
1664 2457 1671 2470 ,
1687 2437 1782 2471 quibus
1797 2436 1876 2469 digne

1091 2485 1254 2514 credendum
1266 2489 1317 2518 est,
1329 2484 1427 2511 audivi.
1441 2484 1593 2511 Dicentibus
1604 2491 1668 2517 ergo
1681 2482 1757 2509 nobis
1770 2482 1795 2509 in
1809 2488 1876 2515 pra—

1093 2532 1172 2560 dictis
1186 2532 1212 2558 in
1227 2531 1342 2566 quodam
1358 2531 1473 2565 capitulo
1488 2531 1498 2567 (
1514 2540 1584 2566 λαμ,
1595 2539 1618 2558 ε.
1633 2531 1660 2557 II
1673 2530 1693 2564 ),
1710 2529 1779 2564 quod
1793 2529 1875 2556 multa

1091 2575 1225 2608 spirituali
1250 2575 1394 2602 dilectione
1415 2576 1564 2609 patriarcha
1586 2579 1613 2602 et
1636 2575 1728 2601 Niceta
1751 2574 1876 2607 patricius

1092 2620 1125 2647 ad
1146 2621 1258 2647 invicem
1279 2620 1394 2655 colligati
1413 2624 1519 2654 essent,
1540 2620 1646 2654 dignum
1668 2619 1794 2647 indicium
1817 2617 1876 2644 talis

1091 2665 1262 2692 exhibitionis
1278 2673 1394 2700 prmseus
1405 2665 1495 2693 existit
1508 2665 1662 2699 capitulum.

1126 2709 1248 2745 Quando,
1256 2711 1423 2744 permittente
1435 2710 1490 2737 Deo
1502 2709 1570 2746 (89),
1581 2717 1629 2745 pro
1640 2709 1754 2744 peccatis
1764 2707 1874 2738 nostris,

1090 2753 1209 2781 futurum
1222 2760 1280 2783 erat.
1295 2759 1324 2783 ut
1338 2756 1486 2783 traderetur
1497 2756 1660 2784 Alexandria
1674 2756 1730 2783 sine
1742 2754 1797 2780 Deo
1809 2753 1873 2780 Per.-

1090 2800 1143 2832 sis,
1160 2799 1334 2827 remiuiscens
1349 2806 1437 2834 pastor
1449 2801 1581 2828 dicentis:
1596 2801 1661 2827 Cum
1678 2799 1808 2833 persecuti
1824 2804 1872 2825 vos

1090 2845 1187 2871 fuerint
1202 2845 1227 2871 in
1244 2846 1350 2872 civitate
1366 2845 1414 2873 ista
1426 2866 1433 2878 ,
1450 2846 1532 2881 fugite
1546 2846 1572 2873 in
1586 2846 1663 2872 aliam
1685 2845 1694 2871 ί
1709 2843 1802 2871 Matth.
1817 2852 1833 2871 x
1845 2843 1873 2878 ),

1090 2883 1180 2923 fugam
1203 2889 1318 2924 arripuit
1342 2889 1368 2917 in
1392 2891 1526 2926 propriam
1551 2890 1685 2925 patriam,
1707 2888 1827 2916 videlicet
1847 2889 1873 2916 in
