2074 3144
186 185 255 212 {6.35

717 181 856 210 LEONTII
877 181 1109 209 NEAP()I.iT.\Nl
1131 180 1284 209 liPlSCOPl

1750 179 1818 205 1656

188 243 321 277 Cyprum,
347 241 372 267 in
397 240 534 277 civitatem
553 246 639 266 suam.
665 237 741 265 Unde
763 238 903 264 occasione
927 244 971 263 ac-
987 238 1011 267 Α
1025 237 1178 269 gloriﬁcabo
1193 236 1220 271 (Ι
1235 237 1296 272 Iteg.
1313 237 1352 270 ιι).
1377 237 1445 264 Vere
1468 237 1539 264 enim
1560 236 1700 273 magniﬁce
1714 237 1812 272 gloriﬁ-

189 276 265 321 t'epta
278 308 285 320 ,
303 286 429 321 pra-fatus
444 276 676 318 Niccta‘patricius
690 283 757 309 dixit
777 282 808 309 ad
831 287 950 309 sanctum
966 291 971 307 :

188 332 321 361 Obsecro,
338 331 360 358 si
383 330 469 357 inveni
491 328 602 364 gratiam
626 332 687 354 ante
708 333 746 357 te,
771 334 804 353 ne
823 326 973 361 dedignt-ris

190 377 295 412 l‘atigari
320 383 404 410 usque
428 374 460 401 ad
494 374 592 409 regiam
626 372 775 403 civitatem",
795 376 822 399 et
841 372 908 399 bene
931 378 973 398 ac-

190 427 282 456 ceptas
296 428 388 455 preces
411 424 469 447 tuas
489 419 589 446 donare
611 418 738 452 piissimis
759 417 972 452 imperatoribus.

188 467 235 494 lilc
276 473 342 493 vero
379 467 471 494 multae
508 464 570 494 iidci
606 463 657 491 viri
701 464 888 495 consentiens,
910 462 974 490 obe-

193 513 269 539 dicns
285 511 316 538 ad
332 513 383 538 hoc
399 510 483 538 factus
498 516 538 537 cst
558 510 612 536 Deo
632 513 656 536 et
677 509 804 536 voluntati
824 510 897 542 ejus,
915 513 942 535 et
959 515 973 534 a

189 566 219 584 se
235 558 324 584 datum
338 557 466 583 honorem
479 560 603 589 quantum
617 559 673 582 erat
685 554 754 581 circa
768 554 872 581 beatum
886 558 975 580 osten-

189 603 253 630 dere
269 604 383 631 volente.
402 603 521 636 Fatigata
536 601 617 636 igitur
631 601 691 628 navi
713 599 893 634 multipliciter
914 607 928 626 a
949 600 973 625 vi

193 653 332 675 ventorum
344 669 351 681 ,
369 648 395 675 in
411 655 461 682 qua
477 652 583 673 sanctus
597 653 656 673 cum
678 646 789 680 patricio
809 649 881 677 erat,
901 649 928 672 et
948 645 973 672 in

194 693 354 726 profundum
370 692 498 720 mittenda
513 711 520 722 ,
535 691 608 718 videt
628 698 698 726 stepe
712 695 875 717 memoratus
889 689 975 724 patri-

194 738 267 769 cius,
283 742 309 764 et
322 737 465 771 optimates
479 735 524 771 qui
545 744 605 762 cum
620 742 652 762 eo
666 739 760 768 erant,
775 742 827 762 una
842 739 932 767 nocte,
948 735 974 761 in

192 791 245 820 qua
260 787 404 817 tempestas
421 782 489 809 facta
503 786 560 813 est,
576 781 750 814 patriarcham
771 780 851 808 modo
869 780 974 815 quidem

190 837 250 856 cum
274 828 432 863 pauperibus
459 834 507 862 per
530 827 616 853 navim
640 826 736 860 ubique
760 824 974 853 circumcurren-

191 879 258 906 tem,
276 873 356 900 modo
369 877 457 899 autem
468 871 564 899 iterum
582 879 642 898 cum
664 872 703 899 eis
718 879 811 898 manus
832 870 859 898 in
878 870 974 898 ctelum

1026 283 1095 310 cavit
1109 289 1229 310 sanctum
1245 283 1325 317 hunc,
1341 284 1385 318 qui
1406 284 1432 310 in
1448 283 1503 311 suis
1517 290 1622 317 semper
1639 283 1717 310 bonis
1732 283 1812 318 glori-

1026 327 1118 355 ﬁcatus
1136 333 1177 355 est
1197 328 1334 356 Dominus.
1353 328 1409 355 Non
1436 329 1506 356 cnim
1529 328 1617 355 ferens
1636 327 1733 354 nobilis
1755 327 1810 359 hic,

1025 373 1163 412 temporali
1175 373 1227 400 vita
1241 381 1286 400 sua
1301 374 1490 408 conquiescere
1501 378 1592 400 sancta
1604 377 1630 401 et
1641 373 1719 408 digna
1734 373 1811 400 laude

1025 418 1105 451 bona,
1118 418 1179 452 quid
1195 419 1268 453 egit?
1289 419 1472 451 Xenodochia,
1495 418 1704 452 gerontocomia,
1730 423 1812 452 atque

1026 463 1184 490 monasteria
1200 470 1214 490 a
1229 463 1406 490 fundamentis
1421 463 1569 496 :ediﬁcans,
1583 468 1610 490 et
1625 463 1723 490 choros
1745 470 1811 490 san-

1025 513 1126 535 ctorum
1154 509 1343 535 monachorum
1374 512 1510 539 statuens,
1538 508 1721 535 incessabilem
1741 515 1812 534 verae

1022 553 1131 587 justitim
1146 554 1301 580 memoriam
1317 552 1443 586 possidet,
1460 561 1505 587 per
1517 560 1547 580 ea
1568 560 1627 588 quae
1641 552 1811 579 celebrantur

1026 598 1052 624 in
1064 597 1103 624 eis
1118 597 1185 624 bona
1196 604 1288 632 opera.
1304 597 1377 631 Quod
1393 597 1463 624 enim
1477 597 1510 624 de
1526 597 1566 624 his
1580 598 1624 632 qui
1636 598 1704 624 mala
1719 601 1810 631 agunt,

1025 647 1051 669 et
1062 649 1230 669 successores
1245 642 1410 676 propriorum
1429 642 1557 668 titulorum
1581 647 1640 676 post
1655 646 1767 669 mortem
1784 642 1811 668 in

1029 688 1081 713 vita
1098 686 1148 714 hac
1161 687 1324 721 relinquunt,
1341 688 1378 713 ait
1401 686 1512 713 Domino
1535 687 1628 721 plenus
1645 686 1786 722 Apostolus
1803 695 1810 713 :

1025 731 1156 765 Quoniam
1168 731 1341 766 quorumdam
1369 736 1478 766 peccata
1507 731 1645 758 manifesta
1660 735 1731 763 sunt,
1745 739 1811 765 prae-

1026 778 1145 805 cedentia
1159 777 1344 812 adjudicium;
1361 777 1487 812 quosdam
1503 783 1590 804 autem
1603 782 1630 805 et
1644 778 1812 812 Subsequun-

1027 829 1079 851 tur.
1089 824 1144 851 Hoc
1153 829 1260 851 econtra
1271 822 1328 859 (95)
1339 823 1371 850 de
1383 826 1432 850 hoc
1441 824 1516 850 beato
1527 823 1666 851 dicendum
1675 828 1715 850 est
1727 832 1733 850 :
1746 823 1812 857 Quo-

1026 869 1097 896 niam
1109 869 1280 904 quorumdam
1288 870 1396 903 iustitia:
1405 870 1551 897 manifesta:
1562 874 1623 896 sunt
1633 870 1812 904 prmeedentes

191 918 398 950 cxtendentem,
414 920 440 944 et
459 917 493 943 ab
514 917 567 943 alto
588 915 745 950 adjutorium
765 916 970 942 abstrahentem.
989 916 1011 946 Β
1026 913 1051 940 in
1074 921 1184 948 regnum
1208 915 1334 942 cmlorum
1350 914 1376 950 (I
1387 915 1467 947 Tim.,
1483 915 1520 950 v),
1533 915 1661 949 quosdam
1685 919 1772 941 autem
1787 919 1812 942 et

191 962 308 996 Cumque
324 963 350 989 in
365 961 487 989 Rhodum
503 961 559 996 (90)
582 961 766 996 pervenissent
784 960 975 994 ascendentes,

191 1006 263 1033 videt
275 1006 477 1041 expergefactus
493 1013 507 1032 a
526 1005 580 1032 Deo
595 1009 704 1032 vocatus
720 1004 763 1032 hic
776 1004 917 1040 quemdam
931 1013 977 1032 eu-

194 1053 309 1079 nuchum
323 1054 507 1079 cdruscantem
521 1050 605 1077 forma
615 1071 621 1083 ,
637 1055 663 1078 et
683 1058 792 1078 aureum
805 1054 938 1085 sceptrum
950 1051 975 1076 in

194 1096 285 1124 dextra
299 1101 443 1128 tenentem,
455 1096 623 1123 assistentem
632 1095 681 1122 sibi
694 1099 719 1122 et
732 1095 862 1122 dicentem
877 1104 882 1121 :
897 1094 974 1128 Veni,

193 1142 257 1176 jube
271 1142 343 1177 (9i),
357 1142 415 1168 Rex
431 1141 596 1176 regnantium
611 1141 706 1176 quaerit
720 1145 757 1168 te.
770 1140 838 1167 Nihil
849 1148 912 1174 ergo
924 1145 978 1168 sta-

192 1188 239 1214 tim
256 1186 406 1221 negligens,
421 1186 533 1213 advocat
553 1185 690 1220 patricium
712 1185 828 1213 Nitetam
839 1206 847 1218 ,
869 1191 896 1213 et
913 1186 977 1214 dicit

191 1232 217 1259 ei
231 1239 293 1259 cum
309 1232 399 1258 multis
415 1231 538 1265 lacrymis
551 1239 558 1258 :
574 1230 613 1258 Tu
627 1231 733 1265 quidem
744 1253 751 1263 ,
772 1239 788 1258 ο
803 1231 910 1258 domine
920 1251 929 1264 ,
943 1232 975 1258 ad

191 1281 327 1304 terrenum
351 1277 538 1310 imperatorem
554 1282 597 1302 me
611 1275 710 1302 vocasti
723 1283 729 1307 ;
745 1275 791 1302 sed
807 1276 972 1310 praeveniens

191 1321 325 1354 ctelestis,
341 1325 402 1347 ante
418 1321 526 1347 vocavit
541 1320 714 1354 exiguitatem
729 1327 824 1347 meam.
842 1320 875 1347 Et
887 1321 977 1348 retulit

191 1367 216 1394 ei
235 1366 365 1399 eunuchi,
388 1367 441 1394 imo
460 1366 546 1401 angeli
568 1365 717 1398 visionem,
740 1373 800 1401 qtne
819 1371 977 1401 apparuerat

192 1413 255 1440 sibi.
277 1413 388 1441 Gavisus
407 1421 471 1448 ergo
492 1418 519 1440 et
533 1413 615 1441 tristis
631 1413 716 1440 iactus
731 1414 799 1441 idem
816 1414 977 1448 gloriosissi-

194 1467 254 1487 mus
271 1460 319 1492 vir,
335 1459 465 1494 impedire
481 1463 600 1486 sanctum
616 1466 668 1486 non
686 1460 779 1494 potuit.
802 1460 915 1488 Abunde
930 1461 977 1496 igi-

191 1510 235 1532 tur
255 1506 355 1532 sanctis
375 1505 432 1539 ejus
453 1505 569 1539 repletus
589 1505 771 1539 orationibus,
791 1511 818 1533 et
836 1506 976 1541 imperato-

192 1550 267 1576 ribus
281 1551 329 1577 has
344 1549 468 1577 deferens
480 1572 488 1584 ,
505 1557 565 1577 cum
579 1550 663 1578 multo
677 1550 779 1582 honore
795 1551 883 1579 redire
904 1552 928 1579 ei
949 1553 975 1580 in

191 1594 305 1629 Cyprum
320 1594 407 1628 jussit.

226 1639 290 1665 Car.
309 1638 402 1665 XLIX.
424 1654 458 1659 —
478 1639 639 1667 Adveniente
658 1647 722 1674 ergo
736 1646 769 1666 eo
791 1639 818 1667 in
841 1640 975 1675 propriam

193 1685 336 1716 civitatem,
352 1692 410 1720 quae
425 1685 584 1712 Amathunta
596 1686 653 1721 (Μ)
667 1686 821 1719 vocabatur,
834 1691 976 1715 testamen-

193 1736 249 1758 tum
263 1731 396 1766 proprium
418 1730 535 1758 scribere
555 1730 608 1758 cito
621 1731 750 1758 ministris
764 1732 818 1758 suis
840 1732 975 1766 praecepit.

194 1776 325 1804 Velociler
337 1783 400 1803 vero
414 1780 441 1803 ct
456 1775 512 1802 sine
531 1775 657 1802 dilatione
672 1775 791 1802 chartam
805 1779 832 1803 et
847 1776 976 1803 calamum

194 1821 425 1855 prtcsentantibus.
449 1821 575 1855 prcccepit
598 1827 702 1847 sacrum
724 1820 786 1846 illud
809 1827 839 1847 os
859 1820 977 1847 scribere

193 1867 251 1894 lic':
270 1876 280 1892 ι
298 1867 413 1894 Joannes
427 1873 530 1898 servus,
550 1870 658 1900 propter
671 1871 729 1892 eam
746 1872 809 1892 vero
829 1872 890 1899 quae
917 1872 979 1899 sup-

193 1911 276 1946 posita
288 1911 403 1938 estmihi
418 1911 558 1938 sacerdotii
570 1910 735 1946 dignitatem,
749 1909 795 1937 Dei
805 1910 888 1944 gratia
899 1909 975 1937 liber.

194 1956 300 1983 Gratias
313 1963 372 1990 ago,
390 1956 468 1989 Deus,
482 1955 540 1988 tibi,
555 1954 678 1990 quoniam
694 1954 827 1981 exaudisti
843 1955 976 1982 miseriam

195 2009 291 2034 meam,
319 2006 454 2035 rogantem
483 2000 628 2028 bonitatem
657 2005 741 2033 tuam,
765 2007 798 2027 ne
814 2001 978 2027 inveniretur

194 2047 317 2074 morienti
333 2047 397 2074 mihi
425 2047 475 2073 nisi
491 2054 558 2073 unus
585 2046 724 2073 tremissis.
741 2045 893 2073 lnveniente
906 2047 977 2073 enim

194 2098 238 2118 me
262 2091 289 2118 in
315 2091 464 2119 honorabili
491 2091 626 2125 episcopio
651 2091 827 2118 sanctissimae
852 2091 978 2118 Ecclesiae

194 2136 438 2163 Alexandrinorum
455 2143 555 2170 magna:
571 2135 694 2168 civitatis,
710 2143 788 2171 quam
813 2143 860 2170 per
886 2135 979 2162 indul-

195 2181 310 2213 gentiam
327 2180 373 2207 Dei
388 2181 505 2215 suscepi,
520 2181 625 2215 quando
641 2181 667 2207 in
682 2187 712 2208 ea
727 2185 898 2207 consecratus
919 2187 977 2207 sum

194 2226 345 2260 episcopus,
361 2225 466 2253 circiter
480 2226 612 2260 octoginta
627 2227 778 2254 centenaria
794 2227 862 2260 auri,
877 2230 904 2253 et
919 2233 977 2261 qua;

1027 959 1232 994 subsequuntur,
1245 960 1277 989 de
1287 961 1381 995 quibus
1393 969 1460 988 unus
1474 965 1500 988 et
1515 961 1564 988 iste
1574 961 1689 988 exstitit.
1704 961 1813 996 thuo-

1027 1006 1096 1033 niam
1113 1013 1164 1033 non
1179 1006 1277 1039 fabula,
1290 1013 1375 1042 neque
1390 1006 1422 1033 ad
1436 1006 1547 1041 gratiam
1563 1011 1613 1039 est,
1630 1006 1698 1040 quod
1714 1006 1812 1034 dictum

1025 1055 1140 1083 constat,
1169 1052 1350 1079 testimonium
1378 1052 1454 1079 nobis
1479 1052 1616 1086 perhibeat
1641 1052 1719 1086 plane
1742 1052 1813 1086 quod

1025 1104 1086 1123 mox
1103 1097 1129 1123 in
1148 1096 1264 1131 pretiosa
1291 1097 1349 1131 ejus
1363 1096 1523 1124 dormitione
1537 1100 1641 1131 gestum
1657 1101 1697 1123 est
1723 1095 1813 1130 prodi-

1025 1141 1108 1176 gium.
1126 1141 1258 1170 Tradente
1272 1142 1343 1169 enim
1362 1149 1394 1169 eo
1411 1146 1438 1169 et
1457 1142 1659 1169 commendante
1680 1141 1813 1176 propriam

1026 1187 1142 1213 animam
1154 1187 1180 1213 in
1192 1194 1271 1213 manu
1283 1186 1399 1220 Domini,
1411 1190 1440 1214 ut
1452 1187 1489 1213 ait
1501 1186 1597 1214 alicubi
1610 1193 1684 1213 saera
1699 1186 1813 1212 Littera:

1026 1231 1159 1258 Just'rtun
1182 1231 1277 1259 animae
1298 1231 1330 1259 'in
1346 1239 1426 1259 manu
1448 1231 1495 1259 Dei
1524 1235 1587 1258 sunt
1607 1231 1686 1269 (Sep.
1712 1231 1766 1265 tn),
1788 1235 1814 1258 et

1027 1276 1094 1303 hanc
1109 1276 1133 1304 ei
1150 1281 1177 1303 ut
1189 1276 1349 1304 sacrificium
1364 1276 1527 1304 immolatum
1543 1276 1681 1309 oﬂ'crente,
1697 1284 1756 1303 cum
1770 1284 1814 1303 re-

1028 1321 1199 1348 condeudum
1214 1327 1285 1349 esset
1298 1322 1454 1350 honorabile
1467 1322 1525 1356 ejus
1535 1329 1634 1356 corpus
1659 1321 1813 1356 honoriﬁce,

1026 1372 1052 1394 et
1066 1374 1125 1394 cum
1137 1375 1255 1402 congruo
1270 1368 1454 1395 sacerdotibus
1469 1368 1520 1395 ritu
1545 1368 1572 1395 in
1595 1368 1708 1403 quodam
1724 1373 1814 1395 orato-

1027 1412 1069 1439 rio
1087 1413 1172 1439 sancti
1199 1413 1388 1440 miraculorum
1415 1413 1523 1441 factoris
1544 1412 1758 1449 Tychonis(9t),
1784 1412 1814 1440 ﬁt

1026 1456 1158 1491 quoddam
1172 1458 1224 1484 tale
1241 1458 1344 1492 signum
1358 1457 1516 1493 gloriosum.

1062 1502 1125 1530 Cu».
1145 1501 1175 1528 L.
1198 1517 1231 1522 —
1249 1502 1376 1530 Jacebaut
1390 1503 1415 1530 in
1425 1503 1539 1538 quodam
1554 1503 1665 1535 tumulo,
1678 1503 1722 1531 ubi
1735 1507 1761 1530 et
1767 1503 1813 1537 ju-

1027 1552 1083 1575 stus
1099 1547 1141 1575 hic
1154 1549 1322 1583 reponendus
1336 1554 1404 1581 erat,
1419 1549 1530 1576 duorum
1555 1549 1688 1583 quon-lam
1705 1549 1813 1583 episco-

989 1594 1011 1624 c
1028 1600 1134 1627 porum,
1147 1593 1192 1628 qui
1212 1599 1273 1621 ante
1294 1594 1467 1626 dormierunt,
1491 1598 1582 1621 sancta
1606 1594 1737 1622 veraciter
1750 1600 1811 1620 cor-

1028 1646 1092 1674 pora
1108 1644 1258 1667 sanctorum
1272 1648 1280 1667 :
1295 1647 1353 1674 quae
1367 1644 1394 1667 et.
1416 1641 1442 1667 in
1459 1644 1552 1667 natura
1567 1639 1683 1667 exanimi
1704 1640 1810 1667 interitu

1026 1684 1159 1719 degentia,
1177 1689 1300 1719 tanquam
1328 1685 1350 1713 si
1374 1686 1431 1712 viva
1456 1693 1549 1712 revera
1570 1688 1670 1717 essent,
1685 1685 1812 1719 aequalem

1027 1734 1118 1756 sancto
1130 1729 1259 1757 honorem
1276 1730 1435 1757 tribuerunt.
1452 1728 1518 1757 Cum
1542 1729 1611 1757 enim
1627 1730 1695 1757 beati
1717 1736 1813 1764 corpus

1027 1775 1096 1803 inter
1109 1776 1175 1803 duos
1185 1775 1243 1803 illos
1254 1775 1465 1810 componendum
1478 1779 1560 1807 esset,
1573 1775 1734 1802 honorantes
1746 1782 1813 1802 sutu-

1028 1830 1099 1849 mum
1118 1826 1251 1856 pastorem
1273 1827 1405 1857 pastores,
1428 1825 1456 1849 et
1469 1821 1577 1848 multam
1601 1820 1663 1856 ejus
1690 1820 1811 1847 ﬁduciam

1028 1868 1096 1902 apud
1113 1868 1195 1895 Deum
1208 1873 1375 1900 reverentes,
1390 1867 1468 1895 simul
1480 1872 1506 1895 et
1526 1867 1666 1899 mirantes,
1687 1867 1735 1894 Dei
1755 1867 1813 1902 jus-

1028 1913 1102 1940 sione
1112 1918 1235 1947 tanquam
1247 1913 1298 1939 vivi
1305 1920 1417 1948 corpora
1426 1920 1473 1939 sua
1481 1916 1635 1947 separantes
1643 1911 1710 1947 (95),
1723 1912 1749 1939 in
1759 1919 1813 1939 me-

1029 1957 1073 1984 dio
1087 1964 1191 1984 sacrum
1215 1956 1286 1984 hunc
1307 1961 1493 1992 susceperunt,
1519 1957 1646 1984 honorem
1670 1961 1698 1984 et
1721 1956 1769 1990 ipsi
1789 1957 1814 1984 ei

1029 2003 1207 2038 praeceptione
1220 2003 1268 2030 Dei
1279 2003 1348 2030 sicut
1364 2010 1378 2029 a
1399 2003 1455 2030 Deo
1469 2003 1600 2030 honorato
1613 2002 1768 2034 ollerentes,
1789 2005 1814 2028 et

1029 2048 1151 2075 omnibus
1170 2048 1258 2075 statim
1273 2048 1444 2075 ostendentes
1469 2055 1527 2081 qua
1549 2055 1564 2074 a
1591 2047 1645 2074 Deo
1669 2047 1694 2074 ei
1718 2047 1814 2073 donata

1029 2099 1069 2121 est
1082 2094 1194 2128 gloriam
1207 2098 1287 2128 atque
1306 2094 1508 2121 sublimitatem.
1522 2093 1597 2127 Quod
1621 2092 1768 2119 maximum
1788 2097 1814 2119 et

1030 2139 1251 2174 gloriosissimum
1266 2139 1433 2172 miraculum,
1449 2146 1501 2165 non
1517 2145 1594 2170 unus,
1611 2144 1695 2172 neque
1709 2136 1815 2169 decem,

1030 2192 1117 2219 neque
1137 2189 1243 2212 centum
1263 2184 1398 2217 viderunt,
1411 2184 1458 2211 sed
1471 2184 1558 2210 omnis
1578 2182 1653 2210 turba
1676 2189 1735 2217 quae
1750 2189 1814 2209 con-

1030 2231 1104 2257 venit
1117 2229 1151 2256 ad
1166 2229 1307 2264 pretiosam
1320 2229 1378 2263 ejus
1393 2229 1566 2263 sepulturam.

194 2271 358 2299 intraverunt
382 2271 446 2298 mihi
473 2271 507 2297 ab
521 2270 613 2298 amicis
626 2271 736 2304 Christi,
756 2278 822 2304 pene
837 2278 975 2297 numerum
991 2263 1015 2293 Ι)
1063 2272 1127 2300 Cn.
1154 2269 1197 2297 Ll.
1214 2272 1338 2300 -—Aliud
1368 2275 1460 2300 autem
1488 2272 1547 2308 ejus
1584 2271 1735 2308 gloriosius.
1744 2271 1815 2306 quod

195 2317 309 2344 hominis
324 2317 531 2350 transcendunt;
548 2317 573 2344 in
586 2318 699 2351 scipsam
712 2322 826 2344 mentem
838 2317 974 2351 co'iigens,

194 2366 222 2389 et
235 2369 399 2397 cognoscens
419 2362 475 2389 htcc
488 2363 577 2389 omnia
589 2362 762 2388 dominatoris
775 2362 892 2388 omnium
906 2369 975 2394 esse,

195 2408 316 2435 festinavi
331 2416 361 2436 ea
377 2416 436 2443 qua:
452 2409 496 2436 Dci
519 2412 594 2435 erant
609 2407 662 2434 Deo
678 2407 751 2434 dare.
777 2407 852 2434 Unde
866 2410 892 2433 et
908 2406 977 2441 quod

196 2456 324 2481 remansit
336 2455 399 2481 mihi
414 2454 465 2482 hoc
479 2454 610 2487 lremisse,
628 2453 672 2479 Dei
688 2457 715 2480 et
730 2453 780 2479 hoc
795 2452 924 2486 existens,
934 2452 977 2486 ju-

195 2499 245 2526 beo
260 2499 318 2525 dari
332 2499 373 2525 itis
388 2500 431 2533 qui
447 2504 508 2526 sunt
524 2499 580 2526 Dei.
599 2507 608 2524 ›
623 2499 645 2526 0
658 2498 772 2532 gloriosa
792 2505 834 2524 res
847 2498 853 2523 ε
869 2503 885 2523 o
899 2497 979 2523 devo-

195 2545 295 2571 tionem
309 2545 391 2570 sancti
408 2546 416 2570 ι
432 2545 488 2571 Non
504 2544 625 2577 attendit,
654 2543 722 2570 sicut
733 2541 883 2575 debuisset,
905 2542 978 2575 suis;

199 2589 270 2624 quod
285 2588 385 2616 iaciunt
399 2590 473 2616 multi
489 2589 532 2624 qui
550 2590 577 2616 in
591 2589 689 2616 divitiis
702 2592 773 2621 sunt,
789 2588 833 2623 qui
849 2587 896 2614 Dei
909 2586 979 2614 dmia

197 2639 242 2662 aut
257 2641 289 2661 ex
305 2633 432 2668 injustilia
452 2633 578 2667 collecta,
595 2638 718 2668 tanquam
738 2632 854 2667 propria,
874 2635 901 2659 et
923 2635 979 2657 tan-

196 2687 275 2714 quam
291 2679 313 2707 si
327 2687 355 2706 ea
371 2685 460 2706 secum
476 2678 543 2705 ferre
558 2683 676 2712 possunt,
685 2677 873 2710 thesaurizant,
885 2680 911 2703 et
926 2683 979 2702 non

199 2726 271 2760 larg’e
281 2724 372 2759 egenis
385 2723 518 2757 praebent;
533 2723 579 2750 scd
594 2723 636 2750 illa
651 2723 786 2757 qurerebat
803 2728 861 2756 quac
874 2727 979 2754 semper

200 2775 318 2803 manent,
329 2777 351 2798 et
365 2769 505 2802 aliquando
517 2777 567 2796 non
578 2769 741 2797 minuuntur.
753 2770 827 2797 Unde
838 2770 896 2796 sine
905 2776 980 2795 men-

198 2817 274 2843 dacio
289 2815 540 2851 repromissionibus
554 2823 605 2842 non
622 2820 661 2842 est
675 2815 819 2848 fraudatus,
834 2823 891 2850 qua:
907 2822 978 2842 asse-

200 2865 301 2896 verant,
318 2869 349 2890 ex
361 2868 473 2897 persona
485 2860 541 2895 Dei,
557 2860 680 2896 quoniam
696 2861 738 2895 qui
754 2861 900 2895 gloriﬁcent
925 2867 979 2894 me.

1029 2317 1135 2352 quidem
1150 2317 1237 2344 adhuc
1247 2317 1338 2344 vivens
1354 2317 1380 2344 in
1392 2325 1471 2344 carne
1486 2317 1564 2350 erepit
1581 2317 1737 2344 miraculum
1749 2337 1757 2349 ,
1769 2316 1815 2344 sed

1030 2366 1169 2397 postquam
1185 2362 1308 2396 migravit
1323 2362 1355 2389 ad
1368 2363 1461 2396 Deum,
1475 2362 1627 2396 complevit,
1640 2369 1730 2388 sermo
1743 2369 1811 2389 com-

1031 2415 1177 2435 memorare
1191 2407 1311 2434 tentabit.
1324 2407 1416 2435 Mulier
1437 2407 1556 2442 qumdam
1570 2407 1604 2434 de
1625 2414 1656 2434 ea
1680 2414 1739 2441 quae
1752 2414 1815 2433 san-

1029 2457 1100 2479 etum
1116 2452 1225 2487 protulit
1246 2453 1354 2479 cititate
1377 2451 1505 2484 existens,
1531 2459 1590 2478 cum
1611 2452 1731 2478 audisset
1755 2459 1815 2478 eum

1031 2499 1136 2525 venisse
1151 2505 1166 2525 a
1181 2498 1274 2525 Rhodo
1291 2497 1360 2533 (96),
1385 2502 1411 2524 et
1430 2497 1551 2532 angelum
1571 2497 1596 2525 ei
1622 2497 1719 2524 ibidem
1736 2505 1816 2531 appa<

1032 2543 1126 2574 ruisse,
1153 2547 1181 2570 et
1205 2542 1369 2570 vocationem
1385 2544 1418 2570 ad
1443 2550 1610 2570 communem
1628 2542 1767 2569 Dominum
1792 2543 1816 2569 ei

1032 2587 1213 2621 denuntiasse,
1232 2595 1375 2622 peccamen
1401 2588 1587 2623 gravissimum
1603 2588 1627 2614 in
1643 2595 1673 2615 se
1688 2594 1818 2622 recogno-

1033 2640 1119 2665 scens.
1134 2633 1204 2668 quod
1227 2640 1276 2660 nec
1287 2633 1392 2661 auditus
1415 2633 1551 2660 hominum
1567 2640 1643 2667 posse
1663 2633 1762 2660 intrare
1774 2630 1817 2658 ai-

1033 2679 1166 2712 iirmabat,
1188 2678 1265 2706 ﬁdem
1287 2679 1464 2713 inambiguam
1488 2686 1612 2712 sumens,
1637 2677 1669 2705 ad
1692 2682 1813 2704 sanctum

1033 2724 1131 2752 cursim
1142 2725 1281 2758 pervenit;
1293 2728 1320 2751 et
1331 2724 1412 2758 pedes
1422 2723 1479 2758 ejus
1493 2722 1733 2757 compreheudcns,
1753 2727 1814 2748 cum

1033 2768 1157 2803 iacrymis
1171 2768 1261 2795 multis
1276 2768 1417 2800 clamabat,
1432 2773 1458 2795 et
1473 2768 1564 2794 dicens
1581 2772 1685 2794 secreto
1698 2770 1813 2794 sancto:

1031 2807 1184 2847 Peccatum,
1200 2821 1216 2841 o
1230 2819 1269 2841 ter
1284 2814 1373 2848 beate,
1384 2813 1469 2841 habeo
1482 2814 1589 2845 misera,
1603 2812 1673 2846 quod
1687 2811 1720 2838 ad
1735 2817 1815 2837 aures

1035 2859 1169 2888 hominum
1197 2859 1286 2887 venire
1312 2866 1364 2886 non
1393 2862 1488 2894 potest,
1515 2863 1541 2886 et
1554 2858 1608 2886 scio
1628 2855 1710 2891 quod,
1726 2855 1748 2884 si
1765 2855 1816 2888 vis,
