2074 3144
185 209 251 243 ιω

659 213 737 241 νιτΑ
760 212 880 241 SANCTI
900 211 1038 240 ,ιυλΝΜε
1057 211 1343 239 ELEEMOSINARII.

1725 209 1736 235 Ι
1742 210 1793 238 653

180 277 256 309 putes
270 272 295 300 id
308 271 373 299 mihi
388 270 540 304 indulgere;
559 268 627 296 dixit
641 270 711 296 enim
726 269 799 295 vobis
815 269 941 296 Dominus
956 277 961 294 :
977 269 1003 298 Α
1016 270 1060 292 aut
1076 271 1165 299 polum
1179 266 1289 293 omnino
1312 274 1364 293 nott
1385 270 1503 301 gustans,
1520 268 1596 294 tertia
1623 272 1710 300 nocte,
1732 268 1795 296 duttt

181 319 310 352 Quoniam
325 323 488 353 quacunque
509 315 642 342 solveritis
660 322 740 349 super
756 319 862 345 terram.
884 317 964 341 erunt

181 363 278 395 soluta,
293 363 359 389 etin
375 361 467 392 ctelis;
495 365 521 388 tt
543 367 707 394 qtttecunque
727 359 870 393 ligaveritis
885 366 964 392 super

182 412 291 438 terram,
307 411 387 434 erunt
413 406 489 440 ligata
514 410 541 432 et
562 405 587 432 in
609 405 682 432 ctelis
704 404 810 439 (Matth.
833 403 964 436 xvut);et

179 460 291 487 quorum
307 451 463 479 remiscritis
474 455 593 485 peccata,
609 451 778 477 remittuntur
788 450 845 482 eis;
861 453 887 476 et
898 457 965 482 quo-

180 505 240 526 rum
256 497 430 528 retinueritis,
447 499 549 523 retenta
563 499 624 523 sunt
638 495 728 526 (Joan.
744 494 802 528 xx).
812 494 873 522 llatc
884 493 966 522 verba

179 542 290 570 audiens
306 550 319 568 a
336 541 447 568 muliere
462 544 579 572 sanctus,
596 545 621 567 et
648 540 754 571 timens,
770 539 793 567 si
810 539 962 574 petitionem

179 586 237 622 ejus
246 586 384 620 refutaret,
396 586 492 613 noxius
503 586 561 618 ejus
569 585 691 612 lormenli
704 585 788 618 ﬁeret,
799 585 860 612 dum
873 589 964 620 posset

179 631 287 659 liberari
300 639 315 658 a
329 631 434 666 proprio
445 635 552 665 peccato
579 637 625 663 per
642 629 720 658 fidem
746 637 824 664 quam
849 630 963 657 habebat

180 678 205 705 in
217 686 289 711 eum,
306 677 369 704 dicit
383 677 416 704 ad
430 684 487 704 eam
507 676 643 704 humiliter
658 685 665 704 :
678 677 705 705 Si
721 677 811 711 utique
832 676 930 710 credis,
945 684 962 704 o

182 723 286 755 mulier,
300 722 366 755 Deo,
378 722 446 757 qttod
460 729 505 757 per
518 722 701 749 infelicitatem
712 729 798 748 meam
813 723 963 756 ignoscatur

178 767 225 794 tibi
236 768 337 794 crimen
347 767 415 800 quod
429 767 507 800 dicis,
519 767 646 794 confitere
658 766 722 794 mihi
733 766 794 795 hoc.
804 767 868 800 Qua:
879 767 960 794 dixit:

178 812 234 840 Non
249 819 368 846 possum,
382 811 500 845 domine,
515 812 604 839 dicere
626 811 663 843 id,
689 819 775 846 ttequc
790 812 860 839 enim
877 816 963 846 potest

177 858 285 886 auditus,
299 857 436 884 hominum
450 861 554 891 portare
569 856 643 884 illud.
659 856 726 884 Dicit
737 856 770 883 ad
792 864 850 884 eam
865 857 960 890 iterum

176 907 305 930 sanctus:
322 902 355 933 Et
381 902 403 929 si
420 901 566 935 erubescis,
595 901 660 929 vade
684 905 712 930 et
734 902 822 929 scribe
847 902 921 934 illud,
937 903 959 930 si

1014 318 1107 338 rursus
1121 319 1181 338 cum
1205 312 1329 346 lacrytuis
1343 312 1450 339 eosdem
1473 313 1554 340 duros
1569 320 1599 340 ac
1623 313 1714 341 ﬁdeles
1738 321 1796 341 ser-

1011 363 1106 383 mones
1120 356 1273 383 beatissinto
1283 357 1393 388 diceret,
1404 363 1468 384 ecce
1476 358 1556 393 egred
1567 362 1611 384 tur
1624 358 1670 385 Dei
1682 358 1796 386 famulos

1013 401 1047 429 de
1063 402 1165 428 tumulo
1179 408 1239 434 sun,
1253 403 1376 429 oculstim
1393 410 1525 437 apparens
1543 411 1604 430 eum
1618 403 1720 431 duobus
1741 406 1794 439 epi~

1012 449 1111 481 scopis,
1125 447 1242 481 quicum
1253 455 1285 474 eo
1295 448 1428 482 jaeebant,
1441 457 1494 476 uno
1507 448 1579 482 hinc,
1593 455 1621 476 et
1634 451 1721 477 altero
1734 451 1795 477 hinc

1012 492 1186 526 aspitantibus
1200 492 1270 528 (99),
1284 498 1312 520 et
1325 493 1389 521 dicit
1403 495 1435 521 ad
1457 502 1515 522 eam
1529 503 1535 521 :
1552 503 1688 530 usquequo
1703 497 1797 523 mulier

1012 537 1062 564 bos
1075 537 1119 572 qui
1128 538 1171 565 hic
1178 543 1238 565 sunt
1245 546 1405 571 commoves,
1414 545 1440 566 et
1449 548 1499 567 tton
1512 541 1621 568 dimittis
1629 549 1675 568 eos
1683 542 1797 576 quiesce.

1012 590 1041 610 re
1055 583 1067 610 ἲ
1082 582 1236 610 infuderunt
1249 584 1318 611 enim
1334 584 1416 611 stolas
1426 590 1529 612 nostras
1543 586 1666 622 Iactyma:
1680 592 1742 613 tuas.
1764 587 1797 614 Et

1015 627 1072 654 hac
1086 627 1191 659 dicens,
1206 628 1252 655 dat
1264 628 1290 655 ei
1304 629 1439 663 proprium
1451 629 1585 664 pittacium
1601 631 1737 662 pullatum,
1752 632 1795 658 di-

1012 680 1075 700 cens
1088 681 1095 699 :
1110 673 1232 707 Suscipe,
1245 675 1413 708 recognoscis
1427 675 1500 702 hoc?
1515 677 1597 710 solve,
1609 677 1707 711 aspice.
1725 678 1756 704 Et
1769 678 1794 704 in

1011 719 1125 753 seipsam
1138 726 1170 746 ex
1182 718 1283 746 visione
1299 721 1418 752 veniens,
1439 721 1505 748 vidit
1521 723 1615 749 iterum
1624 726 1732 749 sanctos
1755 723 1795 749 in-

1010 764 1164 798 gredientes
1178 765 1203 790 in
1228 765 1362 799 proprium
1388 766 1493 799 locum;
1515 772 1542 794 et
1556 768 1673 799 solvens,
1695 767 1794 796 invenit

1011 808 1114 837 litteras
1127 817 1189 836 suas
1200 809 1311 841 deletas,
1328 815 1354 837 et
1368 812 1588 845 subscriptionem
1602 812 1653 840 sub
1672 813 1723 844 eis,
1747 814 1793 840 ha-

1008 854 1116 881 bentem
1129 854 1166 881 sic
1180 863 1187 880 :
1208 854 1318 889 Propter
1326 853 1452 881 Joannem
1464 863 1562 882 servum
1577 864 1669 889 meum,
1685 857 1794 884 deletum

1009 904 1047 925 est
1063 905 1192 933 peccatum
1206 904 1285 926 tuum.
1301 900 1366 933 Quis
1386 901 1509 934 loquetur
1532 902 1663 935 potentias
1679 902 1792 936 Domini,

178 949 247 975 nosti
269 949 381 980 litteras,
405 952 433 975 et
455 947 494 983 fer
518 947 593 974 mihi.
610 947 655 974 llla
682 948 777 975 iterum
802 949 936 983 respondit
951 957 959 975 :
977 941 998 972 Β
1011 952 1027 971 ο
1040 945 1116 972 amici
1131 950 1158 972 et
1172 945 1287 973 fratres?
1313 947 1360 978 Qui
1376 947 1410 973 ita
1425 947 1576 974 misericors
1591 951 1730 974 etatnalor
1746 948 1792 974 lto-

178 992 257 1024 Vcre,
273 992 390 1025 domine,
407 1001 459 1019 non
476 1000 594 1026 possutn.
610 992 772 1025 Exspectans
790 1001 854 1027 ergo
873 993 958 1020 modi-

178 1044 237 1064 cum
249 1037 312 1072 quid
327 1042 426 1069 tacens,
442 1037 507 1064 dixit
521 1038 544 1064 ei
558 1047 564 1064 :
580 1037 635 1063 Non
652 1041 723 1070 potes
735 1038 851 1065 scribere
864 1039 892 1066 et
903 1038 961 1066 bul-

177 1083 242 1115 lare,
253 1083 386 1110 etalfcrre
402 1083 466 1109 mihi
481 1083 492 1109 ‘2
509 1083 583 1109 Tunc
596 1082 661 1108 dixit
673 1083 697 1109 ei
710 1092 716 1109 :
734 1083 854 1114 Possum,
872 1083 959 1109 domi-

177 1136 221 1161 ne,
239 1129 288 1155 Itoc
304 1128 382 1160 facio,
405 1135 499 1162 rogans
522 1128 703 1156 honorabilent
729 1134 756 1156 t-t
780 1129 959 1163 euangelicum

175 1174 290 1200 animam
307 1177 379 1200 luam
398 1180 432 1200 ne
457 1173 586 1205 solvatur,
614 1181 698 1207 neque
720 1173 774 1200 ullo
789 1174 868 1200 modo
888 1173 960 1203 inve,-

177 1217 265 1244 niatur
275 1224 289 1244 a
311 1218 426 1251 quolibet
439 1218 575 1251 pittacium
593 1218 648 1253 (97)
665 1217 714 1244 hoc
728 1218 879 1252 aliquando.
892 1219 955 1246 Ycr-

176 1262 237 1289 bum
253 1262 332 1298 igitur
347 1263 480 1297 accipiens
495 1271 510 1290 a
529 1263 582 1290 Deo
605 1263 767 1290 honorabilis
779 1264 848 1298 qttod
873 1263 961 1291 nullus

176 1306 256 1334 homo
280 1307 396 1335 solveret
420 1312 466 1334 aut
495 1308 595 1342 legeret
618 1309 677 1343 ejus
692 1309 842 1343 pittacium,
868 1309 961 1337 abiens

175 1352 282 1386 sctipsit
295 1353 400 1386 propria
411 1360 489 1379 manu
510 1359 657 1387 peccatum,
673 1358 700 1381 et
722 1353 824 1381 bullans
848 1355 961 1388 portavit

177 1398 266 1425 beato.
278 1399 432 1434 Suscipiens
447 1406 510 1433 ergo
523 1403 630 1427 sanctus
645 1399 792 1434 pittatium,
811 1405 869 1432 post
884 1400 960 1434 quin-

135 1457 142 1459 ~
176 1451 228 1478 que
241 1444 298 1471 dies
311 1443 344 1471 ad
362 1444 500 1471 Dominum
524 1445 658 1479 profectus
674 1448 724 1477 est,
740 1444 840 1472 nemini
862 1444 959 1479 aliquid

175 1489 210 1517 de
224 1490 376 1524 huiusmodi
404 1490 512 1524 pittacia
533 1495 577 1517 ant
590 1491 746 1524 disponens,
762 1495 808 1517 aut
827 1490 959 1517 indicans.

176 1534 270 1562 Mulier
284 1535 373 1569 itaque
390 1535 509 1567 fortuitu,
532 1535 586 1562 imo
606 1535 804 1569 dispensatione
828 1535 884 1566 Dei,
907 1542 959 1562 nl.l'l

176 1580 293 1607 existens
319 1580 345 1606 in
362 1581 467 1607 civitate
481 1581 524 1607 die
538 1580 564 1607 in
577 1587 628 1615 qua
641 1580 787 1607 translatus
797 1580 872 1607 estin
895 1586 959 1613 pace

176 1625 210 1653 de
222 1626 319 1653 stecttlo
334 1626 385 1654 isto
404 1626 436 1652 ad
450 1625 520 1653 aliud
535 1626 694 1660 patriarcha,
709 1626 816 1653 volente
829 1630 855 1653 et
868 1625 894 1652 iu
911 1626 961 1652 hoc

175 1671 358 1698 demonstrare
382 1670 437 1697 Deo
459 1675 583 1705 quantam
608 1670 676 1704 apud
691 1677 763 1702 eum,
779 1675 871 1704 utpote
896 1677 960 1704 pro-

176 1717 250 1751 prius
265 1716 386 1750 famulus,
410 1716 530 1742 ilducinm
549 1716 711 1750 possidebat.
730 1715 782 1743 Sed
804 1719 864 1750 pust
881 1721 960 1743 unam

176 1762 245 1789 diem
264 1761 457 1788 rccouditionis
475 1761 583 1795 pretiosi
604 1762 662 1795 ejus
689 1761 781 1795 lipsani
803 1760 860 1797 (98)
881 1761 961 1788 adve-

175 1806 261 1837 niens,
276 1813 337 1833 cum
352 1806 469 1833 audisset
479 1805 664 1833 dorntitionem
684 1805 751 1839 ejus,
763 1812 856 1833 amens
868 1809 896 1831 et
909 1805 961 1832 de-

175 1850 273 1884 sipiens
289 1850 479 1885 propemodum
500 1850 567 1877 facta
586 1854 637 1883 est,
653 1850 809 1877 existimans
824 1850 959 1885 pittacium

174 1896 244 1930 quod
254 1895 376 1928 dederat,
387 1896 413 1922 in
426 1896 562 1929 episco-pio
577 1896 708 1928 relictum,
724 1895 848 1922 omnibus
862 1896 961 1923 laceret

174 1940 278 1974 culpant
293 1940 351 1973 ejus
366 1940 542 1966 manifestam.
558 1940 616 1966 Cito
628 1947 691 1974 ergo
705 1939 835 1969 resiliens.
848 1944 876 1966 et
890 1939 958 1972 prio-

177 1991 232 2010 rem
249 1984 326 2010 tldem
341 1990 416 2009 suam
437 1982 635 2009 indubitabilem
657 1989 737 2016 super
753 1983 869 2009 animam
886 1989 960 2009 resu-

175 2035 261 2061 mens,
274 2035 360 2054 arcam
376 2035 389 2053 a
407 2027 461 2054 Deo
482 2026 602 2054 honorati
623 2027 813 2062 apprehendit;
834 2033 871 2060 et,
892 2027 960 2054 sicut

175 2074 272 2101 viventi
284 2073 308 2100 ei
331 2074 473 2105 veraciter.
492 2074 528 2100 ita
555 2073 658 2100 turbata
674 2073 829 2107 perhibebat
846 2081 853 2100 :
875 2072 959 2100 llumo

175 2118 234 2151 Dei,
249 2118 296 2146 tibi
309 2117 360 2144 hoc
378 2122 515 2152 peccatum
534 2125 586 2145 non
603 2118 674 2152 potui
688 2125 824 2150 enarrare,
841 2125 874 2145 eo
887 2117 958 2151 quod

175 2170 255 2197 supra
269 2162 375 2190 modum
392 2163 521 2189 existeret
534 2169 625 2198 grave,
641 2167 667 2190 et
678 2170 740 2190 ecce
756 2171 825 2190 ttttnc
836 2163 958 2191 omnibus

175 2208 271 2235 factum
285 2213 325 2235 est
339 2207 446 2235 forsitan
462 2207 628 2235 manifestum
649 2213 676 2236 et
688 2208 820 2242 cognitum
835 2217 842 2241 ;
858 2209 957 2236 utinam

175 2260 227 2280 non
243 2253 290 2280 tibi
304 2260 359 2280 rem
374 2260 461 2280 meam
474 2253 695 2280 manifestassem.
712 2253 768 2280 Heu
781 2254 788 2280 !
805 2255 856 2281 ben
871 2254 935 2281 ntihi
948 2255 955 2281 l

1009 991 1121 1023 minum,
1137 992 1235 1019 faciens
1249 993 1411 1019 voluntatem
1428 993 1574 1020 timentium
1595 1000 1635 1024 se,
1650 997 1675 1020 et
1694 993 1794 1027 glorifi-

1009 1044 1074 1064 cans
1084 1037 1261 1071 gloriﬁcantes
1274 1045 1314 1068 se.
1326 1042 1354 1065 et
1369 1046 1415 1072 per
1425 1039 1614 1065 miraettlorum
1623 1040 1791 1073 operationcs

1008 1083 1182 1116 magniﬁcans
1192 1084 1255 1110 eos?
1268 1082 1324 1110 Non
1338 1088 1425 1110 autem
1440 1083 1466 1110 in
1474 1083 1525 1110 hoc
1539 1083 1791 1118 locosofum,inquo

1010 1129 1125 1162 pretiosa
1139 1128 1264 1155 dormitio
1283 1128 1341 1163 ejus
1357 1128 1425 1155 facta
1437 1132 1477 1155 est
1487 1148 1495 1159 ,
1509 1129 1590 1163 gratia
1604 1136 1682 1162 quam
1703 1127 1792 1156 habuit

1009 1174 1078 1208 apud
1088 1174 1179 1204 Deum,
1188 1174 1353 1201 manifestata
1361 1179 1411 1206 est,
1420 1173 1465 1200 Sed
1474 1174 1568 1208 ubique
1575 1173 1678 1208 longius
1685 1174 1791 1201 claruit.

1045 1218 1108 1245 Car.
1130 1219 1183 1246 Lll.
1199 1233 1234 1238 —
1245 1219 1341 1246 Eadem
1357 1220 1426 1246 enim
1442 1220 1484 1245 die
1499 1219 1525 1245 in
1543 1226 1593 1253 qua
1609 1219 1639 1245 ad
1665 1219 1746 1246 Deum
1759 1227 1791 1246 ex
1803 1247 1811 1252 ,

1010 1263 1061 1292 ltac
1074 1265 1126 1292 vila
1141 1265 1235 1292 beatus
1251 1264 1299 1292 iste
1313 1264 1447 1299 profectus
1462 1269 1511 1297 est,
1527 1265 1632 1299 quidatn
1641 1272 1733 1291 eorum
1747 1265 1792 1299 qui

1010 1307 1250 1342 angelicantvitam
1286 1311 1314 1335 ct
1359 1306 1469 1337 schema
1514 1305 1704 1335 monachicum
1743 1308 1792 1334 Ita-

1009 1353 1083 1385 bent,
1101 1353 1140 1380 vir
1155 1352 1318 1380 admirabilis
1341 1357 1368 1380 et
1383 1353 1537 1384 industrius,
1549 1352 1663 1380 Sabinus
1674 1353 1791 1386 notitiae,

1011 1398 1179 1425 Alexandria:
1194 1397 1327 1430 habitans,
1346 1397 1413 1424 vidit
1427 1397 1503 1432 quasi
1522 1397 1548 1423 in
1564 1404 1674 1424 excessu
1696 1398 1791 1425 mentis

1010 1441 1104 1475 factus,
1119 1442 1244 1469 divinitus
1260 1441 1416 1468 honoratum
1430 1441 1558 1468 Joannem
1570 1441 1603 1468 de
1618 1441 1723 1476 proprio
1733 1442 1792 1477 epi~

1010 1489 1101 1522 scopio
1113 1488 1290 1522 egredientem
1300 1495 1360 1514 cum
1371 1488 1442 1515 clero
1455 1487 1525 1514 omni
1536 1495 1613 1514 cerea
1634 1492 1793 1522 portantem,

1009 1537 1036 1559 et
1047 1532 1079 1559 ad
1099 1532 1285 1566 imperatorem
1300 1536 1417 1562 euntem,
1435 1537 1558 1566 tanquam
1584 1533 1707 1559 eunucho
1726 1540 1792 1567 quos

1010 1577 1070 1610 dam
1087 1577 1126 1614 (ut
1142 1577 1198 1612 ipse
1213 1577 1316 1604 diecbat
1339 1577 1462 1612 Sabinus)
1478 1576 1641 1605 eubiculario
1662 1577 1731 1604 hunc
1748 1585 1793 1604 vo-

974 1613 997 1644 c
1011 1613 1098 1655 caute,
1114 1627 1252 1658 postquam
1266 1624 1372 1656 januam
1389 1623 1515 1656 episcopii
1535 1624 1610 1656 exiit,
1626 1624 1695 1657 quod
1710 1623 1793 1658 signi-

1013 1668 1072 1695 ficat
1086 1668 1184 1702 proprii
1198 1669 1317 1702 corporis
1329 1669 1533 1702 separationent,
1549 1673 1576 1695 et
1586 1676 1665 1706 unam
1678 1669 1793 1702 puellam

1012 1718 1040 1740 ut
1054 1713 1149 1747 solem,
1165 1713 1354 1747 suscipientem
1370 1721 1442 1746 eum,
1457 1717 1484 1740 et
1509 1721 1587 1740 mantt
1609 1717 1753 1745 tenentem.
1768 1719 1793 1740 et

1011 1766 1090 1792 super
1105 1763 1185 1792 caput
1196 1765 1323 1786 coronam
1339 1766 1370 1786 ex
1383 1759 1449 1786 olea:
1464 1759 1545 1786 ramis
1557 1759 1793 1786 circumamictaut.

1011 1804 1070 1831 llos
1084 1811 1147 1838 ergo
1162 1804 1267 1838 agnovit
1286 1809 1394 1831 sanctus
1415 1803 1529 1831 Sabinus
1542 1804 1727 1838 migrationem
1748 1810 1794 1837 pa-

1012 1849 1134 1877 triarcha:
1151 1850 1183 1877 ad
1203 1850 1342 1877 Dominum
1357 1849 1411 1883 ipsa
1427 1850 1490 1876 hora
1507 1849 1588 1876 fuisse
1604 1849 1707 1876 factam.
1725 1849 1793 1881 Qua-

1011 1900 1117 1929 propter
1131 1894 1288 1922 adnotantes
1312 1894 1418 1929 quidem
1447 1902 1565 1922 mcnscm
1582 1899 1609 1920 et
1632 1895 1714 1926 diem,
1737 1898 1792 1921 erat

1009 1940 1081 1966 enim
1095 1939 1218 1971 celebris,
1231 1939 1353 1966 videlicet
1363 1940 1446 1966 sancti
1458 1939 1581 1974 martyris
1593 1939 1694 1966 Henna:
1706 1939 1792 1974 (100),

1010 1983 1167 2017 quibusdam
1180 1984 1345 2010 venientibtts
1359 1984 1392 2010 de
1411 1983 1497 2018 Cypro
1525 1988 1725 2018 percunctantes
1739 1983 1793 2018 qui-

1010 2020 1072 2055 dam
1086 2027 1131 2062 qui
1147 2027 1301 2056 habitabant
1313 2028 1481 2055 Alexandria:
1493 2028 1526 2055 de
1539 2028 1695 2063 migratione
1709 2028 1792 2056 sancti

1010 2072 1177 2106 patriarchae,
1199 2078 1362 2107 agnoverunt
1384 2080 1473 2100 veram
1496 2073 1576 2100 ῐυίμδθ
1598 2073 1735 2104 visionem,
1758 2079 1793 2100 eo

1009 2117 1079 2152 quod
1093 2118 1186 2145 eadem
1202 2118 1266 2145 hora
1281 2119 1356 2146 ﬂeret
1372 2119 1398 2145 in
1411 2126 1461 2153 qua
1476 2119 1541 2146 obiit
1553 2119 1655 2150 beatus,
1670 2123 1698 2145 et
1709 2119 1793 2159 maxi-

1011 2170 1053 2190 me
1067 2162 1102 2190 de
1112 2163 1235 2198 exemplo
1249 2163 1345 2198 puellas
1360 2171 1418 2198 quae
1433 2171 1510 2190 manu
1523 2164 1628 2190 tenebat
1647 2170 1719 2190 eum.
1735 2164 1793 2192 Ac-

1009 2213 1118 2243 ceperat
1131 2209 1201 2237 enlut
1219 2210 1441 2243 repromissiones
1455 2210 1487 2236 ab
1501 2216 1532 2236 ea
1548 2213 1665 2241 sanctus,
1680 2209 1750 2236 sicut
1765 2209 1791 2235 in

1010 2254 1221 2288 praecedentibus
1244 2254 1333 2282 verbis
1360 2254 1424 2281 Vitae
1445 2253 1561 2281 diximus
1585 2253 1674 2288 (81012.,
1696 2261 1719 2279 c.
1740 2253 1791 2287 '1):

175 2301 270 2331 putans
284 2297 446 2324 confusionis
470 2297 664 2325 absolutionem
689 2298 819 2333 invenire,
836 2298 956 2326 confusio
971 2289 997 2319 Ῑ)
1009 2297 1074 2332 Quia
1089 2299 1111 2325 si
1127 2305 1169 2326 me
1183 2299 1302 2333 possides
1317 2299 1440 2331 amicam,
1461 2305 1510 2332 ego
1522 2303 1547 2325 te
1560 2303 1620 2325 ante
1645 2297 1791 2339 imperato-

175 2341 297 2368 omnibus
310 2341 376 2369 facta
389 2349 465 2374 sum;
477 2349 524 2376 pro
537 2341 641 2370 medela
652 2342 841 2377 blasphemiam
856 2344 956 2378 recepi.

160 2386 242 2419 ‘Qnid
254 2386 318 2413 mihi
331 2387 363 2413 ad
379 2391 406 2413 te
428 2388 493 2420 opus
505 2390 562 2413 erat
575 2389 706 2414 secretum
720 2387 816 2414 anima
834 2395 901 2416 mete
911 2396 959 2423 pa-

175 2430 288 2458 tefacere
298 2431 310 2457 ?
321 2431 420 2458 Tamen
435 2439 486 2458 non
501 2431 620 2458 deficiam
635 2438 720 2466 neque
731 2431 860 2463 difﬁtlam,
870 2440 958 2466 neque

173 2478 317 2504 removebo
328 2485 342 2503 a
358 2477 458 2504 tumulo
471 2477 610 2512 lacrymas.
626 2483 708 2510 usque
722 2478 784 2504 dum
797 2477 957 2505 satisfactio-

173 2528 233 2548 nem
246 2521 280 2548 de
300 2522 426 2555 petitione
446 2528 503 2548 mea
518 2528 656 2555 accepero.
681 2521 771 2556 Neque
791 2522 863 2549 enim
886 2529 957 2549 utor-

173 2570 233 2593 tuus
247 2573 287 2599 es,
312 2571 402 2593 sancte
426 2567 484 2600 Dei,
506 2566 553 2593 sed
568 2566 644 2593 vivis.
666 2566 798 2601 Scriptum
821 2572 863 2594 est
885 2567 955 2594 enim

172 2611 231 2645 quia
243 2610 308 2645 justi
323 2611 348 2637 in
364 2614 519 2645 perpetuum
534 2612 623 2638 vivent
647 2611 724 2647 (Snp.
740 2611 777 2647 v).
804 2613 955 2648 lterumque

171 2656 263 2683 eadem
279 2655 357 2682 verba
374 2663 522 2688 assumens,
536 2656 658 2683 dicebat:
683 2656 764 2690 ΝΛΜ,
793 2657 873 2685 homo
896 2658 953 2691 Dei,

171 2705 233 2733 peto
244 2707 262 2726 a
274 2704 309 2732 te,
326 2699 374 2726 nisi
390 2704 418 2726 ttt
444 2703 545 2727 certum
561 2700 645 2727 facias
659 2708 705 2728 cor
723 2708 810 2728 meum
827 2702 953 2736 quidnam

170 2745 203 2771 de
214 2745 276 2771 dato
292 2745 336 2771 tibi
353 2744 462 2778 pittacio
475 2745 572 2771 factum
593 2746 649 2773 sit?
667 2746 736 2774 Deus
750 2755 813 2782 ergo
827 2748 871 2782 qui
888 2748 954 2774 dixit

170 2790 312 2824 aliquando
327 2790 358 2817 ad
376 2789 552 2816 Cltananteatn
565 2798 572 2816 :
590 2791 668 2818 Fides
681 2797 722 2819 tua
738 2797 763 2819 te
778 2793 876 2819 salvam
891 2793 954 2820 fecit

169 2833 278 2865 (Hau/1.
294 2835 353 2869 xv),
368 2834 424 2869 ipse
437 2838 463 2861 et
485 2835 553 2861 hanc
566 2840 666 2863 certant
686 2836 758 2864 fecit.
773 2838 867 2865 Tribus
882 2838 953 2865 enim

170 2880 263 2909 diebus
276 2887 449 2915 perseverans
461 2879 494 2907 ad
518 2880 668 2914 sepulcrum
695 2882 790 2917 sancti,
814 2888 842 2911 et
864 2884 952 2911 cibum

1008 2350 1063 2370 rem
1077 2343 1254 2377 introducam,
1269 2344 1340 2378 quod
1355 2348 1382 2370 et
1396 2351 1487 2371 revera
1507 2343 1578 2371 fecit.

1041 2389 1106 2416 Car.
1127 2389 1192 2416 Llll.
1203 2404 1238 2409 —
1248 2390 1305 2417 Non
1319 2394 1406 2417 autem
1416 2397 1447 2416 ex
1460 2390 1509 2416 hoc
1524 2393 1624 2416 tantum
1639 2395 1733 2416 omnes
1745 2396 1791 2415 sa-

1007 2434 1183 2461 tisfactionem
1197 2438 1367 2469 acceperunt,
1380 2434 1449 2469 quod
1463 2435 1632 2469 eleemosyna
1648 2439 1674 2462 et
1687 2435 1791 2462 miscri-

1007 2478 1096 2506 coidia
1111 2486 1188 2513 quam
1213 2479 1303 2506 habuit
1318 2479 1388 2507 circa
1401 2484 1519 2514 egentes,
1539 2487 1599 2507 eum
1613 2479 1638 2507 iu
1661 2481 1788 2507 caelorum

1007 2532 1116 2559 regnum
1127 2525 1306 2558 deduxerunt;
1319 2525 1366 2552 sed
1378 2526 1438 2560 quia
1448 2525 1516 2553 alius
1525 2533 1616 2553 eorunt
1631 2526 1674 2560 qui
1688 2526 1791 2554 habita-

1008 2569 1052 2596 bat
1063 2570 1196 2598 civitatem
1212 2571 1410 2603 Alexandriam,
1428 2571 1524 2598 timens
1539 2572 1632 2604 Deum,
1648 2572 1711 2598 vidit
1734 2573 1789 2606 ipsa

1006 2619 1083 2641 nocte
1104 2615 1129 2642 in
1143 2622 1193 2649 qtta
1205 2619 1232 2642 et
1245 2619 1351 2642 sanctus
1366 2615 1492 2650 Sabinus,
1506 2623 1598 2643 omnes
1613 2623 1739 2651 pauperes
1761 2621 1788 2644 et

1006 2659 1139 2693 orphanos
1149 2663 1227 2694 atque
1238 2660 1342 2693 viduas,
1362 2661 1427 2688 oleae
1447 2668 1535 2687 ramos
1547 2660 1704 2695 bajulantes,
1720 2666 1746 2688 et
1761 2661 1787 2688 itt

1006 2705 1164 2738 patriarchas
1175 2705 1302 2740 obsequio
1316 2710 1420 2738 euntes,
1439 2711 1466 2733 et
1479 2706 1512 2732 ad
1522 2706 1662 2733 ecclesiam
1678 2713 1788 2740 pergen-

1003 2753 1053 2776 tes.
1070 2750 1126 2778 Non
1141 2750 1226 2777 solum
1240 2751 1302 2783 duo,
1318 2756 1362 2777 attt
1375 2751 1478 2782 decem,
1501 2756 1546 2778 aut
1561 2757 1665 2778 centum
1680 2750 1785 2777 satisfa-

1002 2795 1103 2822 ctiones
1116 2800 1187 2829 sunt,
1203 2804 1250 2830 per
1271 2804 1336 2831 quas
1348 2797 1446 2823 scimus
1461 2796 1532 2823 clare
1546 2797 1668 2831 quoniam
1679 2800 1788 2823 saneto-

1001 2848 1061 2867 runt
1075 2848 1213 2868 numerum
1232 2842 1330 2868 merttit
1349 2843 1527 2870 memorabilis
1540 2843 1600 2875 hic;
1615 2841 1661 2869 sed
1674 2848 1736 2868 ecce
1759 2843 1788 2869 et

1002 2884 1070 2919 alite,
1085 2892 1150 2920 quas
1164 2885 1329 2921 subsequens
1343 2886 1427 2914 forma
1442 2887 1566 2915 ostendit.
