  <div class='ocr_page' id='page_1' title='image "/cluster/home/n/w/nwhite01/storage/ocr_20150623/93/njp.32101077772836/905.png"; bbox 0 0 2074 3144; ppageno 0'>
   <div class='ocr_carea' id='block_1_1' title="bbox 272 177 338 209">
    <p class='ocr_par' dir='ltr' id='par_1_1' title="bbox 272 177 338 209">
     <span class='ocr_line' id='line_1_1' title="bbox 272 177 338 209; baseline 0 0"><span class='ocrx_word' id='word_1_1' title='bbox 272 177 338 209; x_wconf 72' lang='lat'><strong>1671</strong></span> 
     </span>
    </p>
   </div>
   <div class='ocr_carea' id='block_1_2' title="bbox 787 176 1403 207">
    <p class='ocr_par' dir='ltr' id='par_1_2' title="bbox 787 176 1403 207">
     <span class='ocr_line' id='line_1_2' title="bbox 787 176 1403 207; baseline -0.002 0"><span class='ocrx_word' id='word_1_2' title='bbox 787 176 942 207; x_wconf 73' lang='lat' dir='ltr'><strong>LEONTII</strong></span> <span class='ocrx_word' id='word_1_3' title='bbox 964 176 1218 206; x_wconf 75' lang='lat' dir='ltr'><strong>NEAPOLITANI</strong></span> <span class='ocrx_word' id='word_1_4' title='bbox 1234 176 1403 206; x_wconf 83' lang='lat' dir='ltr'><strong>EPISCOPI</strong></span> 
     </span>
    </p>
   </div>
   <div class='ocr_carea' id='block_1_3' title="bbox 1840 174 1908 208">
    <p class='ocr_par' dir='ltr' id='par_1_3' title="bbox 1840 174 1908 208">
     <span class='ocr_line' id='line_1_3' title="bbox 1840 174 1908 208; baseline 0 -2"><span class='ocrx_word' id='word_1_5' title='bbox 1840 174 1908 208; x_wconf 72' lang='lat'><strong>1672</strong></span> 
     </span>
    </p>
   </div>
   <div class='ocr_carea' id='block_1_4' title="bbox 270 230 1067 267">
    <p class='ocr_par' dir='ltr' id='par_1_4' title="bbox 270 231 1064 267">
     <span class='ocr_line' id='line_1_4' title="bbox 270 231 1064 267; baseline -0.003 -7"><span class='ocrx_word' id='word_1_6' title='bbox 270 241 303 260; x_wconf 76' lang='lat' dir='ltr'><strong>ex</strong></span> <span class='ocrx_word' id='word_1_7' title='bbox 320 232 410 260; x_wconf 82' lang='lat' dir='ltr'><strong>studio</strong></span> <span class='ocrx_word' id='word_1_8' title='bbox 434 231 516 259; x_wconf 85' lang='lat' dir='ltr'><strong>etiam</strong></span> <span class='ocrx_word' id='word_1_9' title='bbox 532 231 647 258; x_wconf 89' lang='lat' dir='ltr'><strong>aliorum</strong></span> <span class='ocrx_word' id='word_1_10' title='bbox 663 236 690 258; x_wconf 91' lang='lat' dir='ltr'><strong>et</strong></span> <span class='ocrx_word' id='word_1_11' title='bbox 710 238 865 267; x_wconf 77' lang='lat' dir='ltr'><strong>cura,_qua:</strong></span> <span class='ocrx_word' id='word_1_12' title='bbox 879 239 928 267; x_wconf 89' lang='lat' dir='ltr'><strong>per</strong></span> <span class='ocrx_word' id='word_1_13' title='bbox 941 232 1064 259; x_wconf 85' lang='lat' dir='ltr'><strong>auditum</strong></span> 
     </span>
    </p>
   </div>
   <div class='ocr_carea' id='block_1_5' title="bbox 1118 230 1907 267">
    <p class='ocr_par' dir='ltr' id='par_1_5' title="bbox 1119 230 1907 267">
     <span class='ocr_line' id='line_1_5' title="bbox 1119 230 1907 267; baseline 0.001 -10"><span class='ocrx_word' id='word_1_14' title='bbox 1119 239 1169 266; x_wconf 84' lang='grc' dir='ltr'><strong>σης</strong></span> <span class='ocrx_word' id='word_1_15' title='bbox 1191 231 1251 259; x_wconf 75' lang='grc' dir='ltr'>ὁδοῦ</span> <span class='ocrx_word' id='word_1_16' title='bbox 1275 231 1476 267; x_wconf 76' lang='grc' dir='ltr'><strong>διακρούσεται,</strong></span> <span class='ocrx_word' id='word_1_17' title='bbox 1496 230 1602 266; x_wconf 79' lang='grc' dir='ltr'><strong>ἀνάγκη</strong></span> <span class='ocrx_word' id='word_1_18' title='bbox 1626 230 1720 258; x_wconf 84' lang='grc' dir='ltr'>τοῦτον</span> <span class='ocrx_word' id='word_1_19' title='bbox 1745 230 1795 258; x_wconf 67' lang='grc' dir='ltr'><strong>κᾶν</strong></span> <span class='ocrx_word' id='word_1_20' title='bbox 1812 232 1844 258; x_wconf 78' lang='grc' dir='ltr'><strong>ὲκ</strong></span> <span class='ocrx_word' id='word_1_21' title='bbox 1857 231 1907 266; x_wconf 76' lang='grc' dir='ltr'><strong>τῆς</strong></span> 
     </span>
    </p>
   </div>
   <div class='ocr_carea' id='block_1_6' title="bbox 272 277 1065 312">
    <p class='ocr_par' dir='ltr' id='par_1_6' title="bbox 272 277 1065 312">
     <span class='ocr_line' id='line_1_6' title="bbox 272 277 1065 312; baseline 0 -7"><span class='ocrx_word' id='word_1_22' title='bbox 272 283 299 306; x_wconf 87' lang='lat' dir='ltr'><strong>et</strong></span> <span class='ocrx_word' id='word_1_23' title='bbox 313 277 497 305; x_wconf 73' lang='lat' dir='ltr'><strong>narrationem</strong></span> <span class='ocrx_word' id='word_1_24' title='bbox 514 277 547 304; x_wconf 89' lang='lat' dir='ltr'><strong>ad</strong></span> <span class='ocrx_word' id='word_1_25' title='bbox 569 277 657 312; x_wconf 85' lang='lat' dir='ltr'><strong>ipsum</strong></span> <span class='ocrx_word' id='word_1_26' title='bbox 673 277 826 310; x_wconf 77' lang='lat' dir='ltr'><strong>devenerit,</strong></span> <span class='ocrx_word' id='word_1_27' title='bbox 847 278 940 305; x_wconf 88' lang='lat' dir='ltr'><strong>divino</strong></span> <span class='ocrx_word' id='word_1_28' title='bbox 957 278 1065 305; x_wconf 88' lang='lat' dir='ltr'><strong>deside-</strong></span> 
     </span>
    </p>
   </div>
   <div class='ocr_carea' id='block_1_7' title="bbox 272 323 1064 358">
    <p class='ocr_par' dir='ltr' id='par_1_7' title="bbox 272 323 1064 358">
     <span class='ocr_line' id='line_1_7' title="bbox 272 323 1064 358; baseline -0.001 -7"><span class='ocrx_word' id='word_1_29' title='bbox 272 325 312 351; x_wconf 89' lang='lat' dir='ltr'><strong>rio</strong></span> <span class='ocrx_word' id='word_1_30' title='bbox 329 323 452 356; x_wconf 85' lang='lat' dir='ltr'><strong>excilari,</strong></span> <span class='ocrx_word' id='word_1_31' title='bbox 478 330 604 350; x_wconf 88' lang='lat' dir='ltr'><strong>somnum</strong></span> <span class='ocrx_word' id='word_1_32' title='bbox 626 323 722 350; x_wconf 78' lang='lat' dir='ltr'><strong>anima:</strong></span> <span class='ocrx_word' id='word_1_33' title='bbox 744 331 760 350; x_wconf 88' lang='lat' dir='ltr'><strong>a</strong></span> <span class='ocrx_word' id='word_1_34' title='bbox 782 331 811 350; x_wconf 87' lang='lat' dir='ltr'><strong>se</strong></span> <span class='ocrx_word' id='word_1_35' title='bbox 838 323 897 358; x_wconf 91' lang='lat' dir='ltr'><strong>ipso</strong></span> <span class='ocrx_word' id='word_1_36' title='bbox 919 327 1064 356; x_wconf 83' lang='lat' dir='ltr'><strong>excutere,</strong></span> 
     </span>
    </p>
   </div>
   <div class='ocr_carea' id='block_1_8' title="bbox 271 370 1065 405">
    <p class='ocr_par' dir='ltr' id='par_1_8' title="bbox 271 370 1065 405">
     <span class='ocr_line' id='line_1_8' title="bbox 271 370 1065 405; baseline -0.003 -7"><span class='ocrx_word' id='word_1_37' title='bbox 271 376 386 405; x_wconf 80' lang='lat' dir='ltr'><strong>angusta</strong></span> <span class='ocrx_word' id='word_1_38' title='bbox 402 370 517 404; x_wconf 85' lang='lat' dir='ltr'><strong>tritaque</strong></span> <span class='ocrx_word' id='word_1_39' title='bbox 531 371 573 398; x_wconf 88' lang='lat' dir='ltr'><strong>via</strong></span> <span class='ocrx_word' id='word_1_40' title='bbox 598 370 734 403; x_wconf 86' lang='lat' dir='ltr'><strong>incedere,</strong></span> <span class='ocrx_word' id='word_1_41' title='bbox 750 375 779 398; x_wconf 92' lang='lat' dir='ltr'><strong>et</strong></span> <span class='ocrx_word' id='word_1_42' title='bbox 795 370 878 398; x_wconf 84' lang='lat' dir='ltr'><strong>vitam</strong></span> <span class='ocrx_word' id='word_1_43' title='bbox 893 375 1024 398; x_wconf 71' lang='lat' dir='ltr'><strong>aeternam</strong></span> <span class='ocrx_word' id='word_1_44' title='bbox 1037 370 1065 397; x_wconf 91' lang='lat' dir='ltr'><strong>in</strong></span> 
     </span>
    </p>
   </div>
   <div class='ocr_carea' id='block_1_9' title="bbox 272 416 1066 452">
    <p class='ocr_par' dir='ltr' id='par_1_9' title="bbox 272 416 1066 452">
     <span class='ocr_line' id='line_1_9' title="bbox 272 416 1066 452; baseline -0.001 -8"><span class='ocrx_word' id='word_1_45' title='bbox 272 422 410 452; x_wconf 92' lang='lat' dir='ltr'><strong>posterum</strong></span> <span class='ocrx_word' id='word_1_46' title='bbox 427 416 573 451; x_wconf 81' lang='lat' dir='ltr'><strong>auspicari.</strong></span> <span class='ocrx_word' id='word_1_47' title='bbox 597 416 707 443; x_wconf 86' lang='lat' dir='ltr'><strong>Etenim</strong></span> <span class='ocrx_word' id='word_1_48' title='bbox 730 423 816 451; x_wconf 86' lang='lat' dir='ltr'><strong>penes</strong></span> <span class='ocrx_word' id='word_1_49' title='bbox 841 423 891 443; x_wconf 88' lang='lat' dir='ltr'><strong>nos</strong></span> <span class='ocrx_word' id='word_1_50' title='bbox 911 420 963 449; x_wconf 89' lang='lat' dir='ltr'><strong>est,</strong></span> <span class='ocrx_word' id='word_1_51' title='bbox 982 420 1010 443; x_wconf 87' lang='lat' dir='ltr'><strong>et</strong></span> <span class='ocrx_word' id='word_1_52' title='bbox 1037 416 1066 443; x_wconf 91' lang='lat' dir='ltr'><strong>in</strong></span> 
     </span>
    </p>
   </div>
   <div class='ocr_carea' id='block_1_10' title="bbox 271 462 1064 497">
    <p class='ocr_par' dir='ltr' id='par_1_10' title="bbox 271 462 1064 497">
     <span class='ocr_line' id='line_1_10' title="bbox 271 462 1064 497; baseline -0.003 -7"><span class='ocrx_word' id='word_1_53' title='bbox 271 467 366 490; x_wconf 88' lang='lat' dir='ltr'><strong>nostra</strong></span> <span class='ocrx_word' id='word_1_54' title='bbox 402 462 522 496; x_wconf 85' lang='lat' dir='ltr'><strong>positum</strong></span> <span class='ocrx_word' id='word_1_55' title='bbox 556 467 701 497; x_wconf 81' lang='lat' dir='ltr'><strong>potestate,</strong></span> <span class='ocrx_word' id='word_1_56' title='bbox 734 462 871 489; x_wconf 87' lang='lat' dir='ltr'><strong>desiderio</strong></span> <span class='ocrx_word' id='word_1_57' title='bbox 900 462 1064 494; x_wconf 82' lang='lat' dir='ltr'><strong>futurorum,</strong></span> 
     </span>
    </p>
   </div>
   <div class='ocr_carea' id='block_1_11' title="bbox 271 507 1065 543">
    <p class='ocr_par' dir='ltr' id='par_1_11' title="bbox 271 507 1065 543">
     <span class='ocr_line' id='line_1_11' title="bbox 271 507 1065 543; baseline 0.001 -9"><span class='ocrx_word' id='word_1_58' title='bbox 271 508 427 543; x_wconf 63' lang='lat' dir='ltr'><strong>praesentia,</strong></span> <span class='ocrx_word' id='word_1_59' title='bbox 457 513 585 542; x_wconf 81' lang='lat' dir='ltr'><strong>tanquam</strong></span> <span class='ocrx_word' id='word_1_60' title='bbox 612 507 845 542; x_wconf 86' lang='lat' dir='ltr'><strong>pertranseuntia,</strong></span> <span class='ocrx_word' id='word_1_61' title='bbox 870 512 1065 540; x_wconf 82' lang='lat' dir='ltr'><strong>contemnere;</strong></span> 
     </span>
    </p>
   </div>
   <div class='ocr_carea' id='block_1_12' title="bbox 271 552 1065 588">
    <p class='ocr_par' dir='ltr' id='par_1_12' title="bbox 271 552 1065 588">
     <span class='ocr_line' id='line_1_12' title="bbox 271 552 1065 588; baseline -0.001 -7"><span class='ocrx_word' id='word_1_62' title='bbox 271 559 320 581; x_wconf 88' lang='lat' dir='ltr'><strong>aut</strong></span> <span class='ocrx_word' id='word_1_63' title='bbox 345 559 441 581; x_wconf 91' lang='lat' dir='ltr'><strong>contra</strong></span> <span class='ocrx_word' id='word_1_64' title='bbox 474 554 613 581; x_wconf 89' lang='lat' dir='ltr'><strong>desiderio</strong></span> <span class='ocrx_word' id='word_1_65' title='bbox 639 558 669 580; x_wconf 86' lang='lat' dir='ltr'><strong>et</strong></span> <span class='ocrx_word' id='word_1_66' title='bbox 695 552 847 588; x_wconf 79' lang='lat' dir='ltr'><strong>cupiditate</strong></span> <span class='ocrx_word' id='word_1_67' title='bbox 873 554 1065 588; x_wconf 70' lang='lat' dir='ltr'><strong>praesentium,</strong></span> 
     </span>
    </p>
   </div>
   <div class='ocr_carea' id='block_1_13' title="bbox 272 599 1066 635">
    <p class='ocr_par' dir='ltr' id='par_1_13' title="bbox 272 599 1066 635">
     <span class='ocr_line' id='line_1_13' title="bbox 272 599 1066 635; baseline 0 -8"><span class='ocrx_word' id='word_1_68' title='bbox 272 600 355 627; x_wconf 86' lang='lat' dir='ltr'><strong>bonis</strong></span> <span class='ocrx_word' id='word_1_69' title='bbox 382 608 523 635; x_wconf 78' lang='lat' dir='ltr'><strong>nunquam</strong></span> <span class='ocrx_word' id='word_1_70' title='bbox 552 599 732 627; x_wconf 85' lang='lat' dir='ltr'><strong>terminandis</strong></span> <span class='ocrx_word' id='word_1_71' title='bbox 754 599 890 627; x_wconf 81' lang='lat' dir='ltr'><strong>frustrari.</strong></span> <span class='ocrx_word' id='word_1_72' title='bbox 916 599 949 626; x_wconf 84' lang='lat' dir='ltr'><strong>Et</strong></span> <span class='ocrx_word' id='word_1_73' title='bbox 970 607 1066 628; x_wconf 86' lang='lat' dir='ltr'><strong>verum</strong></span> 
     </span>
    </p>
   </div>
   <div class='ocr_carea' id='block_1_14' title="bbox 270 645 1066 681">
    <p class='ocr_par' dir='ltr' id='par_1_14' title="bbox 270 645 1066 681">
     <span class='ocr_line' id='line_1_14' title="bbox 270 645 1066 681; baseline -0.003 -7"><span class='ocrx_word' id='word_1_74' title='bbox 270 654 332 674; x_wconf 84' lang='lat' dir='ltr'><strong>esse</strong></span> <span class='ocrx_word' id='word_1_75' title='bbox 349 647 386 679; x_wconf 82' lang='lat' dir='ltr'><strong>id,</strong></span> <span class='ocrx_word' id='word_1_76' title='bbox 407 647 480 681; x_wconf 91' lang='lat' dir='ltr'><strong>quod</strong></span> <span class='ocrx_word' id='word_1_77' title='bbox 495 646 597 673; x_wconf 85' lang='lat' dir='ltr'><strong>dictum</strong></span> <span class='ocrx_word' id='word_1_78' title='bbox 625 650 678 677; x_wconf 87' lang='lat' dir='ltr'><strong>est,</strong></span> <span class='ocrx_word' id='word_1_79' title='bbox 701 645 873 673; x_wconf 82' lang='lat' dir='ltr'><strong>convincunt</strong></span> <span class='ocrx_word' id='word_1_80' title='bbox 890 652 941 672; x_wconf 86' lang='lat' dir='ltr'><strong>nos</strong></span> <span class='ocrx_word' id='word_1_81' title='bbox 956 645 1066 680; x_wconf 85' lang='lat' dir='ltr'><strong>quidem</strong></span> 
     </span>
    </p>
   </div>
   <div class='ocr_carea' id='block_1_15' title="bbox 272 690 1069 726">
    <p class='ocr_par' dir='ltr' id='par_1_15' title="bbox 272 690 1069 726">
     <span class='ocr_line' id='line_1_15' title="bbox 272 690 1069 726; baseline -0.001 -8"><span class='ocrx_word' id='word_1_82' title='bbox 272 699 368 718; x_wconf 89' lang='lat' dir='ltr'><strong>omnes</strong></span> <span class='ocrx_word' id='word_1_83' title='bbox 383 691 518 723; x_wconf 86' lang='lat' dir='ltr'><strong>homines,</strong></span> <span class='ocrx_word' id='word_1_84' title='bbox 534 690 607 726; x_wconf 86' lang='lat' dir='ltr'><strong>quia</strong></span> <span class='ocrx_word' id='word_1_85' title='bbox 620 690 720 718; x_wconf 63' lang='lat' dir='ltr'><strong>saeculo</strong></span> <span class='ocrx_word' id='word_1_86' title='bbox 734 695 810 723; x_wconf 86' lang='lat' dir='ltr'><strong>sunt,</strong></span> <span class='ocrx_word' id='word_1_87' title='bbox 828 691 874 725; x_wconf 87' lang='lat' dir='ltr'><strong>qui</strong></span> <span class='ocrx_word' id='word_1_88' title='bbox 891 691 947 718; x_wconf 88' lang='lat' dir='ltr'><strong>Deo</strong></span> <span class='ocrx_word' id='word_1_89' title='bbox 958 691 1069 726; x_wconf 78' lang='lat' dir='ltr'><strong>placere</strong></span> 
     </span>
    </p>
   </div>
   <div class='ocr_carea' id='block_1_16' title="bbox 272 736 1067 771">
    <p class='ocr_par' dir='ltr' id='par_1_16' title="bbox 272 736 1067 771">
     <span class='ocr_line' id='line_1_16' title="bbox 272 736 1067 771; baseline -0.003 -6"><span class='ocrx_word' id='word_1_90' title='bbox 272 737 449 769; x_wconf 87' lang='lat' dir='ltr'><strong>studuerunt,</strong></span> <span class='ocrx_word' id='word_1_91' title='bbox 471 737 579 764; x_wconf 83' lang='lat' dir='ltr'><strong>tametsi</strong></span> <span class='ocrx_word' id='word_1_92' title='bbox 605 736 727 771; x_wconf 87' lang='lat' dir='ltr'><strong>ejusdem</strong></span> <span class='ocrx_word' id='word_1_93' title='bbox 757 736 901 764; x_wconf 90' lang='lat' dir='ltr'><strong>nobiscum</strong></span> <span class='ocrx_word' id='word_1_94' title='bbox 924 740 1067 764; x_wconf 86' lang='lat' dir='ltr'><strong>consortes</strong></span> 
     </span>
    </p>
   </div>
   <div class='ocr_carea' id='block_1_17' title="bbox 274 782 1066 818">
    <p class='ocr_par' dir='ltr' id='par_1_17' title="bbox 274 782 1066 818">
     <span class='ocr_line' id='line_1_17' title="bbox 274 782 1066 818; baseline -0.001 -8"><span class='ocrx_word' id='word_1_95' title='bbox 274 788 368 810; x_wconf 84' lang='lat' dir='ltr'><strong>essent</strong></span> <span class='ocrx_word' id='word_1_96' title='bbox 377 788 482 810; x_wconf 64' lang='lat' dir='ltr'><strong>natura:</strong></span> <span class='ocrx_word' id='word_1_97' title='bbox 494 791 501 816; x_wconf 84' lang='lat'><strong>;</strong></span> <span class='ocrx_word' id='word_1_98' title='bbox 517 782 635 809; x_wconf 78' lang='lat' dir='ltr'><strong>maxime</strong></span> <span class='ocrx_word' id='word_1_99' title='bbox 646 790 711 810; x_wconf 88' lang='lat' dir='ltr'><strong>vero</strong></span> <span class='ocrx_word' id='word_1_100' title='bbox 724 783 771 817; x_wconf 91' lang='lat' dir='ltr'><strong>qui</strong></span> <span class='ocrx_word' id='word_1_101' title='bbox 783 782 810 809; x_wconf 90' lang='lat' dir='ltr'><strong>in</strong></span> <span class='ocrx_word' id='word_1_102' title='bbox 822 786 902 809; x_wconf 71' lang='lat' dir='ltr'><strong>tctate</strong></span> <span class='ocrx_word' id='word_1_103' title='bbox 914 787 1007 809; x_wconf 90' lang='lat' dir='ltr'><strong>nostra</strong></span> <span class='ocrx_word' id='word_1_104' title='bbox 1017 782 1066 818; x_wconf 88' lang='lat' dir='ltr'><strong>(l),</strong></span> 
     </span>
    </p>
   </div>
   <div class='ocr_carea' id='block_1_18' title="bbox 273 827 1068 863">
    <p class='ocr_par' dir='ltr' id='par_1_18' title="bbox 273 827 1068 863">
     <span class='ocr_line' id='line_1_18' title="bbox 273 827 1068 863; baseline -0.001 -8"><span class='ocrx_word' id='word_1_105' title='bbox 273 828 417 855; x_wconf 85' lang='lat' dir='ltr'><strong>luminaria</strong></span> <span class='ocrx_word' id='word_1_106' title='bbox 433 832 628 863; x_wconf 87' lang='lat' dir='ltr'><strong>apparuerunt.</strong></span> <span class='ocrx_word' id='word_1_107' title='bbox 648 827 770 860; x_wconf 83' lang='lat' dir='ltr'><strong>Quorum</strong></span> <span class='ocrx_word' id='word_1_108' title='bbox 792 834 864 853; x_wconf 91' lang='lat' dir='ltr'><strong>unus</strong></span> <span class='ocrx_word' id='word_1_109' title='bbox 887 827 933 854; x_wconf 86' lang='lat' dir='ltr'><strong>hic</strong></span> <span class='ocrx_word' id='word_1_110' title='bbox 955 827 1068 862; x_wconf 87' lang='lat' dir='ltr'><strong>sapien-</strong></span> 
     </span>
    </p>
   </div>
   <div class='ocr_carea' id='block_1_19' title="bbox 273 872 1068 909">
    <p class='ocr_par' dir='ltr' id='par_1_19' title="bbox 273 872 1068 909">
     <span class='ocr_line' id='line_1_19' title="bbox 273 872 1068 909; baseline -0.003 -8"><span class='ocrx_word' id='word_1_111' title='bbox 273 874 394 902; x_wconf 75' lang='lat' dir='ltr'><strong>tissimus</strong></span> <span class='ocrx_word' id='word_1_112' title='bbox 407 874 523 909; x_wconf 82' lang='lat' dir='ltr'><strong>Symeon</strong></span> <span class='ocrx_word' id='word_1_113' title='bbox 537 873 642 901; x_wconf 83' lang='lat' dir='ltr'><strong>exstitit</strong></span> <span class='ocrx_word' id='word_1_114' title='bbox 659 873 708 908; x_wconf 70' lang='grc' dir='ltr'><strong>(Ξ),</strong></span> <span class='ocrx_word' id='word_1_115' title='bbox 721 873 878 900; x_wconf 71' lang='lat' dir='ltr'><strong>multorum</strong></span> <span class='ocrx_word' id='word_1_116' title='bbox 894 880 950 908; x_wconf 75' lang='lat' dir='ltr'><strong>pra:</strong></span> <span class='ocrx_word' id='word_1_117' title='bbox 974 872 1068 900; x_wconf 88' lang='lat' dir='ltr'><strong>multis</strong></span> 
     </span>
    </p>
   </div>
   <div class='ocr_carea' id='block_1_20' title="bbox 272 918 1065 954">
    <p class='ocr_par' dir='ltr' id='par_1_20' title="bbox 272 918 1065 954">
     <span class='ocr_line' id='line_1_20' title="bbox 272 918 1065 954; baseline -0.003 -7"><span class='ocrx_word' id='word_1_118' title='bbox 272 920 467 948; x_wconf 82' lang='lat' dir='ltr'><strong>venerabilior.</strong></span> <span class='ocrx_word' id='word_1_119' title='bbox 492 919 530 946; x_wconf 88' lang='lat' dir='ltr'><strong>Eo</strong></span> <span class='ocrx_word' id='word_1_120' title='bbox 545 919 618 954; x_wconf 88' lang='lat' dir='ltr'><strong>quod</strong></span> <span class='ocrx_word' id='word_1_121' title='bbox 638 918 672 946; x_wconf 86' lang='lat' dir='ltr'><strong>ad</strong></span> <span class='ocrx_word' id='word_1_122' title='bbox 694 923 800 946; x_wconf 83' lang='lat' dir='ltr'><strong>tantum</strong></span> <span class='ocrx_word' id='word_1_123' title='bbox 821 918 949 954; x_wconf 75' lang='lat' dir='ltr'><strong>purilatis</strong></span> <span class='ocrx_word' id='word_1_124' title='bbox 967 923 995 946; x_wconf 91' lang='lat' dir='ltr'><strong>et</strong></span> <span class='ocrx_word' id='word_1_125' title='bbox 1012 918 1065 946; x_wconf 90' lang='lat' dir='ltr'><strong>im-</strong></span> 
     </span>
    </p>
   </div>
   <div class='ocr_carea' id='block_1_21' title="bbox 272 964 1066 1001">
    <p class='ocr_par' dir='ltr' id='par_1_21' title="bbox 272 964 1066 1001">
     <span class='ocr_line' id='line_1_21' title="bbox 272 964 1066 1001; baseline -0.003 -8"><span class='ocrx_word' id='word_1_126' title='bbox 272 965 461 1001; x_wconf 76' lang='lat' dir='ltr'><strong>passibilitatis</strong></span> <span class='ocrx_word' id='word_1_127' title='bbox 478 964 615 1000; x_wconf 74' lang='lat' dir='ltr'><strong>fastigium</strong></span> <span class='ocrx_word' id='word_1_128' title='bbox 637 964 808 997; x_wconf 76' lang='lat' dir='ltr'><strong>conscendit,</strong></span> <span class='ocrx_word' id='word_1_129' title='bbox 825 968 855 991; x_wconf 88' lang='lat' dir='ltr'><strong>ut</strong></span> <span class='ocrx_word' id='word_1_130' title='bbox 872 972 922 999; x_wconf 88' lang='lat' dir='ltr'><strong>per</strong></span> <span class='ocrx_word' id='word_1_131' title='bbox 940 971 983 996; x_wconf 85' lang='lat' dir='ltr'><strong>ea,</strong></span> <span class='ocrx_word' id='word_1_132' title='bbox 1004 971 1066 998; x_wconf 74' lang='lat' dir='ltr'><strong>qua:</strong></span> 
     </span>
    </p>
   </div>
   <div class='ocr_carea' id='block_1_22' title="bbox 275 1009 1064 1045">
    <p class='ocr_par' dir='ltr' id='par_1_22' title="bbox 275 1009 1064 1045">
     <span class='ocr_line' id='line_1_22' title="bbox 275 1009 1064 1045; baseline -0.003 -7"><span class='ocrx_word' id='word_1_133' title='bbox 275 1011 304 1039; x_wconf 90' lang='lat' dir='ltr'><strong>in</strong></span> <span class='ocrx_word' id='word_1_134' title='bbox 323 1011 366 1038; x_wconf 86' lang='lat' dir='ltr'><strong>via</strong></span> <span class='ocrx_word' id='word_1_135' title='bbox 383 1011 492 1038; x_wconf 86' lang='lat' dir='ltr'><strong>virtutis</strong></span> <span class='ocrx_word' id='word_1_136' title='bbox 503 1010 632 1038; x_wconf 89' lang='lat' dir='ltr'><strong>videntur</strong></span> <span class='ocrx_word' id='word_1_137' title='bbox 645 1010 744 1037; x_wconf 81' lang='lat' dir='ltr'><strong>aﬂ&#39;erre</strong></span> <span class='ocrx_word' id='word_1_138' title='bbox 759 1010 908 1045; x_wconf 81' lang='lat' dir='ltr'><strong>piaculum,</strong></span> <span class='ocrx_word' id='word_1_139' title='bbox 922 1009 1064 1042; x_wconf 90' lang='lat' dir='ltr'><strong>damnum,</strong></span> 
     </span>
    </p>
   </div>
   <div class='ocr_carea' id='block_1_23' title="bbox 272 1055 1067 1091">
    <p class='ocr_par' dir='ltr' id='par_1_23' title="bbox 272 1055 1067 1091">
     <span class='ocr_line' id='line_1_23' title="bbox 272 1055 1067 1091; baseline -0.003 -7"><span class='ocrx_word' id='word_1_140' title='bbox 272 1065 306 1084; x_wconf 78' lang='lat' dir='ltr'><strong>ac</strong></span> <span class='ocrx_word' id='word_1_141' title='bbox 320 1057 546 1091; x_wconf 82' lang='lat' dir='ltr'><strong>impedimentum</strong></span> <span class='ocrx_word' id='word_1_142' title='bbox 564 1056 628 1088; x_wconf 88' lang='lat' dir='ltr'><strong>illis,</strong></span> <span class='ocrx_word' id='word_1_143' title='bbox 655 1056 701 1091; x_wconf 85' lang='lat' dir='ltr'><strong>qui</strong></span> <span class='ocrx_word' id='word_1_144' title='bbox 715 1055 807 1091; x_wconf 88' lang='lat' dir='ltr'><strong>pravis</strong></span> <span class='ocrx_word' id='word_1_145' title='bbox 829 1055 1023 1083; x_wconf 76' lang='lat' dir='ltr'><strong>aﬂ’ectionibus</strong></span> <span class='ocrx_word' id='word_1_146' title='bbox 1039 1060 1067 1083; x_wconf 90' lang='lat' dir='ltr'><strong>et</strong></span> 
     </span>
    </p>
   </div>
   <div class='ocr_carea' id='block_1_24' title="bbox 273 1101 1068 1136">
    <p class='ocr_par' dir='ltr' id='par_1_24' title="bbox 273 1101 1068 1136">
     <span class='ocr_line' id='line_1_24' title="bbox 273 1101 1068 1136; baseline -0.003 -7"><span class='ocrx_word' id='word_1_147' title='bbox 273 1102 349 1130; x_wconf 87' lang='lat' dir='ltr'><strong>carni</strong></span> <span class='ocrx_word' id='word_1_148' title='bbox 379 1102 549 1129; x_wconf 82' lang='lat' dir='ltr'><strong>astrictiores</strong></span> <span class='ocrx_word' id='word_1_149' title='bbox 579 1106 655 1133; x_wconf 91' lang='lat' dir='ltr'><strong>sunt,</strong></span> <span class='ocrx_word' id='word_1_150' title='bbox 676 1109 726 1136; x_wconf 90' lang='lat' dir='ltr'><strong>per</strong></span> <span class='ocrx_word' id='word_1_151' title='bbox 751 1108 794 1133; x_wconf 73' lang='lat' dir='ltr'><strong>ea,</strong></span> <span class='ocrx_word' id='word_1_152' title='bbox 811 1101 934 1136; x_wconf 84' lang='lat' dir='ltr'><strong>inquam.</strong></span> <span class='ocrx_word' id='word_1_153' title='bbox 955 1101 1068 1136; x_wconf 89' lang='lat' dir='ltr'><strong>purissi-</strong></span> 
     </span>
    </p>
   </div>
   <div class='ocr_carea' id='block_1_25' title="bbox 273 1146 1067 1182">
    <p class='ocr_par' dir='ltr' id='par_1_25' title="bbox 273 1146 1067 1182">
     <span class='ocr_line' id='line_1_25' title="bbox 273 1146 1067 1182; baseline 0 -9"><span class='ocrx_word' id='word_1_154' title='bbox 273 1154 334 1174; x_wconf 85' lang='lat' dir='ltr'><strong>mus</strong></span> <span class='ocrx_word' id='word_1_155' title='bbox 348 1147 384 1173; x_wconf 87' lang='lat' dir='ltr'><strong>illi</strong></span> <span class='ocrx_word' id='word_1_156' title='bbox 401 1147 523 1180; x_wconf 81' lang='lat' dir='ltr'><strong>Simeon,</strong></span> <span class='ocrx_word' id='word_1_157' title='bbox 556 1146 627 1174; x_wconf 80' lang='lat' dir='ltr'><strong>sicut</strong></span> <span class='ocrx_word' id='word_1_158' title='bbox 643 1147 799 1182; x_wconf 70' lang='lat' dir='ltr'><strong>margarita,</strong></span> <span class='ocrx_word' id='word_1_159' title='bbox 816 1147 957 1181; x_wconf 87' lang='lat' dir='ltr'><strong>impollute</strong></span> <span class='ocrx_word' id='word_1_160' title='bbox 974 1151 1067 1174; x_wconf 65' lang='lat' dir='ltr'><strong>trans»</strong></span> 
     </span>
    </p>
   </div>
   <div class='ocr_carea' id='block_1_26' title="bbox 273 1193 1067 1228">
    <p class='ocr_par' dir='ltr' id='par_1_26' title="bbox 273 1193 1067 1228">
     <span class='ocr_line' id='line_1_26' title="bbox 273 1193 1067 1228; baseline 0 -8"><span class='ocrx_word' id='word_1_161' title='bbox 273 1193 346 1220; x_wconf 85' lang='lat' dir='ltr'><strong>ierit.</strong></span> <span class='ocrx_word' id='word_1_162' title='bbox 369 1193 478 1228; x_wconf 86' lang='lat' dir='ltr'><strong>Loquor</strong></span> <span class='ocrx_word' id='word_1_163' title='bbox 500 1199 567 1222; x_wconf 86' lang='lat' dir='ltr'><strong>sane</strong></span> <span class='ocrx_word' id='word_1_164' title='bbox 587 1193 621 1221; x_wconf 85' lang='lat' dir='ltr'><strong>de</strong></span> <span class='ocrx_word' id='word_1_165' title='bbox 643 1193 863 1221; x_wconf 77' lang='lat' dir='ltr'><strong>commoratione</strong></span> <span class='ocrx_word' id='word_1_166' title='bbox 878 1193 939 1228; x_wconf 85' lang='lat' dir='ltr'><strong>ejus</strong></span> <span class='ocrx_word' id='word_1_167' title='bbox 954 1193 981 1221; x_wconf 87' lang='lat' dir='ltr'><strong>in</strong></span> <span class='ocrx_word' id='word_1_168' title='bbox 997 1193 1067 1221; x_wconf 87' lang='lat' dir='ltr'><strong>civi-</strong></span> 
     </span>
    </p>
   </div>
   <div class='ocr_carea' id='block_1_27' title="bbox 274 1239 1067 1275">
    <p class='ocr_par' dir='ltr' id='par_1_27' title="bbox 274 1239 1067 1275">
     <span class='ocr_line' id='line_1_27' title="bbox 274 1239 1067 1275; baseline 0.003 -9"><span class='ocrx_word' id='word_1_169' title='bbox 274 1244 339 1271; x_wconf 85' lang='lat' dir='ltr'><strong>tate,</strong></span> <span class='ocrx_word' id='word_1_170' title='bbox 363 1239 510 1267; x_wconf 83' lang='lat' dir='ltr'><strong>mulierum</strong></span> <span class='ocrx_word' id='word_1_171' title='bbox 533 1239 725 1272; x_wconf 84' lang='lat' dir='ltr'><strong>conversione,</strong></span> <span class='ocrx_word' id='word_1_172' title='bbox 749 1244 778 1267; x_wconf 78' lang='lat' dir='ltr'><strong>et</strong></span> <span class='ocrx_word' id='word_1_173' title='bbox 799 1240 904 1275; x_wconf 85' lang='lat' dir='ltr'><strong>reliqua</strong></span> <span class='ocrx_word' id='word_1_174' title='bbox 925 1240 988 1267; x_wconf 67' lang='lat' dir='ltr'><strong>vitae</strong></span> <span class='ocrx_word' id='word_1_175' title='bbox 1005 1241 1067 1275; x_wconf 79' lang='lat' dir='ltr'><strong>ejus</strong></span> 
     </span>
    </p>
   </div>
   <div class='ocr_carea' id='block_1_28' title="bbox 274 1282 1068 1318">
    <p class='ocr_par' dir='ltr' id='par_1_28' title="bbox 274 1282 1068 1318">
     <span class='ocr_line' id='line_1_28' title="bbox 274 1282 1068 1318; baseline 0.004 -9"><span class='ocrx_word' id='word_1_176' title='bbox 274 1282 369 1310; x_wconf 82' lang='lat' dir='ltr'><strong>iraude</strong></span> <span class='ocrx_word' id='word_1_177' title='bbox 382 1291 388 1315; x_wconf 89' lang='lat'>;</span> <span class='ocrx_word' id='word_1_178' title='bbox 403 1283 535 1310; x_wconf 81' lang='lat' dir='ltr'><strong>festinans</strong></span> <span class='ocrx_word' id='word_1_179' title='bbox 549 1291 612 1310; x_wconf 88' lang='lat' dir='ltr'><strong>vere</strong></span> <span class='ocrx_word' id='word_1_180' title='bbox 622 1283 778 1316; x_wconf 80' lang='lat' dir='ltr'><strong>ostendere,</strong></span> <span class='ocrx_word' id='word_1_181' title='bbox 789 1284 1027 1318; x_wconf 81' lang='lat' dir='ltr'><strong>desidiosioribus,</strong></span> <span class='ocrx_word' id='word_1_182' title='bbox 1039 1290 1068 1313; x_wconf 90' lang='lat' dir='ltr'><strong>et</strong></span> 
     </span>
    </p>
   </div>
   <div class='ocr_carea' id='block_1_29' title="bbox 273 1328 1067 1364">
    <p class='ocr_par' dir='ltr' id='par_1_29' title="bbox 273 1328 1067 1364">
     <span class='ocr_line' id='line_1_29' title="bbox 273 1328 1067 1364; baseline 0.004 -9"><span class='ocrx_word' id='word_1_183' title='bbox 273 1328 462 1364; x_wconf 78' lang='lat' dir='ltr'><strong>impotentiam</strong></span> <span class='ocrx_word' id='word_1_184' title='bbox 485 1329 663 1356; x_wconf 80' lang='lat' dir='ltr'><strong>causantibus</strong></span> <span class='ocrx_word' id='word_1_185' title='bbox 693 1329 728 1356; x_wconf 92' lang='lat' dir='ltr'><strong>ad</strong></span> <span class='ocrx_word' id='word_1_186' title='bbox 752 1329 837 1357; x_wconf 77' lang='lat' dir='ltr'><strong>vitam</strong></span> <span class='ocrx_word' id='word_1_187' title='bbox 870 1338 932 1358; x_wconf 86' lang='lat' dir='ltr'><strong>cum</strong></span> <span class='ocrx_word' id='word_1_188' title='bbox 965 1330 1067 1359; x_wconf 82' lang='lat' dir='ltr'><strong>virtute</strong></span> 
     </span>
    </p>
   </div>
   <div class='ocr_carea' id='block_1_30' title="bbox 274 1375 1067 1409">
    <p class='ocr_par' dir='ltr' id='par_1_30' title="bbox 274 1375 1067 1409">
     <span class='ocr_line' id='line_1_30' title="bbox 274 1375 1067 1409; baseline 0.004 -8"><span class='ocrx_word' id='word_1_189' title='bbox 274 1375 491 1409; x_wconf 84' lang='lat' dir='ltr'><strong>transigendam,</strong></span> <span class='ocrx_word' id='word_1_190' title='bbox 511 1375 626 1409; x_wconf 59' lang='lat' dir='ltr'><strong>praeberi</strong></span> <span class='ocrx_word' id='word_1_191' title='bbox 642 1383 658 1402; x_wconf 74' lang='grc' dir='ltr'><strong>ιι</strong></span> <span class='ocrx_word' id='word_1_192' title='bbox 672 1375 729 1403; x_wconf 88' lang='lat' dir='ltr'><strong>Deo</strong></span> <span class='ocrx_word' id='word_1_193' title='bbox 744 1376 825 1408; x_wconf 89' lang='lat' dir='ltr'><strong>vires,</strong></span> <span class='ocrx_word' id='word_1_194' title='bbox 842 1376 950 1404; x_wconf 89' lang='lat' dir='ltr'><strong>sincere</strong></span> <span class='ocrx_word' id='word_1_195' title='bbox 963 1384 996 1404; x_wconf 80' lang='lat' dir='ltr'><strong>ex</strong></span> <span class='ocrx_word' id='word_1_196' title='bbox 1010 1380 1067 1404; x_wconf 80' lang='lat' dir='ltr'><strong>tota</strong></span> 
     </span>
    </p>
   </div>
   <div class='ocr_carea' id='block_1_31' title="bbox 274 1420 1067 1457">
    <p class='ocr_par' dir='ltr' id='par_1_31' title="bbox 274 1420 1067 1457">
     <span class='ocr_line' id='line_1_31' title="bbox 274 1420 1067 1457; baseline 0.004 -10"><span class='ocrx_word' id='word_1_197' title='bbox 274 1420 366 1448; x_wconf 86' lang='lat' dir='ltr'><strong>anima</strong></span> <span class='ocrx_word' id='word_1_198' title='bbox 387 1420 438 1456; x_wconf 87' lang='lat' dir='ltr'><strong>ipsi</strong></span> <span class='ocrx_word' id='word_1_199' title='bbox 463 1420 702 1454; x_wconf 82' lang='lat' dir='ltr'><strong>ministrantibus,</strong></span> <span class='ocrx_word' id='word_1_200' title='bbox 739 1427 834 1449; x_wconf 84' lang='lat' dir='ltr'><strong>contra</strong></span> <span class='ocrx_word' id='word_1_201' title='bbox 867 1422 980 1457; x_wconf 78' lang='lat' dir='ltr'><strong>spiritus</strong></span> <span class='ocrx_word' id='word_1_202' title='bbox 1010 1429 1067 1450; x_wconf 83' lang='lat' dir='ltr'><strong>ma-</strong></span> 
     </span>
    </p>
   </div>
   <div class='ocr_carea' id='block_1_32' title="bbox 275 1467 354 1495">
    <p class='ocr_par' dir='ltr' id='par_1_32' title="bbox 275 1467 354 1495">
     <span class='ocr_line' id='line_1_32' title="bbox 275 1467 354 1495; baseline 0.013 -1"><span class='ocrx_word' id='word_1_203' title='bbox 275 1467 354 1495; x_wconf 70' lang='lat' dir='ltr'><strong>litiae.</strong></span> 
     </span>
    </p>
   </div>
   <div class='ocr_carea' id='block_1_33' title="bbox 1080 1525 1103 1555">
    <p class='ocr_par' dir='ltr' id='par_1_33' title="bbox 1080 1525 1103 1555">
     <span class='ocr_line' id='line_1_33' title="bbox 1080 1525 1103 1555; baseline 0 0"><span class='ocrx_word' id='word_1_204' title='bbox 1080 1525 1103 1555; x_wconf 88' lang='lat' dir='ltr'>C</span> 
     </span>
    </p>
   </div>
   <div class='ocr_carea' id='block_1_34' title="bbox 309 1557 1069 1594">
    <p class='ocr_par' dir='ltr' id='par_1_34' title="bbox 309 1557 1069 1594">
     <span class='ocr_line' id='line_1_34' title="bbox 309 1557 1069 1594; baseline 0.003 -9"><span class='ocrx_word' id='word_1_205' title='bbox 309 1558 337 1585; x_wconf 78' lang='lat'><strong>3.</strong></span> <span class='ocrx_word' id='word_1_206' title='bbox 358 1557 433 1593; x_wconf 74' lang='lat' dir='ltr'><strong>Rogo</strong></span> <span class='ocrx_word' id='word_1_207' title='bbox 447 1562 539 1585; x_wconf 87' lang='lat' dir='ltr'><strong>autem</strong></span> <span class='ocrx_word' id='word_1_208' title='bbox 554 1565 663 1590; x_wconf 70' lang='lat' dir='ltr'><strong>emines,</strong></span> <span class='ocrx_word' id='word_1_209' title='bbox 686 1558 733 1593; x_wconf 86' lang='lat' dir='ltr'><strong>qui</strong></span> <span class='ocrx_word' id='word_1_210' title='bbox 753 1558 787 1587; x_wconf 87' lang='lat' dir='ltr'><strong>de</strong></span> <span class='ocrx_word' id='word_1_211' title='bbox 807 1559 937 1594; x_wconf 73' lang='lat' dir='ltr'><strong>angelicae</strong></span> <span class='ocrx_word' id='word_1_212' title='bbox 953 1566 1069 1587; x_wconf 81' lang='lat' dir='ltr'><strong>conver-</strong></span> 
     </span>
    </p>
   </div>
   <div class='ocr_carea' id='block_1_35' title="bbox 274 1602 1082 1640">
    <p class='ocr_par' dir='ltr' id='par_1_35' title="bbox 274 1602 1082 1640">
     <span class='ocr_line' id='line_1_35' title="bbox 274 1602 1082 1640; baseline 0.006 -12"><span class='ocrx_word' id='word_1_213' title='bbox 274 1602 390 1629; x_wconf 83' lang='lat' dir='ltr'><strong>sationis</strong></span> <span class='ocrx_word' id='word_1_214' title='bbox 402 1603 472 1637; x_wconf 78' lang='lat' dir='ltr'><strong>ejns,</strong></span> <span class='ocrx_word' id='word_1_215' title='bbox 486 1611 547 1638; x_wconf 72' lang='lat' dir='ltr'><strong>qua:</strong></span> <span class='ocrx_word' id='word_1_216' title='bbox 562 1611 619 1638; x_wconf 65' lang='lat' dir='ltr'><strong>pra:</strong></span> <span class='ocrx_word' id='word_1_217' title='bbox 638 1604 765 1631; x_wconf 83' lang='lat' dir='ltr'><strong>manibus</strong></span> <span class='ocrx_word' id='word_1_218' title='bbox 780 1610 832 1638; x_wconf 89' lang='lat' dir='ltr'><strong>est,</strong></span> <span class='ocrx_word' id='word_1_219' title='bbox 844 1605 1003 1633; x_wconf 83' lang='lat' dir='ltr'><strong>narratione</strong></span> <span class='ocrx_word' id='word_1_220' title='bbox 1018 1613 1082 1640; x_wconf 17' lang='lat' dir='ltr'><strong>au-V</strong></span> 
     </span>
    </p>
   </div>
   <div class='ocr_carea' id='block_1_36' title="bbox 275 1647 1070 1682">
    <p class='ocr_par' dir='ltr' id='par_1_36' title="bbox 275 1647 1070 1682">
     <span class='ocr_line' id='line_1_36' title="bbox 275 1647 1070 1682; baseline 0.006 -10"><span class='ocrx_word' id='word_1_221' title='bbox 275 1647 354 1673; x_wconf 83' lang='lat' dir='ltr'><strong>diuut</strong></span> <span class='ocrx_word' id='word_1_222' title='bbox 369 1647 413 1674; x_wconf 88' lang='lat' dir='ltr'><strong>vel</strong></span> <span class='ocrx_word' id='word_1_223' title='bbox 435 1647 539 1682; x_wconf 70' lang='lat' dir='ltr'><strong>legunt,</strong></span> <span class='ocrx_word' id='word_1_224' title='bbox 552 1653 582 1675; x_wconf 89' lang='lat' dir='ltr'><strong>ut</strong></span> <span class='ocrx_word' id='word_1_225' title='bbox 602 1656 664 1675; x_wconf 86' lang='lat' dir='ltr'><strong>eum</strong></span> <span class='ocrx_word' id='word_1_226' title='bbox 681 1649 779 1676; x_wconf 87' lang='lat' dir='ltr'><strong>timore</strong></span> <span class='ocrx_word' id='word_1_227' title='bbox 802 1649 909 1676; x_wconf 87' lang='lat' dir='ltr'><strong>Domini</strong></span> <span class='ocrx_word' id='word_1_228' title='bbox 928 1650 1070 1678; x_wconf 83' lang='lat' dir='ltr'><strong>attendant</strong></span> 
     </span>
    </p>
   </div>
   <div class='ocr_carea' id='block_1_37' title="bbox 276 1691 1068 1729">
    <p class='ocr_par' dir='ltr' id='par_1_37' title="bbox 276 1691 1068 1729">
     <span class='ocr_line' id='line_1_37' title="bbox 276 1691 1068 1729; baseline 0.006 -11"><span class='ocrx_word' id='word_1_229' title='bbox 276 1691 320 1724; x_wconf 85' lang='lat' dir='ltr'><strong>iis,</strong></span> <span class='ocrx_word' id='word_1_230' title='bbox 336 1699 397 1726; x_wconf 78' lang='lat' dir='ltr'><strong>quae</strong></span> <span class='ocrx_word' id='word_1_231' title='bbox 408 1693 550 1725; x_wconf 84' lang='lat' dir='ltr'><strong>dicuntur,</strong></span> <span class='ocrx_word' id='word_1_232' title='bbox 565 1698 594 1720; x_wconf 85' lang='lat' dir='ltr'><strong>et</strong></span> <span class='ocrx_word' id='word_1_233' title='bbox 603 1701 711 1727; x_wconf 75' lang='lat' dir='ltr'><strong>verace,</strong></span> <span class='ocrx_word' id='word_1_234' title='bbox 724 1701 785 1729; x_wconf 70' lang='lat' dir='ltr'><strong>quae</strong></span> <span class='ocrx_word' id='word_1_235' title='bbox 796 1694 966 1723; x_wconf 88' lang='lat' dir='ltr'><strong>Christianos</strong></span> <span class='ocrx_word' id='word_1_236' title='bbox 978 1695 1068 1728; x_wconf 82' lang='lat' dir='ltr'><strong>decet,</strong></span> 
     </span>
    </p>
   </div>
   <div class='ocr_carea' id='block_1_38' title="bbox 275 1737 1070 1773">
    <p class='ocr_par' dir='ltr' id='par_1_38' title="bbox 275 1737 1070 1773">
     <span class='ocr_line' id='line_1_38' title="bbox 275 1737 1070 1773; baseline 0.004 -8"><span class='ocrx_word' id='word_1_237' title='bbox 275 1741 358 1772; x_wconf 83' lang='lat' dir='ltr'><strong>atque</strong></span> <span class='ocrx_word' id='word_1_238' title='bbox 375 1737 540 1765; x_wconf 86' lang='lat' dir='ltr'><strong>inconcussa</strong></span> <span class='ocrx_word' id='word_1_239' title='bbox 563 1738 626 1766; x_wconf 80' lang='lat' dir='ltr'><strong>ﬁde.</strong></span> <span class='ocrx_word' id='word_1_240' title='bbox 648 1738 781 1766; x_wconf 84' lang='lat' dir='ltr'><strong>Novimus</strong></span> <span class='ocrx_word' id='word_1_241' title='bbox 796 1740 870 1766; x_wconf 89' lang='lat' dir='ltr'><strong>enim</strong></span> <span class='ocrx_word' id='word_1_242' title='bbox 890 1739 1024 1773; x_wconf 78' lang='lat' dir='ltr'><strong>futurum,</strong></span> <span class='ocrx_word' id='word_1_243' title='bbox 1040 1745 1070 1768; x_wconf 88' lang='lat' dir='ltr'><strong>ut</strong></span> 
     </span>
    </p>
   </div>
   <div class='ocr_carea' id='block_1_39' title="bbox 277 1782 1069 1818">
    <p class='ocr_par' dir='ltr' id='par_1_39' title="bbox 277 1782 1069 1818">
     <span class='ocr_line' id='line_1_39' title="bbox 277 1782 1069 1818; baseline 0.004 -9"><span class='ocrx_word' id='word_1_244' title='bbox 277 1782 322 1815; x_wconf 82' lang='lat' dir='ltr'><strong>iis,</strong></span> <span class='ocrx_word' id='word_1_245' title='bbox 334 1782 380 1817; x_wconf 85' lang='lat' dir='ltr'><strong>qui</strong></span> <span class='ocrx_word' id='word_1_246' title='bbox 393 1783 513 1810; x_wconf 78' lang='lat' dir='ltr'><strong>amentia</strong></span> <span class='ocrx_word' id='word_1_247' title='bbox 530 1786 559 1810; x_wconf 81' lang='lat' dir='ltr'><strong>et</strong></span> <span class='ocrx_word' id='word_1_248' title='bbox 572 1788 733 1818; x_wconf 87' lang='lat' dir='ltr'><strong>contemptu</strong></span> <span class='ocrx_word' id='word_1_249' title='bbox 745 1784 882 1816; x_wconf 85' lang='lat' dir='ltr'><strong>laborant,</strong></span> <span class='ocrx_word' id='word_1_250' title='bbox 897 1784 1069 1813; x_wconf 80' lang='lat' dir='ltr'><strong>incredibilia</strong></span> 
     </span>
    </p>
   </div>
   <div class='ocr_carea' id='block_1_40' title="bbox 275 1828 1070 1864">
    <p class='ocr_par' dir='ltr' id='par_1_40' title="bbox 275 1828 1070 1864">
     <span class='ocr_line' id='line_1_40' title="bbox 275 1828 1070 1864; baseline 0.005 -10"><span class='ocrx_word' id='word_1_251' title='bbox 275 1828 417 1855; x_wconf 83' lang='lat' dir='ltr'><strong>videamur</strong></span> <span class='ocrx_word' id='word_1_252' title='bbox 432 1828 535 1861; x_wconf 83' lang='lat' dir='ltr'><strong>dicere,</strong></span> <span class='ocrx_word' id='word_1_253' title='bbox 550 1833 579 1856; x_wconf 91' lang='lat' dir='ltr'><strong>et</strong></span> <span class='ocrx_word' id='word_1_254' title='bbox 590 1829 647 1856; x_wconf 90' lang='lat' dir='ltr'><strong>risu</strong></span> <span class='ocrx_word' id='word_1_255' title='bbox 668 1829 758 1864; x_wconf 73' lang='lat' dir='ltr'><strong>digna.</strong></span> <span class='ocrx_word' id='word_1_256' title='bbox 775 1829 803 1857; x_wconf 86' lang='lat' dir='ltr'><strong>Si</strong></span> <span class='ocrx_word' id='word_1_257' title='bbox 818 1836 885 1857; x_wconf 91' lang='lat' dir='ltr'><strong>vero</strong></span> <span class='ocrx_word' id='word_1_258' title='bbox 906 1830 1070 1858; x_wconf 90' lang='lat' dir='ltr'><strong>audiverunt</strong></span> 
     </span>
    </p>
   </div>
   <div class='ocr_carea' id='block_1_41' title="bbox 275 1872 1068 1909">
    <p class='ocr_par' dir='ltr' id='par_1_41' title="bbox 275 1872 1068 1909">
     <span class='ocr_line' id='line_1_41' title="bbox 275 1872 1068 1909; baseline 0.005 -10"><span class='ocrx_word' id='word_1_259' title='bbox 275 1872 436 1900; x_wconf 84' lang='lat' dir='ltr'><strong>dicentem:</strong></span> <span class='ocrx_word' id='word_1_260' title='bbox 459 1882 469 1898; x_wconf 75' lang='grc' dir='ltr'><strong>ι</strong></span> <span class='ocrx_word' id='word_1_261' title='bbox 490 1873 541 1906; x_wconf 83' lang='lat' dir='ltr'><strong>Qui</strong></span> <span class='ocrx_word' id='word_1_262' title='bbox 560 1873 618 1901; x_wconf 89' lang='lat' dir='ltr'><strong>vult</strong></span> <span class='ocrx_word' id='word_1_263' title='bbox 636 1875 745 1909; x_wconf 87' lang='lat' dir='ltr'><strong>sapiens</strong></span> <span class='ocrx_word' id='word_1_264' title='bbox 767 1882 829 1902; x_wconf 84' lang='lat' dir='ltr'><strong>esse</strong></span> <span class='ocrx_word' id='word_1_265' title='bbox 850 1875 878 1901; x_wconf 89' lang='lat' dir='ltr'><strong>in</strong></span> <span class='ocrx_word' id='word_1_266' title='bbox 893 1875 946 1902; x_wconf 79' lang='lat' dir='ltr'><strong>hoc</strong></span> <span class='ocrx_word' id='word_1_267' title='bbox 958 1875 1068 1909; x_wconf 66' lang='lat' dir='ltr'><strong>saeculo,</strong></span> 
     </span>
    </p>
   </div>
   <div class='ocr_carea' id='block_1_42' title="bbox 275 1918 1070 1954">
    <p class='ocr_par' dir='ltr' id='par_1_42' title="bbox 275 1918 1070 1954">
     <span class='ocr_line' id='line_1_42' title="bbox 275 1918 1070 1954; baseline 0.003 -9"><span class='ocrx_word' id='word_1_268' title='bbox 275 1918 376 1945; x_wconf 84' lang='lat' dir='ltr'><strong>stultus</strong></span> <span class='ocrx_word' id='word_1_269' title='bbox 399 1918 456 1952; x_wconf 80' lang='lat' dir='ltr'><strong>ﬁat,</strong></span> <span class='ocrx_word' id='word_1_270' title='bbox 484 1923 514 1946; x_wconf 93' lang='lat' dir='ltr'><strong>ut</strong></span> <span class='ocrx_word' id='word_1_271' title='bbox 534 1919 570 1946; x_wconf 85' lang='lat' dir='ltr'><strong>sit</strong></span> <span class='ocrx_word' id='word_1_272' title='bbox 593 1920 704 1954; x_wconf 84' lang='lat' dir='ltr'><strong>sapiens</strong></span> <span class='ocrx_word' id='word_1_273' title='bbox 720 1920 740 1947; x_wconf 91' lang='grc'><strong>⁷.</strong></span> <span class='ocrx_word' id='word_1_274' title='bbox 763 1929 773 1946; x_wconf 78' lang='grc' dir='ltr'><strong>ι</strong></span> <span class='ocrx_word' id='word_1_275' title='bbox 787 1919 819 1946; x_wconf 86' lang='lat' dir='ltr'><strong>Et.</strong></span> <span class='ocrx_word' id='word_1_276' title='bbox 841 1920 958 1947; x_wconf 85' lang='lat' dir='ltr'><strong>iterum:</strong></span> <span class='ocrx_word' id='word_1_277' title='bbox 977 1930 987 1946; x_wconf 74' lang='grc' dir='ltr'><strong>ε</strong></span> <span class='ocrx_word' id='word_1_278' title='bbox 1014 1920 1070 1948; x_wconf 78' lang='lat' dir='ltr'><strong>Nos</strong></span> 
     </span>
    </p>
   </div>
   <div class='ocr_carea' id='block_1_43' title="bbox 275 1959 1069 1999">
    <p class='ocr_par' dir='ltr' id='par_1_43' title="bbox 275 1959 1069 1999">
     <span class='ocr_line' id='line_1_43' title="bbox 275 1959 1069 1999; baseline 0.005 -9"><span class='ocrx_word' id='word_1_279' title='bbox 275 1964 350 1991; x_wconf 85' lang='lat' dir='ltr'><strong>stulti</strong></span> <span class='ocrx_word' id='word_1_280' title='bbox 389 1968 501 1999; x_wconf 83' lang='lat' dir='ltr'><strong>propter</strong></span> <span class='ocrx_word' id='word_1_281' title='bbox 521 1959 668 1993; x_wconf 62' lang='lat' dir='ltr'><strong>Christum</strong></span> <span class='ocrx_word' id='word_1_282' title='bbox 684 1965 706 1992; x_wconf 78' lang='grc'><strong>⁸.</strong></span> <span class='ocrx_word' id='word_1_283' title='bbox 733 1974 743 1991; x_wconf 76' lang='grc' dir='ltr'><strong>ι</strong></span> <span class='ocrx_word' id='word_1_284' title='bbox 769 1965 803 1993; x_wconf 83' lang='grc' dir='ltr'>Ει</span> <span class='ocrx_word' id='word_1_285' title='bbox 832 1965 956 1997; x_wconf 86' lang='lat' dir='ltr'><strong>iterum:</strong></span> <span class='ocrx_word' id='word_1_286' title='bbox 973 1975 983 1992; x_wconf 73' lang='grc' dir='ltr'><strong>ι</strong></span> <span class='ocrx_word' id='word_1_287' title='bbox 1000 1966 1069 1999; x_wconf 84' lang='lat' dir='ltr'><strong>Quia</strong></span> 
     </span>
    </p>
   </div>
   <div class='ocr_carea' id='block_1_44' title="bbox 274 2010 1065 2046">
    <p class='ocr_par' dir='ltr' id='par_1_44' title="bbox 274 2010 1065 2046">
     <span class='ocr_line' id='line_1_44' title="bbox 274 2010 1065 2046; baseline 0.005 -10"><span class='ocrx_word' id='word_1_288' title='bbox 274 2010 348 2044; x_wconf 80' lang='lat' dir='ltr'><strong>quod</strong></span> <span class='ocrx_word' id='word_1_289' title='bbox 365 2010 478 2036; x_wconf 89' lang='lat' dir='ltr'><strong>stultum</strong></span> <span class='ocrx_word' id='word_1_290' title='bbox 495 2015 538 2037; x_wconf 88' lang='lat' dir='ltr'><strong>est</strong></span> <span class='ocrx_word' id='word_1_291' title='bbox 554 2010 613 2043; x_wconf 90' lang='lat' dir='ltr'><strong>Dei,</strong></span> <span class='ocrx_word' id='word_1_292' title='bbox 629 2011 779 2046; x_wconf 84' lang='lat' dir='ltr'><strong>sapientius</strong></span> <span class='ocrx_word' id='word_1_293' title='bbox 790 2016 832 2039; x_wconf 91' lang='lat' dir='ltr'><strong>est</strong></span> <span class='ocrx_word' id='word_1_294' title='bbox 850 2011 1007 2040; x_wconf 83' lang='lat' dir='ltr'><strong>hominibus</strong></span> <span class='ocrx_word' id='word_1_295' title='bbox 1021 2013 1043 2046; x_wconf 85' lang='lat'><strong>&#39;;</strong></span> <span class='ocrx_word' id='word_1_296' title='bbox 1055 2022 1065 2039; x_wconf 77' lang='grc' dir='ltr'><strong>ι</strong></span> 
     </span>
    </p>
   </div>
   <div class='ocr_carea' id='block_1_45' title="bbox 276 2055 1067 2092">
    <p class='ocr_par' dir='ltr' id='par_1_45' title="bbox 276 2055 1067 2092">
     <span class='ocr_line' id='line_1_45' title="bbox 276 2055 1067 2092; baseline 0.005 -10"><span class='ocrx_word' id='word_1_297' title='bbox 276 2055 428 2086; x_wconf 77' lang='lat' dir='ltr'><strong>nonrebus</strong></span> <span class='ocrx_word' id='word_1_298' title='bbox 438 2055 473 2082; x_wconf 90' lang='lat' dir='ltr'><strong>ab</strong></span> <span class='ocrx_word' id='word_1_299' title='bbox 487 2055 534 2082; x_wconf 86' lang='lat' dir='ltr'><strong>illo</strong></span> <span class='ocrx_word' id='word_1_300' title='bbox 546 2063 611 2083; x_wconf 88' lang='lat' dir='ltr'><strong>vero</strong></span> <span class='ocrx_word' id='word_1_301' title='bbox 628 2056 716 2091; x_wconf 78' lang='lat' dir='ltr'><strong>pugile</strong></span> <span class='ocrx_word' id='word_1_302' title='bbox 738 2057 835 2092; x_wconf 75' lang='lat' dir='ltr'><strong>gestis,</strong></span> <span class='ocrx_word' id='word_1_303' title='bbox 857 2063 988 2092; x_wconf 89' lang='lat' dir='ltr'><strong>tanquam</strong></span> <span class='ocrx_word' id='word_1_304' title='bbox 1000 2059 1067 2086; x_wconf 87' lang='lat' dir='ltr'><strong>ridi-</strong></span> 
     </span>
    </p>
   </div>
   <div class='ocr_carea' id='block_1_46' title="bbox 276 2100 1069 2139">
    <p class='ocr_par' dir='ltr' id='par_1_46' title="bbox 276 2100 1069 2139">
     <span class='ocr_line' id='line_1_46' title="bbox 276 2100 1069 2139; baseline 0.006 -12"><span class='ocrx_word' id='word_1_305' title='bbox 276 2100 353 2131; x_wconf 85' lang='lat' dir='ltr'><strong>culis,</strong></span> <span class='ocrx_word' id='word_1_306' title='bbox 365 2101 526 2133; x_wconf 84' lang='lat' dir='ltr'><strong>attendant;</strong></span> <span class='ocrx_word' id='word_1_307' title='bbox 540 2101 587 2128; x_wconf 88' lang='lat' dir='ltr'><strong>sed</strong></span> <span class='ocrx_word' id='word_1_308' title='bbox 603 2101 694 2136; x_wconf 77' lang='lat' dir='ltr'><strong>potius</strong></span> <span class='ocrx_word' id='word_1_309' title='bbox 705 2107 733 2130; x_wconf 88' lang='lat' dir='ltr'><strong>et</strong></span> <span class='ocrx_word' id='word_1_310' title='bbox 745 2102 806 2137; x_wconf 88' lang='lat' dir='ltr'><strong>plus</strong></span> <span class='ocrx_word' id='word_1_311' title='bbox 826 2103 969 2136; x_wconf 90' lang='lat' dir='ltr'><strong>mirentur,</strong></span> <span class='ocrx_word' id='word_1_312' title='bbox 986 2111 1069 2139; x_wconf 83' lang='lat' dir='ltr'><strong>quam</strong></span> 
     </span>
    </p>
   </div>
   <div class='ocr_carea' id='block_1_47' title="bbox 275 2146 1067 2180">
    <p class='ocr_par' dir='ltr' id='par_1_47' title="bbox 275 2146 1067 2180">
     <span class='ocr_line' id='line_1_47' title="bbox 275 2146 1067 2180; baseline 0.009 -8"><span class='ocrx_word' id='word_1_313' title='bbox 275 2153 334 2178; x_wconf 83' lang='lat' dir='ltr'><strong>eos,</strong></span> <span class='ocrx_word' id='word_1_314' title='bbox 352 2146 398 2180; x_wconf 92' lang='lat' dir='ltr'><strong>qui</strong></span> <span class='ocrx_word' id='word_1_315' title='bbox 420 2146 449 2173; x_wconf 90' lang='lat' dir='ltr'><strong>in</strong></span> <span class='ocrx_word' id='word_1_316' title='bbox 471 2150 631 2174; x_wconf 63' lang='lat' dir='ltr'><strong>ceterarum</strong></span> <span class='ocrx_word' id='word_1_317' title='bbox 656 2148 787 2176; x_wconf 85' lang='lat' dir='ltr'><strong>virtutum</strong></span> <span class='ocrx_word' id='word_1_318' title='bbox 810 2149 948 2177; x_wconf 74' lang='lat' dir='ltr'><strong>curriculo</strong></span> <span class='ocrx_word' id='word_1_319' title='bbox 967 2151 1067 2179; x_wconf 80' lang='lat' dir='ltr'><strong>versati</strong></span> 
     </span>
    </p>
   </div>
   <div class='ocr_carea' id='block_1_48' title="bbox 1116 277 1908 312">
    <p class='ocr_par' dir='ltr' id='par_1_48' title="bbox 1116 277 1908 312">
     <span class='ocr_line' id='line_1_48' title="bbox 1116 277 1908 312; baseline 0 -8"><span class='ocrx_word' id='word_1_320' title='bbox 1116 278 1169 304; x_wconf 82' lang='grc' dir='ltr'>τῶν</span> <span class='ocrx_word' id='word_1_321' title='bbox 1185 278 1272 305; x_wconf 84' lang='grc' dir='ltr'>ἄλλων</span> <span class='ocrx_word' id='word_1_322' title='bbox 1299 277 1417 310; x_wconf 74' lang='grc' dir='ltr'>σπουδῆς</span> <span class='ocrx_word' id='word_1_323' title='bbox 1446 277 1493 304; x_wconf 68' lang='grc' dir='ltr'><strong>καὶ</strong></span> <span class='ocrx_word' id='word_1_324' title='bbox 1520 277 1682 312; x_wconf 73' lang='grc' dir='ltr'><strong>φροντίδος,</strong></span> <span class='ocrx_word' id='word_1_325' title='bbox 1714 277 1763 310; x_wconf 87' lang='grc' dir='ltr'><strong>τῆς</strong></span> <span class='ocrx_word' id='word_1_326' title='bbox 1786 286 1814 303; x_wconf 89' lang='grc' dir='ltr'><strong>τε</strong></span> <span class='ocrx_word' id='word_1_327' title='bbox 1846 277 1908 304; x_wconf 81' lang='grc' dir='ltr'>κατ’</span> 
     </span>
    </p>
   </div>
   <div class='ocr_carea' id='block_1_49' title="bbox 1115 322 1908 360">
    <p class='ocr_par' dir='ltr' id='par_1_49' title="bbox 1115 322 1908 360">
     <span class='ocr_line' id='line_1_49' title="bbox 1115 322 1908 360; baseline -0.003 -10"><span class='ocrx_word' id='word_1_328' title='bbox 1115 324 1272 360; x_wconf 66' lang='grc' dir='ltr'>ὀφίὶαλμοὺς</span> <span class='ocrx_word' id='word_1_329' title='bbox 1298 323 1393 356; x_wconf 71' lang='grc' dir='ltr'>αὑτοῦ,</span> <span class='ocrx_word' id='word_1_330' title='bbox 1409 323 1458 358; x_wconf 81' lang='grc' dir='ltr'><strong>τῆς</strong></span> <span class='ocrx_word' id='word_1_331' title='bbox 1486 331 1516 349; x_wconf 87' lang='grc' dir='ltr'><strong>τε</strong></span> <span class='ocrx_word' id='word_1_332' title='bbox 1530 322 1563 349; x_wconf 77' lang='grc' dir='ltr'>δι’</span> <span class='ocrx_word' id='word_1_333' title='bbox 1577 322 1663 356; x_wconf 77' lang='grc' dir='ltr'>ἀκοῆς</span> <span class='ocrx_word' id='word_1_334' title='bbox 1692 322 1739 348; x_wconf 81' lang='grc' dir='ltr'><strong>καὶ</strong></span> <span class='ocrx_word' id='word_1_335' title='bbox 1754 322 1908 357; x_wconf 74' lang='grc' dir='ltr'><strong>διηγήσεως</strong></span> 
     </span>
    </p>
   </div>
   <div class='ocr_carea' id='block_1_50' title="bbox 1117 365 1907 404">
    <p class='ocr_par' dir='ltr' id='par_1_50' title="bbox 1117 365 1907 404">
     <span class='ocr_line' id='line_1_50' title="bbox 1117 365 1907 404; baseline -0.006 -8"><span class='ocrx_word' id='word_1_336' title='bbox 1117 369 1278 404; x_wconf 40' lang='grc' dir='ltr'>πρδςνσιὺτὺν</span> <span class='ocrx_word' id='word_1_337' title='bbox 1293 367 1480 403; x_wconf 79' lang='grc' dir='ltr'>καταντὼσης,</span> <span class='ocrx_word' id='word_1_338' title='bbox 1495 368 1569 403; x_wconf 77' lang='grc' dir='ltr'>πόθῳ</span> <span class='ocrx_word' id='word_1_339' title='bbox 1583 367 1647 402; x_wconf 79' lang='grc' dir='ltr'>Θείῳ</span> <span class='ocrx_word' id='word_1_340' title='bbox 1662 367 1848 401; x_wconf 82' lang='grc' dir='ltr'>διεγεροῆναι,</span> <span class='ocrx_word' id='word_1_341' title='bbox 1862 365 1907 393; x_wconf 79' lang='grc' dir='ltr'><strong>καὶ</strong></span> 
     </span>
    </p>
   </div>
   <div class='ocr_carea' id='block_1_51' title="bbox 1116 410 1907 450">
    <p class='ocr_par' dir='ltr' id='par_1_51' title="bbox 1116 410 1907 450">
     <span class='ocr_line' id='line_1_51' title="bbox 1116 410 1907 450; baseline -0.005 -9"><span class='ocrx_word' id='word_1_342' title='bbox 1116 415 1162 441; x_wconf 87' lang='grc' dir='ltr'><strong>τὺν</strong></span> <span class='ocrx_word' id='word_1_343' title='bbox 1178 415 1225 449; x_wconf 87' lang='grc' dir='ltr'><strong>τῆς</strong></span> <span class='ocrx_word' id='word_1_344' title='bbox 1237 414 1327 450; x_wconf 72' lang='grc' dir='ltr'>ψυχῆς</span> <span class='ocrx_word' id='word_1_345' title='bbox 1347 414 1433 441; x_wconf 76' lang='grc' dir='ltr'>ὕπνον</span> <span class='ocrx_word' id='word_1_346' title='bbox 1446 414 1475 446; x_wconf 84' lang='grc' dir='ltr'><strong>ὲξ</strong></span> <span class='ocrx_word' id='word_1_347' title='bbox 1499 412 1597 439; x_wconf 66' lang='grc' dir='ltr'>ἑαυτοῦ</span> <span class='ocrx_word' id='word_1_348' title='bbox 1617 411 1842 444; x_wconf 79' lang='grc' dir='ltr'>ἀποτινάξασθαι,</span> <span class='ocrx_word' id='word_1_349' title='bbox 1860 410 1907 437; x_wconf 77' lang='grc' dir='ltr'><strong>καὶ</strong></span> 
     </span>
    </p>
   </div>
   <div class='ocr_carea' id='block_1_52' title="bbox 1116 453 1908 494">
    <p class='ocr_par' dir='ltr' id='par_1_52' title="bbox 1116 453 1908 494">
     <span class='ocr_line' id='line_1_52' title="bbox 1116 453 1908 494; baseline -0.004 -9"><span class='ocrx_word' id='word_1_350' title='bbox 1116 459 1166 494; x_wconf 80' lang='grc' dir='ltr'>τὴν</span> <span class='ocrx_word' id='word_1_351' title='bbox 1180 459 1276 493; x_wconf 80' lang='grc' dir='ltr'>στενὴν</span> <span class='ocrx_word' id='word_1_352' title='bbox 1288 467 1335 485; x_wconf 83' lang='grc' dir='ltr'><strong>κα.</strong></span> <span class='ocrx_word' id='word_1_353' title='bbox 1357 458 1544 493; x_wconf 78' lang='grc' dir='ltr'>τεθλιμμένην</span> <span class='ocrx_word' id='word_1_354' title='bbox 1568 456 1675 483; x_wconf 76' lang='grc' dir='ltr'><strong>ὁδεῦσαι</strong></span> <span class='ocrx_word' id='word_1_355' title='bbox 1691 456 1760 488; x_wconf 81' lang='grc' dir='ltr'>ὁδὸν,</span> <span class='ocrx_word' id='word_1_356' title='bbox 1785 457 1832 482; x_wconf 78' lang='grc' dir='ltr'><strong>καὶ</strong></span> <span class='ocrx_word' id='word_1_357' title='bbox 1856 453 1908 491; x_wconf 83' lang='grc' dir='ltr'><strong>τῆς</strong></span> 
     </span>
    </p>
   </div>
   <div class='ocr_carea' id='block_1_53' title="bbox 1116 501 1908 540">
    <p class='ocr_par' dir='ltr' id='par_1_53' title="bbox 1116 501 1908 540">
     <span class='ocr_line' id='line_1_53' title="bbox 1116 501 1908 540; baseline -0.004 -10"><span class='ocrx_word' id='word_1_358' title='bbox 1116 505 1227 530; x_wconf 75' lang='grc' dir='ltr'>αἰωνίου</span> <span class='ocrx_word' id='word_1_359' title='bbox 1240 505 1332 531; x_wconf 79' lang='grc' dir='ltr'>λοιπὸν</span> <span class='ocrx_word' id='word_1_360' title='bbox 1342 503 1518 540; x_wconf 82' lang='grc' dir='ltr'>ἀπάρξασθαι</span> <span class='ocrx_word' id='word_1_361' title='bbox 1534 502 1617 537; x_wconf 76' lang='grc' dir='ltr'>ζωῆς.</span> <span class='ocrx_word' id='word_1_362' title='bbox 1637 502 1694 529; x_wconf 80' lang='grc' dir='ltr'><strong>Καὶ</strong></span> <span class='ocrx_word' id='word_1_363' title='bbox 1710 502 1763 537; x_wconf 80' lang='grc' dir='ltr'>γὰρ</span> <span class='ocrx_word' id='word_1_364' title='bbox 1778 501 1819 536; x_wconf 74' lang='grc' dir='ltr'><strong>ἐφ’</strong></span> <span class='ocrx_word' id='word_1_365' title='bbox 1840 502 1908 536; x_wconf 78' lang='grc' dir='ltr'>ἡμῖν</span> 
     </span>
    </p>
   </div>
   <div class='ocr_carea' id='block_1_54' title="bbox 1118 545 1908 586">
    <p class='ocr_par' dir='ltr' id='par_1_54' title="bbox 1118 545 1908 586">
     <span class='ocr_line' id='line_1_54' title="bbox 1118 545 1908 586; baseline -0.005 -11"><span class='ocrx_word' id='word_1_366' title='bbox 1118 550 1203 581; x_wconf 74' lang='grc' dir='ltr'>ἐστιν,</span> <span class='ocrx_word' id='word_1_367' title='bbox 1220 549 1264 575; x_wconf 71' lang='grc' dir='ltr'><strong>καὶ</strong></span> <span class='ocrx_word' id='word_1_368' title='bbox 1278 550 1307 576; x_wconf 81' lang='grc' dir='ltr'>ὲν</span> <span class='ocrx_word' id='word_1_369' title='bbox 1323 550 1356 586; x_wconf 66' lang='grc' dir='ltr'><strong>τῇ</strong></span> <span class='ocrx_word' id='word_1_370' title='bbox 1372 549 1496 584; x_wconf 74' lang='grc' dir='ltr'>ἡμετέρᾳ</span> <span class='ocrx_word' id='word_1_371' title='bbox 1508 547 1618 584; x_wconf 68' lang='grc' dir='ltr'>ἐξουσίᾳ.</span> <span class='ocrx_word' id='word_1_372' title='bbox 1638 549 1728 575; x_wconf 81' lang='grc' dir='ltr'>κεῖται</span> <span class='ocrx_word' id='word_1_373' title='bbox 1740 567 1747 579; x_wconf 87' lang='grc'><strong>,</strong></span> <span class='ocrx_word' id='word_1_374' title='bbox 1767 546 1806 580; x_wconf 81' lang='grc' dir='ltr'>τῷ</span> <span class='ocrx_word' id='word_1_375' title='bbox 1832 545 1908 581; x_wconf 84' lang='grc' dir='ltr'>πόθῳ</span> 
     </span>
    </p>
   </div>
   <div class='ocr_carea' id='block_1_55' title="bbox 1117 593 1908 630">
    <p class='ocr_par' dir='ltr' id='par_1_55' title="bbox 1117 593 1908 630">
     <span class='ocr_line' id='line_1_55' title="bbox 1117 593 1908 630; baseline -0.005 -8"><span class='ocrx_word' id='word_1_376' title='bbox 1117 596 1172 622; x_wconf 82' lang='grc' dir='ltr'>τῶν</span> <span class='ocrx_word' id='word_1_377' title='bbox 1199 595 1361 630; x_wconf 84' lang='grc' dir='ltr'>μελλόντων,</span> <span class='ocrx_word' id='word_1_378' title='bbox 1387 595 1441 621; x_wconf 84' lang='grc' dir='ltr'>τῶν</span> <span class='ocrx_word' id='word_1_379' title='bbox 1470 595 1611 629; x_wconf 73' lang='grc' dir='ltr'>παρόντων</span> <span class='ocrx_word' id='word_1_380' title='bbox 1629 593 1667 625; x_wconf 84' lang='grc' dir='ltr'>ὡς</span> <span class='ocrx_word' id='word_1_381' title='bbox 1694 593 1908 628; x_wconf 60' lang='grc' dir='ltr'>παρερχομένων</span> 
     </span>
    </p>
   </div>
   <div class='ocr_carea' id='block_1_56' title="bbox 1118 638 1908 677">
    <p class='ocr_par' dir='ltr' id='par_1_56' title="bbox 1118 638 1908 677">
     <span class='ocr_line' id='line_1_56' title="bbox 1118 638 1908 677; baseline -0.006 -8"><span class='ocrx_word' id='word_1_382' title='bbox 1118 642 1335 677; x_wconf 79' lang='grc' dir='ltr'><strong>καταφρονῆσαι,</strong></span> <span class='ocrx_word' id='word_1_383' title='bbox 1347 641 1363 677; x_wconf 79' lang='grc' dir='ltr'><strong>ἢ</strong></span> <span class='ocrx_word' id='word_1_384' title='bbox 1382 641 1463 668; x_wconf 77' lang='grc' dir='ltr'>πάλιν</span> <span class='ocrx_word' id='word_1_385' title='bbox 1476 640 1551 674; x_wconf 85' lang='grc' dir='ltr'><strong>πόθῳ</strong></span> <span class='ocrx_word' id='word_1_386' title='bbox 1565 640 1612 667; x_wconf 76' lang='grc' dir='ltr'><strong>καὶ</strong></span> <span class='ocrx_word' id='word_1_387' title='bbox 1628 639 1764 675; x_wconf 71' lang='grc' dir='ltr'>ἐπιθυμίᾳ</span> <span class='ocrx_word' id='word_1_388' title='bbox 1774 638 1828 665; x_wconf 79' lang='grc' dir='ltr'><strong>τῶν</strong></span> <span class='ocrx_word' id='word_1_389' title='bbox 1841 647 1908 674; x_wconf 75' lang='grc' dir='ltr'>παρ-</span> 
     </span>
    </p>
   </div>
   <div class='ocr_carea' id='block_1_57' title="bbox 1116 685 1909 724">
    <p class='ocr_par' dir='ltr' id='par_1_57' title="bbox 1116 685 1909 724">
     <span class='ocr_line' id='line_1_57' title="bbox 1116 685 1909 724; baseline -0.006 -9"><span class='ocrx_word' id='word_1_390' title='bbox 1116 689 1213 721; x_wconf 81' lang='grc' dir='ltr'>όντων,</span> <span class='ocrx_word' id='word_1_391' title='bbox 1227 688 1282 715; x_wconf 79' lang='grc' dir='ltr'>τῶν</span> <span class='ocrx_word' id='word_1_392' title='bbox 1296 687 1457 724; x_wconf 75' lang='grc' dir='ltr'>ἀπεράντων</span> <span class='ocrx_word' id='word_1_393' title='bbox 1476 686 1587 721; x_wconf 80' lang='grc' dir='ltr'><strong>ἀγαθῶν</strong></span> <span class='ocrx_word' id='word_1_394' title='bbox 1612 686 1777 720; x_wconf 83' lang='grc' dir='ltr'>ἀποτυχεῖν·</span> <span class='ocrx_word' id='word_1_395' title='bbox 1805 685 1853 711; x_wconf 78' lang='grc' dir='ltr'>καὶ</span> <span class='ocrx_word' id='word_1_396' title='bbox 1867 685 1909 711; x_wconf 83' lang='grc' dir='ltr'>ὅτι</span> 
     </span>
    </p>
   </div>
   <div class='ocr_carea' id='block_1_58' title="bbox 1118 731 1908 772">
    <p class='ocr_par' dir='ltr' id='par_1_58' title="bbox 1118 731 1908 772">
     <span class='ocr_line' id='line_1_58' title="bbox 1118 731 1908 772; baseline -0.009 -9"><span class='ocrx_word' id='word_1_397' title='bbox 1118 736 1216 772; x_wconf 76' lang='grc' dir='ltr'>ἀληθὲς</span> <span class='ocrx_word' id='word_1_398' title='bbox 1227 736 1257 762; x_wconf 82' lang='grc' dir='ltr'><strong>τὸ</strong></span> <span class='ocrx_word' id='word_1_399' title='bbox 1271 735 1436 771; x_wconf 87' lang='grc' dir='ltr'>λεγόμενον,</span> <span class='ocrx_word' id='word_1_400' title='bbox 1454 734 1611 769; x_wconf 70' lang='grc' dir='ltr'><strong>ἐλέγχουσιν</strong></span> <span class='ocrx_word' id='word_1_401' title='bbox 1625 733 1714 768; x_wconf 81' lang='grc' dir='ltr'>ἡμᾶς,</span> <span class='ocrx_word' id='word_1_402' title='bbox 1734 732 1836 762; x_wconf 82' lang='grc' dir='ltr'>πάντες</span> <span class='ocrx_word' id='word_1_403' title='bbox 1859 731 1908 765; x_wconf 81' lang='grc' dir='ltr'>μὲν</span> 
     </span>
    </p>
   </div>
   <div class='ocr_carea' id='block_1_59' title="bbox 1117 779 1909 817">
    <p class='ocr_par' dir='ltr' id='par_1_59' title="bbox 1117 779 1909 817">
     <span class='ocr_line' id='line_1_59' title="bbox 1117 779 1909 817; baseline -0.008 -8"><span class='ocrx_word' id='word_1_404' title='bbox 1117 784 1142 810; x_wconf 78' lang='grc' dir='ltr'>οἱ</span> <span class='ocrx_word' id='word_1_405' title='bbox 1157 782 1203 808; x_wconf 82' lang='grc' dir='ltr'><strong>ἀπ’</strong></span> <span class='ocrx_word' id='word_1_406' title='bbox 1218 782 1315 814; x_wconf 77' lang='grc' dir='ltr'>αἰῶνος</span> <span class='ocrx_word' id='word_1_407' title='bbox 1330 781 1481 817; x_wconf 79' lang='grc' dir='ltr'>ἄνθρωποι,</span> <span class='ocrx_word' id='word_1_408' title='bbox 1495 782 1519 807; x_wconf 85' lang='lat' dir='ltr'><strong>0i</strong></span> <span class='ocrx_word' id='word_1_409' title='bbox 1538 779 1577 816; x_wconf 81' lang='grc' dir='ltr'>τῷ</span> <span class='ocrx_word' id='word_1_410' title='bbox 1596 779 1656 814; x_wconf 83' lang='grc' dir='ltr'><strong>Θεῷ</strong></span> <span class='ocrx_word' id='word_1_411' title='bbox 1677 779 1909 813; x_wconf 72' lang='grc' dir='ltr'>εὐαρεστήσαντες</span> 
     </span>
    </p>
   </div>
   <div class='ocr_carea' id='block_1_60' title="bbox 1118 822 1907 863">
    <p class='ocr_par' dir='ltr' id='par_1_60' title="bbox 1118 822 1907 863">
     <span class='ocr_line' id='line_1_60' title="bbox 1118 822 1907 863; baseline -0.009 -8"><span class='ocrx_word' id='word_1_412' title='bbox 1118 829 1167 863; x_wconf 90' lang='grc' dir='ltr'><strong>τῆς</strong></span> <span class='ocrx_word' id='word_1_413' title='bbox 1179 828 1317 863; x_wconf 77' lang='grc' dir='ltr'>ἡμετέρας</span> <span class='ocrx_word' id='word_1_414' title='bbox 1332 827 1379 854; x_wconf 76' lang='grc' dir='ltr'><strong>καὶ</strong></span> <span class='ocrx_word' id='word_1_415' title='bbox 1395 827 1473 853; x_wconf 71' lang='grc' dir='ltr'>αὐτοὶ</span> <span class='ocrx_word' id='word_1_416' title='bbox 1495 826 1603 861; x_wconf 78' lang='grc' dir='ltr'>φύσεως</span> <span class='ocrx_word' id='word_1_417' title='bbox 1626 824 1805 859; x_wconf 77' lang='grc' dir='ltr'>ὑπάρχοντες,</span> <span class='ocrx_word' id='word_1_418' title='bbox 1828 822 1907 857; x_wconf 80' lang='grc' dir='ltr'>μάλι-</span> 
     </span>
    </p>
   </div>
   <div class='ocr_carea' id='block_1_61' title="bbox 1120 869 1908 910">
    <p class='ocr_par' dir='ltr' id='par_1_61' title="bbox 1120 869 1908 910">
     <span class='ocr_line' id='line_1_61' title="bbox 1120 869 1908 910; baseline -0.008 -9"><span class='ocrx_word' id='word_1_419' title='bbox 1120 883 1168 901; x_wconf 80' lang='grc' dir='ltr'><strong>στα</strong></span> <span class='ocrx_word' id='word_1_420' title='bbox 1179 875 1207 901; x_wconf 81' lang='grc' dir='ltr'>δὲ</span> <span class='ocrx_word' id='word_1_421' title='bbox 1218 875 1241 900; x_wconf 80' lang='grc' dir='ltr'>οἱ</span> <span class='ocrx_word' id='word_1_422' title='bbox 1255 874 1283 900; x_wconf 82' lang='grc' dir='ltr'>ὲν</span> <span class='ocrx_word' id='word_1_423' title='bbox 1301 875 1334 909; x_wconf 83' lang='grc' dir='ltr'>τῇ</span> <span class='ocrx_word' id='word_1_424' title='bbox 1347 873 1471 910; x_wconf 74' lang='grc' dir='ltr'>ἡμετέρᾳ.</span> <span class='ocrx_word' id='word_1_425' title='bbox 1488 873 1568 907; x_wconf 80' lang='grc' dir='ltr'>γενεᾷ</span> <span class='ocrx_word' id='word_1_426' title='bbox 1583 872 1726 906; x_wconf 79' lang='grc' dir='ltr'><strong>φωστῆρες</strong></span> <span class='ocrx_word' id='word_1_427' title='bbox 1736 869 1908 903; x_wconf 82' lang='grc' dir='ltr'>ἀναδειχθέν-</span> 
     </span>
    </p>
   </div>
   <div class='ocr_carea' id='block_1_62' title="bbox 1117 912 1910 954">
    <p class='ocr_par' dir='ltr' id='par_1_62' title="bbox 1117 912 1910 954">
     <span class='ocr_line' id='line_1_62' title="bbox 1117 912 1910 954; baseline -0.009 -5"><span class='ocrx_word' id='word_1_428' title='bbox 1117 929 1178 954; x_wconf 83' lang='grc' dir='ltr'>τες·</span> <span class='ocrx_word' id='word_1_429' title='bbox 1194 912 1286 952; x_wconf 72' lang='grc' dir='ltr'>ὧνέἷς</span> <span class='ocrx_word' id='word_1_430' title='bbox 1298 920 1346 947; x_wconf 83' lang='grc' dir='ltr'><strong>καὶ</strong></span> <span class='ocrx_word' id='word_1_431' title='bbox 1356 916 1434 952; x_wconf 78' lang='grc' dir='ltr'>οὗτος</span> <span class='ocrx_word' id='word_1_432' title='bbox 1448 921 1462 946; x_wconf 83' lang='grc' dir='ltr'><strong>ὁ</strong></span> <span class='ocrx_word' id='word_1_433' title='bbox 1479 919 1618 953; x_wconf 83' lang='grc' dir='ltr'>πάνσοφος</span> <span class='ocrx_word' id='word_1_434' title='bbox 1638 916 1752 952; x_wconf 83' lang='grc' dir='ltr'>Συμεὼν</span> <span class='ocrx_word' id='word_1_435' title='bbox 1773 916 1910 950; x_wconf 75' lang='grc' dir='ltr'>καθέστη-</span> 
     </span>
    </p>
   </div>
   <div class='ocr_carea' id='block_1_63' title="bbox 1118 962 1907 1000">
    <p class='ocr_par' dir='ltr' id='par_1_63' title="bbox 1118 962 1907 1000">
     <span class='ocr_line' id='line_1_63' title="bbox 1118 962 1907 1000; baseline -0.008 -6"><span class='ocrx_word' id='word_1_436' title='bbox 1118 976 1176 999; x_wconf 80' lang='grc' dir='ltr'>κεν,</span> <span class='ocrx_word' id='word_1_437' title='bbox 1193 967 1240 993; x_wconf 70' lang='grc' dir='ltr'><strong>καὶ</strong></span> <span class='ocrx_word' id='word_1_438' title='bbox 1257 965 1326 993; x_wconf 86' lang='grc' dir='ltr'>πολύ</span> <span class='ocrx_word' id='word_1_439' title='bbox 1340 974 1373 1000; x_wconf 82' lang='grc' dir='ltr'><strong>γε</strong></span> <span class='ocrx_word' id='word_1_440' title='bbox 1397 965 1452 992; x_wconf 84' lang='grc' dir='ltr'><strong>τῶν</strong></span> <span class='ocrx_word' id='word_1_441' title='bbox 1477 964 1583 992; x_wconf 81' lang='grc' dir='ltr'>πολλῶν</span> <span class='ocrx_word' id='word_1_442' title='bbox 1604 962 1826 999; x_wconf 70' lang='grc' dir='ltr'>αἰδεσιμάιτερος,</span> <span class='ocrx_word' id='word_1_443' title='bbox 1841 962 1907 988; x_wconf 83' lang='grc' dir='ltr'>διότι</span> 
     </span>
    </p>
   </div>
   <div class='ocr_carea' id='block_1_64' title="bbox 1117 1008 1908 1046">
    <p class='ocr_par' dir='ltr' id='par_1_64' title="bbox 1117 1008 1908 1046">
     <span class='ocr_line' id='line_1_64' title="bbox 1117 1008 1908 1046; baseline -0.008 -7"><span class='ocrx_word' id='word_1_444' title='bbox 1117 1014 1159 1044; x_wconf 83' lang='grc' dir='ltr'>εἰς</span> <span class='ocrx_word' id='word_1_445' title='bbox 1178 1012 1306 1038; x_wconf 85' lang='grc' dir='ltr'>τοσοῦτον</span> <span class='ocrx_word' id='word_1_446' title='bbox 1332 1011 1529 1046; x_wconf 76' lang='grc' dir='ltr'>καθαρότητος,</span> <span class='ocrx_word' id='word_1_447' title='bbox 1559 1010 1607 1037; x_wconf 77' lang='grc' dir='ltr'><strong>καὶ</strong></span> <span class='ocrx_word' id='word_1_448' title='bbox 1621 1009 1756 1041; x_wconf 74' lang='grc' dir='ltr'><strong>ἀπαθείας</strong></span> <span class='ocrx_word' id='word_1_449' title='bbox 1779 1008 1845 1042; x_wconf 78' lang='grc' dir='ltr'>ὕψος</span> <span class='ocrx_word' id='word_1_450' title='bbox 1863 1008 1908 1034; x_wconf 63' lang='grc' dir='ltr'><strong>ἀνι</strong></span> 
     </span>
    </p>
   </div>
   <div class='ocr_carea' id='block_1_65' title="bbox 1117 1054 1909 1094">
    <p class='ocr_par' dir='ltr' id='par_1_65' title="bbox 1117 1054 1909 1094">
     <span class='ocr_line' id='line_1_65' title="bbox 1117 1054 1909 1094; baseline -0.006 -9"><span class='ocrx_word' id='word_1_451' title='bbox 1117 1059 1246 1094; x_wconf 70' lang='grc' dir='ltr'>ἔδραμεν,</span> <span class='ocrx_word' id='word_1_452' title='bbox 1264 1057 1334 1085; x_wconf 79' lang='grc' dir='ltr'>ὥστε</span> <span class='ocrx_word' id='word_1_453' title='bbox 1349 1058 1394 1085; x_wconf 80' lang='grc' dir='ltr'>διὰ.</span> <span class='ocrx_word' id='word_1_454' title='bbox 1413 1056 1468 1084; x_wconf 83' lang='grc' dir='ltr'><strong>τῶν</strong></span> <span class='ocrx_word' id='word_1_455' title='bbox 1492 1056 1644 1083; x_wconf 76' lang='grc' dir='ltr'><strong>δοκούντων</strong></span> <span class='ocrx_word' id='word_1_456' title='bbox 1661 1056 1718 1087; x_wconf 86' lang='grc' dir='ltr'>τοῖς</span> <span class='ocrx_word' id='word_1_457' title='bbox 1737 1054 1909 1090; x_wconf 74' lang='grc' dir='ltr'>ἐμπαθεστέ-</span> 
     </span>
    </p>
   </div>
   <div class='ocr_carea' id='block_1_66' title="bbox 1118 1100 1910 1140">
    <p class='ocr_par' dir='ltr' id='par_1_66' title="bbox 1118 1100 1910 1140">
     <span class='ocr_line' id='line_1_66' title="bbox 1118 1100 1910 1140; baseline -0.006 -9"><span class='ocrx_word' id='word_1_458' title='bbox 1118 1112 1176 1140; x_wconf 79' lang='grc' dir='ltr'>ροις</span> <span class='ocrx_word' id='word_1_459' title='bbox 1198 1104 1245 1130; x_wconf 74' lang='grc' dir='ltr'>καὶ</span> <span class='ocrx_word' id='word_1_460' title='bbox 1259 1103 1497 1138; x_wconf 74' lang='grc' dir='ltr'>σαρκωδεστέροις</span> <span class='ocrx_word' id='word_1_461' title='bbox 1525 1101 1662 1137; x_wconf 71' lang='grc' dir='ltr'>μολυσμὸν</span> <span class='ocrx_word' id='word_1_462' title='bbox 1675 1101 1723 1128; x_wconf 80' lang='grc' dir='ltr'><strong>καὶ</strong></span> <span class='ocrx_word' id='word_1_463' title='bbox 1747 1100 1849 1135; x_wconf 76' lang='grc' dir='ltr'>βλάϐην</span> <span class='ocrx_word' id='word_1_464' title='bbox 1862 1100 1910 1126; x_wconf 75' lang='grc' dir='ltr'>καὶ</span> 
     </span>
    </p>
   </div>
   <div class='ocr_carea' id='block_1_67' title="bbox 1117 1143 1909 1182">
    <p class='ocr_par' dir='ltr' id='par_1_67' title="bbox 1117 1143 1909 1182">
     <span class='ocr_line' id='line_1_67' title="bbox 1117 1143 1909 1182; baseline -0.004 -9"><span class='ocrx_word' id='word_1_465' title='bbox 1117 1146 1245 1181; x_wconf 69' lang='grc' dir='ltr'>ἐμπόδιον</span> <span class='ocrx_word' id='word_1_466' title='bbox 1259 1146 1307 1172; x_wconf 86' lang='grc' dir='ltr'><strong>τοῦ</strong></span> <span class='ocrx_word' id='word_1_467' title='bbox 1321 1146 1389 1182; x_wconf 73' lang='grc' dir='ltr'>πρὸς</span> <span class='ocrx_word' id='word_1_468' title='bbox 1402 1146 1503 1182; x_wconf 83' lang='grc' dir='ltr'>ἀρετὴν</span> <span class='ocrx_word' id='word_1_469' title='bbox 1520 1146 1578 1181; x_wconf 85' lang='grc' dir='ltr'>βίου</span> <span class='ocrx_word' id='word_1_470' title='bbox 1597 1145 1690 1177; x_wconf 82' lang='grc' dir='ltr'>αὐτοῖς</span> <span class='ocrx_word' id='word_1_471' title='bbox 1704 1146 1839 1180; x_wconf 65' lang='grc' dir='ltr'>ἐμποιεῖν,</span> <span class='ocrx_word' id='word_1_472' title='bbox 1864 1143 1909 1170; x_wconf 79' lang='grc' dir='ltr'>διὰ</span> 
     </span>
    </p>
   </div>
   <div class='ocr_carea' id='block_1_68' title="bbox 1117 1189 1909 1228">
    <p class='ocr_par' dir='ltr' id='par_1_68' title="bbox 1117 1189 1909 1228">
     <span class='ocr_line' id='line_1_68' title="bbox 1117 1189 1909 1228; baseline -0.004 -10"><span class='ocrx_word' id='word_1_473' title='bbox 1117 1191 1220 1218; x_wconf 77' lang='grc' dir='ltr'>τούτων</span> <span class='ocrx_word' id='word_1_474' title='bbox 1237 1189 1315 1224; x_wconf 76' lang='grc' dir='ltr'>οὗτος</span> <span class='ocrx_word' id='word_1_475' title='bbox 1331 1193 1346 1219; x_wconf 81' lang='grc' dir='ltr'><strong>δ</strong></span> <span class='ocrx_word' id='word_1_476' title='bbox 1372 1191 1586 1228; x_wconf 81' lang='grc' dir='ltr'>καθαρώτατος,</span> <span class='ocrx_word' id='word_1_477' title='bbox 1612 1190 1707 1226; x_wconf 77' lang='grc' dir='ltr'>ὥσπερ</span> <span class='ocrx_word' id='word_1_478' title='bbox 1733 1189 1909 1225; x_wconf 78' lang='grc' dir='ltr'>μαργαρίτης</span> 
     </span>
    </p>
   </div>
   <div class='ocr_carea' id='block_1_69' title="bbox 1117 1235 1908 1274">
    <p class='ocr_par' dir='ltr' id='par_1_69' title="bbox 1117 1235 1908 1274">
     <span class='ocr_line' id='line_1_69' title="bbox 1117 1235 1908 1274; baseline -0.004 -10"><span class='ocrx_word' id='word_1_479' title='bbox 1117 1237 1161 1264; x_wconf 77' lang='grc' dir='ltr'><strong>διὰ</strong></span> <span class='ocrx_word' id='word_1_480' title='bbox 1173 1237 1306 1274; x_wconf 74' lang='grc' dir='ltr'>βορϐόρου</span> <span class='ocrx_word' id='word_1_481' title='bbox 1322 1238 1480 1273; x_wconf 82' lang='grc' dir='ltr'>ἁμολύντως</span> <span class='ocrx_word' id='word_1_482' title='bbox 1499 1237 1638 1264; x_wconf 79' lang='grc' dir='ltr'>διώδευσε.</span> <span class='ocrx_word' id='word_1_483' title='bbox 1652 1238 1732 1271; x_wconf 65' lang='grc' dir='ltr'>Λέγω</span> <span class='ocrx_word' id='word_1_484' title='bbox 1755 1235 1798 1263; x_wconf 82' lang='grc' dir='ltr'>διὰ</span> <span class='ocrx_word' id='word_1_485' title='bbox 1809 1235 1861 1270; x_wconf 83' lang='grc' dir='ltr'><strong>τῆς</strong></span> <span class='ocrx_word' id='word_1_486' title='bbox 1878 1235 1908 1262; x_wconf 72' lang='grc' dir='ltr'>ἐν</span> 
     </span>
    </p>
   </div>
   <div class='ocr_carea' id='block_1_70' title="bbox 1117 1282 1908 1319">
    <p class='ocr_par' dir='ltr' id='par_1_70' title="bbox 1117 1282 1908 1319">
     <span class='ocr_line' id='line_1_70' title="bbox 1117 1282 1908 1319; baseline -0.003 -9"><span class='ocrx_word' id='word_1_487' title='bbox 1117 1284 1195 1310; x_wconf 72' lang='grc' dir='ltr'>πόλει</span> <span class='ocrx_word' id='word_1_488' title='bbox 1205 1283 1358 1319; x_wconf 74' lang='grc' dir='ltr'>διατριϐῆς,</span> <span class='ocrx_word' id='word_1_489' title='bbox 1372 1285 1420 1311; x_wconf 64' lang='grc' dir='ltr'><strong>καὶ</strong></span> <span class='ocrx_word' id='word_1_490' title='bbox 1439 1284 1488 1319; x_wconf 84' lang='grc' dir='ltr'><strong>τῆς</strong></span> <span class='ocrx_word' id='word_1_491' title='bbox 1500 1283 1555 1310; x_wconf 81' lang='grc' dir='ltr'><strong>τῶν</strong></span> <span class='ocrx_word' id='word_1_492' title='bbox 1572 1283 1710 1318; x_wconf 81' lang='grc' dir='ltr'>γυναικῶν</span> <span class='ocrx_word' id='word_1_493' title='bbox 1723 1282 1908 1317; x_wconf 79' lang='grc' dir='ltr'>ἀναστροφῆς,</span> 
     </span>
    </p>
   </div>
   <div class='ocr_carea' id='block_1_71' title="bbox 1118 1328 1909 1366">
    <p class='ocr_par' dir='ltr' id='par_1_71' title="bbox 1118 1328 1909 1366">
     <span class='ocr_line' id='line_1_71' title="bbox 1118 1328 1909 1366; baseline -0.003 -9"><span class='ocrx_word' id='word_1_494' title='bbox 1118 1330 1166 1359; x_wconf 66' lang='grc' dir='ltr'><strong>καὶ</strong></span> <span class='ocrx_word' id='word_1_495' title='bbox 1175 1329 1225 1365; x_wconf 84' lang='grc' dir='ltr'><strong>τῆς</strong></span> <span class='ocrx_word' id='word_1_496' title='bbox 1238 1329 1334 1364; x_wconf 85' lang='grc' dir='ltr'>λοιπῆς</span> <span class='ocrx_word' id='word_1_497' title='bbox 1347 1329 1405 1366; x_wconf 79' lang='grc' dir='ltr'>βίου</span> <span class='ocrx_word' id='word_1_498' title='bbox 1422 1330 1542 1364; x_wconf 80' lang='grc' dir='ltr'>ἀπάτης,</span> <span class='ocrx_word' id='word_1_499' title='bbox 1561 1329 1646 1363; x_wconf 73' lang='grc' dir='ltr'>δεῖξαι</span> <span class='ocrx_word' id='word_1_500' title='bbox 1667 1330 1787 1359; x_wconf 77' lang='grc' dir='ltr'>σπεύσας</span> <span class='ocrx_word' id='word_1_501' title='bbox 1800 1328 1909 1362; x_wconf 78' lang='grc' dir='ltr'>ἀληθῶς</span> 
     </span>
    </p>
   </div>
   <div class='ocr_carea' id='block_1_72' title="bbox 1116 1373 1910 1410">
    <p class='ocr_par' dir='ltr' id='par_1_72' title="bbox 1116 1373 1910 1410">
     <span class='ocr_line' id='line_1_72' title="bbox 1116 1373 1910 1410; baseline -0.003 -8"><span class='ocrx_word' id='word_1_502' title='bbox 1116 1376 1174 1408; x_wconf 75' lang='grc' dir='ltr'>τοῖς</span> <span class='ocrx_word' id='word_1_503' title='bbox 1189 1374 1387 1410; x_wconf 74' lang='grc' dir='ltr'><strong>ῥᾳθυμοτέρως</strong></span> <span class='ocrx_word' id='word_1_504' title='bbox 1415 1375 1463 1402; x_wconf 77' lang='grc' dir='ltr'><strong>καὶ</strong></span> <span class='ocrx_word' id='word_1_505' title='bbox 1486 1375 1733 1410; x_wconf 73' lang='grc' dir='ltr'>προφασιζομένοις</span> <span class='ocrx_word' id='word_1_506' title='bbox 1756 1373 1910 1408; x_wconf 73' lang='grc' dir='ltr'>ἀδυναμίαν</span> 
     </span>
    </p>
   </div>
   <div class='ocr_carea' id='block_1_73' title="bbox 1117 1419 1910 1457">
    <p class='ocr_par' dir='ltr' id='par_1_73' title="bbox 1117 1419 1910 1457">
     <span class='ocr_line' id='line_1_73' title="bbox 1117 1419 1910 1457; baseline -0.004 -9"><span class='ocrx_word' id='word_1_507' title='bbox 1117 1420 1186 1456; x_wconf 80' lang='grc' dir='ltr'>πρὸς</span> <span class='ocrx_word' id='word_1_508' title='bbox 1205 1421 1253 1448; x_wconf 79' lang='grc' dir='ltr'>τὸν</span> <span class='ocrx_word' id='word_1_509' title='bbox 1269 1421 1328 1448; x_wconf 76' lang='grc' dir='ltr'>κατ’</span> <span class='ocrx_word' id='word_1_510' title='bbox 1346 1421 1447 1457; x_wconf 74' lang='grc' dir='ltr'>ἀρετὴν</span> <span class='ocrx_word' id='word_1_511' title='bbox 1460 1421 1527 1456; x_wconf 82' lang='grc' dir='ltr'>βίον,</span> <span class='ocrx_word' id='word_1_512' title='bbox 1549 1421 1599 1456; x_wconf 74' lang='grc' dir='ltr'>τὴν</span> <span class='ocrx_word' id='word_1_513' title='bbox 1616 1421 1648 1447; x_wconf 75' lang='grc' dir='ltr'><strong>ὲκ</strong></span> <span class='ocrx_word' id='word_1_514' title='bbox 1664 1419 1733 1446; x_wconf 85' lang='grc' dir='ltr'>Θεοῦ</span> <span class='ocrx_word' id='word_1_515' title='bbox 1751 1419 1910 1455; x_wconf 82' lang='grc' dir='ltr'>παρεχομὲ-</span> 
     </span>
    </p>
   </div>
   <div class='ocr_carea' id='block_1_74' title="bbox 1117 1463 1910 1502">
    <p class='ocr_par' dir='ltr' id='par_1_74' title="bbox 1117 1463 1910 1502">
     <span class='ocr_line' id='line_1_74' title="bbox 1117 1463 1910 1502; baseline -0.004 -9"><span class='ocrx_word' id='word_1_516' title='bbox 1117 1474 1168 1502; x_wconf 89' lang='grc' dir='ltr'><strong>νην</strong></span> <span class='ocrx_word' id='word_1_517' title='bbox 1186 1466 1300 1501; x_wconf 85' lang='grc' dir='ltr'>δύναμιν</span> <span class='ocrx_word' id='word_1_518' title='bbox 1315 1467 1372 1498; x_wconf 76' lang='grc' dir='ltr'>τοῖς</span> <span class='ocrx_word' id='word_1_519' title='bbox 1399 1466 1520 1502; x_wconf 79' lang='grc' dir='ltr'>γνησίως</span> <span class='ocrx_word' id='word_1_520' title='bbox 1531 1465 1564 1493; x_wconf 81' lang='grc' dir='ltr'><strong>ὲκ</strong></span> <span class='ocrx_word' id='word_1_521' title='bbox 1588 1466 1680 1501; x_wconf 80' lang='grc' dir='ltr'>ψυχῆς</span> <span class='ocrx_word' id='word_1_522' title='bbox 1700 1465 1809 1501; x_wconf 80' lang='grc' dir='ltr'>ἁπάσης</span> <span class='ocrx_word' id='word_1_523' title='bbox 1834 1463 1910 1499; x_wconf 80' lang='grc' dir='ltr'><strong>αὐτῷ</strong></span> 
     </span>
    </p>
   </div>
   <div class='ocr_carea' id='block_1_75' title="bbox 1119 1510 1895 1547">
    <p class='ocr_par' dir='ltr' id='par_1_75' title="bbox 1119 1510 1895 1547">
     <span class='ocr_line' id='line_1_75' title="bbox 1119 1510 1895 1547; baseline -0.003 -9"><span class='ocrx_word' id='word_1_524' title='bbox 1119 1511 1324 1547; x_wconf 82' lang='grc' dir='ltr'>λειτουργοῦσιν</span> <span class='ocrx_word' id='word_1_525' title='bbox 1338 1532 1345 1544; x_wconf 96' lang='grc'><strong>,</strong></span> <span class='ocrx_word' id='word_1_526' title='bbox 1359 1512 1430 1538; x_wconf 81' lang='grc' dir='ltr'>κατὰ</span> <span class='ocrx_word' id='word_1_527' title='bbox 1440 1511 1496 1538; x_wconf 81' lang='grc' dir='ltr'><strong>τῶν</strong></span> <span class='ocrx_word' id='word_1_528' title='bbox 1509 1511 1672 1546; x_wconf 77' lang='grc' dir='ltr'>πνευμάτων</span> <span class='ocrx_word' id='word_1_529' title='bbox 1685 1511 1735 1545; x_wconf 82' lang='grc' dir='ltr'><strong>τῆς</strong></span> <span class='ocrx_word' id='word_1_530' title='bbox 1751 1510 1895 1546; x_wconf 84' lang='grc' dir='ltr'>πονηρίας.</span> 
     </span>
    </p>
   </div>
   <div class='ocr_carea' id='block_1_76' title="bbox 1116 1555 1911 1591">
    <p class='ocr_par' dir='ltr' id='par_1_76' title="bbox 1116 1555 1911 1591">
     <span class='ocr_line' id='line_1_76' title="bbox 1116 1555 1911 1591; baseline -0.004 -7"><span class='ocrx_word' id='word_1_531' title='bbox 1116 1582 1123 1588; x_wconf 88' lang='grc'><strong>,</strong></span> <span class='ocrx_word' id='word_1_532' title='bbox 1154 1561 1188 1591; x_wconf 74' lang='grc' dir='ltr'><strong>γ’.</strong></span> <span class='ocrx_word' id='word_1_533' title='bbox 1208 1557 1282 1584; x_wconf 76' lang='grc' dir='ltr'><strong>Δίτῶ</strong></span> <span class='ocrx_word' id='word_1_534' title='bbox 1298 1557 1452 1589; x_wconf 73' lang='grc' dir='ltr'>δὲπάντας,</span> <span class='ocrx_word' id='word_1_535' title='bbox 1476 1557 1541 1588; x_wconf 83' lang='grc' dir='ltr'>τοὺς</span> <span class='ocrx_word' id='word_1_536' title='bbox 1566 1557 1616 1591; x_wconf 79' lang='grc' dir='ltr'><strong>τῆς</strong></span> <span class='ocrx_word' id='word_1_537' title='bbox 1642 1556 1828 1591; x_wconf 78' lang='grc' dir='ltr'>προκειμένης</span> <span class='ocrx_word' id='word_1_538' title='bbox 1844 1555 1911 1591; x_wconf 76' lang='grc' dir='ltr'>ἡμῖν</span> 
     </span>
    </p>
   </div>
   <div class='ocr_carea' id='block_1_77' title="bbox 1118 1601 1911 1639">
    <p class='ocr_par' dir='ltr' id='par_1_77' title="bbox 1118 1601 1911 1639">
     <span class='ocr_line' id='line_1_77' title="bbox 1118 1601 1911 1639; baseline -0.001 -10"><span class='ocrx_word' id='word_1_539' title='bbox 1118 1603 1184 1638; x_wconf 74' lang='grc' dir='ltr'>περὶ</span> <span class='ocrx_word' id='word_1_540' title='bbox 1210 1603 1261 1638; x_wconf 84' lang='grc' dir='ltr'><strong>τῆς</strong></span> <span class='ocrx_word' id='word_1_541' title='bbox 1285 1603 1436 1639; x_wconf 83' lang='grc' dir='ltr'>ἀγγελικῆς</span> <span class='ocrx_word' id='word_1_542' title='bbox 1463 1601 1548 1629; x_wconf 80' lang='grc' dir='ltr'>αὑτοῦ</span> <span class='ocrx_word' id='word_1_543' title='bbox 1585 1602 1724 1634; x_wconf 77' lang='grc' dir='ltr'>πολιτείας</span> <span class='ocrx_word' id='word_1_544' title='bbox 1757 1602 1911 1637; x_wconf 79' lang='grc' dir='ltr'>διηγήσεως</span> 
     </span>
    </p>
   </div>
   <div class='ocr_carea' id='block_1_78' title="bbox 1118 1648 1912 1684">
    <p class='ocr_par' dir='ltr' id='par_1_78' title="bbox 1118 1648 1912 1684">
     <span class='ocr_line' id='line_1_78' title="bbox 1118 1648 1912 1684; baseline 0.001 -9"><span class='ocrx_word' id='word_1_545' title='bbox 1118 1648 1311 1683; x_wconf 81' lang='grc' dir='ltr'>ἀκροωμένους</span> <span class='ocrx_word' id='word_1_546' title='bbox 1330 1648 1347 1684; x_wconf 76' lang='grc' dir='ltr'>ἢ</span> <span class='ocrx_word' id='word_1_547' title='bbox 1361 1649 1584 1684; x_wconf 75' lang='grc' dir='ltr'>ἐντυγχάνοντας,</span> <span class='ocrx_word' id='word_1_548' title='bbox 1602 1649 1671 1684; x_wconf 75' lang='grc' dir='ltr'>μετὰ</span> <span class='ocrx_word' id='word_1_549' title='bbox 1692 1648 1776 1683; x_wconf 76' lang='grc' dir='ltr'>φόὸου</span> <span class='ocrx_word' id='word_1_550' title='bbox 1790 1649 1839 1676; x_wconf 87' lang='grc' dir='ltr'><strong>τοῦ</strong></span> <span class='ocrx_word' id='word_1_551' title='bbox 1855 1650 1912 1676; x_wconf 81' lang='grc' dir='ltr'><strong>Κυ-</strong></span> 
     </span>
    </p>
   </div>
   <div class='ocr_carea' id='block_1_79' title="bbox 1120 1694 1911 1731">
    <p class='ocr_par' dir='ltr' id='par_1_79' title="bbox 1120 1694 1911 1731">
     <span class='ocr_line' id='line_1_79' title="bbox 1120 1694 1911 1731; baseline 0.001 -11"><span class='ocrx_word' id='word_1_552' title='bbox 1120 1695 1178 1730; x_wconf 79' lang='grc' dir='ltr'>ρίου</span> <span class='ocrx_word' id='word_1_553' title='bbox 1191 1695 1247 1725; x_wconf 83' lang='grc' dir='ltr'>τοῖς</span> <span class='ocrx_word' id='word_1_554' title='bbox 1261 1694 1417 1729; x_wconf 82' lang='grc' dir='ltr'>λεγομένοις</span> <span class='ocrx_word' id='word_1_555' title='bbox 1435 1695 1592 1730; x_wconf 80' lang='grc' dir='ltr'>προσέχειν,</span> <span class='ocrx_word' id='word_1_556' title='bbox 1607 1696 1653 1722; x_wconf 73' lang='grc' dir='ltr'><strong>καὶ</strong></span> <span class='ocrx_word' id='word_1_557' title='bbox 1675 1695 1726 1730; x_wconf 85' lang='grc' dir='ltr'><strong>τῆς</strong></span> <span class='ocrx_word' id='word_1_558' title='bbox 1751 1695 1911 1731; x_wconf 75' lang='grc' dir='ltr'>πρεπούσης</span> 
     </span>
    </p>
   </div>
   <div class='ocr_carea' id='block_1_80' title="bbox 1120 1738 1911 1774">
    <p class='ocr_par' dir='ltr' id='par_1_80' title="bbox 1120 1738 1911 1774">
     <span class='ocr_line' id='line_1_80' title="bbox 1120 1738 1911 1774; baseline 0.001 -9"><span class='ocrx_word' id='word_1_559' title='bbox 1120 1738 1250 1774; x_wconf 78' lang='grc' dir='ltr'>ἀληθινῆς</span> <span class='ocrx_word' id='word_1_560' title='bbox 1266 1739 1440 1774; x_wconf 82' lang='grc' dir='ltr'>Χριστιανοῖς</span> <span class='ocrx_word' id='word_1_561' title='bbox 1456 1739 1574 1771; x_wconf 80' lang='grc' dir='ltr'>πίστεως</span> <span class='ocrx_word' id='word_1_562' title='bbox 1588 1740 1779 1768; x_wconf 75' lang='grc' dir='ltr'>ἀδιαστάκτου.</span> <span class='ocrx_word' id='word_1_563' title='bbox 1792 1740 1911 1774; x_wconf 74' lang='grc' dir='ltr'>Οἴδαμεν</span> 
     </span>
    </p>
   </div>
   <div class='ocr_carea' id='block_1_81' title="bbox 1119 1786 1910 1822">
    <p class='ocr_par' dir='ltr' id='par_1_81' title="bbox 1119 1786 1910 1822">
     <span class='ocr_line' id='line_1_81' title="bbox 1119 1786 1910 1822; baseline 0.004 -11"><span class='ocrx_word' id='word_1_564' title='bbox 1119 1787 1174 1820; x_wconf 71' lang='grc' dir='ltr'><strong>γὰρ</strong></span> <span class='ocrx_word' id='word_1_565' title='bbox 1186 1786 1228 1812; x_wconf 82' lang='grc' dir='ltr'>ὅτι</span> <span class='ocrx_word' id='word_1_566' title='bbox 1237 1787 1294 1817; x_wconf 84' lang='grc' dir='ltr'>τοῖς</span> <span class='ocrx_word' id='word_1_567' title='bbox 1308 1786 1518 1822; x_wconf 71' lang='grc' dir='ltr'>ἁφρονεστέροις</span> <span class='ocrx_word' id='word_1_568' title='bbox 1527 1787 1575 1813; x_wconf 79' lang='grc' dir='ltr'><strong>καὶ</strong></span> <span class='ocrx_word' id='word_1_569' title='bbox 1591 1788 1810 1822; x_wconf 76' lang='grc' dir='ltr'>καταφρονηταῖς</span> <span class='ocrx_word' id='word_1_570' title='bbox 1819 1808 1827 1820; x_wconf 84' lang='grc'><strong>,</strong></span> <span class='ocrx_word' id='word_1_571' title='bbox 1843 1787 1910 1814; x_wconf 70' lang='grc' dir='ltr'>ἄπι-</span> 
     </span>
    </p>
   </div>
   <div class='ocr_carea' id='block_1_82' title="bbox 1121 1831 1910 1868">
    <p class='ocr_par' dir='ltr' id='par_1_82' title="bbox 1121 1831 1910 1868">
     <span class='ocr_line' id='line_1_82' title="bbox 1121 1831 1910 1868; baseline 0.004 -11"><span class='ocrx_word' id='word_1_572' title='bbox 1121 1839 1169 1858; x_wconf 81' lang='grc' dir='ltr'><strong>στα</strong></span> <span class='ocrx_word' id='word_1_573' title='bbox 1181 1831 1293 1867; x_wconf 78' lang='grc' dir='ltr'>δόξομεν</span> <span class='ocrx_word' id='word_1_574' title='bbox 1304 1832 1350 1858; x_wconf 76' lang='grc' dir='ltr'><strong>καὶ</strong></span> <span class='ocrx_word' id='word_1_575' title='bbox 1360 1832 1459 1866; x_wconf 77' lang='grc' dir='ltr'>λέγειν,</span> <span class='ocrx_word' id='word_1_576' title='bbox 1471 1833 1518 1859; x_wconf 70' lang='grc' dir='ltr'>καὶ</span> <span class='ocrx_word' id='word_1_577' title='bbox 1534 1833 1647 1867; x_wconf 81' lang='grc' dir='ltr'>γελοίων</span> <span class='ocrx_word' id='word_1_578' title='bbox 1660 1833 1731 1866; x_wconf 74' lang='grc' dir='ltr'>ἄξια.</span> <span class='ocrx_word' id='word_1_579' title='bbox 1746 1834 1777 1860; x_wconf 71' lang='grc' dir='ltr'><strong>Εἰ</strong></span> <span class='ocrx_word' id='word_1_580' title='bbox 1791 1833 1820 1860; x_wconf 81' lang='grc' dir='ltr'>δὲ</span> <span class='ocrx_word' id='word_1_581' title='bbox 1831 1834 1910 1868; x_wconf 75' lang='grc' dir='ltr'><strong>ἢκου-</strong></span> 
     </span>
    </p>
   </div>
   <div class='ocr_carea' id='block_1_83' title="bbox 1121 1877 1910 1914">
    <p class='ocr_par' dir='ltr' id='par_1_83' title="bbox 1121 1877 1910 1914">
     <span class='ocr_line' id='line_1_83' title="bbox 1121 1877 1910 1914; baseline 0.004 -11"><span class='ocrx_word' id='word_1_582' title='bbox 1121 1886 1170 1904; x_wconf 87' lang='grc' dir='ltr'><strong>σαν</strong></span> <span class='ocrx_word' id='word_1_583' title='bbox 1184 1877 1231 1904; x_wconf 82' lang='grc' dir='ltr'><strong>τοῦ</strong></span> <span class='ocrx_word' id='word_1_584' title='bbox 1260 1878 1398 1910; x_wconf 70' lang='grc' dir='ltr'>εἰπόντος·</span> <span class='ocrx_word' id='word_1_585' title='bbox 1428 1887 1438 1904; x_wconf 75' lang='grc' dir='ltr'><strong>ι</strong></span> <span class='ocrx_word' id='word_1_586' title='bbox 1467 1879 1496 1905; x_wconf 87' lang='lat'>&#39;0</span> <span class='ocrx_word' id='word_1_587' title='bbox 1525 1879 1609 1906; x_wconf 87' lang='grc' dir='ltr'>θέλων</span> <span class='ocrx_word' id='word_1_588' title='bbox 1637 1880 1718 1914; x_wconf 63' lang='grc' dir='ltr'>σοφὸς</span> <span class='ocrx_word' id='word_1_589' title='bbox 1737 1877 1807 1906; x_wconf 77' lang='grc' dir='ltr'>εἶναι</span> <span class='ocrx_word' id='word_1_590' title='bbox 1828 1881 1858 1906; x_wconf 81' lang='grc' dir='ltr'>ὲν</span> <span class='ocrx_word' id='word_1_591' title='bbox 1870 1879 1910 1914; x_wconf 85' lang='grc' dir='ltr'>τῷ</span> 
     </span>
    </p>
   </div>
   <div class='ocr_carea' id='block_1_84' title="bbox 1119 1923 1905 1960">
    <p class='ocr_par' dir='ltr' id='par_1_84' title="bbox 1119 1923 1905 1960">
     <span class='ocr_line' id='line_1_84' title="bbox 1119 1923 1905 1960; baseline 0.004 -11"><span class='ocrx_word' id='word_1_592' title='bbox 1119 1923 1198 1950; x_wconf 85' lang='grc' dir='ltr'>αἰῶνι</span> <span class='ocrx_word' id='word_1_593' title='bbox 1216 1923 1313 1959; x_wconf 85' lang='grc' dir='ltr'>τούτῳ,</span> <span class='ocrx_word' id='word_1_594' title='bbox 1331 1924 1423 1959; x_wconf 74' lang='grc' dir='ltr'>μωρὸς</span> <span class='ocrx_word' id='word_1_595' title='bbox 1437 1924 1573 1958; x_wconf 81' lang='grc' dir='ltr'>γενέσθω,</span> <span class='ocrx_word' id='word_1_596' title='bbox 1594 1925 1638 1952; x_wconf 89' lang='grc' dir='ltr'><strong>ἴνα</strong></span> <span class='ocrx_word' id='word_1_597' title='bbox 1660 1925 1772 1960; x_wconf 83' lang='grc' dir='ltr'>γένηται</span> <span class='ocrx_word' id='word_1_598' title='bbox 1788 1926 1877 1960; x_wconf 55' lang='grc' dir='ltr'>σοςδς.</span> <span class='ocrx_word' id='word_1_599' title='bbox 1895 1933 1905 1951; x_wconf 70' lang='grc' dir='ltr'><strong>ι</strong></span> 
     </span>
    </p>
   </div>
   <div class='ocr_carea' id='block_1_85' title="bbox 1120 1969 1911 2006">
    <p class='ocr_par' dir='ltr' id='par_1_85' title="bbox 1120 1969 1911 2006">
     <span class='ocr_line' id='line_1_85' title="bbox 1120 1969 1911 2006; baseline 0.003 -10"><span class='ocrx_word' id='word_1_600' title='bbox 1120 1969 1175 1996; x_wconf 68' lang='grc' dir='ltr'><strong>Καὶ</strong></span> <span class='ocrx_word' id='word_1_601' title='bbox 1191 1969 1272 1997; x_wconf 78' lang='grc' dir='ltr'>πάλιν</span> <span class='ocrx_word' id='word_1_602' title='bbox 1284 1978 1292 1985; x_wconf 93' lang='grc'><strong>·</strong></span> <span class='ocrx_word' id='word_1_603' title='bbox 1311 1980 1320 1996; x_wconf 83' lang='grc' dir='ltr'><strong>ι</strong></span> <span class='ocrx_word' id='word_1_604' title='bbox 1344 1970 1441 2006; x_wconf 77' lang='grc' dir='ltr'>Ἡμεῖς</span> <span class='ocrx_word' id='word_1_605' title='bbox 1457 1971 1544 2006; x_wconf 77' lang='grc' dir='ltr'>μωροὶ</span> <span class='ocrx_word' id='word_1_606' title='bbox 1558 1971 1601 1998; x_wconf 72' lang='grc' dir='ltr'><strong>διὰ</strong></span> <span class='ocrx_word' id='word_1_607' title='bbox 1617 1972 1745 2006; x_wconf 76' lang='grc' dir='ltr'>Χριστόν.</span> <span class='ocrx_word' id='word_1_608' title='bbox 1765 1982 1775 1998; x_wconf 74' lang='grc' dir='ltr'><strong>ι</strong></span> <span class='ocrx_word' id='word_1_609' title='bbox 1792 1972 1846 1998; x_wconf 74' lang='grc' dir='ltr'><strong>Καὶ</strong></span> <span class='ocrx_word' id='word_1_610' title='bbox 1858 1971 1911 1998; x_wconf 80' lang='grc' dir='ltr'><strong>πά-</strong></span> 
     </span>
    </p>
   </div>
   <div class='ocr_carea' id='block_1_86' title="bbox 1120 2014 1910 2052">
    <p class='ocr_par' dir='ltr' id='par_1_86' title="bbox 1120 2014 1910 2052">
     <span class='ocr_line' id='line_1_86' title="bbox 1120 2014 1910 2052; baseline 0.001 -12"><span class='ocrx_word' id='word_1_611' title='bbox 1120 2014 1179 2041; x_wconf 88' lang='grc' dir='ltr'>λιν·</span> <span class='ocrx_word' id='word_1_612' title='bbox 1201 2024 1210 2041; x_wconf 80' lang='grc' dir='ltr'><strong>ι</strong></span> <span class='ocrx_word' id='word_1_613' title='bbox 1233 2016 1294 2041; x_wconf 70' lang='grc' dir='ltr'>ὀτι</span> <span class='ocrx_word' id='word_1_614' title='bbox 1308 2015 1338 2042; x_wconf 81' lang='grc' dir='ltr'><strong>τδ</strong></span> <span class='ocrx_word' id='word_1_615' title='bbox 1352 2016 1444 2052; x_wconf 77' lang='grc' dir='ltr'>μωρὸν</span> <span class='ocrx_word' id='word_1_616' title='bbox 1459 2016 1506 2043; x_wconf 80' lang='grc' dir='ltr'><strong>τοῦ</strong></span> <span class='ocrx_word' id='word_1_617' title='bbox 1522 2016 1591 2043; x_wconf 80' lang='grc' dir='ltr'>Θεοῦ</span> <span class='ocrx_word' id='word_1_618' title='bbox 1624 2016 1778 2050; x_wconf 80' lang='grc' dir='ltr'>σοφώτερον</span> <span class='ocrx_word' id='word_1_619' title='bbox 1795 2016 1850 2042; x_wconf 79' lang='grc' dir='ltr'><strong>τῶν</strong></span> <span class='ocrx_word' id='word_1_620' title='bbox 1863 2017 1910 2042; x_wconf 78' lang='grc' dir='ltr'><strong>ἀν-</strong></span> 
     </span>
    </p>
   </div>
   <div class='ocr_carea' id='block_1_87' title="bbox 1119 2061 1909 2098">
    <p class='ocr_par' dir='ltr' id='par_1_87' title="bbox 1119 2061 1909 2098">
     <span class='ocr_line' id='line_1_87' title="bbox 1119 2061 1909 2098; baseline 0.001 -10"><span class='ocrx_word' id='word_1_621' title='bbox 1119 2061 1236 2098; x_wconf 84' lang='grc' dir='ltr'>θρώπων</span> <span class='ocrx_word' id='word_1_622' title='bbox 1252 2063 1336 2095; x_wconf 69' lang='grc' dir='ltr'>ἐστὶν,</span> <span class='ocrx_word' id='word_1_623' title='bbox 1358 2063 1408 2089; x_wconf 77' lang='grc' dir='ltr'><strong>οὐκ</strong></span> <span class='ocrx_word' id='word_1_624' title='bbox 1428 2062 1462 2090; x_wconf 74' lang='grc' dir='ltr'>ἂν</span> <span class='ocrx_word' id='word_1_625' title='bbox 1480 2064 1536 2095; x_wconf 82' lang='grc' dir='ltr'>τοῖς</span> <span class='ocrx_word' id='word_1_626' title='bbox 1547 2063 1603 2090; x_wconf 66' lang='grc' dir='ltr'><strong>ῢπδ</strong></span> <span class='ocrx_word' id='word_1_627' title='bbox 1628 2062 1724 2090; x_wconf 81' lang='grc' dir='ltr'>τούτου</span> <span class='ocrx_word' id='word_1_628' title='bbox 1748 2062 1796 2089; x_wconf 88' lang='grc' dir='ltr'><strong>τοῦ</strong></span> <span class='ocrx_word' id='word_1_629' title='bbox 1825 2061 1909 2094; x_wconf 79' lang='grc' dir='ltr'>ὗντως</span> 
     </span>
    </p>
   </div>
   <div class='ocr_carea' id='block_1_88' title="bbox 1118 2107 1907 2145">
    <p class='ocr_par' dir='ltr' id='par_1_88' title="bbox 1118 2107 1907 2145">
     <span class='ocr_line' id='line_1_88' title="bbox 1118 2107 1907 2145; baseline 0 -11"><span class='ocrx_word' id='word_1_630' title='bbox 1118 2107 1237 2143; x_wconf 77' lang='grc' dir='ltr'>ἀθλητοῦ</span> <span class='ocrx_word' id='word_1_631' title='bbox 1261 2108 1484 2144; x_wconf 80' lang='grc' dir='ltr'>κατεργασθεῖσιν</span> <span class='ocrx_word' id='word_1_632' title='bbox 1508 2109 1546 2141; x_wconf 86' lang='grc' dir='ltr'>ὡς</span> <span class='ocrx_word' id='word_1_633' title='bbox 1578 2109 1693 2144; x_wconf 80' lang='grc' dir='ltr'>γελοίοις</span> <span class='ocrx_word' id='word_1_634' title='bbox 1720 2110 1874 2145; x_wconf 76' lang='grc' dir='ltr'>προσεῖχον.</span> <span class='ocrx_word' id='word_1_635' title='bbox 1897 2118 1907 2134; x_wconf 74' lang='grc' dir='ltr'><strong>ι</strong></span> 
     </span>
    </p>
   </div>
   <div class='ocr_carea' id='block_1_89' title="bbox 1125 2153 1910 2189">
    <p class='ocr_par' dir='ltr' id='par_1_89' title="bbox 1125 2153 1910 2189">
     <span class='ocr_line' id='line_1_89' title="bbox 1125 2153 1910 2189; baseline 0.003 -10"><span class='ocrx_word' id='word_1_636' title='bbox 1125 2153 1196 2180; x_wconf 82' lang='grc' dir='ltr'>Ἀλλ’</span> <span class='ocrx_word' id='word_1_637' title='bbox 1207 2153 1223 2189; x_wconf 82' lang='grc' dir='ltr'>ἢ</span> <span class='ocrx_word' id='word_1_638' title='bbox 1239 2154 1339 2189; x_wconf 80' lang='grc' dir='ltr'>μᾶλλον</span> <span class='ocrx_word' id='word_1_639' title='bbox 1355 2154 1403 2181; x_wconf 73' lang='grc' dir='ltr'><strong>καὶ</strong></span> <span class='ocrx_word' id='word_1_640' title='bbox 1418 2154 1498 2188; x_wconf 67' lang='grc' dir='ltr'>πλέον</span> <span class='ocrx_word' id='word_1_641' title='bbox 1509 2155 1563 2181; x_wconf 80' lang='grc' dir='ltr'><strong>τῶν</strong></span> <span class='ocrx_word' id='word_1_642' title='bbox 1575 2155 1625 2186; x_wconf 79' lang='grc' dir='ltr'>τὰς</span> <span class='ocrx_word' id='word_1_643' title='bbox 1637 2155 1732 2186; x_wconf 78' lang='grc' dir='ltr'>λοιπὰς</span> <span class='ocrx_word' id='word_1_644' title='bbox 1744 2153 1796 2188; x_wconf 83' lang='grc' dir='ltr'><strong>τῆς</strong></span> <span class='ocrx_word' id='word_1_645' title='bbox 1807 2155 1910 2189; x_wconf 67' lang='grc' dir='ltr'>ἀρετῆς</span> 
     </span>
    </p>
   </div>
   <div class='ocr_carea' id='block_1_90' title="bbox 277 2191 1067 2235">
    <p class='ocr_par' dir='ltr' id='par_1_90' title="bbox 277 2191 1067 2224">
     <span class='ocr_line' id='line_1_90' title="bbox 277 2191 1067 2224; baseline 0.008 -6"><span class='ocrx_word' id='word_1_646' title='bbox 277 2196 352 2219; x_wconf 89' lang='lat' dir='ltr'><strong>sunt.</strong></span> <span class='ocrx_word' id='word_1_647' title='bbox 369 2191 425 2219; x_wconf 88' lang='lat' dir='ltr'><strong>Nec</strong></span> <span class='ocrx_word' id='word_1_648' title='bbox 451 2192 592 2221; x_wconf 84' lang='lat' dir='ltr'><strong>enimvero</strong></span> <span class='ocrx_word' id='word_1_649' title='bbox 615 2193 705 2221; x_wconf 85' lang='lat' dir='ltr'><strong>adhuc</strong></span> <span class='ocrx_word' id='word_1_650' title='bbox 725 2194 921 2222; x_wconf 73' lang='lat' dir='ltr'><strong>inexercitatus</strong></span> <span class='ocrx_word' id='word_1_651' title='bbox 934 2196 1067 2224; x_wconf 81' lang='lat' dir='ltr'><strong>exsisteus</strong></span> 
     </span>
    </p>
   </div>
   <div class='ocr_carea' id='block_1_91' title="bbox 1118 2191 1908 2235">
    <p class='ocr_par' dir='ltr' id='par_1_91' title="bbox 1119 2198 1908 2235">
     <span class='ocr_line' id='line_1_91' title="bbox 1119 2198 1908 2235; baseline 0.001 -10"><span class='ocrx_word' id='word_1_652' title='bbox 1119 2198 1257 2231; x_wconf 70' lang='grc' dir='ltr'>πολιτείας</span> <span class='ocrx_word' id='word_1_653' title='bbox 1274 2199 1458 2235; x_wconf 78' lang='grc' dir='ltr'>μετελθόντων</span> <span class='ocrx_word' id='word_1_654' title='bbox 1484 2200 1648 2235; x_wconf 79' lang='grc' dir='ltr'>ἐθαύμαζον.</span> <span class='ocrx_word' id='word_1_655' title='bbox 1684 2199 1751 2226; x_wconf 76' lang='grc' dir='ltr'>Οὐδὲ</span> <span class='ocrx_word' id='word_1_656' title='bbox 1767 2200 1823 2234; x_wconf 73' lang='grc' dir='ltr'>γὰρ</span> <span class='ocrx_word' id='word_1_657' title='bbox 1839 2199 1908 2234; x_wconf 80' lang='grc' dir='ltr'><strong>ἀγύ-</strong></span> 
     </span>
    </p>
   </div>
   <div class='ocr_carea' id='block_1_92' title="bbox 275 2238 1068 2276">
    <p class='ocr_par' dir='ltr' id='par_1_92' title="bbox 275 2238 1068 2276">
     <span class='ocr_line' id='line_1_92' title="bbox 275 2238 1068 2276; baseline 0.006 -12"><span class='ocrx_word' id='word_1_658' title='bbox 275 2241 303 2265; x_wconf 92' lang='lat' dir='ltr'><strong>et</strong></span> <span class='ocrx_word' id='word_1_659' title='bbox 317 2238 435 2273; x_wconf 57' lang='lat' dir='ltr'><strong>praefecti</strong></span> <span class='ocrx_word' id='word_1_660' title='bbox 448 2238 564 2274; x_wconf 72' lang='lat' dir='ltr'><strong>indigus,</strong></span> <span class='ocrx_word' id='word_1_661' title='bbox 582 2238 608 2266; x_wconf 92' lang='lat' dir='ltr'><strong>in</strong></span> <span class='ocrx_word' id='word_1_662' title='bbox 623 2240 755 2267; x_wconf 87' lang='lat' dir='ltr'><strong>mundum</strong></span> <span class='ocrx_word' id='word_1_663' title='bbox 768 2241 858 2274; x_wconf 84' lang='lat' dir='ltr'><strong>venit;</strong></span> <span class='ocrx_word' id='word_1_664' title='bbox 878 2241 926 2268; x_wconf 89' lang='lat' dir='ltr'><strong>sed</strong></span> <span class='ocrx_word' id='word_1_665' title='bbox 937 2243 1068 2276; x_wconf 89' lang='lat' dir='ltr'><strong>quemad-</strong></span> 
     </span>
    </p>
   </div>
   <div class='ocr_carea' id='block_1_93' title="bbox 275 2282 1065 2317">
    <p class='ocr_par' dir='ltr' id='par_1_93' title="bbox 275 2282 1065 2317">
     <span class='ocr_line' id='line_1_93' title="bbox 275 2282 1065 2317; baseline 0.006 -9"><span class='ocrx_word' id='word_1_666' title='bbox 275 2282 387 2309; x_wconf 89' lang='lat' dir='ltr'><strong>modum</strong></span> <span class='ocrx_word' id='word_1_667' title='bbox 415 2282 443 2309; x_wconf 92' lang='lat' dir='ltr'><strong>in</strong></span> <span class='ocrx_word' id='word_1_668' title='bbox 469 2282 576 2309; x_wconf 89' lang='lat' dir='ltr'><strong>bellicis</strong></span> <span class='ocrx_word' id='word_1_669' title='bbox 600 2282 742 2310; x_wconf 78' lang='lat' dir='ltr'><strong>ordinibus</strong></span> <span class='ocrx_word' id='word_1_670' title='bbox 768 2284 826 2310; x_wconf 83' lang='lat' dir='ltr'><strong>ﬁeri</strong></span> <span class='ocrx_word' id='word_1_671' title='bbox 848 2285 982 2317; x_wconf 89' lang='lat' dir='ltr'><strong>videmus,</strong></span> <span class='ocrx_word' id='word_1_672' title='bbox 1002 2286 1065 2313; x_wconf 92' lang='lat' dir='ltr'><strong>dum</strong></span> 
     </span>
    </p>
   </div>
   <div class='ocr_carea' id='block_1_94' title="bbox 275 2320 1066 2366">
    <p class='ocr_par' dir='ltr' id='par_1_94' title="bbox 275 2320 1066 2366">
     <span class='ocr_line' id='line_1_94' title="bbox 275 2320 1066 2366; baseline 0.006 -12"><span class='ocrx_word' id='word_1_673' title='bbox 275 2320 422 2354; x_wconf 79' lang='lat' dir='ltr'><strong>universus</strong></span> <span class='ocrx_word' id='word_1_674' title='bbox 441 2327 578 2355; x_wconf 79' lang='lat' dir='ltr'><strong>exercitus</strong></span> <span class='ocrx_word' id='word_1_675' title='bbox 592 2328 673 2355; x_wconf 87' lang='lat' dir='ltr'><strong>simul</strong></span> <span class='ocrx_word' id='word_1_676' title='bbox 687 2328 780 2361; x_wconf 85' lang='lat' dir='ltr'><strong>stetit;</strong></span> <span class='ocrx_word' id='word_1_677' title='bbox 796 2329 859 2356; x_wconf 90' lang='lat' dir='ltr'><strong>alibi</strong></span> <span class='ocrx_word' id='word_1_678' title='bbox 877 2331 1004 2366; x_wconf 67' lang='lat' dir='ltr'><strong>propriae,</strong></span> <span class='ocrx_word' id='word_1_679' title='bbox 1017 2339 1066 2359; x_wconf 88' lang='lat' dir='ltr'><strong>seu</strong></span> 
     </span>
    </p>
   </div>
   <div class='ocr_carea' id='block_1_95' title="bbox 276 2373 1068 2412">
    <p class='ocr_par' dir='ltr' id='par_1_95' title="bbox 276 2373 1068 2412">
     <span class='ocr_line' id='line_1_95' title="bbox 276 2373 1068 2412; baseline 0.006 -12"><span class='ocrx_word' id='word_1_680' title='bbox 276 2374 367 2408; x_wconf 89' lang='lat' dir='ltr'><strong>potius</strong></span> <span class='ocrx_word' id='word_1_681' title='bbox 381 2373 425 2401; x_wconf 85' lang='lat' dir='ltr'><strong>Dei</strong></span> <span class='ocrx_word' id='word_1_682' title='bbox 446 2373 550 2406; x_wconf 85' lang='lat' dir='ltr'><strong>virtuti,</strong></span> <span class='ocrx_word' id='word_1_683' title='bbox 560 2378 588 2401; x_wconf 87' lang='lat' dir='ltr'><strong>et</strong></span> <span class='ocrx_word' id='word_1_684' title='bbox 598 2373 701 2402; x_wconf 86' lang='lat' dir='ltr'><strong>bellicis</strong></span> <span class='ocrx_word' id='word_1_685' title='bbox 715 2375 808 2408; x_wconf 84' lang='lat' dir='ltr'><strong>armis,</strong></span> <span class='ocrx_word' id='word_1_686' title='bbox 822 2383 882 2410; x_wconf 61' lang='lat' dir='ltr'><strong>quas</strong></span> <span class='ocrx_word' id='word_1_687' title='bbox 895 2376 923 2403; x_wconf 90' lang='lat' dir='ltr'><strong>in</strong></span> <span class='ocrx_word' id='word_1_688' title='bbox 939 2382 1068 2412; x_wconf 85' lang='lat' dir='ltr'><strong>promptu</strong></span> 
     </span>
    </p>
   </div>
   <div class='ocr_carea' id='block_1_96' title="bbox 275 2418 1070 2452">
    <p class='ocr_par' dir='ltr' id='par_1_96' title="bbox 275 2418 1070 2452">
     <span class='ocr_line' id='line_1_96' title="bbox 275 2418 1070 2452; baseline 0.006 -7"><span class='ocrx_word' id='word_1_689' title='bbox 275 2423 350 2450; x_wconf 84' lang='lat' dir='ltr'><strong>sunt,</strong></span> <span class='ocrx_word' id='word_1_690' title='bbox 365 2422 393 2445; x_wconf 86' lang='lat' dir='ltr'><strong>et</strong></span> <span class='ocrx_word' id='word_1_691' title='bbox 408 2418 523 2446; x_wconf 72' lang='lat' dir='ltr'><strong>diversa:</strong></span> <span class='ocrx_word' id='word_1_692' title='bbox 547 2418 574 2445; x_wconf 88' lang='lat' dir='ltr'><strong>in</strong></span> <span class='ocrx_word' id='word_1_693' title='bbox 589 2419 697 2446; x_wconf 86' lang='lat' dir='ltr'><strong>bellicis</strong></span> <span class='ocrx_word' id='word_1_694' title='bbox 711 2419 804 2452; x_wconf 90' lang='lat' dir='ltr'><strong>rebus,</strong></span> <span class='ocrx_word' id='word_1_695' title='bbox 823 2427 856 2447; x_wconf 87' lang='lat' dir='ltr'><strong>ac</strong></span> <span class='ocrx_word' id='word_1_696' title='bbox 874 2420 1013 2449; x_wconf 62' lang='lat' dir='ltr'><strong>diuturna</strong></span> <span class='ocrx_word' id='word_1_697' title='bbox 1023 2431 1070 2450; x_wconf 78' lang='lat' dir='ltr'><strong>ex-</strong></span> 
     </span>
    </p>
   </div>
   <div class='ocr_carea' id='block_1_97' title="bbox 275 2463 1069 2501">
    <p class='ocr_par' dir='ltr' id='par_1_97' title="bbox 275 2463 1069 2501">
     <span class='ocr_line' id='line_1_97' title="bbox 275 2463 1069 2501; baseline 0.008 -12"><span class='ocrx_word' id='word_1_698' title='bbox 275 2463 416 2497; x_wconf 62' lang='lat' dir='ltr'><strong>perientia</strong></span> <span class='ocrx_word' id='word_1_699' title='bbox 433 2464 587 2496; x_wconf 78' lang='lat' dir='ltr'><strong>conﬁdunt,</strong></span> <span class='ocrx_word' id='word_1_700' title='bbox 601 2464 628 2491; x_wconf 79' lang='lat' dir='ltr'><strong>lii</strong></span> <span class='ocrx_word' id='word_1_701' title='bbox 642 2464 685 2491; x_wconf 87' lang='lat' dir='ltr'><strong>vel</strong></span> <span class='ocrx_word' id='word_1_702' title='bbox 703 2464 754 2492; x_wconf 88' lang='lat' dir='ltr'><strong>soli</strong></span> <span class='ocrx_word' id='word_1_703' title='bbox 773 2465 809 2492; x_wconf 85' lang='lat' dir='ltr'><strong>ad</strong></span> <span class='ocrx_word' id='word_1_704' title='bbox 830 2465 966 2501; x_wconf 70' lang='lat' dir='ltr'><strong>singulare</strong></span> <span class='ocrx_word' id='word_1_705' title='bbox 979 2472 1069 2495; x_wconf 85' lang='lat' dir='ltr'><strong>certa-</strong></span> 
     </span>
    </p>
   </div>
   <div class='ocr_carea' id='block_1_98' title="bbox 275 2508 1069 2541">
    <p class='ocr_par' dir='ltr' id='par_1_98' title="bbox 275 2508 1069 2541">
     <span class='ocr_line' id='line_1_98' title="bbox 275 2508 1069 2541; baseline 0.009 -7"><span class='ocrx_word' id='word_1_706' title='bbox 275 2514 338 2534; x_wconf 83' lang='lat' dir='ltr'><strong>uien</strong></span> <span class='ocrx_word' id='word_1_707' title='bbox 353 2514 370 2533; x_wconf 88' lang='lat' dir='ltr'><strong>e</strong></span> <span class='ocrx_word' id='word_1_708' title='bbox 380 2508 556 2536; x_wconf 83' lang='lat' dir='ltr'><strong>multitudine</strong></span> <span class='ocrx_word' id='word_1_709' title='bbox 567 2514 663 2537; x_wconf 84' lang='lat' dir='ltr'><strong>contra</strong></span> <span class='ocrx_word' id='word_1_710' title='bbox 678 2510 850 2538; x_wconf 84' lang='lat' dir='ltr'><strong>adversarios</strong></span> <span class='ocrx_word' id='word_1_711' title='bbox 867 2512 1006 2541; x_wconf 82' lang='lat' dir='ltr'><strong>exsiliunt.</strong></span> <span class='ocrx_word' id='word_1_712' title='bbox 1024 2513 1069 2541; x_wconf 87' lang='lat' dir='ltr'><strong>Sic</strong></span> 
     </span>
    </p>
   </div>
   <div class='ocr_carea' id='block_1_99' title="bbox 275 2550 1067 2592">
    <p class='ocr_par' dir='ltr' id='par_1_99' title="bbox 275 2550 1067 2592">
     <span class='ocr_line' id='line_1_99' title="bbox 275 2550 1067 2592; baseline 0.013 -16"><span class='ocrx_word' id='word_1_713' title='bbox 275 2555 303 2577; x_wconf 87' lang='lat' dir='ltr'><strong>et</strong></span> <span class='ocrx_word' id='word_1_714' title='bbox 314 2550 358 2577; x_wconf 88' lang='lat' dir='ltr'><strong>ille</strong></span> <span class='ocrx_word' id='word_1_715' title='bbox 371 2552 444 2586; x_wconf 79' lang='lat' dir='ltr'><strong>fecit,</strong></span> <span class='ocrx_word' id='word_1_716' title='bbox 460 2555 568 2588; x_wconf 84' lang='lat' dir='ltr'><strong>quando</strong></span> <span class='ocrx_word' id='word_1_717' title='bbox 581 2555 651 2583; x_wconf 84' lang='lat' dir='ltr'><strong>belle</strong></span> <span class='ocrx_word' id='word_1_718' title='bbox 669 2560 697 2583; x_wconf 85' lang='lat' dir='ltr'><strong>et</strong></span> <span class='ocrx_word' id='word_1_719' title='bbox 714 2556 834 2591; x_wconf 78' lang='lat' dir='ltr'><strong>legitime</strong></span> <span class='ocrx_word' id='word_1_720' title='bbox 850 2557 995 2592; x_wconf 86' lang='lat' dir='ltr'><strong>pulchrum</strong></span> <span class='ocrx_word' id='word_1_721' title='bbox 1007 2566 1067 2586; x_wconf 91' lang='lat' dir='ltr'><strong>cer-</strong></span> 
     </span>
    </p>
   </div>
   <div class='ocr_carea' id='block_1_100' title="bbox 275 2599 1065 2638">
    <p class='ocr_par' dir='ltr' id='par_1_100' title="bbox 275 2599 1065 2638">
     <span class='ocr_line' id='line_1_100' title="bbox 275 2599 1065 2638; baseline 0.009 -14"><span class='ocrx_word' id='word_1_722' title='bbox 275 2599 366 2624; x_wconf 72' lang='lat' dir='ltr'><strong>tamen</strong></span> <span class='ocrx_word' id='word_1_723' title='bbox 386 2600 516 2633; x_wconf 84' lang='lat' dir='ltr'><strong>certavit;</strong></span> <span class='ocrx_word' id='word_1_724' title='bbox 541 2601 651 2635; x_wconf 87' lang='lat' dir='ltr'><strong>quando</strong></span> <span class='ocrx_word' id='word_1_725' title='bbox 676 2601 778 2629; x_wconf 85' lang='lat' dir='ltr'><strong>virtute</strong></span> <span class='ocrx_word' id='word_1_726' title='bbox 800 2603 914 2637; x_wconf 82' lang='lat' dir='ltr'><strong>spiritus</strong></span> <span class='ocrx_word' id='word_1_727' title='bbox 937 2608 1065 2638; x_wconf 82' lang='lat' dir='ltr'><strong>tanquam</strong></span> 
     </span>
    </p>
   </div>
   <div class='ocr_carea' id='block_1_101' title="bbox 276 2642 1067 2685">
    <p class='ocr_par' dir='ltr' id='par_1_101' title="bbox 276 2642 1067 2685">
     <span class='ocr_line' id='line_1_101' title="bbox 276 2642 1067 2685; baseline 0.01 -16"><span class='ocrx_word' id='word_1_728' title='bbox 276 2642 387 2672; x_wconf 85' lang='lat' dir='ltr'><strong>thorace</strong></span> <span class='ocrx_word' id='word_1_729' title='bbox 402 2644 526 2673; x_wconf 82' lang='lat' dir='ltr'><strong>indutum</strong></span> <span class='ocrx_word' id='word_1_730' title='bbox 545 2655 574 2675; x_wconf 87' lang='lat' dir='ltr'><strong>se</strong></span> <span class='ocrx_word' id='word_1_731' title='bbox 594 2647 679 2682; x_wconf 84' lang='lat' dir='ltr'><strong>vidit;</strong></span> <span class='ocrx_word' id='word_1_732' title='bbox 696 2649 805 2683; x_wconf 88' lang='lat' dir='ltr'><strong>quando</strong></span> <span class='ocrx_word' id='word_1_733' title='bbox 823 2649 951 2677; x_wconf 87' lang='lat' dir='ltr'><strong>virtutem</strong></span> <span class='ocrx_word' id='word_1_734' title='bbox 962 2650 996 2677; x_wconf 85' lang='lat' dir='ltr'><strong>ab</strong></span> <span class='ocrx_word' id='word_1_735' title='bbox 1008 2650 1067 2685; x_wconf 89' lang='lat' dir='ltr'><strong>ipso</strong></span> 
     </span>
    </p>
   </div>
   <div class='ocr_carea' id='block_1_102' title="bbox 274 2688 1061 2736">
    <p class='ocr_par' dir='ltr' id='par_1_102' title="bbox 274 2688 1061 2736">
     <span class='ocr_line' id='line_1_102' title="bbox 274 2688 1061 2736; baseline 0.01 -21"><span class='ocrx_word' id='word_1_736' title='bbox 274 2688 380 2723; x_wconf 84' lang='lat' dir='ltr'><strong>accepit</strong></span> <span class='ocrx_word' id='word_1_737' title='bbox 407 2690 529 2736; x_wconf 67' lang='lat' dir='ltr'><strong>calcandi</strong></span> <span class='ocrx_word' id='word_1_738' title='bbox 557 2700 637 2726; x_wconf 81' lang='lat' dir='ltr'><strong>supra</strong></span> <span class='ocrx_word' id='word_1_739' title='bbox 664 2699 806 2728; x_wconf 85' lang='lat' dir='ltr'><strong>serpentes</strong></span> <span class='ocrx_word' id='word_1_740' title='bbox 832 2699 860 2721; x_wconf 93' lang='lat' dir='ltr'><strong>et</strong></span> <span class='ocrx_word' id='word_1_741' title='bbox 883 2695 1061 2730; x_wconf 84' lang='lat' dir='ltr'><strong>scorpiones;</strong></span> 
     </span>
    </p>
   </div>
   <div class='ocr_carea' id='block_1_103' title="bbox 310 2750 1067 2798">
    <p class='ocr_par' dir='ltr' id='par_1_103' title="bbox 310 2750 1067 2795">
     <span class='ocr_line' id='line_1_103' title="bbox 310 2750 1067 2795; baseline 0.012 -16"><span class='ocrx_word' id='word_1_742' title='bbox 310 2750 414 2781; x_wconf 73' lang='lat' dir='ltr'><strong>‘Rom.</strong></span> <span class='ocrx_word' id='word_1_743' title='bbox 432 2761 463 2786; x_wconf 81' lang='lat' dir='ltr'><strong>ll,</strong></span> <span class='ocrx_word' id='word_1_744' title='bbox 479 2755 525 2781; x_wconf 75' lang='grc'><strong>21.</strong></span> <span class='ocrx_word' id='word_1_745' title='bbox 562 2755 598 2783; x_wconf 90' lang='lat' dir='ltr'><strong>&#39;l</strong></span> <span class='ocrx_word' id='word_1_746' title='bbox 615 2755 679 2785; x_wconf 87' lang='lat' dir='ltr'><strong>Cor.</strong></span> <span class='ocrx_word' id='word_1_747' title='bbox 694 2765 735 2792; x_wconf 83' lang='lat' dir='ltr'><strong>in,</strong></span> <span class='ocrx_word' id='word_1_748' title='bbox 753 2758 797 2787; x_wconf 81' lang='grc'><strong>18.</strong></span> <span class='ocrx_word' id='word_1_749' title='bbox 835 2759 867 2786; x_wconf 85' lang='grc' dir='ltr'><strong>Ἰ</strong></span> <span class='ocrx_word' id='word_1_750' title='bbox 885 2759 948 2788; x_wconf 91' lang='lat' dir='ltr'><strong>Cor.</strong></span> <span class='ocrx_word' id='word_1_751' title='bbox 970 2769 1007 2795; x_wconf 76' lang='grc' dir='ltr'><strong>ιν,</strong></span> <span class='ocrx_word' id='word_1_752' title='bbox 1026 2762 1067 2790; x_wconf 81' lang='grc'><strong>10.</strong></span> 
     </span>
    </p>
   </div>
   <div class='ocr_carea' id='block_1_104' title="bbox 1118 2750 1315 2798">
    <p class='ocr_par' dir='ltr' id='par_1_104' title="bbox 1132 2763 1315 2798">
     <span class='ocr_line' id='line_1_104' title="bbox 1132 2763 1315 2798; baseline 0.016 -9"><span class='ocrx_word' id='word_1_753' title='bbox 1132 2763 1139 2789; x_wconf 96' lang='grc'><strong>1</strong></span> <span class='ocrx_word' id='word_1_754' title='bbox 1159 2763 1222 2791; x_wconf 90' lang='lat' dir='ltr'><strong>Cor.</strong></span> <span class='ocrx_word' id='word_1_755' title='bbox 1240 2773 1259 2798; x_wconf 82' lang='grc' dir='ltr'><strong>ι,</strong></span> <span class='ocrx_word' id='word_1_756' title='bbox 1271 2765 1315 2792; x_wconf 67' lang='lat'><strong>25.</strong></span> 
     </span>
    </p>
   </div>
   <div class='ocr_carea' id='block_1_105' title="bbox 1122 2245 1908 2280">
    <p class='ocr_par' dir='ltr' id='par_1_105' title="bbox 1122 2245 1908 2280">
     <span class='ocr_line' id='line_1_105' title="bbox 1122 2245 1908 2280; baseline 0 -10"><span class='ocrx_word' id='word_1_757' title='bbox 1122 2253 1238 2280; x_wconf 81' lang='grc' dir='ltr'>μναστος</span> <span class='ocrx_word' id='word_1_758' title='bbox 1255 2245 1294 2272; x_wconf 72' lang='grc' dir='ltr'>ἔτι</span> <span class='ocrx_word' id='word_1_759' title='bbox 1311 2245 1358 2278; x_wconf 82' lang='grc' dir='ltr'>ὢν,</span> <span class='ocrx_word' id='word_1_760' title='bbox 1374 2245 1423 2272; x_wconf 78' lang='grc' dir='ltr'><strong>τοῦ</strong></span> <span class='ocrx_word' id='word_1_761' title='bbox 1439 2247 1648 2278; x_wconf 70' lang='grc' dir='ltr'>ἐπιστατοῦντος</span> <span class='ocrx_word' id='word_1_762' title='bbox 1658 2245 1784 2280; x_wconf 77' lang='grc' dir='ltr'>δεόμενος</span> <span class='ocrx_word' id='word_1_763' title='bbox 1801 2246 1849 2271; x_wconf 71' lang='grc' dir='ltr'><strong>ἐπὶ</strong></span> <span class='ocrx_word' id='word_1_764' title='bbox 1861 2245 1908 2271; x_wconf 73' lang='grc' dir='ltr'><strong>τὺν</strong></span> 
     </span>
    </p>
   </div>
   <div class='ocr_carea' id='block_1_106' title="bbox 1119 2289 1908 2326">
    <p class='ocr_par' dir='ltr' id='par_1_106' title="bbox 1119 2289 1908 2326">
     <span class='ocr_line' id='line_1_106' title="bbox 1119 2289 1908 2326; baseline -0.001 -10"><span class='ocrx_word' id='word_1_765' title='bbox 1119 2290 1221 2325; x_wconf 68' lang='grc' dir='ltr'>κόσμον</span> <span class='ocrx_word' id='word_1_766' title='bbox 1238 2289 1391 2325; x_wconf 74' lang='grc' dir='ltr'>ἐχώρησεν·</span> <span class='ocrx_word' id='word_1_767' title='bbox 1410 2289 1468 2317; x_wconf 78' lang='grc' dir='ltr'>ἀλλ’</span> <span class='ocrx_word' id='word_1_768' title='bbox 1489 2290 1587 2326; x_wconf 82' lang='grc' dir='ltr'>ὥσπερ</span> <span class='ocrx_word' id='word_1_769' title='bbox 1608 2291 1657 2317; x_wconf 75' lang='grc' dir='ltr'><strong>ἐπὶ</strong></span> <span class='ocrx_word' id='word_1_770' title='bbox 1678 2289 1733 2317; x_wconf 84' lang='grc' dir='ltr'>τῶν</span> <span class='ocrx_word' id='word_1_771' title='bbox 1752 2289 1908 2324; x_wconf 77' lang='grc' dir='ltr'>πολεμικῶν</span> 
     </span>
    </p>
   </div>
   <div class='ocr_carea' id='block_1_107' title="bbox 1121 2335 1909 2371">
    <p class='ocr_par' dir='ltr' id='par_1_107' title="bbox 1121 2335 1909 2371">
     <span class='ocr_line' id='line_1_107' title="bbox 1121 2335 1909 2371; baseline -0.003 -8"><span class='ocrx_word' id='word_1_772' title='bbox 1121 2336 1297 2371; x_wconf 75' lang='grc' dir='ltr'>παρατάξεων</span> <span class='ocrx_word' id='word_1_773' title='bbox 1313 2335 1421 2371; x_wconf 82' lang='grc' dir='ltr'>ὁρῶμεν</span> <span class='ocrx_word' id='word_1_774' title='bbox 1432 2336 1584 2370; x_wconf 81' lang='grc' dir='ltr'>γινόμενον,</span> <span class='ocrx_word' id='word_1_775' title='bbox 1600 2336 1639 2363; x_wconf 78' lang='grc' dir='ltr'><strong>ὅτ’</strong></span> <span class='ocrx_word' id='word_1_776' title='bbox 1658 2336 1691 2363; x_wconf 75' lang='grc' dir='ltr'>ἂν</span> <span class='ocrx_word' id='word_1_777' title='bbox 1711 2336 1785 2367; x_wconf 69' lang='grc' dir='ltr'>ἅπας</span> <span class='ocrx_word' id='word_1_778' title='bbox 1795 2335 1811 2361; x_wconf 82' lang='grc' dir='ltr'><strong><em>ὁ</em></strong></span> <span class='ocrx_word' id='word_1_779' title='bbox 1824 2343 1909 2371; x_wconf 79' lang='grc' dir='ltr'>στρα-</span> 
     </span>
    </p>
   </div>
   <div class='ocr_carea' id='block_1_108' title="bbox 1120 2379 1907 2416">
    <p class='ocr_par' dir='ltr' id='par_1_108' title="bbox 1120 2379 1907 2416">
     <span class='ocr_line' id='line_1_108' title="bbox 1120 2379 1907 2416; baseline 0 -10"><span class='ocrx_word' id='word_1_780' title='bbox 1120 2381 1164 2411; x_wconf 69' lang='grc' dir='ltr'><strong>τὶς</strong></span> <span class='ocrx_word' id='word_1_781' title='bbox 1181 2379 1353 2415; x_wconf 79' lang='grc' dir='ltr'>ὁμοθυμαδὸν</span> <span class='ocrx_word' id='word_1_782' title='bbox 1366 2380 1492 2415; x_wconf 67' lang='grc' dir='ltr'>ἕστηκεν,</span> <span class='ocrx_word' id='word_1_783' title='bbox 1509 2380 1609 2412; x_wconf 71' lang='grc' dir='ltr'>οίτινες</span> <span class='ocrx_word' id='word_1_784' title='bbox 1623 2382 1656 2416; x_wconf 80' lang='grc' dir='ltr'><strong>τῇ</strong></span> <span class='ocrx_word' id='word_1_785' title='bbox 1675 2381 1726 2407; x_wconf 85' lang='grc' dir='ltr'><strong>τοῦ</strong></span> <span class='ocrx_word' id='word_1_786' title='bbox 1741 2380 1808 2407; x_wconf 82' lang='grc' dir='ltr'>Θεοῦ</span> <span class='ocrx_word' id='word_1_787' title='bbox 1825 2380 1907 2407; x_wconf 75' lang='grc' dir='ltr'>δονά-</span> 
     </span>
    </p>
   </div>
   <div class='ocr_carea' id='block_1_109' title="bbox 1119 2426 1908 2462">
    <p class='ocr_par' dir='ltr' id='par_1_109' title="bbox 1119 2426 1908 2462">
     <span class='ocr_line' id='line_1_109' title="bbox 1119 2426 1908 2462; baseline 0.001 -11"><span class='ocrx_word' id='word_1_788' title='bbox 1119 2433 1175 2459; x_wconf 84' lang='grc' dir='ltr'>μει,</span> <span class='ocrx_word' id='word_1_789' title='bbox 1203 2426 1250 2452; x_wconf 74' lang='grc' dir='ltr'><strong>καὶ</strong></span> <span class='ocrx_word' id='word_1_790' title='bbox 1279 2427 1336 2457; x_wconf 76' lang='grc' dir='ltr'>τοῖς</span> <span class='ocrx_word' id='word_1_791' title='bbox 1363 2427 1548 2461; x_wconf 69' lang='grc' dir='ltr'>ἐπικειμένοις</span> <span class='ocrx_word' id='word_1_792' title='bbox 1584 2426 1677 2459; x_wconf 67' lang='grc' dir='ltr'>αὐτοῖς</span> <span class='ocrx_word' id='word_1_793' title='bbox 1704 2427 1908 2462; x_wconf 78' lang='grc' dir='ltr'>στρατιωτικοῖς</span> 
     </span>
    </p>
   </div>
   <div class='ocr_carea' id='block_1_110' title="bbox 1112 2471 1908 2508">
    <p class='ocr_par' dir='ltr' id='par_1_110' title="bbox 1112 2471 1908 2508">
     <span class='ocr_line' id='line_1_110' title="bbox 1112 2471 1908 2508; baseline 0.003 -11"><span class='ocrx_word' id='word_1_794' title='bbox 1112 2471 1219 2503; x_wconf 76' lang='grc' dir='ltr'><strong>¹ὅπλοις,</strong></span> <span class='ocrx_word' id='word_1_795' title='bbox 1243 2472 1291 2498; x_wconf 76' lang='grc' dir='ltr'>καὶ</span> <span class='ocrx_word' id='word_1_796' title='bbox 1316 2473 1349 2507; x_wconf 82' lang='grc' dir='ltr'>τῇ</span> <span class='ocrx_word' id='word_1_797' title='bbox 1364 2472 1486 2507; x_wconf 78' lang='grc' dir='ltr'>διαφόρῳ</span> <span class='ocrx_word' id='word_1_798' title='bbox 1510 2472 1646 2508; x_wconf 81' lang='grc' dir='ltr'>πολεμικῇ</span> <span class='ocrx_word' id='word_1_799' title='bbox 1672 2473 1720 2499; x_wconf 72' lang='grc' dir='ltr'><strong>καὶ</strong></span> <span class='ocrx_word' id='word_1_800' title='bbox 1738 2473 1908 2508; x_wconf 78' lang='grc' dir='ltr'>πολυχρονίῳ</span> 
     </span>
    </p>
   </div>
   <div class='ocr_carea' id='block_1_111' title="bbox 1114 2515 1909 2554">
    <p class='ocr_par' dir='ltr' id='par_1_111' title="bbox 1114 2515 1909 2554">
     <span class='ocr_line' id='line_1_111' title="bbox 1114 2515 1909 2554; baseline 0.003 -11"><span class='ocrx_word' id='word_1_801' title='bbox 1114 2516 1248 2552; x_wconf 69' lang='grc' dir='ltr'>ἐμπειρίᾳ</span> <span class='ocrx_word' id='word_1_802' title='bbox 1263 2517 1496 2553; x_wconf 79' lang='grc' dir='ltr'>καταθαρροῦσιν,</span> <span class='ocrx_word' id='word_1_803' title='bbox 1520 2515 1653 2545; x_wconf 68' lang='grc' dir='ltr'>οὖτοικεὶ</span> <span class='ocrx_word' id='word_1_804' title='bbox 1670 2518 1748 2553; x_wconf 83' lang='grc' dir='ltr'>μόνοι</span> <span class='ocrx_word' id='word_1_805' title='bbox 1770 2520 1810 2550; x_wconf 70' lang='grc' dir='ltr'>εἰς</span> <span class='ocrx_word' id='word_1_806' title='bbox 1831 2526 1909 2554; x_wconf 84' lang='grc' dir='ltr'>μονο-</span> 
     </span>
    </p>
   </div>
   <div class='ocr_carea' id='block_1_112' title="bbox 1121 2562 1907 2600">
    <p class='ocr_par' dir='ltr' id='par_1_112' title="bbox 1121 2562 1907 2600">
     <span class='ocr_line' id='line_1_112' title="bbox 1121 2562 1907 2600; baseline 0.001 -12"><span class='ocrx_word' id='word_1_807' title='bbox 1121 2562 1221 2597; x_wconf 84' lang='grc' dir='ltr'>μαχίαν</span> <span class='ocrx_word' id='word_1_808' title='bbox 1237 2563 1268 2589; x_wconf 82' lang='grc' dir='ltr'><strong>ὲκ</strong></span> <span class='ocrx_word' id='word_1_809' title='bbox 1286 2562 1332 2589; x_wconf 85' lang='grc' dir='ltr'><strong>τοῦ</strong></span> <span class='ocrx_word' id='word_1_810' title='bbox 1345 2563 1463 2598; x_wconf 68' lang='grc' dir='ltr'>πλήθους</span> <span class='ocrx_word' id='word_1_811' title='bbox 1477 2563 1548 2590; x_wconf 80' lang='grc' dir='ltr'><strong>κατὰ</strong></span> <span class='ocrx_word' id='word_1_812' title='bbox 1563 2565 1620 2591; x_wconf 78' lang='grc' dir='ltr'><strong>τῶν</strong></span> <span class='ocrx_word' id='word_1_813' title='bbox 1643 2564 1799 2591; x_wconf 75' lang='grc' dir='ltr'>ἀντιπάλων</span> <span class='ocrx_word' id='word_1_814' title='bbox 1819 2566 1907 2600; x_wconf 62' lang='lat' dir='ltr'><strong>iam“-</strong></span> 
     </span>
    </p>
   </div>
   <div class='ocr_carea' id='block_1_113' title="bbox 1120 2606 1912 2642">
    <p class='ocr_par' dir='ltr' id='par_1_113' title="bbox 1120 2606 1912 2642">
     <span class='ocr_line' id='line_1_113' title="bbox 1120 2606 1912 2642; baseline 0.005 -9"><span class='ocrx_word' id='word_1_815' title='bbox 1120 2607 1216 2634; x_wconf 82' lang='grc' dir='ltr'>δῶσιν·</span> <span class='ocrx_word' id='word_1_816' title='bbox 1238 2606 1309 2634; x_wconf 70' lang='grc' dir='ltr'>οὕτω</span> <span class='ocrx_word' id='word_1_817' title='bbox 1324 2609 1370 2635; x_wconf 74' lang='grc' dir='ltr'><strong>καὶ</strong></span> <span class='ocrx_word' id='word_1_818' title='bbox 1388 2609 1470 2640; x_wconf 78' lang='grc' dir='ltr'>αὐτὸς</span> <span class='ocrx_word' id='word_1_819' title='bbox 1485 2611 1566 2642; x_wconf 76' lang='grc' dir='ltr'>ποιεῖ,</span> <span class='ocrx_word' id='word_1_820' title='bbox 1580 2610 1619 2636; x_wconf 78' lang='grc' dir='ltr'><strong>ὅτ’</strong></span> <span class='ocrx_word' id='word_1_821' title='bbox 1641 2610 1675 2637; x_wconf 78' lang='grc' dir='ltr'>ἂν</span> <span class='ocrx_word' id='word_1_822' title='bbox 1694 2610 1785 2642; x_wconf 81' lang='grc' dir='ltr'>καλῶς</span> <span class='ocrx_word' id='word_1_823' title='bbox 1803 2611 1851 2637; x_wconf 77' lang='grc' dir='ltr'><strong>καὶ</strong></span> <span class='ocrx_word' id='word_1_824' title='bbox 1865 2618 1912 2636; x_wconf 88' lang='grc' dir='ltr'>νο-</span> 
     </span>
    </p>
   </div>
   <div class='ocr_carea' id='block_1_114' title="bbox 1123 2652 1910 2691">
    <p class='ocr_par' dir='ltr' id='par_1_114' title="bbox 1123 2652 1910 2691">
     <span class='ocr_line' id='line_1_114' title="bbox 1123 2652 1910 2691; baseline 0.005 -12"><span class='ocrx_word' id='word_1_825' title='bbox 1123 2652 1214 2688; x_wconf 84' lang='grc' dir='ltr'>μίμως</span> <span class='ocrx_word' id='word_1_826' title='bbox 1225 2653 1270 2680; x_wconf 78' lang='grc' dir='ltr'>τὸν</span> <span class='ocrx_word' id='word_1_827' title='bbox 1285 2654 1366 2681; x_wconf 80' lang='grc' dir='ltr'>καλὸν</span> <span class='ocrx_word' id='word_1_828' title='bbox 1382 2654 1476 2689; x_wconf 80' lang='grc' dir='ltr'>ἀγῶνα</span> <span class='ocrx_word' id='word_1_829' title='bbox 1487 2655 1667 2682; x_wconf 81' lang='grc' dir='ltr'>ὲπύκτευσεν.</span> <span class='ocrx_word' id='word_1_830' title='bbox 1690 2655 1752 2682; x_wconf 66' lang='lat' dir='ltr'><strong>&#39;Os‘</strong></span> <span class='ocrx_word' id='word_1_831' title='bbox 1765 2657 1800 2683; x_wconf 76' lang='grc' dir='ltr'>ἂν</span> <span class='ocrx_word' id='word_1_832' title='bbox 1813 2657 1847 2691; x_wconf 77' lang='grc' dir='ltr'>τῇ</span> <span class='ocrx_word' id='word_1_833' title='bbox 1861 2656 1910 2683; x_wconf 80' lang='grc' dir='ltr'><strong>τοῦ</strong></span> 
     </span>
    </p>
   </div>
   <div class='ocr_carea' id='block_1_115' title="bbox 1117 2697 1911 2736">
    <p class='ocr_par' dir='ltr' id='par_1_115' title="bbox 1117 2697 1911 2736">
     <span class='ocr_line' id='line_1_115' title="bbox 1117 2697 1911 2736; baseline 0.006 -13"><span class='ocrx_word' id='word_1_834' title='bbox 1117 2697 1272 2733; x_wconf 80' lang='grc' dir='ltr'>πνεύματος</span> <span class='ocrx_word' id='word_1_835' title='bbox 1290 2698 1403 2733; x_wconf 79' lang='grc' dir='ltr'>δυνάμει</span> <span class='ocrx_word' id='word_1_836' title='bbox 1421 2700 1516 2726; x_wconf 64' lang='grc' dir='ltr'>ἑαυτὸν</span> <span class='ocrx_word' id='word_1_837' title='bbox 1530 2699 1770 2736; x_wconf 75' lang='grc' dir='ltr'>τεθωρακισμένον</span> <span class='ocrx_word' id='word_1_838' title='bbox 1785 2701 1853 2734; x_wconf 76' lang='grc' dir='ltr'>ἴδεν,</span> <span class='ocrx_word' id='word_1_839' title='bbox 1870 2701 1911 2728; x_wconf 75' lang='grc' dir='ltr'><strong>ὅτ’</strong></span> 
     </span>
    </p>
   </div>
   <div class='ocr_carea' id='block_1_116' title="bbox 1355 2766 1557 2799">
    <p class='ocr_par' dir='ltr' id='par_1_116' title="bbox 1355 2766 1557 2799">
     <span class='ocr_line' id='line_1_116' title="bbox 1355 2766 1557 2799; baseline 0.005 -6"><span class='ocrx_word' id='word_1_840' title='bbox 1355 2766 1366 2782; x_wconf 79' lang='grc'>⁹</span> <span class='ocrx_word' id='word_1_841' title='bbox 1382 2766 1460 2794; x_wconf 79' lang='lat' dir='ltr'><strong>Cant.</strong></span> <span class='ocrx_word' id='word_1_842' title='bbox 1474 2775 1510 2799; x_wconf 85' lang='lat' dir='ltr'><strong>tv,</strong></span> <span class='ocrx_word' id='word_1_843' title='bbox 1531 2767 1557 2794; x_wconf 90' lang='lat'><strong>7.</strong></span> 
     </span>
    </p>
   </div>
   <div class='ocr_carea' id='block_1_117' title="bbox 1054 2807 1169 2838">
    <p class='ocr_par' dir='ltr' id='par_1_117' title="bbox 1054 2807 1169 2838">
     <span class='ocr_line' id='line_1_117' title="bbox 1054 2807 1169 2838; baseline 0.026 -3"><span class='ocrx_word' id='word_1_844' title='bbox 1054 2807 1169 2838; x_wconf 52' lang='lat' dir='ltr'><strong>NOTAE.</strong></span> 
     </span>
    </p>
   </div>
   <div class='ocr_carea' id='block_1_118' title="bbox 308 2844 986 2885">
    <p class='ocr_par' dir='ltr' id='par_1_118' title="bbox 308 2844 986 2885">
     <span class='ocr_line' id='line_1_118' title="bbox 308 2844 986 2885; baseline 0.016 -15"><span class='ocrx_word' id='word_1_845' title='bbox 367 2845 498 2885; x_wconf 51' lang='lat' dir='ltr'><strong>{leoninis</strong></span> <span class='ocrx_word' id='word_1_846' title='bbox 514 2847 607 2885; x_wconf 81' lang='lat' dir='ltr'><strong>itaque</strong></span> <span class='ocrx_word' id='word_1_847' title='bbox 618 2854 712 2885; x_wconf 70' lang='lat' dir='ltr'><strong>san_eto</strong></span> <span class='ocrx_word' id='word_1_848' title='bbox 725 2850 853 2885; x_wconf 87' lang='lat' dir='ltr'><strong>Symeoni</strong></span> <span class='ocrx_word' id='word_1_849' title='bbox 869 2860 986 2881; x_wconf 62' lang='lat' dir='ltr'><strong>coaevus.</strong></span> 
     </span>
    </p>
   </div>
   <div class='ocr_carea' id='block_1_119' title="bbox 309 2880 1059 2922">
    <p class='ocr_par' dir='ltr' id='par_1_119' title="bbox 309 2880 1059 2922">
     <span class='ocr_line' id='line_1_119' title="bbox 309 2880 1059 2922; baseline 0.015 -16"><span class='ocrx_word' id='word_1_850' title='bbox 309 2880 346 2914; x_wconf 72' lang='lat'><strong>(2)</strong></span> <span class='ocrx_word' id='word_1_851' title='bbox 367 2880 408 2908; x_wconf 80' lang='lat' dir='ltr'><strong>Ab</strong></span> <span class='ocrx_word' id='word_1_852' title='bbox 425 2880 539 2919; x_wconf 77' lang='lat' dir='ltr'><strong>Evagrio</strong></span> <span class='ocrx_word' id='word_1_853' title='bbox 555 2880 600 2911; x_wconf 83' lang='lat' dir='ltr'><strong>lib.</strong></span> <span class='ocrx_word' id='word_1_854' title='bbox 615 2892 640 2912; x_wconf 90' lang='lat' dir='ltr'><strong>tv</strong></span> <span class='ocrx_word' id='word_1_855' title='bbox 653 2883 722 2912; x_wconf 74' lang='lat' dir='ltr'><strong>Eccl.</strong></span> <span class='ocrx_word' id='word_1_856' title='bbox 743 2880 812 2914; x_wconf 73' lang='lat' dir='ltr'><strong>Hist.</strong></span> <span class='ocrx_word' id='word_1_857' title='bbox 828 2895 887 2922; x_wconf 88' lang='lat' dir='ltr'><strong>cap.</strong></span> <span class='ocrx_word' id='word_1_858' title='bbox 904 2888 955 2922; x_wconf 75' lang='lat'><strong>33;</strong></span> <span class='ocrx_word' id='word_1_859' title='bbox 969 2880 996 2916; x_wconf 79' lang='lat' dir='ltr'><strong>et</strong></span> <span class='ocrx_word' id='word_1_860' title='bbox 1012 2888 1059 2916; x_wconf 71' lang='lat' dir='ltr'><strong>Ni-</strong></span> 
     </span>
    </p>
   </div>
   <div class='ocr_carea' id='block_1_120' title="bbox 1113 2857 1910 2902">
    <p class='ocr_par' dir='ltr' id='par_1_120' title="bbox 1113 2857 1910 2902">
     <span class='ocr_line' id='line_1_120' title="bbox 1113 2857 1910 2902; baseline 0.006 -17"><span class='ocrx_word' id='word_1_861' title='bbox 1113 2857 1234 2902; x_wconf 65' lang='lat' dir='ltr'><strong>cephoro</strong></span> <span class='ocrx_word' id='word_1_862' title='bbox 1242 2858 1293 2902; x_wconf 81' lang='lat' dir='ltr'><strong>lib.</strong></span> <span class='ocrx_word' id='word_1_863' title='bbox 1306 2867 1361 2902; x_wconf 51' lang='lat' dir='ltr'><strong>lxvii</strong></span> <span class='ocrx_word' id='word_1_864' title='bbox 1377 2859 1450 2902; x_wconf 42' lang='lat' dir='ltr'><strong>Eccl.</strong></span> <span class='ocrx_word' id='word_1_865' title='bbox 1469 2861 1568 2890; x_wconf 74' lang='lat' dir='ltr'><strong>Histor.</strong></span> <span class='ocrx_word' id='word_1_866' title='bbox 1594 2861 1723 2892; x_wconf 82' lang='lat' dir='ltr'><strong>scribitur</strong></span> <span class='ocrx_word' id='word_1_867' title='bbox 1748 2864 1910 2902; x_wconf 69' lang='grc' dir='ltr'>Συμᾳώνης,</span> 
     </span>
    </p>
   </div>
   <div class='ocr_carea' id='block_1_121' title="bbox 1114 2893 1552 2932">
    <p class='ocr_par' dir='ltr' id='par_1_121' title="bbox 1114 2893 1552 2932">
     <span class='ocr_line' id='line_1_121' title="bbox 1114 2893 1552 2932; baseline 0.011 -14"><span class='ocrx_word' id='word_1_868' title='bbox 1114 2897 1141 2919; x_wconf 88' lang='lat' dir='ltr'><strong>et</strong></span> <span class='ocrx_word' id='word_1_869' title='bbox 1157 2893 1252 2921; x_wconf 82' lang='lat' dir='ltr'><strong>Latine</strong></span> <span class='ocrx_word' id='word_1_870' title='bbox 1266 2894 1389 2922; x_wconf 87' lang='lat' dir='ltr'><strong>redditur</strong></span> <span class='ocrx_word' id='word_1_871' title='bbox 1401 2895 1552 2932; x_wconf 73' lang='lat' dir='ltr'><strong>ngcmm.</strong></span> 
     </span>
    </p>
   </div>
  </div>
