2074 3144
224 141 236 171 1
243 141 295 173 673

862 141 948 171 VITA
966 142 996 171 S.
1018 142 1216 173 SYMEONIS.

1789 147 1858 179 1674

225 199 259 225 ἂν
278 198 327 232 τὴν
342 196 456 232 δύναμιν
475 197 534 223 κατ’
552 197 654 230 αὑτοῦ,
680 197 726 223 καὶ
742 197 788 223 τοῦ
808 200 903 224 πατεῖν
922 199 1015 225 ἐπάνω

1068 200 1176 234 quando
1191 199 1282 227 carnis
1298 198 1541 227 inﬂammationem
1557 208 1618 228 rore
1631 201 1750 236 Spiritus
1769 206 1858 232 sancti

219 244 316 276 ἤφεων,
333 242 379 268 καὶ
390 242 540 276 σκορπίων.
554 243 674 277 εἴληφεν,
686 243 725 269 ὅτ’
737 243 770 269 ἂν
782 243 830 278 τὴν
841 244 891 278 τῆς
905 245 1006 278 σαρκὸς

220 288 355 322 πύρωσιν,
375 289 407 322 τῇ
427 288 472 314 τοῦ
490 288 568 322 ἁγίου
593 288 753 323 Πνεῦματος
778 289 866 324 δρόσῳ
887 290 1015 316 κατέσϐε-

220 342 277 365 σεν,
291 333 329 359 ὅτ’
349 333 381 359 ἂν
397 334 506 368 ἁπάσης
523 334 575 368 τῆς
589 334 636 360 τοῦ
653 334 711 368 βίου
730 334 812 360 αὑτοῦ
833 335 937 370 τρυφῆς
967 336 1013 361 καὶ

217 380 307 415 δόξης,
324 379 361 410 ὡς
372 379 506 415 ἀράχνης.
522 379 706 406 κατέπτυσεν.

252 425 283 452 δ’.
303 425 356 451 Καὶ
370 425 396 451 τί
409 425 448 450 δεῖ
473 425 555 451 πλέον
571 425 680 459 λέγειν;
701 426 740 452 ὅτ’
764 425 797 452 ἂν
812 426 861 461 τὴν
876 427 1014 453 ἀπάθειαν

219 471 257 502 ὼς
273 471 381 506 ἱμάτιον
396 471 496 498 ἔσωθεν
517 472 563 497 καὶ
588 471 687 503 ἔξωθεν
708 472 753 498 διὰ
762 473 1014 509 ταπεινοφροσύνης

219 517 288 552 πρὶς
317 516 414 542 ἑαυτὸν
438 517 626 549 ἐπεσπάσατο,
647 517 694 543 καὶ
717 518 767 553 τῆς
792 519 929 550 υἱοθεσίας
950 528 1015 546 κατ-

217 561 335 597 ηξιώθη,
348 563 419 589 κατὰ
436 563 484 597 τὴν
508 563 610 598 φωνὴν,
635 562 685 598 τὴν
710 564 739 589 ἐν
755 564 793 597 τῷ
810 565 932 599 ’ᾼσματι
959 564 1014 590 τῶν

223 607 365 642 ᾀσμάτων,
379 609 443 642 περὶ
456 608 506 641 τῆς
519 607 643 642 καθαρᾶς
655 608 702 634 καὶ¹
719 608 841 639 ἀπαθοῦς
865 608 953 644 ψυχῆς
974 610 1012 636 εί-

219 653 342 687 ρημὲνην
355 660 361 667 ·
381 661 390 677 ι
411 653 471 678 Ὂτι
491 652 538 686 ὅλη
568 652 650 687 καλὴ,
673 653 756 687 φησὶν
775 655 789 679 ὁ
814 653 931 688 Χριστὸς
946 654 1015 687 πρὸς

221 697 267 732 τὴν
280 698 381 733 ψυχὴν,
401 698 448 733 ὅλη
466 697 536 732 καλὴ
551 699 568 733 ἡ
590 698 705 732 πλησίον
728 707 791 733 μου,
810 699 858 725 καὶ
874 699 969 734 μῶμος
985 699 1014 725 ὲν

219 744 286 778 αὐτῇ
301 744 351 770 οὐκ
374 744 457 770 ἔστιν.
476 753 485 769 ι
515 745 580 770 Τότε
600 745 646 770 καὶ
670 744 753 775 αὐτὸς
770 745 817 771 ἐπὶ
831 745 877 770 τὶν
891 744 994 778 κόσμον
1006 765 1013 776 ,

218 789 312 826 ὥσπερ
326 791 365 821 εἰς
381 789 560 824 μονομαχίαν,
573 791 606 816 ὲκ
621 790 670 824 τῆς
688 791 794 825 ἐρήμου
813 791 884 816 κατὰ
896 792 943 817 τοῦ
955 791 1013 817 δια-

219 836 297 862 ϐόλου
323 835 465 867 θεόλεκτος
498 835 679 871 ἐξεπήδησεν
705 836 735 862 οὐ
756 836 861 863 δίκαιον
876 836 929 870 γὰρ
947 835 1014 871 ᾤετο

1065 245 1212 277 exstinxit;
1241 245 1352 279 quando
1367 245 1509 273 universas
1526 245 1590 273 vita:
1610 247 1693 282 hujus
1710 248 1821 276 delicias
1831 255 1858 278 et

1066 289 1190 324 gloriam,
1203 290 1276 317 sicut
1286 297 1427 323 araneam,
1442 291 1617 326 contempsit.

1100 424 1126 450 4.
1148 424 1181 452 Et
1195 425 1261 459 quid
1281 426 1371 453 verbis
1383 434 1453 462 opus
1472 427 1530 454 est?
1548 429 1658 462 quando
1672 429 1860 464 impatibilita-

1067 474 1130 501 teni,
1149 474 1277 505 tanquam
1301 472 1495 501 vestimentum
1512 474 1584 500 intra
1598 479 1627 501 et
1644 479 1720 501 extra
1738 482 1788 509 per
1808 475 1860 502 hu-

1066 516 1209 547 militatem
1221 517 1255 544 ad
1271 525 1300 544 se
1317 519 1440 550 attraxit,
1454 524 1482 546 et
1495 519 1542 546 lilii
1561 520 1682 555 adoptivi
1699 521 1860 557 dignitatem

1068 563 1110 586 est
1124 565 1297 594 consecutus,
1311 561 1387 595 juxta
1401 569 1507 595 vocem.
1524 571 1584 597 qua:
1604 564 1631 591 in
1647 564 1760 592 Cantico
1771 566 1860 593 canti-

1066 612 1171 637 corum,
1195 605 1228 632 de
1253 614 1320 640 pura
1350 612 1378 634 et
1401 608 1534 641 passionis
1556 614 1668 643 experte
1690 610 1792 644 anima,
1819 617 1861 638 est

1066 647 1157 675 dicta:
1178 658 1186 674 ‹
1203 648 1271 681 Quia
1295 654 1351 677 tota
1377 651 1501 685 pulchra,
1525 652 1592 680 dicit
1613 652 1737 680 Christus
1753 655 1786 682 ad
1801 655 1860 681 ani-

1067 701 1148 727 mam,
1167 699 1222 721 tota
1239 695 1363 730 pulchra,
1377 705 1437 731 quae
1451 697 1516 724 mihi
1530 698 1682 733 propinqua
1697 704 1747 731 est,
1767 705 1795 728 et
1805 709 1862 728 rna-

1067 739 1126 765 cula
1143 747 1197 766 non
1212 744 1253 767 est
1271 740 1299 766 in
1319 748 1352 773 ea
1367 742 1387 767 ⁰.
1406 751 1414 766 ι
1435 742 1513 769 Tunc
1535 742 1578 770 ille
1599 735 1777 771 in'mundum
1802 750 1862 772 tan-

1066 792 1147 819 quam
1164 785 1191 812 in
1212 785 1348 820 singulare
1372 792 1512 814 certamen
1537 796 1571 815 ex
1593 789 1742 817 solitudine
1765 796 1860 818 contra

1067 830 1206 858 diabolunt
1221 839 1235 858 a
1253 831 1308 858 Deo
1330 832 1434 864 electus
1448 833 1560 861 exsiliit.
1576 833 1635 862 Non
1657 837 1730 863 enim
1748 839 1863 872 putabat

218 881 264 907 τὸν
277 880 348 907 οὕτω
367 881 441 916 παρὰ
455 880 523 907 Θεοῦ
541 881 693 916 τιμηθέντα
717 883 764 908 καὶ
788 881 928 916 ὑψωθὲντα
940 903 947 914 ,
967 882 1015 916 τῆς

1068 883 1177 910 aequum
1190 883 1260 908 esse.
1281 880 1320 910 ut,
1332 877 1377 911 qui
1395 877 1430 904 ita
1445 885 1459 905 a
1479 877 1532 906 Deo
1544 878 1694 908 honoratus
1709 886 1736 909 et
1756 884 1862 911 exalta-

221 927 277 954 τῶν
292 927 437 962 ὁμοφύλων
458 927 666 963 καταφρονῆσαι
682 927 838 962 σωτηρίας.
857 927 924 954 ἀλλὰ
949 937 1016 962 μνη-

221 973 358 1008 μονεύσας
371 972 417 1000 τοῦ
433 974 566 1005 εἰπόντος’
579 983 589 999 ί
600 974 770 1008 Ἀγαπήσεις
782 973 827 999 τὸν
841 973 955 1008 πλησίον
968 981 1013 999 σου

219 1019 256 1049 ὼς
272 1018 380 1049 ἑαυτὸν,
395 1028 404 1044 ι
419 1018 448 1050 ὃς
466 1019 513 1045 καὶ
530 1019 639 1053 μορφὴν
656 1018 751 1045 δούλου
763 1017 924 1045 ἐνδύσασθαι
934 1019 1015 1052 ἀτρέ-

220 1073 306 1095 πτως,
321 1063 365 1090 διὰ
379 1064 429 1099 τὴν
442 1064 489 1090 τοῦ
505 1064 599 1090 δούλου
618 1065 767 1099 σωτηρίαν,
783 1064 833 1090 οὐκ
847 1064 1014 1098 ἀπηξίωσεν,

221 1111 346 1144 μιμεῖται
361 1110 408 1136 καὶ
427 1110 510 1141 αὐτὸς
534 1110 579 1135 τὸν
605 1110 744 1143 Δεσπότην
771 1109 817 1136 τον
841 1110 1015 1144 οἱκεῖον,τὴν

219 1155 325 1181 οἰκείαν
340 1155 450 1190 ἀληθῶς
460 1155 550 1190 ψυχὴν
565 1156 614 1182 καὶ
629 1155 709 1190 σῶμα
730 1155 797 1188 θεὶς,
815 1155 858 1181 ἴνα
876 1158 953 1187 τινας
966 1156 1015 1182 σώ-

221 1208 273 1228 σει.
292 1200 453 1234 ’Δναγκαῖον
463 1201 510 1226 καὶ
528 1200 581 1235 πρὸ
595 1200 704 1227 πάντων
718 1200 763 1226 τὸν
776 1200 877 1234 τρόπον
897 1200 948 1235 τῆς
976 1201 1015 1231 εἰς

219 1246 265 1272 τὸν
278 1246 380 1281 κόσμον
396 1247 427 1272 ὲκ
440 1247 489 1280 τῆς
506 1246 610 1282 ἐρήμου
638 1245 720 1272 αὐτοῦ
737 1246 869 1277 ἐλεύσεως
894 1246 959 1280 ὑμῖν
978 1246 1016 1272 δι-

221 1291 391 1326 ηγήσασθαι·
416 1289 466 1318 εἷθ’
478 1291 564 1322 οὕτως
579 1291 613 1318 τὰ
627 1290 766 1326 παράδοξα
777 1291 860 1317 αὑτοῦ
877 1291 924 1317 καὶ
939 1291 1016 1323 ,ἀξιο-

221 1335 367 1371 Θαύμαστα
380 1336 542 1371 πράγματα.

1067 925 1110 948 tus
1123 927 1207 952 esset,
1221 922 1336 956 proximi
1354 924 1502 958 negligeret
1527 925 1661 957 salutem;
1682 927 1731 954 sed
1756 936 1862 956 memor

1067 966 1139 993 illius
1154 967 1199 1001 qui
1215 967 1283 994 dixit
1306 977 1312 994 :
1339 978 1347 993 ι
1368 968 1468 1004 Diliges
1487 970 1642 1004 proximum
1659 975 1736 1000 tuum
1750 974 1822 1002 sicut
1837 979 1863 1002 te

1066 1011 1156 1046 ipsum
1173 1013 1209 1046 ¹⁶;
1227 1023 1236 1038 ›
1263 1014 1309 1047 qui
1327 1018 1354 1041 et
1371 1014 1486 1042 fortnam
1507 1017 1578 1043 servi
1603 1016 1718 1045 induere
1736 1018 1863 1047 immuta-

1067 1057 1168 1089 biliter,
1183 1063 1294 1093 propter
1312 1060 1384 1087 servi
1403 1060 1530 1093 salutem,
1548 1069 1602 1089 non
1619 1068 1662 1090 est
1677 1064 1861 1100 dedignatus;

1070 1102 1129 1136 ipse
1142 1102 1224 1129 etiam
1240 1103 1363 1131 imitatur
1373 1105 1519 1133 Dominum
1536 1115 1627 1140 suum,
1644 1109 1781 1144 propriam
1798 1119 1863 1139 vere

1070 1148 1188 1175 animant
1212 1153 1240 1175 et
1262 1157 1361 1184 corpus
1382 1158 1504 1186 ponens,
1526 1157 1556 1180 ut
1582 1153 1696 1183 haberet
1717 1164 1787 1191 quos
1810 1159 1864 1185 sal-

1071 1200 1156 1222 varet.
1167 1194 1358 1222 Necessarium
1373 1204 1438 1224 vero
1453 1203 1505 1230 est,
1523 1204 1586 1226 ante
1599 1200 1690 1227 omnia
1708 1202 1786 1230 vobis
1800 1210 1864 1230 nar-

1071 1248 1131 1267 rare
1147 1249 1201 1276 quo
1216 1245 1296 1276 pacto
1313 1249 1328 1268 e
1352 1243 1500 1271 solitudine
1512 1245 1539 1276 in
1551 1246 1692 1280 publicum
1708 1248 1860 1282 prodierit:

1071 1291 1165 1320 postea
1178 1287 1211 1314 de
1226 1288 1308 1316 rebus
1326 1289 1360 1316 ab
1372 1289 1432 1324 ipso
1451 1291 1545 1325 gestis,
1571 1300 1632 1327 qua:
1647 1293 1804 1328 opinionem
1818 1303 1865 1322 su—

1068 1337 1177 1366 perant,
1194 1338 1220 1359 et
1240 1333 1422 1361 admiratione
1437 1335 1525 1370 dignae
1541 1342 1616 1370 sunt,
1637 1338 1782 1366 habiturtts
1801 1346 1832 1366 su
1847 1347 1862 1367 λ

1069 1385 1233 1406 sermonem.

899 1445 1013 1474 CAPUT
1034 1446 1180 1475 PRIMUM.

496 1515 631 1550 Symeom's
650 1520 674 1541 et
686 1514 797 1541 Joannis
812 1515 990 1549 peregrinatio
1005 1516 1040 1542 ad
1058 1516 1115 1543 [om
1131 1523 1238 1549 sancta,
1253 1519 1355 1546 occasio
1372 1520 1487 1546 melioris
1503 1521 1571 1548 vila’.

255 1575 286 1599 ε’.
310 1572 354 1598 Ἐν
378 1572 434 1603 τοῖς
459 1571 564 1607 χρόνοις
590 1571 640 1606 τῆς
654 1571 792 1606 βασιλείας
805 1570 851 1597 τοῦ
867 1572 895 1597 ὲν
923 1571 1011 1603 ἁγίοις
1026 1576 1049 1605 c

226 1618 415 1646 Ίουστινιανοῦ
446 1617 493 1644 τοῦ
523 1617 675 1652 βασιλέως,
702 1617 930 1652 παραγινομένων
958 1617 1012 1643 τῶν

220 1663 413 1699 φιλοχρίστων,
432 1663 479 1688 καὶ
499 1663 562 1694 τοὺς
581 1662 677 1696 ἁγίους
699 1662 747 1688 τοῦ
771 1662 889 1697 Χριστοῦ
915 1662 1014 1694 τόπους

220 1709 455 1746 προθυμουμένων
473 1709 646 1744 προσκυνεῖν,
674 1709 737 1740 τοὺς
754 1709 782 1734 ὲν
798 1709 831 1742 τῇ
848 1708 914 1743 ἁγίᾳ
937 1707 1014 1734 πόλει

220 1755 292 1782 κατὰ
310 1754 465 1789 συνήθειαν,
482 1755 510 1781 ὲν
523 1755 555 1789 τῇ
568 1753 672 1788 ὑψώσει
699 1754 746 1780 τοῦ
772 1753 864 1788 τιμίου
882 1753 929 1780 καὶ
945 1753 1013 1784 ζωο-

220 1800 298 1827 ποιοῦ
319 1800 437 1835 σταυροῦ
454 1799 651 1835 (γινώσκουσιν
663 1799 691 1825 δὲ
703 1799 804 1828 πάντες
818 1799 842 1825 οξ
858 1799 947 1825 ἐκεῖσε
963 1807 1015 1824 πα-

222 1846 385 1881 ραγενέσθαι
400 1846 527 1877 εἰωθότες
541 1846 570 1872 ὲν
582 1846 670 1882 ταύτῃ
683 1847 715 1881 τῇ
734 1846 801 1880 ἁγίᾳ
816 1846 864 1871 καὶ
878 1845 1016 1880 πανυμνή-

219 1903 258 1929 τῳ
271 1895 364 1929 ἑορτῇ,
380 1893 421 1919 ὅτι
442 1893 534 1927 σχεδὸν
546 1894 578 1919 ὲκ
593 1893 683 1927 πάσης
698 1893 747 1927 τῆς
767 1893 931 1927 οἰκουμένης
952 1900 1015 1917 συν-

219 1940 346 1975 τρέχουσι
358 1938 412 1964 τῶν
432 1938 504 1964 λαῶν
520 1938 553 1964 τὰ
581 1938 749 1972 φιλόσταυρα
772 1938 820 1962 καὶ
841 1937 1014 1971 Χριστοφόρα

221 1983 323 2019 πλήθη)
335 1991 342 1998 '
361 1984 389 2010 ἐν
401 1984 435 2018 τῇ
452 1983 520 2016 αὐτῇ
541 1982 657 2017 ἀοιδὶμῳ
676 1983 756 2017 ἑορτῇ
787 1982 885 2016 συνέϐη
903 2002 910 2014 ,
939 1982 1015 2012 τινας

221 2030 267 2056 δύο
279 2029 438 2064 νεωτέρους,
460 2029 514 2056 ἀπὸ
535 2028 633 2063 Συρίας
661 2028 750 2060 ὂντας,
766 2029 906 2063 συντυχεῖν
932 2027 1015 2063 ἀλλή-

221 2076 276 2106 λοις
289 2075 350 2101 κατ’
366 2075 527 2108 οἰκονομίαν
547 2073 627 2100 Θεοῦ.
642 2074 748 2107 Ὂνομα
765 2072 804 2107 τῷ
821 2073 861 2099 ἑνὶ
876 2072 1014 2107 Ἰωάννης,

221 2122 268 2148 καὶ
297 2122 382 2154 ὄνομα
400 2120 438 2155 τῷ
467 2120 552 2155 ἑτέρῳ
577 2119 699 2154 Συμεών.
737 2119 780 2151 Ὡς
808 2116 854 2146 οὖν
874 2118 1015 2154 διέτριψαν

221 2168 311 2193 ἐκεῖσε
327 2166 432 2201 ἡμέρας
448 2165 553 2198 ὀλίγας,
569 2164 617 2192 καὶ
637 2166 686 2199 τῆς
706 2165 787 2198 ἁγίας
807 2165 853 2191 τοῦ
869 2164 937 2191 Θεοῦ
954 2164 1015 2200 ἐορ-

221 2213 271 2247 τῆς
284 2212 485 2246 τελειωθείσης,
506 2210 638 2245 ἀνεχώρει
660 2210 753 2236 λοιπὸν
776 2210 891 2242 ἕκαστος
908 2211 949 2242 εις
965 2210 1015 2245 τὴν

1100 1573 1126 1599 5.
1147 1573 1207 1606 Quo
1220 1579 1342 1609 tempore
1362 1575 1492 1610 regnabat
1507 1582 1618 1603 sanctus
1636 1578 1674 1613 (5)
1690 1578 1863 1607 Justinianus

1068 1618 1226 1653 imperator,
1248 1619 1421 1647 Christicolis
1450 1622 1699 1656 convenientibus,
1715 1628 1743 1651 et
1769 1630 1862 1652 sancta

1068 1661 1169 1689 Christi
1205 1663 1264 1690 loca
1289 1663 1404 1691 adorare
1441 1664 1683 1698 desiderantibus,
1714 1674 1774 1701 qua:
1799 1673 1864 1695 sunt

1069 1707 1097 1733 in
1118 1711 1212 1735 sancta
1233 1708 1353 1739 civitate,
1383 1708 1536 1736 secundum
1566 1711 1813 1744 consuetudinem.
1835 1713 1862 1739 in

1068 1751 1233 1778 exaltatione
1262 1752 1389 1786 pretiosae
1413 1760 1445 1780 ac
1470 1753 1585 1781 viviﬁcaa
1614 1755 1653 1789 (ί)
1669 1756 1759 1783 crucis
1782 1758 1864 1792 (nos-

1068 1802 1135 1825 cunt
1149 1802 1239 1825 autem
1253 1805 1349 1826 omnes
1365 1799 1411 1833 qui
1425 1800 1574 1828 convenire
1591 1801 1627 1827 ibi
1647 1802 1735 1828 solent
1762 1803 1788 1829 in
1810 1803 1862 1830 hoc

1069 1847 1165 1870 sancto
1181 1847 1208 1870 et
1227 1843 1407 1871 celeberrimo
1423 1843 1506 1876 festo,
1521 1845 1594 1879 quod
1610 1845 1667 1873 l‘ere
1687 1854 1719 1873 ex
1734 1848 1863 1876 universo

1071 1895 1204 1915 terrarum
1217 1889 1284 1915 orbe
1299 1893 1468 1916 concurrant
1489 1890 1654 1924 populorum
1679 1893 1776 1924 turbm,
1798 1894 1862 1928 qui—

1070 1934 1120 1960 bus
1133 1941 1198 1960 crux
1223 1938 1250 1960 et
1270 1933 1397 1961 Christus
1415 1934 1444 1961 in
1464 1935 1604 1962 amoribus
1628 1936 1695 1971 est);
1713 1937 1740 1964 in
1764 1939 1861 1966 eodem

1070 1978 1121 2006 hoc
1136 1978 1235 2005 celebri
1252 1979 1321 2006 festo
1340 1979 1455 2015 contigit
1476 1980 1546 2008 duos
1564 1981 1698 2015 quosdam
1723 1983 1861 2018 iuniores,

1070 2031 1084 2050 e
1101 2023 1177 2059 Syria
1199 2023 1236 2059 (5)
1267 2024 1409 2058 oriundos,
1434 2025 1487 2053 sibi
1511 2031 1609 2054 mutuo
1633 2035 1788 2062 occurrere,
1807 2031 1863 2058 Deo

1070 2071 1109 2097 sic
1124 2071 1297 2106 disponente.
1314 2071 1419 2099 Nomen
1436 2072 1483 2099 uni
1496 2077 1555 2100 erat
1570 2073 1700 2106 Joannes.
1714 2080 1742 2102 et
1759 2083 1859 2104 nomen

1069 2117 1148 2144 alteri
1169 2117 1295 2152 Symeon.
1317 2116 1497 2152 Consumptis
1525 2117 1627 2146 ibidem
1647 2121 1741 2154 paucis
1752 2121 1861 2153 diebus,

1070 2169 1097 2190 ct.
1111 2167 1207 2192 sancto
1221 2163 1268 2190 Dei
1284 2162 1354 2190 festo
1372 2162 1460 2196 ﬁnito,
1484 2164 1599 2192 recessit
1619 2165 1751 2200 deinceps
1775 2175 1862 2195 unus-

1069 2210 1185 2245 quisque
1205 2209 1239 2236 ad
1267 2209 1406 2244 propriam
1433 2209 1582 2238 civitatem.
1599 2212 1618 2238 Α
1645 2219 1699 2246 quo
1727 2217 1860 2248 tempore.

223 2258 292 2285 ίόίαν
308 2258 386 2283 πόλιν
400 2265 406 2272 ·
443 2257 504 2283 ἐπεὶ
517 2278 523 2289 ,
541 2256 600 2282 και“
616 2255 741 2282 εὐδοκίαν
765 2255 812 2282 τοῦ
827 2255 1015 2290 φιλανθρώπου

1070 2257 1146 2292 juxta
1171 2255 1279 2290 benigni
1304 2254 1351 2282 Dci
1376 2255 1590 2290 benepiacitum.
1608 2257 1663 2285 duo
1687 2258 1713 2285 bi
1738 2259 1863 2294 juniorcs

221 2304 301 2336 Θεοῦ,
317 2303 395 2338 ἔσχον
411 2303 435 2328 οἱ
450 2302 496 2329 δύο
511 2299 583 2328 οὗτοι
598 2301 727 2337 νεώτεροι
741 2301 790 2337 τὴν
803 2302 947 2336 συντυχίαν
971 2301 1015 2328 καὶ

1068 2306 1214 2337 εωρθτυηι
1223 2300 1480 2336 agerefamiliariter
1491 2307 1519 2329 et
1530 2302 1645 2337 diligere
1664 2304 1736 2331 inter
1755 2313 1795 2338 se,
1807 2313 1862 2332 non

221 2350 271 2385 τὴν
282 2350 392 2384 ἀγάπην
409 2349 466 2383 μετ’
483 2348 617 2383 ἀλλήλων,
634 2348 684 2373 οὐκ
700 2347 741 2374 ἑτι
761 2347 954 2382 ἐχωρίσθησαν
969 2347 1017 2374 ἀπ’

259 2439 269 2454 ε’
288 2438 366 2465 Cant.
387 2446 423 2469 tv,
440 2438 466 2464 7.
503 2437 524 2451 ¹⁰
543 2435 638 2462 Matth.
660 2443 715 2468 xIx,
732 2435 772 2462 I9.

1067 2345 1183 2381 amplius
1196 2353 1210 2371 a
1227 2353 1256 2372 se
1273 2350 1368 2372 mutuo
1383 2347 1502 2381 separati
1519 2353 1592 2374 sunt.
1616 2348 1689 2382 Ideo,
1708 2349 1773 2377 dum
1789 2351 1863 2378 redi-

988 2493 1103 2521 ΝΟΤΑΕ.

260 2544 299 2580 (5)
319 2544 403 2571 Multo
420 2543 500 2580 latius
516 2542 580 2580 olim
597 2541 694 2580 _sancti
717 2548 818 2580 nomen
839 2549 920 2575 quam
939 2541 1021 2568 hodie

223 2575 311 2614 patuit
321 2600 328 2611 ,
343 2583 412 2605 teste
425 2577 536 2614 veisero
553 2578 579 2603 in
594 2576 699 2614 Cotum.
723 2576 756 2614 ad
775 2575 908 2614 Convers.
918 2580 1020 2614 sancta;

223 2611 314 2646 Mne;
331 2613 452 2648 episcopi
465 2613 545 2648 vulgo
558 2611 655 2648 sancti,
670 2611 845 2648 sanctissimi.
868 2611 1017 2638 beatissimi

224 2645 385 2677 dicebant-ur
403 2667 411 2674 .
423 2645 433 2674 ξ
444 2667 450 2673 .
463 2645 571 2681 Reliqui
586 2647 669 2673 etiam
690 2645 849 2678 Christiani,
866 2651 940 2672 certe
955 2654 1019 2680 pro-

224 2685 294 2711 batae
309 2684 380 2716 vitm,
398 2682 495 2714 sancti,
509 2689 666 2716 quanquam
683 2681 772 2716 adhuc
790 2681 930 2716 mortales.
945 2682 1017 2707 Con-

224 2719 362 2746 stantinus
374 2715 543 2755 orationem,
567 2724 648 2750 quam
663 2717 697 2743 ad
717 2715 900 2755 Christiana-tn
915 2715 1017 2755 .Ect-le-

225 2754 293 2781 siam
309 2752 483 2791 scripsitn‘ad
501 2756 656 2791 sanctorum
670 2756 771 2791 citatum
795 2751 953 2791 inscripsit“:
974 2751 1018 2791 ita

225 2786 373 2823 Slengelius
388 2788 415 2814 in
433 2786 629 2813 Commentario
649 2787 683 2812 ad
702 2786 785 2813 Vitam
803 2786 873 2812 beati
888 2786 1017 2813 H'illtclmi

224 2823 433 2857 Hirsaugiensis.

261 2858 298 2893 (Α)
319 2855 431 2885 Ostendi
455 2857 556 2891 populo
580 2856 666 2886 Crux,
684 2860 712 2882 et
737 2856 853 2890 proferri
878 2855 1017 2884 adoranda

364 2905 500 2934 PA't'ltUL.
522 2904 580 2934 Gn.
603 2902 704 2932 XCIII.

1072 2540 1187 2579 solebat,
1204 2547 1260 2567 non
1270 2539 1376 2579 "solum
1398 2539 1426 2579 in
1451 2541 1579 2579 contigua
1605 2543 1715 2570 Pascha!
1739 2543 1794 2578 die,
1815 2546 1864 2574 sed

1071 2575 1154 2613 etiam
1170 2575 1204 2613 in‘
1216 2574 1305 2613 media
1317 2574 1485 2613 jejuniorum
1502 2574 1683 2613 hébdomade,
1706 2586 1768 2613 qua:
1784 2574 1863 2608 nobis

1071 2616 1113 2637 cst
1129 2609 1350 2644 Quadragcsitme
1368 2609 1458 2640 tertia,
1476 2616 1558 2644 prout
1578 2609 1680 2640 dicitur
1694 2609 1728 2641 ad
1744 2615 1815 2642 diem
1833 2623 1863 2642 ut

1072 2645 1161 2682 Maii.’
1175 2644 1248 2682 Ideni
1269 2644 1352 2682 ﬁebat
1374 2649 1402 2682 et
1415 2647 1583 2682 cunttnulto
1606 2649 1710 2682 majore
1726 2657 1862 2677 concursu

1070 2680 1174 2715 populi,
1193 2680 1219 2705 in
1237 2678 1502 2715 festorExaltationis
1521 2687 1623 2710 sancta:
1639 2678 1734 2711 Cruci:
1757 2684 1790 2711 Li
1812 2686 1863 2712 Se-

1072 2715 1215 2754 ptembris,
1231 2714 1268 2741 uti
1281 2714 1419 2749 colligitur
1433 2723 1449 2742 e
1466 2714 1524 2741 Vita
1536 2716 1564 2744 S.
1581 2717 1674 2757 Μαι-ἔω
1684 2719 1861 2779 .‘Eilyptiacar,

1072 2758 1103 2777 ca
1116 2757 1260 2777 occasione
1275 2757 1427 2779 conversae,
1444 2750 1478 2777 de
1491 2758 1544 2779 (tua
1564 2756 1607 2779 dte
1618 2761 1636 2779 η
1652 2754 1717 2779 Anri
1731 2755 1762 2779 is.

1072 2749 1103 2777 ca
1116 2749 1260 2787 occasione
1269 2757 1427 2787 conversae,
1444 2750 1478 2777 de
1491 2758 1544 2784 qua
1564 2752 1607 2780 die
1618 2761 1636 2780 η
1652 2749 1762 2787 Αρι-ὶίίἓζ

1108 2785 1147 2818 (5)
1167 2783 1225 2812 Orti
1237 2784 1338 2812 Edessa
1354 2783 1557 2822 Mesopotamia
1570 2788 1647 2820 urbe,
1657 2783 1717 2822 qine
1729 2796 1743 2815 a
1754 2789 1862 2816 Justino

1071 2821 1237 2857 imperatore
1261 2824 1435 2857 restaurata,
1455 2820 1635 2857 Justinopolis
1655 2820 1762 2857 quoque
1789 2825 1862 2851 dicta

1071 2856 1132 2888 fuit,
1149 2860 1260 2882 auctore
1273 2855 1390 2889 Evagrio
1409 2855 1491 2882 lib.tv
1506 2855 1578 2884 Eccl.
1591 2855 1701 2889 Ηὶειόν..
1719 2855 1780 2894 cap.
1799 2859 1816 2887 3

1644 2903 1681 2933 53
