2074 3144
213 225 281 257 1689

844 236 934 266 νιΤΑ
954 238 984 268 S.
997 239 1197 272 SYMEONIS.

1764 246 1831 278 1690

210 280 334 315 Συμεὼν,
350 283 396 308 καὶ
412 280 504 309 εἶπεν·
529 285 557 311 '0
580 285 670 318 σώσας
694 288 757 319 τοὺς
773 289 827 320 πρὸ
850 289 897 316 τοῦ
911 291 992 318 Δαυῒδ

1045 295 1098 325 nis,
1109 296 1156 330 qui
1171 295 1239 322 dixit
1253 305 1260 323 ι
1277 295 1328 329 Qui
1344 297 1464 325 servavit
1478 305 1535 330 eos,
1560 299 1606 333 qui
1625 304 1688 327 ante
1703 301 1830 329 Davidem

157 354 161 357 ‘
210 327 449 363 εὖαρεπήσαντας
470 330 553 365 αὐτῷ,
585 331 665 364 σώζει
692 334 739 359 καὶ
761 335 844 369 ἡμᾶς.
861 336 892 362 Et
907 336 994 362 δὲκαὶ

210 371 279 404 ἄξιοι
295 373 448 408 γενώμεθα,
466 375 587 403 διδάσκει
604 378 651 404 καὶ
666 379 751 413 ἡμᾶς,
763 379 800 411 ὡς
815 381 935 414 ἐδίδαξεν
950 382 994 409 τὸν

210 417 302 464 ιὶαυῖδ,
318 418 357 449 ὡς
372 417 406 454 ἦν
419 421 458 451 εἰς
471 421 506 447 τὰ
519 423 643 457 πρὸΰατα
667 425 706 456 εἰς
736 427 785 460 τὴν
814 426 927 461 ἔρημον,
956 429 993 464 μὴ

211 463 325 499 θελήσῃς
341 465 476 500 ἀνακόψαι
491 467 539 502 τὴν
553 469 710 504 προθυμίαν
725 479 787 505 μου,
800 463 995 506 ἀδελφέ.¹Αλλα

209 509 312 543 λοιπὸν,
327 511 367 537 ὅτι
384 513 424 543 εις
443 513 520 539 τοῦτο
537 514 568 540 τὸ
578 515 694 550 πρᾶγμα
715 516 856 551 ἐδώκαμεν
872 518 994 552 ἑαυτοὺς,

211 555 249 589 μὴ
264 555 440 591 ἀφανισωμεν
454 557 529 584 αὐτό.
546 559 612 585 Τότε
629 561 643 586 ὁ
654 560 733 595 κῦρις
759 561 886 596 Ἰωάννης
906 561 993 590 εἶπεν·

216 599 260 631 Ὠς
275 601 371 634 Θέλεις,
386 604 544 638 ποιήσομεν.
558 605 620 636 Πῶς
627 605 654 632 δὲ
670 606 716 632 καὶ
732 606 913 642 ὲξερχόμεθας
926 610 995 644 ὁτιή

209 645 280 679 θύρα
296 646 417 674 κλείεται
431 650 463 682 τῇ
478 649 569 676 νυκτί·
600 650 682 684 Λέγει
712 651 787 686 αὐτῷ
815 652 943 687 Συμεών·
967 654 995 680 '0

209 690 317 723 ἀνοίξας
332 693 398 727 ἡμῖν
409 694 441 728 τῇ
461 694 563 728 ἡμέρᾳ,
575 695 656 727 αὐτὸς
671 696 773 729 ἀνοίγει
789 698 835 724 καὶ
853 700 887 734 τῇ
906 701 993 726 νυκτί.

214 735 258 766 Ὠς
269 734 316 762 οὖν
330 737 447 772 ἔστησαν
462 740 511 773 τὴν
520 740 626 774 βουλὴν,
642 741 722 772 εὐθὺς
732 742 783 777 τῆς
796 741 894 776 vum;
911 753 995 771 κατα-

208 780 361 815 λαῆηύςης,
381 781 480 817 θεωρεῖ
506 785 520 810 ὁ
545 785 695 819 ἡγούμενός
720 795 782 813 τινα
806 788 867 814 καθ’
895 788 996 820 ὕπνους

209 824 350 857 ἀνοίγοντα
365 826 414 860 τὴν
426 826 511 862 θύραν
523 828 569 854 τοῦ
583 831 778 865 μοναστηρίου,
799 833 846 858 καὶ
860 832 973 867 λέγοντα
988 843 994 849 “

214 868 351 901 Ἐξέλοετε
361 891 368 903 ,
385 872 509 906 πρόϐατα
525 874 732 909 ὲσφραγισμένα
743 877 790 903 τοῦ
805 878 935 912 Χριστοῦ,
956 880 996 912 εἰς

207 913 257 947 τὴν
272 915 370 950 βοσκὴν
388 916 473 950 ὑμῶν.
498 918 551 944 Καὶ
569 919 751 953 διυπνισθεὶς,
771 922 874 954 εὐθέως
896 925 996 959 κατέρ-

208 968 286 993 χεται
296 962 336 991 εἰς
351 961 396 987 τὸν
410 962 532 996 πυλῶνα,
547 965 593 990 καὶ
606 963 686 1000 εὗρον
700 967 782 994 αὐτὸν
798 969 933 1001 ἀνοικτὺν,
947 971 994 996 καὶ
1012 961 1033 990 Β

207 1006 320 1038 νομίσας
336 1008 375 1033 ὅτι
390 1008 500 1042 ἐξῆλθεν
517 1010 632 1041 ἐκεῖθεν,
643 1011 787 1045 ἐκαθέζετο
799 1015 923 1048 στυγνὸς,
934 1024 993 1042 στε-

207 1049 295 1080 νάζων
309 1051 356 1076 καὶ
371 1051 458 1085 λέγων
469 1073 476 1084 ,
502 1053 542 1079 ὅτι
559 1054 617 1080 Οὐκ
629 1055 752 1091 ἠξιώθην
767 1058 822 1091 ἐγὼ
836 1060 850 1085 ὁ
865 1059 993 1095 ἁμαρτω-

207 1094 251 1140 λος
266 1095 357 1122 λαϐεῖν
382 1096 432 1131 τὴν
455 1098 539 1134 εὐχὴν
564 1100 618 1126 τῶν
640 1102 770 1137 Πατέρων
794 1112 856 1138 μου.
872 1106 994 1140 Ἀληθῶς

205 1139 277 1168 οὗτοί
306 1151 355 1176 μου
378 1144 510 1178 Πατέρες,
536 1146 582 1172 καὶ
603 1147 742 1180 δεσπόται,
769 1152 816 1177 καὶ
840 1151 993 1178 διδάσκαλοι

204 1187 364 1221 ἐτύγχανον,
375 1191 423 1217 καὶ
435 1190 480 1216 διὰ
492 1191 572 1218 τοῦτο
583 1193 631 1226 τῆς
642 1194 708 1228 παρ’
718 1195 807 1222 αὐτῶν
817 1197 993 1231 παραθέσεως

203 1232 354 1268 nam“.
372 1234 477 1262 Βαϐαίι
507 1238 566 1268 πῶς
589 1237 658 1265 λίθοι
688 1240 785 1275 τίμιοι,
814 1242 850 1273 ὥς
880 1245 994 1278 φησινή

204 1278 310 1314 Γραφὴ,
325 1280 468 1316 λεληθότες
483 1284 530 1309 ὲπὶ
546 1284 596 1318 τῆς
620 1285 672 1320 γῆς
690 1287 840 1320 κυλίονται,
864 1289 917 1316 ὑπὸ
932 1291 995 1316 πολ-

204 1322 257 1349 λῶν
271 1325 320 1369 μὲν
335 1327 504 1361 φαινόμενοι,
521 1328 573 1355 ὑπὸ
589 1329 690 1364 ὀλίγων
705 1331 733 1357 δὲ
747 1333 995 1369 καταλαμϐανόμε-

205 1375 245 1393 νοι
257 1368 264 1395 l
281 1368 324 1399 Ὠς
338 1370 425 1397 ταῦτα
437 1370 485 1398 οὖν
499 1373 539 1404 εἰς
554 1374 650 1400 ἑαυτὸν
666 1375 807 1410 ἀδημονῶν
820 1368 993 1412 διελογίζετο,

205 1413 260 1439 ἰδοὺ
277 1415 299 1440 οἱ
311 1416 422 1450 νυμφίοι
433 1418 457 1443 οἱ
470 1417 586 1453 καθαροὶ
600 1419 647 1446 τοῦ
662 1421 780 1455 Χριστοῦ
791 1423 933 1457 ἐρχόμενοι
947 1425 993 1451 ἐπὶ

203 1457 233 1484 τὸ
252 1459 378 1493 ἐξελθεῖν,
397 1458 434 1488 ὧν
450 1463 607 1498 ἔμπροσθεν
629 1465 742 1500 ἐθεώρει
764 1467 778 1492 ὁ
798 1467 992 1503 καθαρώτατος

203 1504 354 1540 ἡγούμενος
374 1508 465 1534 Νίκων
490 1510 567 1541 τινας
584 1511 729 1547 εὐνούχους
745 1512 990 1550 λαμπαδηφόρους,

203 1552 265 1584 τοὺς
279 1553 306 1580 δὲ
321 1555 450 1591 σκῆπτρα
467 1558 497 1583 ὲν
511 1559 543 1593 τῇ
561 1559 610 1593 μιᾷ
621 1561 694 1594 χειρὶ
705 1561 882 1595 κατέχοντας.

1046 338 1209 372 placuerunt
1231 340 1298 372 Deo,
1319 348 1369 368 nos
1389 349 1497 377 quoque
1513 345 1652 375 servabit;
1673 349 1711 376 et.
1729 346 1750 372 si
1769 347 1831 380 qui—

1045 383 1107 410 dem
1127 384 1220 412 liamus
1241 385 1328 420 digni,
1347 394 1398 414 nos
1415 387 1480 414 item
1500 388 1618 419 docebit,
1638 395 1717 424 prout
1741 390 1833 417 docuit

1046 429 1186 462 Davidem,
1205 431 1313 464 quando
1327 432 1352 457 in
1369 432 1517 460 solitudine
1531 435 1660 468 pascebat
1672 443 1748 462 oves.
1760 435 1830 467 Noli,

1045 475 1140 507 frater,
1152 476 1319 503 desiderium
1334 484 1425 504 meum
1437 479 1587 506 retardare.
1604 479 1681 512 Quod
1697 486 1831 515 superest.

1045 528 1080 547 ne
1096 528 1164 552 rem,
1188 529 1242 555 quo
1270 522 1391 549 animum
1417 524 1581 558 appulimus,
1602 525 1746 552 reddamus
1760 526 1832 555 ,irri-

1047 570 1111 593 tam.
1132 567 1201 593 Tum
1218 567 1345 595 dominus
1368 567 1487 596 Joannes
1510 569 1597 597 dixit:
1623 570 1774 604 Faciemus,
1793 573 1832 599 uti

1046 611 1096 638 vis.
1113 613 1148 639 At
1167 613 1303 647 quomodo
1320 614 1476 642 exibimus?
1501 615 1568 642 Nam
1591 610 1673 643 noctu
1698 618 1834 644 clauditur

1046 657 1156 685 ostium.
1177 658 1243 686 Dicit
1258 659 1282 686 ei
1299 658 1416 694 Symeon
1436 668 1443 685 :
1461 659 1513 692 Qui
1533 661 1597 688 illud
1621 662 1701 689 nobis
1727 664 1834 697 aperuit

1047 703 1176 736 interdiu,
1202 704 1273 731 idem
1292 705 1336 731 ille
1352 712 1435 733 noctu
1460 706 1574 740 aperiet.
1600 707 1725 734 Stabilito
1754 709 1835 743 igitur

1047 748 1170 779 consilio,
1187 749 1289 781 statim,
1305 750 1348 777 ubi
1363 751 1473 778 advenit
1489 758 1552 782 nox,
1577 751 1746 787 hcgumenns
1763 752 1836 779 videt

1048 795 1165 829 aliquem
1181 795 1207 822 in
1224 796 1336 828 somnis,
1358 798 1525 831 aperientem
1544 798 1644 824 ostium
1666 799 1834 831 monasterii,

1048 845 1075 866 et
1089 840 1225 867 dicentem
1240 849 1246 867 :
1261 840 1345 873 Exite,
1359 849 1424 869 oves
1440 842 1672 877 Christisignatte,
1684 843 1718 870 ad
1736 851 1836 878 pascua

1047 889 1148 912 vestra.
1163 885 1184 911 A
1201 893 1296 912 somno
1323 886 1464 919 excitatus,
1480 887 1570 914 statim
1586 887 1619 913 ad
1641 886 1752 921 januam
1774 896 1836 922 per-

1049 929 1132 960 venit,
1148 937 1229 964 quam
1247 930 1291 957 ubi
1308 931 1468 958 invenisset.
1489 936 1621 966 apertam,
1647 937 1722 959 ratus
1739 933 1837 960 exinde

1048 983 1182 1010 egressos,
1202 977 1326 1003 consedit
1339 982 1463 1009 moestus,
1485 985 1650 1012 gemensque
1672 983 1700 1005 et
1721 978 1834 1005 dicens:

1047 1022 1105 1048 Non
1126 1029 1200 1049 eram
1220 1022 1319 1057 dignus
1345 1031 1396 1058 ego
1419 1028 1556 1057 peccator,
1579 1023 1686 1050 Patrum
1714 1032 1837 1051 meorum

1047 1075 1141 1101 preces
1155 1067 1290 1102 accipere.
1314 1068 1354 1095 llli
1369 1077 1434 1096 sane
1447 1072 1526 1096 erant
1542 1068 1635 1096 Patres
1655 1069 1719 1101 mei,
1739 1074 1765 1097 et
1788 1071 1836 1096 do-

1048 1115 1129 1146 mini,
1146 1122 1178 1142 ac
1193 1114 1315 1149 magistri
1332 1124 1338 1141 :
1352 1114 1415 1141 ideo
1436 1122 1560 1149 scopum.
1577 1123 1658 1149 quem
1686 1115 1736 1142 sibi
1766 1123 1837 1150 prae.

1047 1160 1175 1191 fixerunt,
1193 1167 1248 1187 non
1263 1168 1323 1187 sum
1344 1165 1498 1187 assecutus.
1517 1159 1615 1194 Papa)!
1629 1167 1710 1194 quam
1727 1161 1838 1195 pretiosi

1020 1205 1157 1239 .lapides.
1185 1210 1214 1232 ut
1237 1206 1358 1240 loquitur
1379 1205 1519 1240 Scriptura
1550 1206 1583 1237 ”,
1611 1206 1727 1233 latentes
1757 1214 1838 1240 supra

1045 1255 1145 1277 teriam
1160 1251 1324 1283 volvuntur;
1343 1251 1389 1285 qui
1406 1257 1420 1277 a
1446 1250 1539 1277 multis
1563 1250 1672 1285 quidem
1701 1251 1836 1282 vider-tur,

1043 1296 1092 1323 sed
1114 1305 1128 1323 a
1154 1297 1249 1331 paucis
1270 1296 1528 1331 apprehenduntur.
1556 1296 1623 1322 Dum
1647 1297 1705 1323 haec
1726 1301 1838 1324 mmstus

1043 1349 1136 1369 secum
1149 1343 1278 1377 agitabat,
1291 1350 1355 1369 ecce
1374 1343 1434 1376 puri
1450 1342 1543 1377 sponsi
1559 1341 1661 1369 Christi
1681 1342 1794 1369 veniunt
1809 1347 1839 1369 ut

1047 1386 1232 1421 egrediantur,
1254 1391 1319 1414 ante
1336 1394 1406 1421 quos
1419 1386 1660 1421 contemplabatur
1675 1387 1839 1420 purissimus

1047 1431 1216 1466 hegumenus
1243 1431 1328 1459 Nicon
1352 1432 1495 1459 eunuchos
1517 1432 1632 1466 aliquot,
1652 1440 1767 1466 quorum
1794 1432 1838 1458 alii

1045 1476 1169 1504 ferebant
1184 1477 1333 1512 lampades,
1347 1477 1391 1504 alii
1408 1481 1515 1512 sceptra
1526 1484 1608 1504 manu
1623 1477 1766 1504 tenebant.

935 1633 1050 1661 CAPUT
1072 1634 1100 1663 V.

674 1689 794 1716 Secessus
815 1691 842 1717 in
858 1691 1044 1726 solitudinem,
1061 1693 1170 1720 Sataan
1186 1695 1358 1721 machinatio.

239 1747 286 1775 ις’.
305 1744 350 1775 Ὠς
361 1742 408 1770 οὖν
425 1746 535 1777 τούτους
552 1746 695 1779 ἐθεάσατο,
719 1749 872 1784 περιχαρὴς
890 1749 994 1785 σφόδρα
1008 1754 1029 1782 C

202 1790 318 1824 ἐγένετο,
336 1790 404 1817 διότι
417 1792 467 1817 οὐκ
481 1792 616 1828 ἀπέτυχεν
626 1794 676 1828 τῆς
690 1795 772 1821 αὑτοῦ
786 1796 932 1831 ἐπιουμίας
944 1805 951 1811 ·
964 1796 993 1823 ὃν

203 1835 368 1870 θεασάμενοι
387 1837 413 1863 οἰ
435 1838 577 1874 μακάριοι,
597 1838 788 1874 ἠϐουλήθησαν
810 1840 992 1875 ὑποστρέψαι,

204 1883 242 1918 μὴ
257 1885 405 1918 νοήσαντες
428 1885 470 1910 ὅτι
497 1886 511 1911 ὁ
533 1886 684 1920 ἡγούμενός
702 1886 931 1921 ἐστιν.“Εδραμεν
947 1885 994 1913 οὖν

202 1929 215 1953 ὁ
228 1929 301 1958 ὅσιος
320 1929 414 1955 Νίκων
428 1930 476 1955 καὶ
496 1930 718 1964 προσεκαλέσατο
733 1932 833 1962 αὐτοὺς
849 1933 917 1965 πρὸς
931 1932 993 1957 ἐαυ-

201 1974 258 2001 τόν.
279 1974 322 2004 Ὠς
344 1973 390 2001 οὖν
412 1975 535 2008 ἔγνωσαν
551 1976 591 2001 ὅτι
607 1976 621 2001 ὸ
634 1977 786 2010 ἡγούμενός
809 1979 894 2009 ἐστιν,
916 1986 994 2012 περι-

201 2021 295 2054 χαρεῖς
309 2021 355 2046 καὶ
369 2021 447 2047 αὐτοὶ
459 2021 594 2055 ἐγένοντο,
615 2022 732 2056 μάλιστα
745 2023 934 2057 θεωρήσαντες
946 2024 992 2049 καὶ

200 2066 246 2092 τον
263 2066 373 2093 πυλῶνα
391 2068 514 2094 ἁνοικτόν
528 2076 536 2083 '
553 2068 668 2103 ἐνόησαν
685 2068 739 2103 γὰρ
753 2068 794 2094 ὅτι
809 2069 822 2095 ὁ
838 2068 903 2101 Θεὸς
917 2069 993 2104 αὐτῷ

200 2113 282 2139 πάλιν
295 2113 341 2139 καὶ
356 2113 434 2140 τοῦτο
449 2113 634 2148 ἀπεκάλυψεν.
664 2114 815 2148 Ἦοέλησαν
828 2112 875 2141 οὖν
901 2114 992 2149 βαλεῖν

201 2157 356 2192 μετάνοιαν,
371 2159 419 2185 καὶ
430 2158 594 2185 διεκώλυσεν
609 2159 708 2191 αὐτοὺς
722 2159 820 2193 λέγων,
838 2160 920 2194 μηδὲν
937 2169 992 2186 τοι-

199 2202 278 2229 οῦτον
292 2204 384 2235 αὑτοῖς
398 2203 498 2235 ἐξεῖναι
509 2205 682 2240 ποιῆσαι,διὰ
696 2206 744 2240 τὴν
758 2205 840 2240 τιμὴν
853 2206 900 2232 τοῦ
912 2214 990 2242 περι-

198 2249 323 2280 τεθέντος
339 2249 429 2280 αὑτοῖς
450 2250 597 2284 ἀγγελικοῦ
619 2250 768 2285 σχήματος.
791 2251 925 2285 Λέγουσιν
943 2250 990 2278 οὖν

199 2295 273 2330 αὐτῷ
285 2295 395 2326 εὐθέως·
405 2296 627 2330 Εὑχαριστοῦμέν
639 2305 690 2330 σοι,
704 2298 805 2332 Πάτερ,
815 2298 862 2323 καὶ
870 2297 896 2323 τί
906 2306 989 2333 προσ.

198 2340 262 2372 άξαι
276 2340 315 2376 τῷ
330 2340 389 2375 Θεῷ
409 2341 457 2367 καὶ
471 2343 504 2376 τῇ
524 2342 556 2376 σῇ
569 2342 647 2377 τιμίᾳ
664 2342 783 2377 κεφαλῇ,
803 2343 852 2369 οὐκ
866 2343 987 2378 οἴδαμεν.

199 2386 248 2417 Τίς
274 2388 348 2420 ἡμᾶς
378 2387 508 2413 τοιούτων
540 2388 650 2422 δωρεῶν
678 2389 827 2423 ἀξιωθῆναι
853 2389 986 2424 ἤλπιζενς

199 2433 274 2462 ποῖος
291 2431 419 2466 βασιλεὺς
434 2431 547 2466 τοιούτῳ
560 2432 696 2467 ἀξιώματι
710 2433 785 2468 ἡμᾶς
795 2433 909 2467 τιμῆσαι
925 2433 990 2467 ἠδύ-

199 2485 265 2503 νατο
276 2486 283 2509 ;
303 2479 372 2504 ποῖοι
387 2478 504 2511 ἐπίγειοι
517 2477 651 2513 θησαυροὶ
669 2479 755 2510 οὕτως
766 2479 897 2513 ἐξαίφνης
910 2478 991 2505 πλου-

198 2522 280 2556 τῆσαι
313 2524 385 2558 ἡμᾶς
412 2524 539 2556 ὲποίουν;
560 2524 644 2550 ποίων
675 2524 797 2559 λουτρῶν
829 2524 990 2556 ἀπολούσεις

196 2568 282 2599 οὕτως
297 2569 376 2603 ἡμῶν
393 2571 442 2604 τὴν
456 2570 545 2605 ψυχὴν
556 2570 735 2605 ἐκιθάριζον;
754 2572 826 2596 ποῖοι
844 2571 932 2603 γονεῖς
946 2569 990 2596 οὗ·

196 2622 251 2645 τως
270 2614 413 2649 ἀγαπῆσαι
434 2615 480 2640 καὶ
496 2615 581 2642 σῶσαι
594 2616 734 2647 ὲδύναντος
751 2617 815 2642 ποῖαι
830 2615 903 2649 ξένια
915 2615 989 2650 δῶρα

197 2659 248 2694 τὴν
262 2659 316 2685 τῶν
335 2660 475 2694 ἁμαρτιῶν
502 2661 581 2695 ἡμῶν
607 2662 704 2695 ἄφεσιν
730 2662 871 2696 συντόμως
901 2661 988 2693 οὕτως

197 2704 307 2739 ἐνέγκαι
323 2705 388 2739 ἡμῖν
401 2705 501 2740 ἴσχυον,
513 2706 550 2738 ὡς
569 2707 612 2738 σὺ,
629 2708 704 2742 τίμιε
721 2707 800 2742 ἡμῶν
821 2707 921 2741 Πάτερ,
940 2707 986 2733 καὶ

234 2768 256 2784 ’³
271 2769 384 2811 zachar.
411 2781 448 2805 ix,
467 2773 509 2799 16.

1082 1750 1125 1777 16.
1149 1751 1202 1778 Eos
1220 1751 1301 1786 igitur
1323 1751 1508 1785 conspicatus,
1527 1750 1612 1777 solide
1636 1750 1746 1785 gavisus
1773 1750 1836 1782 fuit;

1046 1798 1108 1831 quia
1131 1805 1187 1823 non
1213 1801 1274 1824 erat
1292 1797 1438 1823 frustratus
1454 1803 1504 1823 suo
1520 1795 1667 1823 desiderio.
1690 1794 1838 1828 Postquam

1046 1841 1119 1867 hunc
1139 1841 1271 1867 vidissent
1288 1840 1370 1870 beati,
1394 1838 1658 1868 voluerunt‘redire,
1681 1844 1736 1863 non
1761 1837 1836 1871 cogi-

1045 1890 1134 1911 tantes
1164 1885 1236 1918 quod
1270 1884 1440 1919 hegumenus
1467 1886 1550 1909 esset.
1585 1881 1713 1907 Cucurrit
1744 1880 1836 1914 itaque

1045 1933 1156 1955 sanctus
1171 1929 1268 1959 Nicon,
1281 1933 1309 1954 et
1329 1927 1470 1954 advocavit.
1484 1933 1532 1953 eos
1543 1925 1576 1952 ad
1593 1933 1631 1952 se.
1649 1925 1700 1952 Ubi
1717 1924 1835 1959 primum

1044 1975 1085 2000 eis
1107 1974 1279 2007 hegumenns
1306 1972 1438 2004 innotuit,
1465 1971 1515 2006 ipsi
1540 1971 1622 1997 etiam
1653 1969 1730 1996 valde
1752 1969 1835 2005 gavisi

1044 2023 1119 2051 sunt,
1144 2019 1262 2045 maxime
1288 2018 1399 2053 quando
1422 2017 1551 2044 videbant
1571 2016 1670 2043 ostium
1697 2020 1834 2050 apertum.

1045 2061 1150 2089 Etenim
1179 2062 1265 2089 Deum
1290 2062 1343 2089 hoc
1364 2061 1402 2088 illi
1427 2069 1536 2088 rursum
1562 2060 1709 2092 revelassc,
1731 2060 1835 2096 COgita-

1044 2108 1119 2135 bant.
1135 2107 1250 2142 Jamque
1264 2108 1394 2136 volebant
1410 2107 1597 2142 paenitentiam
1614 2105 1719 2141 (αι-22)
1733 2105 1834 2137 facere.

1043 2157 1071 2180 at
1091 2153 1177 2180 vetuit.
1200 2153 1252 2180 illis
1268 2153 1363 2180 dicens
1391 2152 1459 2178 nihil
1476 2151 1528 2178 tale
1556 2151 1596 2178 eis
1622 2151 1705 2177 licere
1723 2150 1832 2184 facere;

1043 2202 1155 2232 propter
1171 2198 1323 2233 angelicum
1338 2197 1471 2228 habitum,
1488 2203 1542 2230 quo
1563 2200 1642 2222 erant
1658 2195 1755 2222 induti.
1774 2195 1833 2222 Mox

1044 2243 1080 2269 illi
1098 2243 1193 2270 dicunt
1207 2251 1214 2269 :
1227 2243 1322 2270 Grates
1337 2242 1384 2270 tibi
1397 2242 1513 2277 agimus,
1526 2248 1543 2268 0
1555 2240 1643 2272 Pater,
1660 2244 1687 2267 et
1701 2240 1833 2275 quidnam

1044 2289 1099 2315 Deo
1129 2295 1160 2315 ac
1195 2287 1351 2315 venerando
1380 2286 1461 2321 capiti
1484 2290 1531 2313 tuo
1560 2286 1646 2312 simus
1672 2286 1834 2320 repensuri,

1044 2335 1212 2369 ignoramus.
1229 2333 1296 2366 Quis
1314 2340 1364 2360 nos
1390 2331 1546 2367 hujusmodi
1562 2331 1641 2358 donis
1658 2330 1836 2357 cumulandos

1043 2380 1203 2414 sperasset?
1218 2379 1310 2412 Qualis
1335 2386 1380 2405 rex
1404 2386 1454 2405 nos
1476 2378 1521 2404 tali
1539 2377 1674 2412 dignitate
1697 2376 1834 2402 honorare

1009 2429 1029 2455 Ι)
1044 2427 1154 2462 posset?
1171 2425 1271 2458 Quales
1292 2424 1392 2452 terreni
1417 2424 1540 2451 thesauri
1564 2423 1632 2449 adeo
1647 2425 1762 2456 repente
1784 2429 1835 2448 nos

1044 2471 1143 2499 divites
1159 2470 1322 2498 redderent?
1341 2469 1468 2502 Qualium
1488 2469 1658 2495 lavacrorum
1682 2475 1747 2494 usus
1766 2467 1835 2493 adeo

1043 2518 1162 2545 animam
1184 2523 1302 2545 nostram
1327 2515 1489 2543 mandaret?
1513 2514 1614 2547 Quales
1640 2517 1770 2548 parentes
1795 2512 1833 2540 ita

1044 2565 1154 2600 diligere
1170 2568 1281 2599 possent
1306 2571 1337 2590 ac
1357 2562 1484 2590 servare?
1499 2561 1594 2594 Qualia
1611 2559 1690 2586 xenia
1709 2558 1834 2592 donaque

1043 2611 1231 2638 remissionem
1254 2613 1426 2644 peccatorum
1452 2612 1610 2634 nostrorum
1637 2611 1691 2632 tam
1713 2604 1834 2631 breviter

1043 2657 1122 2684 nobis
1139 2656 1252 2688 aderre,
1269 2656 1340 2682 sieut
1362 2659 1390 2681 tu
1414 2654 1491 2685 facis,
1509 2652 1665 2681 venerande
1689 2652 1768 2678 Pater
1783 2659 1833 2677 no-

1041 2704 1115 2733 ster?
1130 2703 1170 2731 'l‘u
1191 2701 1392 2738 progenitorum
1410 2699 1532 2727 omnium
1553 2707 1585 2726 ac
1601 2702 1746 2733 parentum
1771 2695 1831 2722 loco

961 2820 1082 2847 NOTAE.
1125 2823 1129 2827 “

233 2865 339 2900 (21-22)
353 2865 488 2900 lntcrpres
503 2867 573 2900 apud
588 2866 698 2892 Suriuin
715 2867 778 2901 legit
792 2867 884 2892 καλεῖν
900 2867 983 2901 μετὰ-

197 2908 281 2931 νοιαν,
306 2906 333 2927 et
353 2901 442 2928 reddit
471 2909 563 2927 vocare
592 2902 780 2935 pmniteutinm.
814 2902 881 2928 Nota
922 2911 984 2928 t‘lllll

196 2935 298 2972 Gangio
317 2944 409 2963 vocem
432 2937 570 2970 μετάνοια,
597 2941 694 2971 praeter
718 2937 897 2970 paenitentiam
914 2937 985 2964 desi-

1038 2874 1121 2899 gnare
1138 2865 1253 2896 corporis
1270 2868 1293 2889 et
1310 2863 1411 2899 capitis
1425 2861 1620 2899 inclinationes,
1637 2856 1779 2884 monachis
1797 2864 1830 2899 ac

1039 2892 1234 2935 pmiiitentilms
1252 2892 1374 2935 usitatas.
1394 2898 1426 2924 Et
1449 2897 1564 2923 fortasse
1579 2894 1629 2921 hoc
1646 2900 1727 2920 sensu
1747 2892 1832 2927 patri-

1039 2934 1097 2962 νοια
1115 2935 1157 2962 hic
1172 2934 1314 2968 accipitur.
