2074 3144
252 234 315 268 1891

757 236 913 266 LEONTII
931 232 1185 266 NEAPOLITANI
1205 230 1372 261 EPISCOPI

1809 225 1875 259 169i

251 292 341 325 nobis,
359 295 420 326 post
434 291 572 318 Christum
583 311 590 323 .
612 296 690 326 pater
702 296 729 319 et
744 296 832 320 mater
844 301 883 320 es.
902 292 943 319 Tu
955 291 1042 318 domi-

1093 288 1154 314 ὰντὶ
1171 288 1280 314 πάντων
1295 287 1350 312 τῶν
1369 285 1507 320 προγόνων
1528 283 1608 320 ἡμῶν
1635 283 1682 309 καὶ
1709 281 1808 315 γονέων
1819 301 1827 312 ,
1843 282 1874 308 σὺ

251 345 313 369 nus,
332 340 360 363 tu
383 336 542 368 instructor,
559 331 593 363 td
609 337 800 370 manuductor,
815 342 843 365 tu
862 338 911 364 via:
931 338 994 369 dux,
1010 340 1038 365 et

250 383 301 410 alia
314 390 493 417 quaecunque,
505 382 607 416 quibus
618 383 769 411 referendis
784 383 875 419 lihgua
892 392 945 411 non
964 384 1038 411 sutili-

251 428 299 455 cit.
314 428 365 466 Per
388 433 415 456 te
434 428 660 463 pretiosissimam
685 430 858 464 margaritam
881 429 970 464 adepti
993 437 1039 457 su-

251 482 323 504 mus,
349 479 377 502 et
401 482 465 501 vere
494 474 665 509 baptismatis
687 474 827 507 virtutem.
851 475 929 509 cujus
951 476 1039 503 sancti

252 520 332 547 nobis
345 520 490 555 praenuntii
506 520 600 547 Patres
614 521 699 552 fuere,
713 521 818 555 experti
835 529 939 548 sumus.
957 521 1039 548 Novi-

252 574 314 592 mus
328 573 391 593 vere
413 571 586 600 peccatorum
601 570 757 593 nostrorum
777 567 994 594 combustionem
1006 575 1039 593 ex

253 610 325 645 igne,
340 610 386 645 qui
400 610 481 637 corda
495 615 590 637 nostra
608 610 762 642 comburit;
776 611 819 638 cui
838 611 978 638 tolerando
989 611 1040 637 im-

252 662 333 689 pares
348 661 453 686 sumus,
464 655 533 682 adeo
547 654 698 689 praecordia
711 659 806 682 nostra
818 654 979 682 inﬂammat.

290 740 334 766 17.
352 740 549 768 Beatitudinem
564 746 653 775 tuam,
675 750 691 770 ο
704 742 795 775 Pater,
811 743 997 775 obsecramus,
1013 748 1043 770 ut

254 784 378 820 impense
393 793 443 820 pro
456 786 535 813 nobis
550 794 622 820 ores,
637 793 665 815 et
678 795 772 815 servos
787 793 848 815 tuos
863 789 939 816 abire
955 789 1040 821 sinas,

255 833 283 856 ut
301 829 408 857 sincere
423 834 449 856 et
464 830 543 857 enixe
557 830 612 858 Deo
635 831 797 865 serviamus,
818 833 863 859 cui
876 840 925 859 nos
946 840 1043 860 conse-

255 874 401 902 cravimus.
417 875 481 902 Sine
497 880 522 903 te
536 877 654 909 exorari,
670 881 701 904 ut
722 885 859 912 nunquam
873 879 1042 906 obliviscaris

256 921 392 948 inutilium
418 922 535 950 ﬁliorum
560 928 680 957 tuorum,
699 931 732 952 eo
755 930 888 960 tempore,
911 934 966 960 quo
983 934 1042 953 ma-

254 975 307 993 nus
325 972 384 995 tuas
398 968 568 996 venerabiles
579 969 715 997 extendis.
725 969 791 1002 lmo,
805 971 868 1003 imo,
883 971 925 998 vir
936 977 1040 1004 sancte,
1059 960 1079 987 Β

255 1012 315 1040 sine
335 1016 360 1039 te
377 1013 482 1040 exorari
496 1013 530 1040 ab
545 1014 705 1050 alienigenis
721 1024 728 1042 :
745 1016 869 1043 orbitatis
888 1024 983 1044 eorum
998 1025 1043 1044 re-

255 1058 411 1086 miniscere.
433 1059 538 1086 Deinde
558 1067 647 1094 genua
671 1061 757 1088 sancti
773 1062 892 1090 hominis
914 1063 1041 1098 amplexi,

256 1110 365 1130 rursum
388 1104 540 1133 dicebant:
561 1105 651 1138 l’ater.
678 1111 739 1133 esto
766 1115 871 1135 memor
899 1109 1042 1137 humilium

257 1153 364 1176 tuarum
379 1149 481 1180 ovium,
496 1158 562 1184 quas
579 1150 689 1179 Christo
707 1152 864 1181 holocausta
887 1154 1057 1192 immolasti”

257 1194 409 1222 Recordare
436 1201 610 1224 externarum
638 1197 813 1232 plantarum,
839 1207 907 1234 quas
929 1201 1044 1235 pulchro

257 1241 375 1274 paradisi
398 1241 477 1269 horto
502 1242 624 1270 inserere
652 1244 790 1271 studuisti.
819 1245 859 1272 Ne
883 1246 1045 1274 obliviscere

257 1287 443 1321 operariorum
458 1287 597 1321 inertium,
613 1296 682 1323 quos
692 1290 837 1317 undecima
853 1291 963 1318 circiter
978 1292 1044 1319 hora

257 1331 286 1359 in
311 1332 389 1360 vinea
418 1333 519 1360 Christi
548 1335 675 1362 mercede
702 1336 870 1364 conduxisti.
897 1337 1045 1364 Mirabatur

256 1382 347 1405 autent
378 1383 406 1406 et
433 1379 644 1414 obstupescebat
669 1389 782 1416 prases.
802 1383 912 1416 quando
936 1383 1045 1410 videbat

255 1429 315 1454 eos,
331 1422 376 1457 qui
387 1427 450 1451 ante
467 1424 581 1451 biduum
602 1425 713 1454 fuerant
728 1427 819 1455 idiota:
834 1437 866 1455 ac
883 1429 974 1460 rudes,
991 1434 1044 1456 tam

256 1467 346 1495 subito
359 1469 478 1497 evasisse
494 1470 641 1504 sapientes,
667 1479 700 1498 ex
725 1480 758 1500 eo
788 1474 861 1508 quod
882 1475 1045 1509 assumpsis-

256 1516 318 1538 sent
335 1513 456 1540 divinum
474 1514 607 1542 habitum.
624 1516 692 1543 Dum
711 1525 775 1552 ergo
788 1523 902 1554 uterque
922 1520 987 1547 satis
999 1520 1045 1547 diu

255 1556 385 1588 ﬂevisset.
398 1566 469 1593 genu
482 1559 620 1588 inclinavit
634 1567 745 1590 sanctus
761 1562 858 1597 Nicon,
873 1569 901 1592 et
915 1566 1047 1593 collocato

1087 334 1175 369 ἡμῶν,
1186 333 1256 368 μετὰ
1267 332 1395 367 Χριστὸν,
1403 331 1492 366 πατὴρ
1505 330 1553 357 καὶ
1569 330 1674 364 μήτηρ;
1685 329 1720 354 Σὺ
1728 328 1875 362 Δεσπότης,

1089 381 1121 406 σὺ
1139 378 1337 415 συγκροτητὴς,
1358 378 1390 404 σὺ
1402 376 1582 412 χειραγωγὺς,
1592 375 1632 418 ¹σὺ
1644 375 1749 409 ὁδηγδς,
1766 375 1814 400 καὶ
1828 375 1877 400 ὅσα

1088 425 1201 460 γλῶσσα
1220 424 1310 450 εἰπεῖν
1320 423 1370 449 οὐκ
1387 422 1484 456 ἰσχύει.
1500 420 1549 446 Διὰ
1566 420 1611 446 σοῦ
1631 419 1676 446 τὸν
1694 419 1878 453 πολυτίμητον

1090 469 1267 505 μαργαρίτην
1286 467 1473 503 ἐκτησάμεθα,
1490 466 1629 501 ἐμάθομεν
1643 464 1750 499 ἀληθῶς
1768 464 1817 498 τὴν
1831 463 1877 489 δύ-

1089 524 1170 550 ναμιν
1181 515 1228 541 τοῦ
1243 514 1440 549 βαπτίσματος,
1459 509 1545 547 οὗπερ
1558 512 1624 547 ἡμῖν
1638 512 1662 537 οἰ
1675 511 1744 537 ὅσιοι
1760 511 1878 544 [latr-Sps;

1090 561 1249 596 προέλεγον.
1264 560 1408 594 Ἕγνωμεν
1419 559 1504 589 ὅντως
1514 557 1563 592 τὴν
1574 557 1628 583 τῶν
1639 556 1781 591 ἡμετέρων
1791 556 1878 589 ἁμαρ-

1089 606 1155 632 τιῶν
1165 606 1335 632 κατάκαυσιν
1351 605 1383 630 ἐκ
1397 603 1444 630 τοῦ
1455 602 1644 638 περικαίοντος
1656 601 1735 635 ἡμῶν
1747 601 1795 632 τὰς
1809 608 1879 633 καρ-

1089 651 1148 683 δίας
1165 651 1263 686 πυρὸς,
1278 651 1348 686 ὅπερ
1368 650 1465 684 καὶμὴ
1484 649 1612 683 φέροντες
1623 668 1631 680 ,
1648 646 1735 678 οὕτως
1751 647 1783 672 τὰ
1802 646 1880 680 ἡμῶν

1091 696 1166 727 ὲντὸς
1182 695 1367 731 περιφλέγων.

1128 741 1170 773 ιζ’.
1189 741 1324 776 Αίτοῦμεν
1348 741 1430 775 εὐχὴν
1455 739 1566 773 ποιῆσαι
1583 739 1702 770 ἐκτενῶς
1726 737 1776 772 τὴν
1790 745 1879 771 μοικα-

1093 787 1206 822 ριότητά
1217 796 1275 818 σου,
1293 787 1394 821 Πάτερ,
1409 787 1455 813 καὶ
1467 786 1601 813 ἀπολῦσαι
1614 787 1678 817 τοὺς
1694 786 1756 816 σοὺς
1771 785 1881 816 δούλους

1093 832 1134 862 εὶς
1149 831 1179 857 τὸ
1192 831 1312 866 γνησίως
1323 832 1372 858 καὶ
1389 831 1530 865 όλοψύχως
1552 831 1695 857 δουλεῦσαι
1720 827 1742 863 ᾧ
1763 829 1879 863 ἀφιερώ-

1094 885 1181 912 σαμεν
1197 877 1310 908 ἑαυτοὺς
1325 876 1396 911 Θεῷ,
1410 876 1622 910 δυσωπούμενος
1642 875 1775 910 μηδέποτε
1794 874 1881 908 λήθην

1094 922 1206 957 ποιῆσαι
1229 922 1346 956 ἀχρείων
1376 930 1424 948 σου
1452 921 1565 952 παίδων,
1588 922 1617 947 ὲν
1634 920 1722 956 καιρῷ
1744 921 1882 950 ἐκτάσεως

1093 966 1193 1002 χειρῶν
1210 975 1256 992 σου
1269 966 1378 1000 τιμίων.
1391 965 1455 997 Ναὶ.
1471 966 1526 995 ναὶ.
1539 966 1750 1000 δυσωπούμενος
1762 965 1814 991 ὑπὸ
1827 965 1882 991 τῶν

1094 1013 1187 1045 ξένων,
1206 1012 1276 1042 ὅσιε.
1287 1011 1383 1046 μνείαν
1394 1011 1471 1038 ποιοῦ
1484 1012 1533 1046 τῆς
1547 1011 1638 1037 αὐτῶν
1653 1011 1812 1046 ὀρφανείας.
1826 1011 1882 1036 Καὶ

1094 1057 1285 1091 ἐπιλαϐόμενοι
1302 1057 1355 1082 τῶν
1370 1056 1491 1090 γονάτων
1512 1056 1559 1083 τοῦ
1575 1057 1660 1088 ὁσίου,
1675 1056 1755 1083 πάλιν
1772 1056 1864 1090 ἔλεγον
1874 1065 1880 1070 ·

1094 1102 1250 1137 Μνήσθητι,
1267 1103 1369 1136 Πάτερ,
1383 1102 1437 1128 τῶν
1453 1102 1507 1128 σῶν
1523 1102 1659 1128 ταπεινῶν
1673 1102 1829 1136 προϐάτων,
1845 1098 1884 1128 ὧν

1094 1149 1285 1180 ὁλοκαύτωσας
1293 1149 1333 1185 τῷ
1345 1150 1367 1176 Χ
1371 1149 1466 1184 ριστῴ.
1479 1150 1539 1183 Μνη
1545 1149 1675 1182 μὸνευσον
1685 1149 1769 1180 ξένων
1780 1147 1881 1181 φυτῶν,

1094 1195 1112 1221 ἂ
1123 1195 1153 1221 ἐν
1163 1194 1202 1229 τῷ
1212 1195 1287 1230 καλῷ
1300 1196 1381 1230 κήπῳ
1393 1195 1439 1221 τοῦ
1455 1194 1621 1230 παραδείσου
1638 1194 1769 1228 φυτεῦσαι
1784 1194 1882 1220 ἔσπευ-

1097 1250 1155 1273 σας.
1173 1242 1218 1277 Μὴ
1246 1241 1363 1277 ἐπιλάϐῃ
1389 1240 1513 1276 ὀκνηρῶν
1535 1241 1670 1276 ἐργατῶν,
1690 1240 1737 1272 οὓς
1755 1241 1819 1275 περὶ
1832 1241 1882 1275 τὴν

1095 1287 1240 1322 ἑνδεκάτην
1256 1288 1296 1318 είς
1310 1287 1356 1313 τὸν
1368 1286 1519 1322 ἀμπελῶνα
1534 1286 1571 1321 τῷ
1585 1286 1696 1321 Χριστῷ
1712 1286 1881 1321 ὲμίσθωσας.

1102 1331 1272 1366 Ὶῦθαύμαζεν
1288 1331 1316 1357 δὲ
1331 1332 1378 1358 καὶ
1403 1332 1584 1366 ἐξεπλήττετο
1607 1332 1620 1357 6
1644 1331 1757 1366 ποιμὴν,
1774 1331 1883 1366 θεωρῶν

1095 1375 1158 1406 τοὺς
1173 1375 1226 1411 πρὸ
1239 1376 1285 1402 δύο
1300 1376 1411 1411 ἡμερῶν
1425 1376 1543 1408 ίδιώτας,
1559 1376 1645 1407 οὕτως
1657 1376 1789 1410 ἐξαίφνης
1806 1385 1882 1410 σοφι-

1097 1421 1209 1453 σθέντας
1223 1421 1266 1448 διὰ
1286 1423 1336 1456 τῆς
1352 1423 1497 1458 περιϐολῆς
1511 1423 1557 1450 τοῦ
1573 1423 1646 1449 θείου
1666 1424 1815 1458 σχήματος.
1841 1423 1884 1453 Ὡς

1096 1467 1232 1494 ἔκλαυσαν
1250 1466 1297 1494 οὖν
1315 1468 1466 1504 ἀμφότεροι
1491 1470 1537 1495 ἐπὶ
1562 1469 1657 1504 ἱκανὴν
1673 1469 1758 1504 ὥραν,
1791 1469 1884 1499 κλίνας

1096 1513 1160 1546 γόνυ
1176 1513 1190 1538 6
1202 1513 1274 1544 ὅσιος
1290 1513 1393 1544 Νίκων,
1417 1514 1465 1540 καὶ
1481 1515 1584 1549 στήσας
1598 1514 1710 1549 Συμεὼν
1733 1516 1764 1540 ἐκ
1777 1513 1882 1545 δεξιῶν,

1096 1559 1143 1585 καὶ
1155 1558 1284 1593 Ἰωάννην
1299 1559 1328 1592 ἐξ
1343 1559 1493 1594 εὐωνύμων
1508 1560 1607 1594 ἀνέστη
1619 1580 1625 1590 ,
1643 1560 1689 1586 καὶ
1702 1559 1824 1590 ἐκτείνας
1835 1560 1885 1589 τὰς

255 1601 391 1636 Symcone
422 1611 437 1630 a
452 1605 553 1632 dextris
574 1611 602 1633 et
617 1607 724 1635 Joanne
738 1617 753 1636 ιι
767 1609 896 1642 sinistris,
913 1613 1043 1643 surrexit,

1097 1607 1191 1640 χεῖρας
1205 1606 1244 1637 εἰς
1256 1605 1300 1631 τὴν
1312 1605 1437 1640 οὐρανὸν,
1454 1603 1541 1632 εἶπενο
1565 1605 1593 1632 Ὀ
1607 1605 1674 1636 Θεὸς
1693 1607 1707 1632 6
1718 1605 1823 1636 δίκαιος
1838 1606 1886 1631 καὶ

255 1650 284 1672 et
298 1647 433 1679 protensis
448 1648 476 1675 in
495 1650 593 1677 coelum
619 1652 755 1685 manibus,
778 1654 845 1681 dixit
863 1664 869 1681 :
886 1655 957 1683 Deus
973 1657 1046 1691 juste

255 1693 283 1715 et
306 1689 460 1723 laudabilis,
482 1691 554 1719 Deus
576 1701 674 1729 magne
692 1701 719 1722 et
734 1696 821 1728 fortis,
848 1697 928 1732 Deus,
949 1689 994 1734 qui
1016 1707 1046 1727 es

255 1739 319 1761 ante
334 1735 443 1767 saecula,
457 1737 553 1764 exaudi
568 1738 656 1766 virum
671 1746 842 1774 peccatorcm
855 1743 880 1769 in
897 1745 946 1771 hac
961 1745 1043 1772 hora:

255 1782 353 1809 exaudi
365 1790 420 1816 me,
434 1783 516 1816 Deus,
531 1786 628 1813 exaudi
640 1795 684 1814 me
701 1787 728 1814 in
741 1788 909 1817 fortitudine.
926 1790 990 1817 Esto
1000 1792 1046 1817 im-

254 1837 370 1862 memor,
386 1834 508 1864 tempore
524 1831 586 1864 hoc,
599 1840 653 1866 quo
668 1841 764 1867 preces
778 1834 872 1866 fundo,
883 1836 1044 1870 praevarica-

255 1874 359 1901 tionum
375 1883 390 1902 a
403 1883 462 1902 mea
476 1876 582 1904 vilitate
608 1886 695 1912 usque
708 1883 736 1906 et
749 1887 834 1914 usque
851 1881 1042 1915 profecturum.

255 1919 361 1947 Exaudi
382 1928 437 1953 mc,
451 1921 575 1953 Domine.
598 1923 695 1950 exaudi
717 1932 761 1951 me
781 1925 808 1951 in
830 1925 891 1960 igne
902 1927 1043 1959 orationis,

253 1965 325 1992 sicut
350 1966 414 1993 olim
441 1971 516 1994 tuum
549 1969 731 2003 prophetam;
756 1975 783 1998 et
803 1971 863 2006 ejus
887 1973 1044 2001 interventu

254 2009 383 2036 combure
402 2018 477 2038 meas
492 2011 662 2047 iniquitates,
683 2019 711 2042 et
726 2021 837 2050 peccata
858 2025 987 2053 expurga.
1007 2019 1045 2045 lta

254 2054 312 2086 ﬁat,
328 2062 344 2081 ο
360 2054 431 2082 Deus
442 2060 598 2084 sanctarum
617 2059 766 2088 virtututnl
785 2061 821 2088 ita
841 2062 896 2094 tiat,
915 2070 931 2089 ο
955 2071 1044 2091 rerum

254 2099 475 2134 incorporearutn
491 2105 617 2130 creatorl
638 2105 676 2132 ita
688 2105 752 2133 ﬁat!
769 2107 815 2142 qui
830 2108 939 2135 dixisti:
957 2110 1045 2137 Potite

255 2149 283 2172 et
292 2145 442 2180 accipietis.
456 2145 494 2174 Ne
513 2149 672 2178 abominare
686 2159 739 2184 me,
762 2152 808 2186 qui
824 2160 884 2180 sum
902 2153 979 2181 labiis
994 2155 1044 2182 im-

253 2190 342 2225 puris,
358 2192 424 2218 etin
452 2194 572 2227 peccatis
597 2195 696 2223 haereo.
720 2197 823 2225 Exaudi
848 2207 902 2233 tne,
918 2201 963 2235 qui
980 2209 1044 2236 pro—

254 2235 354 2263 misisti
382 2240 408 2264 te
423 2239 613 2267 exauditurnm
631 2248 689 2273 eos,
702 2243 748 2277 qui
765 2243 894 2272 invocant
907 2249 932 2272 te
947 2246 975 2273 in
1000 2254 1045 2274 ve-

254 2280 354 2313 ritate;
376 2281 462 2317 dirige
484 2291 594 2318 gressus
618 2293 759 2314 servorum
775 2292 894 2321 tuorum,
915 2294 942 2318 et
962 2291 1043 2325 pedes

254 2332 349 2352 eorum
369 2326 398 2353 in
419 2328 489 2354 viam
507 2329 592 2362 pacis.
614 2329 775 2365 Compatere
791 2333 917 2361 innocuis
939 2336 1041 2369 pueris,

254 2370 282 2396 in
300 2375 416 2399 externa
429 2377 500 2400 terra
513 2374 719 2408 exsistentibus,
733 2377 778 2411 qui
799 2378 888 2406 dixisti
903 2388 910 2405 :
927 2390 935 2406 ι
950 2381 1044 2408 Estote

227 2442 229 2444 _
255 2415 396 2450 simplices
411 2418 624 2447 sicntcolurnba:
641 2421 672 2447 η.
693 2431 702 2447 ι
720 2422 839 2451 Clamavi
853 2425 886 2452 ad
903 2430 929 2452 te
946 2426 972 2452 in
986 2431 1042 2454 toto

255 2461 338 2488 corde
360 2471 420 2490 meo
432 2458 446 2496 ;’
456 2463 538 2496 Deus,
555 2464 637 2498 Deus.
660 2468 758 2495 exaudi
776 2477 828 2502 me,
846 2478 907 2504 spes
921 2472 1041 2499 omnittm

257 2505 350 2533 [inium
372 2512 460 2542 term,
483 2514 511 2537 et
529 2519 636 2545 eorum,
652 2513 697 2548 qui
715 2519 778 2541 sunt
799 2517 892 2550 procul
919 2517 946 2544 in
970 2522 1042 2544 terra

255 2549 344 2578 aliena
355 2552 398 2579 "’2

292 2596 335 2622 18.
357 2597 467 2634 lncrepa
491 2603 601 2636 spiritus
627 2613 723 2634 omnes
754 2607 907 2636 immundos
929 2619 944 2637 ιι
972 2611 1043 2638 facie

256 2651 403 2677 puerorum
417 2650 525 2673 lilOl‘lllIl
546 2657 552 2674 Ξ
571 2652 746 2685 apprehende
758 2662 832 2681 arma
846 2660 873 2682 et
883 2660 1002 2689 scilllllll,
1017 2663 1044 2684 Cl

255 2697 371 2725 exsurge
388 2690 414 2718 in
430 2692 596 2726 adjutorium
609 2704 703 2724 eorum
717 2707 723 2725 :
741 2701 851 2728 etl‘unde
868 2702 999 2730 frameam
1015 2709 1042 2731 et

256 2733 389 2760 concludc
401 2735 532 2763 adversus
546 2745 603 2770 eos,
619 2741 664 2773 qui
680 2750 880 2778 persequuntur
893 2746 969 2773 illos:
987 2747 1041 2779 dic,

257 2784 274 2802 ο
295 2777 417 2811 Domine,
439 2780 538 2808 anima:
556 2790 669 2811 eorum:
687 2777 820 2816 Salustua
835 2798 884 2826 ego
901 2799 971 2818 Slllll.
990 2777 1042 2820 lic;

257 2821 335 2850 cedat
351 2831 364 2849 a
386 2829 477 2853 mente
497 2833 591 2854 eorum
608 2830 718 2863 spiritus
741 2821 981 2871 ιίιιιοι·ῑς,ν;ιςρ‹1ἰίιι,
997 2847 1042 2865 su-

295 2911 315 2926 "
329 2911 423 2941 Matth.
443 2923 469 2948 π,
492 2915 531 2943 16.

573 2919 602 2933 ¹⁵¹
623 2918 691 2945 l’sal.
712 2928 781 2952 ιλιι,
799 2922 824 2949 ti.

1097 1651 1213 1683 αἰνετὸς,
1229 1652 1243 1677 6
1257 1651 1323 1682 Θεὸς
1341 1651 1355 1677 6
1369 1650 1454 1685 μέγας
1472 1651 1518 1676 καὶ
1538 1650 1658 1685 ἰσχυρὸς,
1673 1652 1687 1677 ὁ
1705 1650 1773 1682 Θεὸς
1789 1652 1803 1677 ΰ
1818 1659 1885 1684 προ-

1096 1697 1225 1728 αιώνιος,
1255 1697 1415 1723 εἰσάκουσον
1442 1696 1608 1732 ἀμαρτωλοῦ
1639 1695 1734 1731 ἀνδρὸς
1763 1697 1796 1731 τῇ
1828 1695 1887 1730 ὥρᾳ

1096 1743 1194 1778 ταύτῃ,
1211 1742 1379 1769 Ἐπάκουσόν
1410 1751 1473 1777 μου,
1486 1743 1500 1768 6
1516 1741 1592 1774 Θεδς,
1608 1742 1760 1768 emimus/5v
1784 1750 1834 1777 μου
1858 1743 1887 1768 ἐν

1098 1789 1182 1823 ἰσχύϊ.
1197 1788 1242 1823 Μὴ
1261 1788 1458 1823 μνημόνευσον,
1477 1789 1506 1814 ὲν
1522 1788 1609 1823 ταύτῃ
1626 1796 1677 1822 μου
1692 1789 1724 1822 τῇ
1737 1789 1886 1821 προσευη,

1095 1834 1150 1861 τῶν
1165 1833 1210 1860 ἀεὶ¹
1227 1835 1273 1860 καὶ
1287 1835 1327 1865 εὶς
1342 1835 1386 1860 ἀεὶ
1404 1834 1552 1869 παρακοῶν
1575 1833 1624 1867 τῆς
1647 1833 1717 1868 ἐμῆς
1740 1833 1887 1864 ὲξουθενώ-

1097 1888 1175 1910 σεως.
1195 1879 1366 1906 Ἐπάκουσόν
1392 1887 1455 1914 μου,
1482 1879 1581 1912 Κύριε,
1612 1878 1766 1905 ἐπὰκουσὸν
1792 1886 1842 1912 μου
1858 1879 1888 1903 ὲν

1097 1925 1164 1960 πυρὶ
1179 1925 1345 1960 προσευχῆς,
1359 1923 1397 1956 ὣς
1411 1932 1477 1950 ποτε
1490 1925 1537 1950 τοῦ
1554 1923 1602 1950 σοῦ
1617 1924 1769 1958 προφήτου,
1787 1923 1834 1949 καὶ
1844 1923 1888 1949 διὰ

1095 1970 1149 1997 τῶν
1164 1970 1246 1996 αὐτοῦ
1265 1969 1430 2005 πρεσϐειῶν,
1445 1971 1494 2001 τὰς
1511 1971 1627 2003 ἀνομίας
1644 1978 1693 2004 μου
1708 1970 1887 2003 κατάφλεξον,

1095 2016 1142 2042 καὶ
1157 2016 1206 2047 τὰς
1234 2015 1370 2050 ἁμαρτίας
1396 2024 1447 2051 μου
1466 2016 1625 2051 καθάρισον.
1643 2015 1707 2047 Ναὶ,
1722 2017 1736 2042 6
1750 2016 1816 2046 Θεὸς
1834 2015 1889 2041 τῶν

1095 2062 1181 2096 ἁγίων
1192 2061 1332 2096 δυνάμεων
1341 2070 1347 2076 ·
1364 2062 1409 2088 ναὶ
1421 2063 1435 2088 6
1447 2061 1503 2088 τῶν
1519 2062 1675 2096 ἀσωμάτων
1689 2062 1801 2095 ποιητής
1811 2069 1817 2076 ·
1833 2062 1887 2093 ναὶ,

1095 2108 1109 2134 6
1126 2106 1211 2133 εἰπών
1224 2115 1231 2122 ·
1247 2107 1364 2137 Αἰτεῖτε,
1380 2107 1427 2133 καὶ
1442 2106 1560 2141 λήψεσθε
1571 2114 1577 2121 ⁸
1597 2107 1633 2141 μή
1659 2115 1692 2141 με
1714 2106 1826 2141 βδελιῖξῃ
1843 2106 1890 2132 τὸν

1095 2151 1239 2187 ἀκάθαρτα
1256 2152 1332 2187 χείλη
1350 2151 1594 2187 περιὸεὸλημένον,
1613 2152 1660 2178 καὶ
1685 2152 1713 2177 ἐν
1738 2152 1888 2186 ἁμαρτίαις

1097 2198 1286 2232 συνεχόμενον.
1320 2197 1492 2223 Ἐπάκουσὸν
1522 2206 1590 2232 μου,
1617 2198 1631 2223 ὁ
1654 2196 1890 2231 ἐπαγγειλάμενος

1096 2244 1241 2270 ἐπακούειν
1272 2244 1325 2270 τῶν
1353 2244 1382 2270 ὲν
1398 2243 1513 2279 ἀληθείᾳ
1532 2243 1756 2278 ἐπικαλουμένων
1781 2251 1822 2273 σε,
1842 2243 1890 2268 καὶ

1061 2280 1081 2307 D
1097 2287 1261 2315 κατεύθυνον
1271 2288 1304 2314 τὰ
1318 2288 1478 2323 διαὸήματα
1494 2287 1548 2314 τῶν
1566 2287 1668 2314 δούλων
1685 2295 1746 2320 σου,
1761 2288 1809 2313 καὶ
1825 2287 1888 2318 τοὺς

1096 2334 1179 2365 πόδας
1193 2334 1284 2359 αὐτῶν
1299 2334 1338 2365 εἰς
1350 2333 1408 2359 ὁδὸν
1421 2333 1544 2368 εἰρήνης.
1570 2333 1754 2368 Συμπέιθησον
1774 2333 1890 2363 ἁκάκοις

1096 2380 1191 2405 παισὶν
1202 2379 1249 2405 ἐπὶ
1264 2378 1343 2414 ξένης
1353 2377 1440 2409 οὖσιν,
1462 2379 1476 2404 6
1493 2378 1578 2405 εἰπών
1589 2387 1596 2393 ·
1614 2389 1623 2404 ι
1638 2378 1750 2404 Γίνεσθε
1766 2378 1887 2412 ἀκέραιοι

1095 2424 1132 2455 ὡς
1144 2424 1172 2450 at
1191 2423 1366 2458 περιστεραί.
1386 2432 1396 2448 ι
1424 2422 1579 2458 Ἐκέκραξά
1606 2431 1647 2449 σοι
1664 2423 1694 2449 ἐν
1717 2423 1765 2457 ὅλῃ
1790 2421 1888 2456 καρδίᾳ

1098 2478 1159 2504 μου.
1184 2469 1213 2495 ’0
1225 2468 1302 2500 Θεὸς,
1315 2470 1329 2494 6
1348 2468 1426 2500 Θεὸς,
1444 2468 1597 2494 ἐπάκουσον
1617 2477 1680 2502 μου,
1696 2469 1712 2502 ἡ
1725 2468 1804 2498 ἐλπὶς
1819 2466 1888 2493 παν-

1092 2524 1145 2544 των
1157 2515 1212 2540 τῶν
1230 2515 1354 2551 περάτων
1374 2514 1424 2549 τῆς
1450 2514 1512 2549 γῆς,
1533 2514 1580 2540 καὶ
1597 2514 1650 2540 τῶν
1673 2514 1721 2539 ἐπὶ
1741 2514 1819 2547 ξένης
1836 2521 1889 2546 μα-

1092 2571 1109 2587 κ
1113 2562 1172 2596 ράν.

1129 2606 1173 2642 ιη’.
1193 2607 1372 2641 Ἐπιτίμησον
1385 2608 1470 2634 πᾶσιν
1484 2608 1540 2637 τοῖς
1551 2605 1719 2640 ἀκαθάρτοις
1735 2603 1890 2637 πνεύμασιν

1094 2653 1147 2680 ἀπὸ
1162 2652 1311 2688 προσώπου
1337 2653 1392 2679 τῶν
1419 2653 1525 2679 παίδων
1544 2661 1603 2678 σου.
1631 2649 1779 2677 Ἐπιλαῦοῦ
1805 2649 1889 2675 ὅπλου

1097 2702 1142 2728 καὶ
1156 2701 1265 2736 θυρεοῦ.
1291 2701 1339 2727 καὶ
1352 2700 1484 2735 ἀνάστηθι
1505 2701 1545 2731 εἰς
1560 2699 1610 2734 τὴν
1633 2697 1762 2733 βοήθειαν
1788 2696 1889 2722 αὐτῶν.

1099 2749 1213 2783 Ἔκχεον
1232 2748 1370 2783 ῥομφαίαν
1396 2748 1443 2774 καὶ
1466 2746 1626 2780 σύγκλεισον
1655 2743 1811 2775 ἐξεναντίας
1837 2741 1891 2768 τῶν

1097 2793 1320 2820 καταδιωκόντων
1333 2793 1442 2824 αὐτούς.
1465 2792 1542 2823 Εἰπὲ,
1559 2789 1581 2817 ὡ
1598 2790 1695 2823 Κύριε,
1712 2790 1746 2824 τῇ
1758 2788 1830 2822 ψυχῇ
1844 2787 1893 2812 αὖ-

1098 2840 1167 2866 τών”
1186 2839 1311 2874 Σωτηρὶα
1329 2838 1376 2865 σού
1393 2839 1449 2873 εἰμι
1471 2838 1534 2871 ἐγώ.
1558 2833 1820 2870 ’Υπαναχωρησάτω
1838 2833 1892 2862 ἀπὸ
