2074 3144
222 225 289 257 1693

217 279 267 313 τῆς
281 279 371 306 αὐτῶν
382 280 511 314 διανοίας,
523 282 631 317 πνεῦμα
644 283 754 315 δειλίας,

221 324 345 358 ηφανίας,
361 325 408 351 καὶ
418 327 506 361 πάσης
525 328 634 359 κακίας,
652 329 698 355 καὶ
718 332 933 368 κατασϐεσοήτω
950 336 999 361 αὑ-

217 369 271 395 τῶν
286 371 359 396 πᾶσα
374 371 494 406 πύρωσις
513 374 558 399 καὶ
570 373 676 408 κίνησις
697 376 728 402 ἐκ
751 376 907 412 διαόολικῆς
923 380 1000 413 ἑνερ‹

217 416 294 448 γείας
306 418 499 453 συνισταμένη.
512 420 676 455 Φωτισθήτω
692 422 780 448 αὐτῶν
797 425 827 449 τὸ
842 424 931 459 σῶμα,
954 427 1000 452 καὶ

216 459 300 494 ψυχὴ,
315 461 363 486 καὶ
376 461 408 487 τὸ
423 462 531 498 πνεῦμα
545 463 584 498 τῷ
596 465 664 496 φωτὶ
678 465 727 500 τῆς
741 466 867 498 γνώσεώς
882 477 939 500 σου,
957 469 1000 496 ἵνα

218 507 434 541 καταντήσαντες
448 508 487 538 είς
496 508 546 543 τὴν
557 509 669 544 ἑνότητα
688 511 738 544 τῆς
753 511 878 543 πίστεως,
895 514 941 539 καὶ
950 514 1000 548 τῆς

217 551 390 585 ἐπιγνώσεως
420 553 468 587 τῆς
483 554 563 587 ἁγίας
578 555 624 580 καὶ
655 558 846 591 προσκυνητῆς
875 558 998 592 Τριάὸος,

217 598 257 628 εἰς
271 597 355 631 ἄνδρα
368 598 478 630 τέλειον,
499 599 539 630 είς
557 600 655 634 μέτρον
669 599 789 635 ἡλικίας,
807 602 954 634 δοξάσωσὶν
970 613 999 630 σε

217 642 257 672 εἰς
273 642 358 668 αἰῶνα
371 643 477 674 αἰῶνος,
489 645 535 670 καὶ
550 645 769 680 εὐαρεστήσωσίν
784 655 825 673 σοι
837 648 877 682 τῷ
893 650 998 684 Κυρίῳ,

216 688 258 714 ὅτι
271 688 409 722 πάνδημον
424 689 454 716 τὸ
465 689 648 725 φυλακτήριον
658 690 744 725 ὄνομά
757 700 815 720 σου.
831 694 878 719 τοῦ
895 694 999 730 Πατρδς

217 733 264 759 καὶ
279 733 325 759 τοῦ
341 733 416 765 Υίοῦ,
436 735 482 760 καὶ
499 735 545 761 τοῦ
563 735 641 768 ἁγίου
657 735 823 770 Πνεύματος.
840 738 936 773 Ἀμήν.
950 740 999 771 Δὸς

216 777 244 804 δὲ
258 778 349 810 αὐτοῖς
365 780 414 806 σὺν
427 781 495 806 nio:
507 783 563 811 τοῖς
574 781 696 815 ἀγαθοῖς,
714 779 736 808 ὦ
754 782 851 818 Κύριε,
873 785 919 810 καὶ
936 785 999 816 τοὺς

216 823 310 856 λόγους
334 824 436 859 ταύτης
461 834 511 860 μου
538 826 587 860 τῆς
607 827 719 862 οίκτρᾶς
746 829 794 854 καὶ
819 829 932 861 ἀναξίας
951 839 998 856 σου

218 869 323 901 ἱκεσίας
338 871 367 896 ἐν
382 871 480 906 καρδίᾳ
490 871 533 897 διὰ
545 872 644 904 παντὸς
660 873 732 907 ἔχειν
752 874 820 908 πρὸς
844 875 998 909 δοξολογίαν

217 913 264 939 καὶ
280 913 363 948 ὕμνον
379 915 428 949 τῆς
440 915 489 949 σῆς
503 916 695 950 χρηστότητος.
713 918 795 944 Πάλιν
812 918 840 944 δὲ
862 919 930 954 πρὸς
949 921 999 946 αὑ-

864 236 949 266 VITA
961 239 990 268 S.
1006 240 1075 269 SYM
1081 242 1199 273 EONIS.

776 286 899 321 ἀκηδὶας,
917 290 998 324 ὑπερ⁵

1049 295 1158 327 perbize,
1180 301 1208 324 et
1230 300 1319 326 omnis
1342 300 1459 333 malitize,
1478 306 1505 329 et
1527 302 1716 338 exstinguatur
1737 304 1763 331 in
1781 306 1832 334 illis

1770 255 1837 283 1694

1051 339 1140 366 omnis
1152 339 1258 369 ﬂamma
1273 349 1354 378 atque
1373 346 1466 378 motio,
1483 355 1543 381 quae
1563 348 1662 374 diaboli
1677 351 1836 383 operatione

1050 385 1181 420 exsurgit.
1197 386 1301 422 Corpus
1317 397 1410 417 eorum
1422 396 1449 418 et
1462 392 1552 418 anima
1567 398 1595 420 et
1608 393 1728 427 spiritus,
1745 396 1836 429 ctigni-

1051 428 1133 455 tionis
1160 435 1213 458 tua;
1236 433 1320 460 radiis
1346 434 1526 467 illustrentur,
1552 441 1581 464 ut
1606 428 1790 466 occurrentes,
1809 441 1835 467 in

1051 472 1183 500 unitatem
1197 475 1271 508 ﬁdei,
1297 482 1323 503 et
1345 479 1509 512 agnitionem
1526 487 1627 509 Sanctae
1644 489 1671 510 et
1692 486 1836 513 adoranda:

1050 515 1200 551 Trinitatis,
1216 520 1243 546 in
1255 521 1342 549 virum
1360 524 1519 557 perfectum,
1531 526 1557 552 in
1570 535 1726 556 mensuram
1750 531 1837 557 mtatis

1049 563 1200 596 gloriﬁcent
1217 570 1243 592 te
1257 567 1284 593 in
1296 569 1425 596 saeculum
1438 571 1539 603 saeculi,
1556 573 1712 608 placitoque
1732 583 1761 602 se
1779 581 1835 608 tuo.

1049 608 1094 641 qui
1110 609 1238 637 Dominus
1259 619 1298 645 es,
1316 614 1497 642 conl‘orment.
1519 616 1584 644 Nam
1607 620 1762 652 przesidium
1776 630 1836 648 om-

1049 653 1124 679 nium
1141 655 1302 688 populorum
1313 662 1355 684 est
1370 667 1470 687 nomen
1486 665 1572 692 tuum,
1587 662 1673 690 Patris
1688 670 1715 692 et
1731 665 1790 692 Filii
1809 671 1836 694 et

1050 696 1167 730 Spiritus
1181 701 1278 728 sancti.
1298 703 1396 729 Amen.
1419 703 1456 730 Da
1476 705 1538 736 illis,
1558 705 1682 740 Domine,
1699 717 1760 736 cum
1775 718 1836 737 om-

1048 741 1123 768 nium
1147 743 1280 772 bonorum
1303 748 1423 780 cumulo,
1446 753 1475 775 ut
1495 749 1575 783 hujus
1587 759 1654 778 mem
1674 753 1838 782 miserabilis

1048 791 1075 813 et
1088 786 1206 822 indigna:
1229 791 1363 818 orationis
1395 801 1536 821 scrutantes
1560 797 1667 823 assidue
1687 799 1760 825 cordi
1781 807 1837 827 .suo

1048 830 1210 866 insculpant,
1234 834 1268 861 ad
1297 836 1408 870 gloriam
1437 842 1463 864 et
1489 838 1595 866 laudem
1621 841 1750 869 bonitatis
1773 848 1835 871 tuae.

1048 875 1148 903 lterum
1162 878 1254 905 multis
1273 887 1334 907 cum
1358 881 1484 917 lacrymis
1506 884 1539 910 ad
1555 884 1628 918 ipsos
1643 886 1711 913 dixit
1725 895 1732 912 :
1755 887 1835 919 Deus,

1048 928 1128 955 quem
1144 923 1274 958 elegistis,
1292 925 1356 952 boni
1374 926 1433 957 ﬁlii.
1460 932 1487 955 et
1510 929 1542 955 ad
1564 937 1644 964 quem
1668 933 1834 966 accnrristis,

215 959 278 990 τοὺς
299 960 367 994 μετὰ
379 960 483 987 πολλῶν
494 961 619 996 δακρύων
638 962 741 996 ἔλεγεν¹
761 963 790 990 ’0
806 964 883 996 Θεὸς,
897 965 925 990 ὃν
951 966 996 998 sg-

1049 965 1120 993 Deus
1137 967 1195 1001 ipse
1217 969 1323 997 emittet
1347 973 1473 1006 angelum
1490 959 1653 1001 suum-ante
1677 976 1772 1003 faciem
1788 959 1836 1004 ve:

215 1004 353 1036 ελέξασθε,
380 1006 460 1032 τέκνα
476 1006 555 1038 καλὰ,
577 1007 624 1033 καὶ
654 1004 676 1041 ᾧ
692 1008 889 1044 κατεδράμετε,
918 1011 1000 1042 αὐτὸς

215 1050 389 1083 ἐξαποστελεῖ
402 1051 447 1077 τὸν
457 1051 572 1084 ἄγγελον
582 1052 662 1079 αὐτοῦ
679 1054 732 1088 πρὸ
749 1054 895 1088 προσώπου
908 1056 996 1090 ὑμῶν,

215 1097 262 1122 καὶ
278 1097 477 1123 κατασκευάσει
495 1097 544 1131 τὴν
571 1097 630 1123 ὀδδν
647 1098 729 1125 αὑτοῦ
760 1099 916 1135 ἔμπροσθεν
944 1101 998 1128 τῶν

215 1141 302 1167 ποδῶν
316 1141 401 1176 ὑμῶν.
424 1141 452 1168 Ὁ
464 1142 588 1175 ἄγγελος,
607 1143 644 1174 ὥς
656 1152 738 1178 φησιν
754 1145 766 1170 6
783 1145 869 1178 μέγας
888 1146 996 1178 Ἰακὼϐ,

214 1187 227 1212 6
242 1185 370 1220 ρυόμενός
387 1195 420 1221 με
432 1187 486 1213 ἀπὸ
504 1187 614 1214 πάντων
631 1188 685 1214 τῶν
703 1189 832 1215 ἐναντίων
844 1190 996 1224 δυνάμεων,

213 1232 294 1263 αὐτὸς
314 1231 514 1267 προπορεύεται
536 1232 591 1259 τῶν
602 1233 705 1268 τρίϐων
722 1234 810 1268 ὑμῶι.
832 1235 860 1261 ’0
876 1237 998 1271 ῥυσάμε-

215 1285 257 1308 νος
271 1278 316 1302 τὴν
331 1277 427 1303 ἑαυτοῦ
441 1278 583 1312 προφήτην
595 1278 628 1304 ἐκ
652 1278 783 1313 στόματος
807 1280 930 1312 λεόντωνν
949 1282 998 1308 αὖ·

213 1321 257 1352 τὸς
270 1320 379 1357 ῥύσεται
405 1323 452 1349 καὶ
466 1323 538 1357 ὑμᾶς
553 1323 606 1349 ἀπὸ
620 1323 675 1349 τῶν
700 1325 801 1359 χειρῶν
818 1326 864 1352 τοῦ
881 1327 996 1359 λέοντος.

218 1365 248 1392 ’0
262 1367 441 1401 ἐκλεξάμενος
455 1367 526 1401 ὑμᾶς
540 1367 616 1399 Θεὸς,
631 1368 710 1400 αὐτὸς
723 1369 938 1405 ἀκαταίσχυντον
948 1372 996 1407 τὴν

213 1411 307 1437 Θυσίαν
319 1420 369 1446 μου
380 1412 501 1445 φυλάξει.
526 1411 569 1443 Ὧς
584 1411 710 1438 δὲταῦτα
725 1414 770 1439 καὶ
785 1413 876 1440 πλεῖον
893 1415 996 1442 τούτων

213 1457 306 1488 αὐτοῖς
333 1457 480 1492 ἐπηύξατο.
505 1457 552 1485 καὶ
578 1458 734 1494 συνεπλάκη
754 1459 768 1484 6
785 1459 914 1494 θεοφόρος
940 1462 996 1493 τοῖς

213 1502 359 1538 τραχήλοις
378 1503 467 1529 αὐτῶν
482 1503 529 1529 καὶ
545 1502 654 1536 ἐλεγενο
667 1504 768 1535 Σῶσον,
786 1506 800 1530 6
820 1505 897 1537 Θεὸς,
912 1506 999 1533 σῶσον

1050 1015 1180 1044 stram,et
1194 1015 1357 1048 praeparabit
1370 1017 1439 1044 viam
1456 1026 1531 1046 suam
1545 1026 1608 1047 ante
1624 1023 1706 1055 pelles
1720 1027 1834 1050 vestros.

1048 1057 1181 1102 Angelus,
1197 1060 1254 1093 qui,
1268 1061 1339 1088 sicut
1356 1062 1424 1090 dicit
1437 1072 1552 1099 magnus
1565 1066 1657 1098 Jacob,
1678 1068 1773 1095 liberat
1793 1077 1836 1095 me

1050 1102 1085 1128 ab
1101 1103 1229 1131 omnibus
1253 1107 1397 1135 contrariis
1416 1111 1606 1142 potestatibus,
1634 1112 1679 1139 ille
1702 1114 1836 1147 prmcedet

1049 1152 1112 1174 ante
1134 1148 1191 1176 vias
1211 1154 1324 1177 vestras.
1347 1152 1398 1183 Qui
1423 1154 1584 1187 prophetam
1609 1163 1687 1182 suum
1710 1156 1837 1183 liberavit

1049 1193 1082 1218 ab
1094 1200 1142 1220 ore
1151 1193 1272 1226 leonum,
1290 1196 1334 1222 ille
1350 1205 1397 1224 vos
1409 1206 1516 1233 quoque
1536 1201 1663 1228 liberabit
1680 1209 1694 1228 a
1711 1202 1836 1229 manibus

1048 1236 1144 1263 leonis.
1160 1237 1211 1270 Qui
1228 1239 1309 1275 elegit
1324 1249 1371 1268 vos
1387 1242 1469 1274 Dens,
1496 1244 1540 1271 ille
1565 1245 1726 1272 sacriﬁcium
1742 1253 1834 1273 meum

1048 1282 1083 1308 ab
1097 1283 1242 1317 ignominia
1258 1287 1417 1314 vindicabit.
1439 1288 1500 1316 llam
1518 1294 1546 1316 et
1564 1290 1641 1324 plura
1657 1296 1793 1324 precatus,
1809 1296 1838 1318 et

1048 1328 1115 1355 colla
1137 1337 1231 1357 eorum
1260 1332 1369 1360 strinxit
1396 1334 1438 1360 vir
1453 1335 1550 1365 deil‘er.
1574 1340 1601 1362 et
1626 1337 1719 1362 dixit:
1740 1336 1835 1368 Serva,

1050 1372 1132 1404 Deus.
1153 1382 1232 1402 serva
1254 1384 1311 1407 eos.
1331 1378 1377 1412 qui
1407 1384 1464 1406 toto
1489 1381 1573 1408 corde
1596 1381 1713 1416 diligunt
1735 1389 1835 1408 nomen

1050 1423 1136 1448 tuum.
1146 1427 1234 1454 neque
1252 1422 1325 1448 enim
1341 1423 1452 1457 iniquus
1466 1431 1507 1456 es,
1522 1424 1644 1457 Domine,
1659 1430 1687 1452 ut
1700 1426 1769 1457 illos,
1785 1427 1832 1460 qui

1048 1465 1144 1492 stultas
1167 1467 1247 1501 hujus
1270 1469 1332 1496 vita
1357 1477 1400 1497 res
1426 1471 1606 1506 reliquerunt,
1632 1477 1792 1500 contemnas
1809 1478 1835 1500 et

1052 1509 1172 1537 deseras.

212 1548 276 1580 τοὺς
288 1549 316 1574 ἐν
332 1549 380 1584 ὅλῃ
396 1549 494 1584 καρδίᾳ
512 1550 705 1584 ἀγαπήσαντας
728 1550 758 1575 τὸ
774 1550 859 1585 ὄνομά
884 1559 943 1577 σου*
963 1552 994 1578 οὐ
1014 1553 1068 1588 γὰρ
1090 1555 1181 1588 ἄδικος
1203 1554 1238 1591 εί,
1254 1558 1351 1594 Κύριε,
1365 1559 1429 1592 τοὺς
1449 1562 1666 1597 καταλείψαντας
1679 1563 1714 1589 τὰ
1734 1563 1834 1598 μάταια

213 1596 260 1623 τοῦ
276 1595 334 1631 βίου
348 1596 508 1631 πράγματα,
519 1596 650 1631 περιιδεῖν
660 1597 708 1624 καὶ
724 1598 928 1633 ὲγκαταλεῖψαι.

249 1669 291 1696 ιϐ’.
303 1667 368 1695 Εἶτα
382 1668 462 1695 πάλιν
476 1669 544 1704 πρὸς
570 1669 668 1701 αὐτούς
678 1678 684 1684 '
703 1670 832 1703 Βλέπετε,
843 1671 938 1703 τέκνα,
956 1673 996 1704 εἰς
1010 1676 1031 1704 c

213 1713 332 1748 πόλεμον
356 1714 470 1746 ἑαυτοὺς
497 1714 645 1747 ἐξεδώκατε
669 1716 784 1750 φοδερὺν
810 1717 858 1743 καὶ
873 1716 996 1745 ἀθέατον.

219 1759 301 1785 Ἀλλὰ
317 1759 354 1794 μὴ
371 1759 506 1794 φοϐηθῆτε
517 1770 524 1776 ·
544 1771 552 1786 ι
570 1762 686 1793 Δυνατὺς
696 1763 749 1797 γάρ
763 1763 836 1788 ἐστιν
851 1764 865 1789 ὁ
879 1763 955 1794 Θεὸς,
971 1764 1000 1795 ὃς

213 1805 263 1831 οὐκ
277 1805 351 1831 ἐάσει
368 1806 439 1840 ὑμᾶς
455 1807 646 1842 πειρασθῆναι,
668 1808 737 1842 ὑπὲρ
755 1808 768 1834 6
799 1809 913 1835 δύνασθε
943 1809 999 1835 ὑπ-

214 1854 344 1885 ενεγκεῖν.
358 1862 367 1878 ι
393 1852 584 1886 Ἀγωνίσασοε,
597 1854 688 1884 τέκνα,
702 1855 739 1890 μὴ
751 1855 898 1890 ἡττηθῆναι
914 1855 998 1890 αὐτῷ,

214 1897 282 1924 ἀλλὰ
294 1899 374 1931 στῆτε
392 1900 506 1930 γεναίοι,
518 1899 626 1933 ἔχοντες
640 1899 671 1925 τὸ
685 1899 767 1925 ὅπλον
779 1900 826 1925 τοῦ
843 1900 921 1933 ἁγίου
935 1901 1000 1935 σχή-

216 1951 300 1976 ματος
326 1943 387 1968 κατ’
414 1942 516 1972 αὑτοῦ,
545 1942 752 1977 μνημονεύσατε
781 1943 828 1969 τοῦ
857 1945 997 1975 είπὸντος·

219 1996 228 2012 ι
245 1986 340 2017 Οὐδεὶς
356 1986 494 2013 ἐπιϐαλὼν
508 1987 557 2022 τὴν
568 1989 646 2021 χεῖρα
659 1988 742 2013 αὑτοῦ
757 1988 800 2014 ἐπ’
818 1988 943 2023 ἄροτρον,
954 1989 999 2015 καὶ¹

217 2033 348 2068 στραφεὶς
364 2033 404 2063 εἰς
418 2033 450 2058 τὰ
463 2033 564 2063 ὀπίσω,
577 2031 686 2063 εὔθετός
703 2033 777 2059 ἐστιν
799 2033 838 2063 είς
861 2032 910 2065 τὴν
926 2033 1000 2068 βασι-

215 2076 290 2102 λείαν
305 2076 360 2102 τῶν
379 2076 511 2110 οὐρανῶν.
530 2086 539 2102 ι
559 2076 614 2102 Καὶ
629 2076 709 2103 πάλιν
721 2077 784 2111 περὶ
796 2077 845 2111 τῆς
865 2077 913 2103 τοῦ
929 2077 999 2112 πύρ-

212 2129 264 2158 χου
287 2121 448 2155 οἰκοδομῆς
474 2121 519 2156 Μὴ
541 2121 703 2156 ἀρξαμένων
733 2121 809 2156 ὑμῶν
829 2122 879 2156 τῆς
895 2122 999 2154 τελείας

215 2167 285 2198 ὀδοῦ,
299 2167 348 2200 τῆς
371 2167 442 2193 κατὰ
459 2167 524 2192 Θεὸν
548 2166 686 2198 πολιτείας
707 2167 931 2202 ἁποχαυνωοῆτε,
953 2168 1000 2194 καὶ

216 2212 346 2247 πληρωθῇ
361 2211 402 2245 ἐφ’
415 2211 536 2246 ὑμῖν,ὃτι
555 2212 691 2246 Ἤρξαντο
702 2212 942 2246 οἰκοδομῆσαι.καὶ
950 2213 999 2238 οὐκ

215 2255 288 2292 εῖχον
311 2256 424 2290 δύναμιν
439 2256 485 2292 καὶ
499 2256 653 2291 προθυμίαν
675 2257 741 2292 πρὸς
767 2257 813 2283 τὸν
828 2258 1000 2292 ἀπαρτισμὸν

215 2302 262 2328 τοῦ
275 2302 409 2336 θεμελίου.
427 2291 636 2334 Ἀσῖξαλίσασθε,
653 2302 736 2328 τέκνα
748 2311 754 2318 ·
775 2303 871 2337 μικρὸς
890 2303 904 2328 6
919 2303 999 2329 πόλε-

1087 1675 1126 1702 19.
1148 1675 1244 1703 Postea
1261 1685 1368 1704 rursum
1383 1678 1416 1706 ad
1431 1678 1490 1705 illos
1506 1686 1660 1706 sermonem
1677 1679 1812 1705 convertit
1828 1687 1835 1705 :

1049 1718 1200 1752 Attendite,
1213 1720 1272 1753 ﬁlii,
1284 1722 1397 1748 terribili
1412 1730 1461 1749 vos
1474 1727 1500 1749 et
1511 1722 1617 1749 occulto
1628 1722 1699 1749 bello
1713 1721 1835 1754 dedistis,

1050 1764 1098 1791 sed
1125 1769 1227 1792 metum
1252 1766 1344 1804 pellite
1362 1775 1368 1792 :
1386 1776 1395 1792 ι
1414 1766 1514 1793 Potens
1539 1766 1613 1793 enim
1627 1769 1669 1792 est
1694 1765 1776 1797 Deus,
1791 1766 1835 1799 qui

1051 1819 1107 1838 non
1124 1811 1246 1845 patietur
1261 1819 1309 1838 vos
1325 1812 1423 1838 tentari
1438 1819 1519 1846 supra
1535 1811 1560 1838 id
1571 1811 1642 1845 quod
1655 1810 1768 1844 potestis
1777 1817 1832 1835 sus-

1051 1855 1139 1882 tinere
1156 1855 1188 1882 ".
1216 1864 1225 1880 ι
1242 1855 1361 1886 Certate,
1380 1855 1443 1886 ﬁlii,
1463 1859 1492 1881 ut
1513 1862 1567 1881 non
1590 1853 1767 1891 superemini.
1784 1852 1836 1879 Sed

1051 1903 1121 1925 state
1139 1899 1230 1926 animo
1253 1903 1355 1931 erecto,
1381 1902 1552 1932 opponentes
1568 1897 1679 1924 inimico
1695 1896 1764 1923 sacri
1786 1896 1834 1923 ha-

1049 1943 1122 1970 bitus
1132 1948 1308 1970 armaturam.
1316 1943 1346 1969 In
1359 1943 1516 1970 memoriam
1527 1946 1652 1970 revocate
1662 1939 1836 1973 verbaillius,

1050 1987 1095 2021 qui
1106 1987 1173 2014 dicit
1185 1996 1192 2014 :
1207 1997 1216 2013 ‹
1227 1987 1313 2015 Nemo
1324 1988 1435 2015 mittens
1444 1995 1554 2014 manum
1569 1995 1644 2014 suam
1660 1987 1692 2014 ad
1706 1991 1835 2019 aratrum,

1050 2036 1077 2059 et
1088 2040 1236 2060 conversus
1250 2039 1333 2065 retro,
1357 2037 1436 2067 aptus
1459 2037 1500 2060 est
1520 2040 1603 2068 regno
1627 2032 1758 2060 calorum
1776 2033 1806 2059 ".
1825 2041 1834 2057 ι

1051 2077 1084 2104 Et
1099 2085 1205 2104 rursum
1228 2078 1262 2104 de
1281 2078 1460 2105 aediﬁcatione
1482 2077 1565 2104 turris
1582 2086 1589 2104 :
1605 2084 1640 2104 ne
1661 2077 1733 2103 viam
1746 2076 1832 2110 perfe-

1050 2128 1121 2150 ctam
1138 2123 1312 2158 incipientes.
1325 2124 1351 2150 in
1378 2123 1423 2150 Dei
1440 2123 1572 2157 obsequio
1593 2122 1701 2149 desides
1724 2122 1792 2154 sitis,
1811 2126 1835 2148 et

1052 2169 1078 2196 in
1102 2170 1179 2197 vobis
1207 2170 1362 2204 impleatur,
1386 2169 1449 2203 quia
1472 2172 1614 2203 coeperunt
1638 2168 1783 2200 aediﬁcare,
1811 2172 1836 2194 et

1051 2222 1106 2241 non
1124 2219 1166 2241 sat
1184 2215 1338 2241 habuerunt
1358 2213 1454 2240 virium
1477 2218 1504 2240 et
1522 2213 1605 2239 animi
1630 2213 1664 2239 ad
1687 2220 1756 2247 opus
1770 2220 1836 2239 con-

1053 2260 1297 2287 summandum‘“.
1315 2259 1390 2286 State
1416 2259 1514 2291 securi,
1531 2266 1548 2285 ο
1568 2258 1615 2285 ﬁlii
1634 2267 1640 2284 :
1659 2265 1773 2292 parvum
1796 2262 1835 2284 est

1052 2304 1162 2336 bellum,
1183 2303 1230 2330 sed
1247 2311 1344 2338 magna
1368 2310 1485 2335 corona;
1502 2301 1657 2335 temporalis
1680 2301 1766 2333 labor,
1789 2299 1836 2326 sed

218 2356 277 2383 μος,
293 2348 360 2374 ἀλλὰ
380 2348 466 2382 μέγας
482 2348 496 2373 6
512 2348 644 2380 στέφανος
657 2355 663 2362 ·
682 2349 849 2382 πρόσκαιρος
869 2349 882 2374 6
910 2349 999 2381 πόνος,

1052 2353 1153 2375 aeterna
1172 2348 1289 2382 requies.
1308 2348 1402 2382 Itaque
1420 2355 1482 2374 cum
1503 2352 1610 2380 tempus
1624 2346 1793 2380 procederet,
1810 2349 1834 2371 et

216 2395 273 2421 ἀλλ’
290 2394 386 2420 αἱωνία
400 2395 417 2429 ἡ
442 2394 605 2424 ἀνάπαυσις.
636 2393 692 2427 Τῆς
707 2393 781 2428 ὥρας
798 2392 845 2420 οὖν
861 2394 1000 2428 προκοψά-

217 2442 332 2475 σηςικαὶ
346 2440 396 2476 ἤδη
410 2439 503 2466 λοιπὸν
517 2439 565 2466 τοῦ
582 2439 660 2471 ξύλου
673 2441 827 2473 κρούοντος,
838 2439 876 2471 ὡς
887 2439 999 2472 ἔμελλον

215 2486 262 2513 τοῦ
277 2485 398 2516 πυλῶνος
410 2485 577 2521 ἐξέρχεσθαι,
591 2484 687 2512 ἐλαῦεν
701 2486 715 2511 6
734 2484 844 2520 Συμεὼν
860 2485 904 2510 τὸν
919 2485 1000 2519 ἡγού-

218 2541 297 2567 μενον
312 2533 371 2558 κατ’
384 2532 462 2562 ἰδίαν,
478 2532 523 2557 καὶ
540 2529 616 2557 εἶπεν
627 2530 702 2565 αὺτῷ
711 2539 717 2545 ⁸
735 2531 785 2557 Διὰ
799 2530 845 2556 τὸν
858 2531 933 2562 Θεὸν,
947 2531 1001 2558 Πά-

216 2587 276 2613 τερ,
291 2576 378 2609 εὖξαι,
393 2577 436 2602 ἵνα
452 2578 466 2602 6
478 2577 544 2608 Θεὸς
560 2576 725 2612 διασκεδάσῃ
751 2577 800 2608 τὴν
821 2577 931 2611 μνήμην
953 2577 1001 2610 τῆς

218 2624 345 2658 γυναικδς
361 2622 408 2648 τοῦ
423 2622 538 2656 ἀδελφοῦ
553 2631 602 2656 μου
617 2622 754 2654 Ἰωάννου,
769 2624 804 2657 μή
824 2631 881 2654 πως
904 2624 936 2649 ὲκ
955 2622 1001 2649 τοῦ

217 2667 335 2703 πονηροῦ
362 2667 440 2694 ἐάσαι
467 2675 510 2702 με,
538 2668 586 2693 καὶ
611 2668 756 2702 ἀπόλωμαι
780 2667 895 2702 ὑπὸτῆς
911 2667 1000 2703 λύπης

256 2756 278 2773 ¹⁷
293 2755 303 2783 l
319 2755 382 2784 Cor.
400 2763 427 2788 ι,
443 2755 484 2782 l3.
523 2754 545 2771 ’⁸
560 2755 625 2784 Luc.
641 2764 678 2786 ix.
694 2756 737 2782 (32.
778 2755 810 2771 "‘
830 2755 896 2782 Luc.
919 2764 972 2787 xiv,
984 2757 1028 2783 5t).

1051 2393 1105 2428 jam
1119 2393 1248 2427 deinceps
1272 2393 1372 2427 lignum
1394 2394 1512 2428 pulsaret
1532 2392 1605 2427 (‘25);
1619 2397 1646 2419 et
1666 2391 1703 2418 illi
1723 2399 1738 2418 e
1753 2391 1835 2425 janua

1051 2439 1297 2472 essentegressuri,
1315 2438 1466 2473 hegumeno
1486 2438 1599 2464 scorsim
1618 2437 1754 2472 prehenso
1769 2436 1835 2463 dixit

1052 2486 1166 2521 Symeon
1179 2495 1186 2511 :
1202 2485 1315 2520 Propter
1331 2485 1427 2516 Deum,
1449 2484 1485 2511 mi
1499 2484 1588 2514 Pater.
1602 2492 1659 2516 ora,
1673 2488 1701 2510 ut
1718 2483 1788 2509 Deus
1804 2491 1835 2509 ex

1052 2531 1142 2557 animo
1157 2530 1249 2557 fratris
1271 2530 1324 2556 mei
1337 2529 1450 2556 Joannis
1466 2529 1554 2556 deleat
1568 2528 1725 2554 memoriam
1742 2527 1837 2560 conju-

1051 2576 1092 2611 gis
1106 2583 1172 2608 suae,
1185 2583 1220 2602 ne
1233 2576 1350 2610 maligno
1366 2575 1539 2601 machinantc
1552 2574 1648 2607 spiritu
1664 2581 1706 2600 me
1717 2573 1835 2603 deserat,

1051 2625 1078 2647 et
1092 2629 1142 2655 ego
1157 2621 1289 2648 inteream
1309 2630 1364 2655 pra:
1378 2622 1480 2653 dolore,
1499 2621 1534 2647 ob
1547 2621 1607 2653 ejus
1619 2619 1731 2646 exitium
1747 2624 1774 2645 et
1790 2626 1834 2644 re-

1052 2675 1170 2694 cessum.
1192 2666 1255 2699 Ora,
1272 2667 1395 2698 obsecro,
1414 2671 1523 2700 propter
1547 2665 1701 2696 Dominum,
1717 2669 1746 2690 ut
1766 2663 1834 2689 Deus

964 2815 1076 2842 NOTAE.

255 2870 309 2909 (ἳᾷ)
327 2871 468 2909 Quomodo
483 2872 562 2908 lignis
581 2882 629 2909 pro
649 2882 702 2901 aere
722 2874 859 2908 (hiinpano
888 2880 997 2902 utantur
1025 2876 1149 2903 monachi
1162 2875 1325 2906 Orientales,
1339 2873 1454 2908 explicat
1467 2871 1571 2899 libellus
1588 2869 1741 2901 llieronl‘“l
1757 2864 1833 2898 M35“

221 2905 258 2933 De
273 2906 463 2934 tintinnabulis.
