2074 3144
194 168 261 199 1697

826 167 847 198 Υ
854 167 912 197 lTA
929 168 959 195 S.
981 166 1052 196 SYM
1058 166 1177 196 EONIS.

1751 165 1816 197 1693

194 223 321 258 στήθους,
341 222 386 249 καὶ
405 222 490 255 αὐτὴν
499 221 613 257 ηὔχοντο
621 221 733 248 πάντοτε
747 223 783 253 si;
796 223 909 248 ἕκαστον
923 231 978 248 πει-

1034 222 1065 248 Et
1092 227 1207 250 eventus
1230 222 1302 249 illico
1320 222 1411 249 docuit
1439 222 1532 249 ambos
1554 223 1623 249 lianc
1646 222 1771 250 calluisse
1785 232 1818 250 ex

195 268 309 303 ρασμὺν,
323 268 367 294 καὶ
381 267 543 299 εῐςὲκαστον
555 267 659 302 αἴτημα
671 267 759 293 αὐτῶν
772 267 838 302 7:96,-
847 267 977 294 τῖνΘεὸν.

195 315 288 340 Ἔστιν
301 315 356 349 γὰρ
375 314 418 340 ὅτε
440 313 542 348 ἐπύρου
562 314 660 344 αὐτοὺς
678 314 691 339 6
714 313 855 345 διάῦολος,
869 314 907 346 ὡς
934 314 978 346 ἐξ·

194 361 286 394 ηγεῖτο
297 359 448 394 οοεοφόρος
455 359 547 390 Σαλὸς,
556 359 592 390 ὡς
601 359 648 385 ἐὰν
660 359 728 394 κρέα
736 359 782 385 καὶ
792 356 863 386 οἶνον
874 360 977 394 ἤσθιον,

194 405 241 430 καὶ
260 404 340 430 πάλιν
361 404 510 430 ὑπέϐαλλεν
530 403 622 434 αὐτοῖς
650 403 725 438 παρὰ
751 403 800 434 τὰς
820 403 907 438 ἀρχὰς
925 403 979 429 δει-

194 449 264 479 λίαν,
292 449 338 475 καὶ
367 449 480 483 ἁκηδίαν
496 449 565 484 πρὸς
584 449 633 480 τὴν
651 448 778 483 ἄσκησιν,
799 448 869 474 ὥστε
885 448 979 482 διαφό-

196 503 249 530 ρως
262 495 402 529 ἐπιζητεῖν
419 495 518 526 αὐτοὺς
533 495 714 529 ὑποστρέφειν
736 495 776 525 εἰς
799 494 828 520 τὸ
843 495 979 529 μοναστή-

195 550 252 575 ριον
270 541 323 566 ἀπὺ
335 540 385 574 τῆς
398 540 515 575 ἐρήμου,
531 540 612 566 πάλιν
637 540 665 566 δὲ
694 541 763 567 κατὰ
789 541 851 571 τοὺς
879 539 980 571 ὕπνους

193 584 316 619 θεωρεῖν.
331 585 424 610 Ἔστιν
447 584 474 611 δὲ
499 585 542 610 ὅτε
572 585 618 611 καὶ
642 585 670 610 ἐν
687 584 822 620 φαντασίᾳ
840 585 904 615 τοὺς
919 585 980 610 ἑαυ-

193 630 246 655 τῶν
263 630 354 661 ἰδίους,
370 630 432 661 τοὺς
447 630 495 664 μὲν
509 630 665 661 κλαίοντας,
678 630 740 661 τοὺς
752 630 779 656 δὲ
792 629 980 664 εὐωχηθέντας

195 676 400 711 παρεσκεύαζεν
414 677 428 702 ὁ
441 675 616 711 πολύμορφος
640 676 710 710 δίρις,
729 676 774 702 καὶ
790 675 873 702 πολλὰ
886 675 979 710 ἕτερα,

193 721 210 747 Et
222 722 281 747 οὐδὲ
297 721 483 757 ἐξηγήσασθαι
498 722 619 755 δυνατὸν,
634 723 657 747 εἰ
674 722 710 757 μὴ
728 721 829 748 τούτων
851 721 905 748 τῶν
925 729 981 747 πει-

195 767 308 801 ρασμῶν
319 768 347 793 ὲν
366 767 448 802 πείρᾳ
465 767 569 801 γίνεται
585 776 637 798 τις.
665 766 735 793 Ἀλλ’
749 767 831 802 ἡνίκα
845 767 868 793 δ’
880 766 912 792 ἂν
930 767 980 800 ἐμ-

194 812 340 846 νημόνευον
355 811 409 838 τῶν
423 813 574 846 στεφάνων,
588 812 635 844 οὒς
654 813 694 843 εἰς
709 812 838 847 ἀλλήλους
856 812 982 839 ἐθεάσαν-

192 864 231 887 το,
248 856 295 882 καὶ
313 856 362 891 τῆς
376 857 560 887 διδασκαλίας,
575 857 623 883 καὶ
639 856 692 883 τῶν
714 857 840 892 δακρύων
865 857 913 883 τοῦ
935 857 981 891 γέ-

1029 273 1152 302 prompta
1169 263 1306 294 memoria.
1326 268 1357 294 Et
1375 275 1434 294 eam
1453 267 1628 301 adhibebant,
1641 269 1748 303 quoties
1761 273 1820 295 ten-

1030 312 1095 339 tatio
1116 312 1269 347 ingruebat,
1287 318 1334 339 aut
1353 313 1451 346 aliquid
1478 319 1492 338 a
1513 311 1568 338 Deo
1587 313 1726 347 petebant.
1746 311 1819 345 Qua-

1028 357 1091 384 dam
1103 358 1161 385 vice
1176 358 1323 392 instigabat
1332 365 1379 384 eos
1390 358 1524 390 diabolus,
1541 358 1577 384 uti
1592 357 1721 384 narrabat
1733 357 1820 384 deiter

1030 404 1120 435 Salus,
1137 405 1170 431 ad
1185 411 1264 430 usum
1283 404 1374 430 carnis
1390 408 1417 430 et
1425 404 1499 436 vini;
1514 408 1541 431 ct
1563 403 1589 430 in
1602 403 1739 438 principio
1756 411 1820 438 sug-

1029 449 1140 484 gerebat
1163 449 1298 481 timorem,
1326 454 1354 476 et
1383 454 1518 484 torporem
1544 449 1571 475 in
1594 450 1649 476 vita
1676 450 1818 476 ascetica:

1029 495 1097 522 adeo
1113 499 1141 521 ut
1158 494 1239 521 variis
1267 494 1355 521 modis
1378 499 1526 522 conaretur
1551 503 1600 522 eos
1627 502 1660 522 ex
1678 502 1771 522 eremo
1792 494 1819 521 in

1030 539 1225 566 monasterium
1251 547 1392 566 revocare.
1415 539 1492 566 Nunc
1513 541 1612 567 iterum
1630 540 1753 574 quaedam
1777 547 1821 566 re-

1029 585 1213 620 prtesenlabat
1233 585 1259 612 in
1281 593 1396 618 somno,
1422 593 1495 612 nunc
1519 586 1667 612 amicorum
1692 584 1820 619 aliquos:

1032 631 1081 657 hos
1104 631 1212 665 quidem
1239 630 1345 663 ﬂentes,
1377 632 1459 658 hosce
1486 632 1567 666 genio
1593 631 1766 666 indulgentes
1794 631 1821 657 in

1031 676 1148 711 imagine
1171 683 1301 711 corporea
1323 676 1485 704 eﬂormabat
1509 676 1661 710 versipellis
1674 683 1705 702 ac
1720 680 1823 703 tortuo-

1031 728 1077 747 sus
1090 721 1211 752 coluber,
1231 725 1259 748 et
1274 721 1390 755 plurima
1412 722 1474 754 alia,
1491 730 1552 756 quae
1575 729 1719 749 recensere
1743 729 1824 748 nemo

1030 765 1111 798 valet,
1129 770 1227 800 przeter
1248 773 1321 798 eum,
1347 767 1393 801 qui
1413 767 1480 794 tales
1503 768 1670 795 tentationes
1693 772 1824 801 expertus

1032 811 1123 838 fuerit.
1138 812 1190 838 Sed
1205 811 1314 846 quando
1326 812 1539 840 recordabantur
1554 821 1729 845 coronarum,
1751 821 1820 848 quas

1032 857 1100 883 alter
1111 856 1139 883 in
1152 857 1238 884 altero
1263 857 1437 892 contemplati
1461 858 1581 890 fuerant,
1603 859 1823 886 institutionum-

194 909 294 936 ροντος.
317 901 411 936 ὣσπερ
443 901 524 936 ἐλαίῳ
548 902 616 936 ἁγίῳ
632 902 838 937 κατεπραῦνετο
856 902 946 929 αὐτῶν
965 903 978 937 ἡ

1031 909 1084 936 que
1101 906 1128 928 et.
1141 902 1319 937 laerymarum
1335 903 1426 934 senis;
1447 910 1494 930 cor
1507 903 1616 930 illorum
1633 903 1711 938 quasi
1728 908 1824 931 sancto

193 947 300 982 καρδία,
314 947 360 973 καὶ
373 947 567 982 παρεκαλεῖτο.

1032 947 1150 982 quodam
1164 947 1225 975 oleo
1241 948 1393 976 delibutum
1403 949 1587 976 recreabatur.

914 1013 1029 1042 CAPUT
1055 1013 1100 1040 VI.

228 1073 428 1108 Appariliones,
449 1074 598 1105 orationes,
617 1082 734 1110 egressus
753 1075 890 1109 Symeoms
907 1083 938 1101 ex
955 1082 1040 1115 eremo
1057 1074 1084 1100 in
1099 1073 1232 1109 publicum
1247 1083 1301 1108 prre
1316 1075 1371 1101 zelo
1388 1083 1557 1108 uitulini-um,
1572 1076 1710 1103 occultata:
1732 1077 1789 1111 ejus

938 1114 1064 1136 actiones.

226 1164 278 1198 κβ’.
293 1165 434 1198 Ἐφαίνετο
455 1165 482 1191 δὲ
502 1165 595 1196 αὐτοῖς
614 1167 674 1192 κατ’
695 1166 761 1201 ὄναρ
789 1166 837 1193 καὶ
853 1167 867 1192 6
885 1165 980 1202 κύριος

192 1210 294 1242 Νίκων,
311 1210 355 1236 ὁτὲ
372 1210 422 1245 μὲν
440 1210 574 1237 νουθετῶν
591 1211 700 1243 αὐτοῖς,
720 1211 764 1238 ὁτὲ
782 1212 809 1238 δὲ
829 1211 979 1247 προσευχό-

193 1266 272 1292 μενος
289 1258 358 1293 ὑπὲρ
375 1258 475 1291 αὐτῶν,
490 1257 547 1285 ἔστι
563 1258 591 1284 δὲ
606 1259 649 1285 ὅτε
675 1260 723 1284 καὶ¹
736 1258 860 1293 ψαλμοὺς
881 1258 979 1288 αὐτοὺς

191 1303 334 1330 διδάσκων·
352 1304 400 1329 καὶ
411 1302 586 1335 ὲξυπνίζοντο
601 1303 827 1338 ἀποστηθίζηντες
842 1303 892 1330 ὅσα
908 1304 980 1329 κατὰ

192 1349 255 1380 τοὺς
271 1348 372 1380 ὕπνους
389 1349 487 1380 αὐτοὺς
504 1348 654 1381 ἐδίδασκεν,
673 1350 719 1375 καὶ
736 1347 808 1384 εἶχον
835 1349 921 1384 χαρὰν
932 1349 979 1374 ἐπὶ

192 1393 271 1420 τοῦτο
285 1394 418 1429 μεγάλην.
448 1394 613 1427 Ἐγενωσκον
638 1393 692 1429 γὰρ
708 1395 748 1420 ὅτι
764 1395 841 1421 πονεῖ
865 1395 878 1420 6
892 1394 982 1428 γέρων

191 1439 224 1466 δι’
239 1439 348 1472 αὐτοὺς,
363 1439 411 1465 καὶ
426 1439 664 1475 ἐπληροφοροῦντο
682 1439 709 1472 ἐξ
729 1439 819 1466 αὐτῶν
837 1439 890 1465 τῶν
910 1448 982 1473 πρα-

192 1485 313 1520 γμάτων.
330 1484 386 1511 Καὶ
398 1485 451 1520 γὰρ
465 1485 518 1520 πρὸ
534 1485 623 1520 πάσης
636 1485 771 1519 αἰτήσεως
781 1486 812 1511 ἐκ
824 1484 890 1511 Θεοῦ
903 1485 981 1511 τοῦτο

192 1531 244 1565 πρὸ
264 1530 373 1557 πάντων
389 1530 581 1565 αἰτησαμένων
599 1530 773 1564 ἀμφοτέρων,
791 1530 838 1557 τοῦ
861 1530 910 1565 μὲν
929 1531 980 1556 Συ-

193 1575 276 1610 μεὼν,
292 1576 336 1602 ἵνα
351 1575 512 1611 παρακληοῇ
537 1577 553 1610 ἡ
576 1576 675 1609 καρδία
688 1576 738 1611 τῆς
764 1576 867 1611 μητρὸς
884 1577 977 1607 αὐτοῦ,

191 1622 237 1649 καὶ
248 1622 443 1657 πληροφορηθῇ
457 1630 463 1637 ·
476 1621 522 1648 τοῦ
536 1621 563 1648 δὲ
579 1621 714 1653 Ἰωάννου,
733 1623 776 1648 ἵνα
790 1622 978 1657 προσλάὁηται

191 1667 204 1692 6
217 1667 282 1698 Θεδς
297 1667 345 1701 τὴν
359 1666 441 1693 αὑτοῦ
458 1666 582 1701 σύμϐιον,
600 1667 667 1701 πρὸς
686 1667 714 1693 τὸ
738 1668 910 1703 ἀποκοπῆναι
930 1668 978 1702 τὴν

192 1712 284 1745 σχέσιν
298 1713 383 1747 αὐτῆς
400 1713 453 1738 ἀπὸ
475 1713 525 1747 τῆς
549 1713 652 1744 ἐννοίας
670 1713 763 1745 αὐτοῦ,
789 1715 949 1748 εἰσήκουσεν
966 1715 980 1739 6

190 1758 257 1789 Θεὸς
273 1758 445 1793 ἀμφοτέρων,
470 1757 484 1783 6
498 1757 583 1784 εἰπὼν
608 1758 714 1793 θέλημα
733 1758 787 1785 τῶν
804 1758 978 1794 φοϐουμένων

190 1804 270 1830 αὐτὴν
287 1804 407 1838 ποιῆσαι.
425 1803 479 1830 Καὶ
492 1804 537 1830 δύο
553 1803 620 1830 ἐτῶν
638 1804 842 1840 παρελθόντων,
862 1804 979 1839 ἐπληρο-

190 1850 295 1885 φορήϐη
309 1850 323 1876 ὁ
351 1849 431 1885 κῦρις
453 1849 566 1885 Συμεὼν
586 1849 618 1876 ἐκ
635 1849 713 1882 Θεοῦ,
732 1850 773 1877 ὅτι
786 1850 888 1882 ἄλυπός
906 1851 979 1876 ἐστιν

190 1896 205 1929 ἡ
221 1896 312 1930 μήτηρ
326 1895 408 1921 αὑτοῦ
435 1896 498 1930 περὶ
515 1895 609 1927 αὑτοῦ,
635 1895 682 1920 καὶ
704 1896 745 1921 ὅτι
768 1895 893 1928 φαίνεται
911 1895 978 1930 αὐτῇ

189 1940 259 1965 κατὰ
268 1939 363 1970 νύκτα,
377 1939 424 1964 καὶ
439 1938 640 1972 παραμυθεῖται
652 1939 746 1970 αὐτὴν,
759 1940 805 1964 καὶ
822 1938 895 1971 λέγει
911 1939 978 1973 αὐτῇ

188 1985 221 2018 τῇ
238 1983 331 2018 Σύρων
357 1983 507 2017 διαλέκτῳ·
527 1983 661 2017 Λαδέχρε,
688 1982 779 2017 λιχὲμ,
796 1984 809 2009 ὃ
830 1984 913 2015 ἐστιν,
933 1983 978 2015 Μὴ

189 2029 284 2060 λυποῦ,
305 2028 403 2063 μῆτερ·
430 2029 475 2054 καὶ
501 2027 556 2062 γὰρ
570 2027 661 2058 καλῶς
685 2029 768 2062 ἐσμεν
789 2028 876 2062 κάγὼ,
903 2029 949 2054 καὶ
963 2029 977 2054 ὁ

190 2073 267 2109 κῦρις
284 2073 423 2107 Ἰωάννης,
440 2073 488 2099 καὶ
504 2072 673 2106 ὑγιαίνομεν,
694 2073 742 2099 καὶ
757 2072 978 2108 ὲστρατεύϐημεν

189 2120 228 2151 εἰς
253 2119 283 2145 τὺ
296 2119 424 2145 παλάτιον
439 2118 485 2145 τοῦ
513 2118 663 2153 βασιλέως,
686 2118 733 2144 καὶ
753 2119 807 2145 ἰδοὺ
828 2119 977 2153 στεφάνους

189 2165 336 2200 φοροῦμεν,
357 2163 403 2196 οὓς
416 2164 545 2199 ἀνέδησεν
555 2165 628 2199 ἡμᾶς
642 2165 656 2190 6
673 2164 809 2199 βασιλεὺς,
821 2165 868 2192 καὶ
882 2165 978 2196 στολὰς

188 2211 347 2246 εὐπρεπεῖς.
366 2209 448 2236 Ἀλλὰ
461 2210 661 2245 παραμύθησαι
683 2210 730 2236 καὶ
746 2210 809 2242 τοὺς
830 2212 917 2245 γονεῖς
930 2211 976 2237 τοῦ

188 2254 302 2288 ἀδελφοῦ
314 2254 449 2286 Ἰωάννου,
460 2254 501 2280 ὅτι
513 2254 572 2288 μετ’
585 2254 653 2288 ἐμοῦ
667 2254 740 2280 ἐστιν
752 2254 974 2289 ἐστρατευμένος.

194 2300 274 2326 Ἀλλὰ
289 2300 372 2335 μηδὲν
392 2299 542 2334 λυπηθῆτε.
568 2300 624 2326 Καὶ
646 2301 659 2326 6
687 2300 773 2331 ἀῦεᾶς
803 2300 830 2326 δὲ
848 2300 975 2334 Ἰωάννης

1055 1165 1114 1192 -22,
1142 1164 1169 1191 In
1196 1173 1293 1192 somno
1314 1166 1396 1193 etiam
1415 1166 1541 1201 apparuit
1561 1166 1612 1194 illis
1627 1167 1756 1195 dominus
1775 1166 1823 1194 Ni-

1033 1215 1103 1240 con;
1131 1217 1204 1236 nunc
1227 1217 1274 1244 eos
1299 1211 1447 1242 instructis.
1472 1219 1544 1237 nunc
1565 1219 1614 1245 pro
1641 1211 1707 1246 ipsis
1731 1220 1822 1240 orans.

1033 1253 1185 1287 Aliquando
1209 1254 1290 1280 etiam
1315 1262 1361 1282 eos
1383 1255 1496 1282 docebat
1523 1256 1659 1289 psalmos;
1685 1260 1712 1283 et
1726 1264 1825 1291 exper-

1032 1298 1098 1325 recti
1125 1299 1255 1325 memoria
1276 1299 1416 1331 tenebant,
1435 1300 1565 1334 quidquid
1593 1301 1620 1327 in
1645 1309 1741 1328 somno
1764 1303 1823 1329 illos

1032 1343 1171 1371 docuerat.
1189 1344 1217 1371 Id
1233 1346 1305 1379 quod
1321 1353 1417 1380 magno
1435 1346 1475 1373 eis
1495 1347 1594 1381 gaudio
1617 1347 1678 1374 l'uit.
1695 1348 1826 1375 Sciebant

1035 1390 1109 1416 enim
1134 1397 1228 1417 senem
1257 1391 1378 1426 ipsorum
1404 1399 1486 1418 causa
1510 1392 1645 1424 laborare,
1668 1393 1701 1420 de
1721 1401 1775 1428 quo
1790 1401 1824 1420 cx

1033 1435 1115 1462 rebus
1134 1436 1200 1470 ipsis
1214 1436 1314 1463 ﬁebant
1327 1437 1469 1464 certiores.
1484 1436 1516 1464 Et
1537 1445 1602 1464 vero
1623 1446 1684 1465 cum
1697 1446 1752 1473 prae
1764 1446 1824 1465 0ni~

1032 1482 1113 1509 nibus
1133 1486 1238 1517 peteret
1255 1487 1369 1518 uterque
1390 1491 1404 1510 a
1428 1483 1492 1514 Deo.
1509 1484 1625 1520 Symeou
1651 1485 1770 1519 quidem,
1796 1489 1824 1511 ut

1031 1535 1079 1554 cor
1106 1528 1201 1555 matris
1225 1529 1322 1555 solatio
1355 1534 1526 1556 recrearetur
1545 1534 1572 1557 et
1597 1531 1822 1562 conﬁrmaretur;

1031 1573 1150 1600 Joannes
1164 1578 1266 1607 autem,
1282 1579 1312 1601 ut
1326 1574 1397 1601 Deus
1409 1575 1552 1611 conjugem
1568 1584 1642 1602 suam
1659 1576 1822 1610 susciperet,

1031 1624 1057 1646 et
1075 1619 1194 1646 dolorem
1216 1627 1231 1646 e
1254 1622 1425 1654 separatione
1445 1621 1504 1656 ejus
1526 1626 1615 1648 ortum
1632 1630 1664 1649 ex
1675 1622 1766 1649 animo
1782 1623 1824 1649 l‘u-

993 1679 1014 1707 ρ
1031 1667 1123 1697 garet;
1140 1668 1285 1698 utrumque
1296 1665 1431 1692 exaudivit
1451 1666 1532 1698 licus,
1549 1667 1594 1700 qui
1608 1666 1684 1698 dixit,
1696 1675 1723 1693 se
1735 1668 1823 1694 factu-

1033 1716 1093 1735 rum
1120 1709 1289 1737 voluntatem
1318 1711 1474 1738 timentium
1505 1719 1545 1739 se.
1574 1711 1606 1739 Et
1635 1713 1691 1747 jam
1717 1714 1824 1741 duobus

1033 1753 1134 1781 exactis
1158 1754 1246 1787 annis,
1268 1755 1396 1783 dominus
1419 1755 1536 1791 Symeon
1553 1758 1653 1784 certior
1672 1767 1687 1785 a
1714 1759 1767 1786 Deo
1783 1765 1823 1786 est

1033 1798 1130 1831 lactus,
1150 1800 1223 1834 quod
1243 1805 1330 1827 mater
1356 1809 1404 1828 sua
1431 1810 1513 1830 causa
1533 1811 1587 1829 non
1602 1803 1725 1835 doleret;
1749 1806 1822 1838 quod

1032 1849 1115 1871 noctu
1126 1845 1151 1871 ei
1163 1849 1318 1879 appareret,
1337 1850 1364 1873 et
1378 1846 1466 1880 ipsam
1483 1849 1680 1879 consolaretur,
1698 1841 1725 1875 et
1741 1850 1823 1875 dice-

1031 1894 1072 1916 ret
1088 1889 1198 1924 Syriaco
1212 1898 1338 1917 sermone
1352 1900 1358 1916 :
1382 1891 1532 1922 Ladechre,
1548 1891 1669 1920 Lit-lieni.
1687 1893 1742 1921 Hoc
1755 1899 1795 1921 est
1814 1905 1820 1922 :

1030 1933 1068 1961 Ne
1081 1934 1152 1968 lnge,
1171 1939 1273 1967 mater;
1298 1936 1401 1962 ctenim
1426 1936 1496 1964 belle
1524 1937 1657 1965 habemus
1675 1944 1702 1966 ct
1721 1947 1771 1975 ego
1795 1947 1822 1968 ct

1029 1978 1113 2006 frater
1123 1979 1251 2012 Joannes,
1268 1985 1297 2008 et
1311 1982 1441 2014 valemus,
1459 1988 1486 2009 et
1503 1983 1607 2010 militia:
1628 1992 1727 2012 nomen
1743 1986 1821 2012 dedi-

1029 2032 1090 2051 mus
1108 2025 1134 2052 in
1157 2026 1257 2060 palatio
1279 2027 1361 2063 regis,
1387 2032 1414 2054 et
1439 2036 1513 2059 ecce.
1529 2037 1644 2056 coronas
1661 2036 1797 2066 gestamus
1812 2054 1818 2063 ,

1029 2069 1128 2104 quibus
1141 2077 1190 2096 rex
1206 2078 1256 2097 nos
1273 2071 1373 2102 induit,
1394 2076 1423 2099 et
1446 2077 1533 2100 restes
1547 2074 1693 2109 elegantes.
1712 2076 1746 2103 At
1772 2085 1819 2111 pa-

1029 2120 1119 2143 rentes
1142 2115 1197 2152 ('26)
1214 2124 1322 2152 quoque
1340 2119 1483 2147 consolare
1505 2119 1596 2147 fratris
1613 2120 1736 2154 Joannis,
1756 2125 1818 2158 quia

1029 2169 1135 2188 mecum
1165 2170 1216 2190 una
1240 2163 1348 2190 militat.
1374 2163 1538 2200 Neutiquam
1568 2174 1633 2202 ergo
1660 2168 1758 2203 lugete.
1788 2169 1820 2196 lit

1026 2203 1148 2232 Joannes
1166 2213 1274 2241 quoque
1293 2208 1434 2242 conspexit
1451 2209 1580 2244 aliquem,
1593 2211 1715 2238 candidis
1735 2213 1819 2238 vesti—

1030 2251 1081 2278 bus
1101 2251 1236 2284 indutum,
1251 2252 1298 2286 qui
1318 2252 1446 2280 dicebat:
1467 2254 1537 2282 Ecce
1562 2261 1666 2290 patrem
1681 2261 1755 2283 tuum
1770 2258 1818 2284 do-

1029 2295 1085 2323 lore
1100 2296 1212 2323 liberavi
1227 2306 1233 2330 ;
1256 2298 1400 2334 conjugem
1413 2307 1478 2327 vero
1494 2306 1566 2328 tuam
1595 2309 1610 2328 c
1633 2302 1702 2330 vivis
1724 2303 1816 2330 tollam

188 2343 257 2372 εἶδεν
272 2345 313 2372 ὅτι
331 2345 406 2379 λέγει
421 2344 495 2379 αὐτῷ
510 2353 552 2376 τις
568 2344 751 2379 λευχειμονῶν
763 2353 770 2359 ·
782 2344 848 2370 Ἰδοὺ
864 2344 909 2370 τὸν
927 2345 975 2378 μὲν

1030 2343 1197 2377 propediem.

188 2392 294 2426 πατέρα
311 2400 356 2417 σου
373 2390 475 2418 ἄλυπον
491 2390 618 2425 ἐποίησα,
641 2390 689 2426 τὴν
704 2390 733 2416 δὲ
750 2390 866 2424 γυναῖκά
881 2399 926 2417 σου
948 2391 981 2424 ἐν,
1012 2396 1014 2399 “

186 2438 298 2469 ταύταις
313 2436 570 2472 προσλαμϐάνομαι.

222 2487 274 2517 κγ’.
298 2482 482 2518 Ἐξηγήσαντο
492 2481 538 2508 οὖν
551 2480 675 2515 ἀλλήλοις
689 2482 706 2508 ἃ
720 2481 875 2517 ἐθεώρησαν
887 2483 976 2517 ἀμφό-

186 2536 274 2564 τεροι,
288 2528 336 2554 καὶ
346 2527 493 2563 ἐχάρησαν,
509 2527 555 2553 καὶ
575 2526 713 2562 εὐφράνθη
729 2527 818 2554 αὐτῶν
835 2528 850 2563 ἠ
866 2527 974 2562 καρδία.

187 2574 243 2600 Καὶ
260 2573 327 2603 τέως
343 2572 374 2598 ὲκ
388 2571 434 2598 τοῦ
446 2571 577 2605 λογισμοῦ
592 2571 646 2598 τῶν
658 2572 759 2606 γονέων
771 2573 861 2600 αὐτῶν
875 2574 975 2605 εὐθέως

186 2618 328 2652 ἐκούφισεν
346 2617 443 2648 αὐτοὺς
459 2616 472 2642 6
488 2617 564 2648 Θεὸς.
581 2617 637 2644 Καὶ
656 2617 751 2644 λοιπὸν
769 2620 797 2645 ἐν
812 2619 904 2646 ἀνέσει
920 2619 971 2645 ὑπ-

187 2665 271 2699 ῆρχον
286 2663 351 2698 μηδὲ
366 2663 433 2694 ὅλως
446 2662 608 2697 λυπούμενοι
626 2664 690 2698 περὶ
710 2663 810 2690 αὐτῶν.
823 2665 892 2691 Ἀλλ’
904 2666 970 2692 ἀπό-

187 2719 239 2741 νως
258 2709 305 2736 καὶ
322 2709 426 2739 ἀόκνως
439 2708 484 2734 τὴν
508 2709 557 2743 τῆς
581 2709 723 2744 ἀσκήσεως
741 2710 789 2736 καὶ
806 2711 919 2745 ἡσυχίας
933 2711 972 2738 δι-

1062 2488 1106 2515 23.
1128 2488 1228 2522 Igitur,
1250 2497 1311 2524 qnte
1337 2490 1453 2525 quisque
1481 2490 1682 2525 contemplatus
1717 2490 1815 2523 fuerat,

1026 2533 1094 2561 alter
1115 2534 1191 2562 alteri
1216 2535 1364 2569 narrabat;
1380 2540 1408 2563 et
1424 2536 1589 2571 gaudebant,
1613 2541 1641 2563 et
1654 2543 1702 2563 cor
1718 2544 1813 2564 eorum

1027 2579 1208 2606 exliilaratum
1223 2585 1275 2607 est.
1292 2579 1324 2607 Et
1340 2585 1404 2608 tunc
1415 2585 1559 2616 parentum
1575 2589 1638 2609 cura
1659 2582 1751 2609 statim
1774 2582 1814 2609 ie-

1027 2623 1101 2650 ravit
1121 2623 1181 2651 illos
1199 2623 1292 2658 Dens;
1314 2630 1341 2652 et
1366 2625 1542 2660 imposterum
1565 2635 1625 2653 eam
1650 2627 1813 2658 omiserunt,

1028 2669 1095 2695 nihil
1108 2677 1220 2703 prorsus
1232 2670 1266 2696 de
1280 2671 1346 2704 ipsis
1357 2671 1482 2699 dolentes
1495 2681 1502 2705 ;
1519 2672 1566 2699 sed
1580 2672 1639 2699 sine
1653 2673 1774 2699 molestia
1787 2678 1813 2699 et

1026 2715 1152 2750 segnitia,
1171 2716 1377 2744 exercitationis
1403 2722 1429 2745 et
1451 2718 1552 2746 silentii
1574 2726 1685 2745 cursum
1703 2725 1814 2752 perage-

941 2770 1055 2799 NOTAE.

221 2815 277 2849 (26)
295 2813 430 2848 lnterpres
450 2812 521 2847 apud
543 2811 727 2849 _Suriumlegit
741 2814 766 2841 in
780 2822 893 2842 numero
911 2816 970 2842 siu—

188 2847 273 2885 gulari
300 2847 450 2884 parentem,
485 2847 662 2874 cont‘ormiter
683 2848 715 2874 ad
735 2857 776 2877 ea.
805 2857 865 2884 quae
885 2857 967 2884 supra

1025 2825 1086 2851 cap.
1099 2819 1130 2856 .1.
1151 2818 1197 2845 ubi
1218 2819 1483 2856 narratnrAJoannt-s
1505 2821 1590 2848 fuisse
1603 2821 1737 2856 ἀμήτωρ,
1756 2819 1811 2856 l‘lisi

1024 2860 1071 2886 per
1082 2853 1111 2879 τὸ
1131 2859 1270 2888 parentes,
1286 2854 1330 2881 bit:
1347 2854 1466 2883 fortasse
1482 2853 1671 2890 signiﬁcentur
1685 2853 1776 2882 amici.
