2074 3144
286 132 351 164 1699

791 127 945 158 LEONTII
969 126 1218 156 NEAPOLlTAN'l
1242 127 1408 156 El’lSi‘Di‘l

1842 125 1907 157 17ὓο

283 187 348 214 bant
358 185 504 216 continuo,
516 183 612 210 diebus
623 190 656 210 ac
669 183 810 210 noctibus:
822 191 871 210 seu
882 184 972 217 potius
983 187 1068 208 tenta-

1130 182 1227 207 ;τέλουν
1241 183 1338 216 δρόμον
1354 183 1396 208 διὰ
1413 180 1520 211 παντὸς,
1537 179 1641 215 ἡμέρας
1654 179 1700 206 καὶ
1715 181 1821 211 νυκτὸς,
1835 181 1860 207 ει
1874 183 1909 217 μὴ

283 233 464 265 tionem.qu;c
480 237 532 256 non
549 229 727 261 distraliebat,
739 234 766 256 et
778 229 1000 260 sollicitudinem,
1011 236 1071 262 qnze

284 276 395 303 minime
412 275 586 305 sollicitabat,
605 274 720 301 assidua;
746 274 897 307 orationis;
915 274 978 309 quia
995 274 1073 307 impi-

283 322 323 356 gri
351 320 468 355 operarii
500 323 554 345 tam
581 319 774 354 compendiose
812 320 1006 354 proficiebant,
1042 323 1073 346 ut

283 364 381 399 exiguo
395 368 516 397 tempore
542 363 665 390 honorati
681 363 784 389 fuerint
798 363 897 390 divinis
910 363 1070 395 visionibus,

283 414 310 436 et
333 409 472 435 miraculis
489 408 654 435 confirmati.
671 407 737 435 Nam
757 416 841 442 parvo
863 413 922 442 post
937 413 1070 442 tempore,

283 455 347 482 dum
374 459 487 488 uterque
505 454 611 480 silentio
625 459 744 486 vacaret,
770 454 847 488 quasi
864 454 896 480 ad
920 454 1015 488 lapidis
1030 455 1074 488 ja-

283 504 356 525 ctum
374 507 388 525 a
404 506 432 525 se
448 503 541 525 mutuo
555 497 726 534 [distabant].
750 498 802 525 Sed
824 499 896 526 enim
921 499 972 525 hoc
991 499 1072 525 etiam

285 544 335 570 sibi
358 544 601 578 prazscripserant;
631 544 682 571 hoc
710 550 751 571 est
784 545 896 571 seorsim
932 545 1072 577 secedere,

284 590 393 624 quando
420 590 489 616 alter
516 590 670 624 singulatim
693 590 727 616 ab
742 590 827 616 altero
853 590 959 616 volebat
974 598 1072 622 orare;

284 641 324 667 ut,
348 636 370 662 si
393 636 543 662 inciderent
566 635 614 669 ipsi
639 635 828 670 cogitationes,
850 639 896 662 aut
909 636 1073 670 negligenlia

283 682 438 715 obreperet,
464 681 497 707 ad
525 681 639 707 alterum
664 681 817 713 accederet,
847 686 873 708 et
893 681 972 708 ambo
993 681 1074 708 simul

287 727 370 752 Deum
385 727 552 757 invocarenl,
575 731 603 752 ut
620 734 634 752 a
650 726 800 753 tentatione
817 727 1009 754 liberarentur.
1028 727 1075 754 Dic

285 773 402 806 quodam
418 779 478 798 enm
504 771 618 806 Symeon
644 772 703 798 loco
726 771 779 798 sibi
805 777 935 799 consueto
956 773 1073 804 sederet,

285 817 360 844 videt
373 824 402 843 se
416 817 443 843 in
456 818 552 843 ecstasi
564 817 646 843 veluti
658 817 754 844 adesse
770 818 841 852 apud
853 822 967 844 matrem
982 826 1071 850 suam,

286 866 461 898 aegrotantem
473 862 582 888 Edessa:
598 863 646 896 (ibi
663 863 734 889 enim
749 847 830 897 erat),
849 867 877 889 et
893 864 960 890 dicit
976 865 1002 890 ei
1020 847 1072 901 lin;
1090 847 1110 874 Β

285 914 338 941 gna
356 907 464 941 Syriaca
481 915 486 932 :
505 906 556 938 Qui
575 907 659 939 vales,
676 907 783 933 mater?
800 907 905 934 Etcum
925 908 970 935 illa
996 909 1071 936 dice-

287 958 346 979 ret:
365 953 458 985 ltecie,
476 953 523 984 fili,
538 953 582 979 ille
599 960 707 980 rursum
722 960 730 980 ι
750 952 831 985 Vade,
849 954 897 986 ait,
920 954 953 981 ad
971 961 1073 989 regem,

287 1005 321 1024 ie
333 1004 422 1024 metue
440 1006 446 1024 ε
464 1006 526 1024 nam
547 998 638 1033 rogavi
653 998 739 1031 illum,
756 1003 783 1025 et
799 998 899 1025 bonum
921 999 968 1026 tibi
986 999 1074 1026 locum

288 1044 459 1079 praeparavit,
472 1049 509 1077 et,
529 1044 572 1071 ubi
587 1044 712 1075 voiueril,
724 1048 751 1072 te
765 1052 863 1079 sequar
876 1044 948 1072 illuc.

322 1134 368 1160 2f.
388 1132 427 1159 Ad
442 1140 471 1160 se
485 1141 621 1165 reversus,
647 1133 781 1161 intellexit
803 1142 834 1161 ea
851 1135 909 1169 ipsa
928 1135 995 1163 hora
1019 1144 1074 1163 ma-

288 1185 358 1205 trem
383 1186 398 1205 e
422 1179 490 1205 vivis
511 1180 672 1210 excessisse,
694 1183 721 1206 et
748 1179 883 1206 curriculo
907 1187 1022 1209 currens
1041 1182 1075 1209 ad

287 1226 398 1252 fratrem
413 1224 559 1256 Joannem,
572 1225 640 1252 dixit
656 1233 662 1250 :
680 1224 777 1260 Surge,
795 1225 916 1258 domine,
926 1227 1075 1255 orabimus.

289 1273 412 1305 Cumque
432 1271 476 1297 ille
491 1271 647 1297 turbaretur
667 1270 852 1305 (existimabat
872 1271 944 1298 enim
960 1272 1078 1306 aliquam

288 1317 467 1344 tentationcm
491 1316 622 1343 accidisse
639 1315 764 1350 Symeoni
777 1317 797 1350 ),
816 1316 883 1343 dicit
897 1316 921 1343 ei
939 1315 1055 1352 Symeon
1070 1326 1077 1344 :

288 1362 349 1390 Noli
377 1362 491 1394 turbari,
518 1361 620 1394 frater;
648 1362 715 1388 nihil
735 1361 808 1388 enim
835 1362 898 1388 mali
917 1362 1013 1394 habeo,
1033 1371 1080 1396 per

291 1407 386 1433 Deum.
407 1407 456 1434 Cui
482 1406 602 1433 Joannes
619 1414 625 1432 :
645 1400 678 1432 Et
701 1414 762 1440 qnze
783 1413 866 1433 causa
888 1406 950 1432 talis
971 1414 1078 1439 cursus,

291 1452 371 1479 Pater
387 1451 523 1486 Symeon?
539 1450 616 1486 (Nam
639 1451 762 1484 impense
782 1451 973 1483 venerabatur,
990 1457 1017 1478 ct
1033 1459 1081 1478 c0-

292 1498 364 1526 lebat
379 1499 422 1526 illc
437 1498 612 1534 Symeonem.
623 1498 694 1525 sicut
709 1497 826 1533 Symcon
843 1497 1082 1533 Joannem.)Tunc

292 1545 379 1571 oculis
401 1543 465 1570 ﬂetu
484 1543 613 1578 perfusis.
628 1547 655 1569 et
671 1550 837 1577 gemmarum
861 1544 946 1570 instar
960 1544 1083 1578 lacrymis

295 1591 322 1617 iu
335 1595 430 1625 pectus
443 1590 503 1624 ejus
514 1589 660 1616 decurrere
674 1589 878 1623 incipientibus,
887 1589 954 1616 dicit
965 1588 1081 1616 Joanni:

294 1634 352 1662 Jam
370 1635 468 1661 bonam
486 1642 574 1660 meam
587 1638 614 1660 et
629 1633 800 1660 benedictam
815 1638 928 1660 matrem
951 1634 1083 1661 Dominus

294 1680 328 1706 ad
345 1687 373 1706 se
390 1684 478 1706 vocat.
495 1678 528 1705 Et
542 1678 671 1704 narrabat
684 1678 709 1704 ei
731 1678 876 1709 visionem,
893 1686 926 1705 ac
946 1678 1023 1705 flexis
1038 1686 1084 1713 ge-

294 1725 376 1753 nibus
392 1725 504 1751 orabant
518 1733 524 1750 :
545 1724 760 1758 audiebaturqu
779 1723 896 1758 Symeon
912 1724 996 1750 Deum
1010 1732 1083 1751 com-

295 1772 397 1806 pellare
411 1778 473 1797 vere
495 1770 696 1797 miserabilibus
717 1775 744 1796 et
762 1770 930 1804 supplicibus
951 1770 1084 1796 sermoni-

295 1819 345 1845 bus
359 1817 431 1850 (nam
443 1815 684 1842 connnovebantur
695 1819 721 1842 et
737 1815 971 1841 conturbabantur
981 1815 1084 1842 viscera

293 1864 364 1897 ejus,
382 1862 480 1888 all‘ectu
508 1861 625 1888 naturali
649 1865 784 1888 commota
800 1864 818 1895 ),
834 1865 862 1887 et
888 1860 1021 1886 clamabat
1038 1869 1044 1886 :
1062 1860 1084 1888 0

297 1908 378 1937 Deus,
397 1907 442 1941 qui
462 1905 624 1933 sacrificium
657 1905 773 1931 Abraba:
794 1904 957 1938 suscepisti;
980 1904 1026 1937 qui
1051 1903 1084 1930 ad

294 1952 399 1987 Jephta:
417 1952 554 1978 victimam
569 1949 713 1984 respexisti
726 1958 734 1982 ;
747 1950 792 1983 qui
810 1949 881 1976 dona
898 1949 989 1975 Abelis
1005 1957 1084 1976 aver-

295 2003 369 2025 satus
387 2005 440 2025 non
458 1996 552 2029 fuisti;
567 1995 612 2030 qui
628 2004 675 2030 per
693 1995 848 2021 Samuelem
860 2002 974 2029 puerum
997 2000 1083 2026 tuum,

295 2043 401 2069 Annam
413 2041 609 2076 prophetissam
627 2048 686 2066 esse
698 2039 844 2066 ostendisti
858 2047 864 2071 ;
881 2044 910 2066 tu
934 2039 1017 2070 idem,
1035 2039 1085 2065 Do-

295 2089 379 2119 mine,
397 2087 433 2114 mi
453 2087 575 2118 Domine,
592 2090 703 2120 propter
726 2093 769 2111 me
794 2092 902 2111 servum
927 2088 1013 2116 tuum,
1027 2092 1086 2111 sus-

1122 227 1166 252 τὸν
1181 228 1386 260 ἀπερίσπαστον
1417 227 1590 260 πειρασμὸν,
1611 226 1659 251 καὶ
1684 225 1734 260 τὴν
1761 227 1911 260 ἀμέριμνον

1123 271 1270 305 μέριμνκν,
1286 271 1358 304 λέγω
1377 271 1409 305 δὴ
1429 272 1478 305 τῆς
1503 270 1676 296 ἀδιαλείπτου
1693 272 1859 306 προσευχῆς,
1875 272 1909 298 δι’

1121 313 1155 352 ἧς
1169 316 1215 341 καὶ
1230 315 1272 341 διὰ
1288 315 1433 350 συντομίας
1449 314 1605 349 προέκοψαν
1624 315 1648 341 οί
1668 315 1761 341 ἄοκνοι
1785 316 1910 349 ἐργάται,

1123 361 1193 387 ὥστε
1205 360 1263 397 [δι’]
1277 362 1304 387 ὲν
1321 361 1421 395 ὀλίγοις
1432 360 1536 396 χρόνοις
1554 361 1701 395 ἀξιωθῆναι
1715 361 1814 393 αὐτοὺς
1834 361 1911 389 θείων

1123 407 1254 441 ὀρὰσεων,
1271 406 1318 432 καὶ
1338 406 1529 441 πληροφοριῶν
1553 406 1600 431 καὶ
1624 405 1781 439 θαυμάτων.
1805 406 1912 440 Μικροῠ

1123 454 1177 489 γὰρ
1191 453 1288 488 χρόνον
1300 453 1497 487 παρελθόντος,
1522 452 1569 478 καὶ
1583 452 1744 486 ἀμφοτέρων
1762 451 1914 486 ἡσυχαζόν-

1124 508 1189 528 των,
1206 498 1244 529 ὡς
1265 497 1318 524 ἀπὸ
1339 497 1415 523 λίθου
1427 497 1506 531 βολῆς
1526 496 1661 531 ἀλλήλων.
1682 494 1774 522 Ἦσαν
1795 497 1849 530 γὰρ
1864 496 1913 522 καὶ

1123 545 1201 570 τοῦτο
1216 544 1320 573 ἑαυτοῖς
1334 541 1565 572 διατυπώσαντες,
1588 541 1660 568 τοῦτ’
1680 541 1738 567 ἐστι
1755 542 1786 568 τὸ
1807 542 1914 576 ἀναχωσ-

1126 591 1182 625 ρξῖν
1198 588 1258 615 κατ’
1273 588 1350 620 ίδίαν,
1364 588 1407 613 ὅτε
1424 587 1547 622 βούλεται
1562 587 1576 612 ὁ
1590 586 1683 618 καθεὶς
1696 587 1724 619 ἐξ
1739 586 1828 612 αὐτῶν
1844 587 1915 613 κατὰ

1127 638 1209 672 μόνας
1224 635 1367 669 εὔξασθαι.
1392 634 1487 660 Ἡνίκα
1501 634 1529 660 δὲ
1550 634 1664 660 ἔλθωσιν
1693 634 1769 668 αὐτῷ
1788 634 1915 668 λογισμοὶ

1125 682 1141 717 ἢ
1156 682 1266 716 ἀκηδία,
1280 680 1406 715 ἕρχεσϐαι
1418 680 1500 707 αὐτὸν
1513 680 1581 714 πρὸς
1594 679 1640 705 τὸν
1651 679 1744 714 ἕτερον
1760 679 1806 706 καὶ
1817 679 1915 711 κοινῶς

1125 727 1170 753 τὸν
1192 727 1258 753 θεὸν
1286 726 1458 760 παρακαλεῖν
1477 724 1524 751 τοῦ
1540 724 1732 758 ἀπαλλαγῆναι
1746 724 1793 749 τοῦ
1816 732 1914 758 πειρα-

1126 771 1207 806 σμοῦ.
1227 771 1272 797 Ἐν
1289 771 1338 806 μιᾷ
1349 768 1395 796 οὖν
1410 770 1464 796 τῶν
1480 769 1592 805 ἡμερῶν
1604 769 1759 803 καθήμενος
1773 769 1787 794 ὁ
1801 766 1915 802 Συμεὼν

1127 819 1154 844 ὲν
1169 817 1207 851 τῷ
1219 815 1364 850 εἰθισμένῳ
1380 815 1455 849 αὺτῷ
1467 815 1551 849 τόπῳ,
1563 814 1661 848 θεωρεῖ
1672 814 1766 840 ἑαυτὸν
1777 814 1806 840 ἐν
1817 813 1915 840 ἐκστά-

1126 871 1177 893 σει,
1185 860 1278 895 ὥσπερ
1285 861 1412 896 παρεῖναι
1420 859 1486 893 προς
1495 858 1542 893 τὴν
1552 858 1648 884 ἑαυτοῦ
1667 858 1771 892 μητέρα
1786 856 1916 883 ἀσθενοῦ-

1125 916 1173 934 σαν
1184 906 1313 941 ὲνἘδέσῃ
1323 905 1438 940 (ἐκεῖθεν
1448 905 1502 939 γὰρ
1514 902 1570 938 ἦν),
1582 903 1630 929 καὶ
1639 903 1713 937 λέγει
1724 903 1791 937 αὐτῇ
1800 903 1833 936 τῇ
1840 901 1917 936 Σύρᾳ

1125 953 1215 986 φωνῇ·
1236 950 1297 981 Πῶς
1311 949 1394 984 ἔχεις,
1413 949 1516 983 μῆτερ;
1534 948 1589 982 Τῆς
1603 946 1632 972 δὲ
1646 946 1786 980 εἰπούσης,
1807 945 1917 978 Καλῶς,

1125 997 1230 1029 τέκνον,
1247 994 1321 1028 λέγει
1333 993 1402 1028 αὑτῇ
1422 992 1516 1019 πάλιψ
1528 991 1638 1025 Ὕπαγε
1653 991 1720 1026 πρὸς
1730 992 1776 1016 τὸν
1794 990 1917 1026 βασιλέα,

1129 1043 1166 1078 μὴ
1191 1040 1323 1074 φοῦηθῇς,
1341 1038 1382 1064 ὅτι
1395 1036 1571 1072 παρεκάλεσα
1589 1035 1682 1067 αὐτὸν,
1710 1035 1758 1061 καὶ
1770 1035 1918 1069 ἡτοίμασεν

1129 1097 1169 1114 σοι
1187 1085 1270 1112 καλὸν
1285 1084 1379 1116 τόπον,
1389 1083 1436 1108 καὶ
1452 1082 1496 1108 ὅτε
1509 1080 1644 1115 βούλεται,
1663 1079 1757 1113 φθάνω
1771 1087 1801 1105 σε
1815 1080 1883 1106 ἐκεῖ.

1167 1134 1216 1160 κδ’.
1233 1132 1278 1163 Et;
1292 1130 1388 1157 ἑαυτὸν
1404 1129 1432 1155 δὲ
1447 1127 1544 1160 ἐλθὼν,
1561 1127 1631 1161 ἔγνω
1647 1128 1680 1161 τῇ
1705 1127 1773 1161 αὐτῇ
1795 1126 1854 1162 ὥρᾳ
1875 1135 1919 1153 τε-

1127 1179 1255 1212 λευτῆσαι
1267 1176 1316 1210 τὴν
1330 1175 1436 1210 μητέρα
1448 1173 1541 1205 αὐτοῦ,
1558 1174 1604 1199 καὶ
1620 1172 1740 1207 δρομέως
1751 1172 1836 1198 ἐλθὼν
1850 1172 1918 1206 πρὸς

1125 1225 1171 1250 τὸν
1186 1221 1300 1255 ἀδελφὸν
1315 1221 1454 1254 Ἰωάννην,
1469 1219 1544 1252 λέγει
1561 1218 1634 1252 αὑτῷ
1647 1225 1653 1232 ·
1678 1218 1794 1244 Ἀνάστα
1806 1237 1813 1248 ,
1842 1217 1917 1253 κῦρι,

1127 1269 1276 1304 ποιήσομεν
1290 1267 1383 1301 εὐχήν.
1400 1265 1452 1291 Τοῦ
1476 1265 1504 1290 δὲ
1524 1263 1707 1299 ταραχθέντος
1740 1263 1837 1297 (ἐδόκει
1863 1263 1919 1298 γὰρ

1128 1313 1280 1349 πειρασμόν
1300 1320 1360 1337 τινα
1374 1311 1511 1345 συμϐῆναι
1535 1309 1575 1344 τῷ
1588 1308 1724 1342 Συμεὼν),
1747 1308 1822 1341 λέγει
1844 1308 1920 1342 αὐτῷ

1129 1358 1255 1393 Συμεών·
1270 1357 1361 1392 Μηδὲν
1375 1355 1526 1391 ταραχοῇς,
1542 1355 1651 1388 ἀδελφέ’
1674 1354 1734 1380 οὐδὲ
1750 1354 1805 1388 γὰρ
1825 1353 1880 1388 ἔχω
1893 1352 1922 1380 τι

1133 1413 1198 1431 ποτε
1216 1403 1301 1430 κακὸν
1321 1402 1366 1428 διὰ
1388 1402 1434 1428 τοῦ
1454 1401 1533 1427 Θεοῦ.
1550 1400 1635 1426 Πάλιν
1659 1397 1705 1425 οὖν
1724 1399 1799 1432 λέγει
1813 1397 1888 1433 αὺτῷ
1908 1400 1923 1425 ὁ

1140 1448 1266 1482 Ἰωάννης
1278 1455 1284 1462 ·
1304 1447 1357 1472 Καὶ
1369 1445 1410 1475 τις
1424 1446 1441 1479 ἡ
1453 1444 1527 1470 αἰτία
1544 1443 1591 1469 τοῦ
1602 1442 1730 1468 τοσούτου
1746 1449 1793 1467 σου
1809 1441 1922 1475 δρόμου,

1134 1494 1224 1529 Πάτερ
1238 1491 1367 1527 Συμεών;
1383 1491 1456 1516 Πάνυ
1469 1490 1523 1524 γὰρ
1537 1489 1619 1522 ὲτίμα
1633 1488 1679 1514 καὶ
1701 1487 1811 1513 ἐδέδετο
1830 1486 1923 1518 αὑτὸν,

1133 1541 1226 1574 ὥσπερ
1235 1540 1371 1568 κάκεῖνος.
1382 1536 1449 1562 Τότε
1459 1534 1662 1569 περιχυθέντων
1671 1532 1752 1559 αὑτοῦ
1763 1531 1816 1557 τῶν
1823 1531 1924 1565 ὀφθαλ-

1135 1585 1192 1620 μῶν
1204 1584 1258 1611 ἀπὸ
1272 1583 1326 1609 τῶν
1341 1581 1478 1616 δακρύων,
1494 1580 1540 1606 καὶ
1563 1578 1726 1613 ἀρξαμένων
1741 1577 1925 1612 κατέρχεσθαι

1134 1630 1227 1665 ὥσπερ
1242 1627 1419 1663 μαργαριτῶν
1436 1627 1481 1651 ἐπὶ
1496 1625 1527 1651 τὸ
1542 1624 1640 1657 στῆθος
1653 1622 1747 1655 αὑτοῦ,
1757 1623 1831 1654 λέγει
1843 1622 1926 1653 αὐτὸς

1133 1674 1172 1708 τῷ
1186 1675 1309 1707 Ὶωάννῃ’
1326 1673 1406 1705 ’Ἄρτι
1426 1670 1475 1701 τὴν
1494 1669 1579 1703 καλήν
1596 1677 1645 1702 μου
1665 1666 1772 1702 μητέρα
1785 1666 1833 1692 καὶ
1847 1666 1926 1692 εὐλο-

1134 1720 1258 1753 γημένην
1271 1720 1285 1743 ὁ
1300 1718 1401 1751 Κύριος
1423 1714 1674 1750 προσλαμϐάνεται.
1693 1713 1748 1738 Καὶ
1772 1712 1927 1745 ἐξηγήσατο

1134 1764 1210 1798 αὐτῷ
1221 1764 1269 1798 τὴν
1281 1761 1425 1792 ὀπτασίαν,
1439 1760 1487 1786 καὶ
1500 1759 1650 1784 κλινάντων
1662 1758 1751 1783 αὐτῶν
1766 1757 1801 1782 τὰ
1815 1756 1926 1790 γόνατα,

1135 1810 1259 1845 ηὒχοντο.
1278 1809 1331 1834 Καὶ
1347 1805 1380 1841 ἦν
1393 1805 1508 1832 ἀκοῦσαι
1525 1804 1572 1830 τοῦ
1591 1803 1704 1838 Συμεὼν
1717 1802 1842 1835 λέγοντος
1856 1802 1928 1836 πρὶς

1135 1855 1180 1881 τὸν
1206 1854 1272 1880 Θεὸν
1291 1853 1423 1882 ἐλεεινοὺς
1449 1851 1532 1881 ὅντως
1556 1850 1604 1875 καὶ
1627 1848 1850 1883 παρακλητικοὺς
1883 1847 1927 1872 λό-

1135 1907 1211 1934 γους
1223 1899 1436 1932 συνεστρέφοντο
1446 1897 1500 1930 γὰρ
1509 1895 1557 1921 καὶ
1565 1894 1771 1929 διεταράσσοντο
1779 1893 1813 1918 τὰ
1823 1891 1929 1924 σπλάγ-

1137 1954 1187 1983 χνα
1201 1943 1283 1971 αὑτοῦ
1303 1943 1356 1969 ὑπὸ
1370 1943 1419 1977 τῆς
1433 1942 1540 1976 φύσεως
1558 1940 1716 1973 κινούμενα,
1731 1939 1778 1964 καὶ
1795 1937 1877 1963 ὲῆόι-
1900 1937 1928 1962 ὐ

1136 1995 1212 2025 Θεὸς,
1226 1994 1239 2018 ὁ
1251 1992 1300 2026 τὴν
1310 1992 1406 2017 θυσίαν
1421 1990 1467 2016 τοῦ
1477 1989 1602 2023 Ἀϐραὰμ
1616 1987 1773 2021 δεξὰμενος,
1787 1987 1800 2011 ὁ
1812 1986 1862 2020 τὴν
1876 1986 1929 2010 ὁλο-

1136 2039 1272 2066 καύτωσιν
1288 2036 1392 2070 Ἰεφθάε
1420 2035 1582 2067 ἐπιϐλέψας,
1599 2035 1613 2059 ὁ
1629 2034 1663 2059 τὰ
1682 2033 1757 2067 δῶρα
1778 2031 1825 2057 τοῦ
1844 2031 1928 2056 Ἅϐελ

1139 2083 1176 2118 μὴ
1190 2081 1386 2117 βδελυξάμενος
1398 2100 1404 2111 ,
1423 2081 1436 2105 ὁ
1454 2079 1497 2105 διὰ
1523 2080 1568 2104 τὶν
1581 2076 1708 2112 Σαμουὴλ
1722 2078 1766 2102 τὸν
1784 2075 1866 2102 παῖδά
1883 2083 1928 2101 σου

295 2134 356 2168 cipe
371 2133 495 2166 spiritum
508 2132 586 2158 bona:
594 2131 690 2157 matris
704 2137 782 2156 mere.
799 2129 946 2161 Memento,
960 2128 1080 2160 Domine,

1136 2128 1185 2162 τὴν
1199 2128 1299 2153 ’Δνναν
1315 2124 1467 2161 προφήτιδα
1486 2122 1638 2154 ἀναδείξας,
1655 2121 1746 2152 αὐτὸς,
1764 2120 1849 2154 Κύριέ
1865 2127 1928 2153 μου.

296 2179 419 2204 laborum
433 2185 463 2204 ac
480 2176 667 2203 molestiarum
690 2175 760 2209 ejus,
774 2183 834 2210 qua:
847 2183 907 2201 mea
919 2182 1000 2201 causa
1025 2182 1086 2208 per—

296 2224 368 2251 tulit.
390 2223 536 2254 Memento,
556 2222 680 2252 Domine,
707 2222 889 2255 laerymarum
910 2220 980 2253 ejus.
996 2225 1024 2246 et
1041 2228 1086 2254 ge-

297 2270 424 2301 mituum,
439 2276 500 2303 qum
513 2268 612 2300 emisit,
626 2267 735 2301 quando
755 2267 848 2293 relicta
865 2266 908 2292 illa
929 2266 1038 2300 ennl'ugi
1054 2266 1087 2292 ad

297 2320 334 2343 te.
347 2315 491 2347 Memento,
515 2314 640 2344 Domine,
658 2313 784 2342 uberum,
799 2311 901 2346 quibus
916 2319 959 2338 me
977 2303 1089 2338 lactat-it

297 2360 388 2393 vilem,
406 2364 436 2387 ut
455 2359 586 2393 gauderet
603 2358 747 2392 iuventute
772 2364 849 2386 mea,
876 2360 904 2382 et
924 2355 1015 2390 gavisa
1031 2363 1085 2382 non

297 2405 358 2432 fuit.
376 2405 414 2432 Ne
429 2404 601 2435 obliviscere,
618 2403 691 2437 quod
706 2410 741 2428 ne
755 2401 796 2428 vel
810 2402 842 2428 ad
856 2401 950 2428 horam
967 2400 1086 2434 separari

298 2459 313 2477 a
323 2458 366 2477 me
382 2450 510 2485 potuerit,
525 2453 552 2476 et
566 2452 690 2483 separata
703 2447 785 2474 fuerit
797 2454 811 2472 a
822 2454 864 2472 me
882 2450 938 2472 toto
955 2449 1085 2479 tempore.

300 2497 461 2527 Recordare,
479 2495 604 2527 Domine,
619 2494 665 2529 qui
689 2493 781 2521 omnia
801 2492 866 2523 scis,
882 2491 965 2526 quod,
979 2490 1089 2524 quando

300 2543 327 2568 in
350 2549 392 2568 mc
413 2543 549 2568 oblectare
565 2549 594 2568 se
622 2541 739 2570 volebat,
759 2544 823 2565 tunc
837 2545 880 2564 me
902 2537 927 2563 ei
945 2537 1087 2563 subtraxe-

300 2587 351 2613 riin
369 2585 423 2620 (27)
437 2591 548 2620 propter
563 2593 663 2612 nomen
679 2589 765 2611 tuum.
779 2583 818 2609 Ne
831 2582 1003 2611 obliviscere,
1014 2582 1087 2615 justc

302 2633 383 2662 Deus,
399 2631 602 2658 dilacerationis
617 2631 752 2657 viscerum
772 2629 841 2662 ejus,
856 2635 937 2662 quam
957 2626 1089 2653 sustinut

301 2679 348 2705 illo
365 2677 419 2709 die,
436 2684 490 2711 quo
504 2676 537 2703 ad
551 2681 578 2702 te
595 2676 716 2709 confugi.

1137 2174 1235 2208 Κύριε,
1253 2171 1288 2198 δι’
1306 2171 1356 2205 ἐμὲ
1376 2171 1422 2196 τὸν
1443 2169 1535 2195 δοῦλόν
1551 2176 1597 2193 σου
1612 2165 1757 2201 πρόσδεξαι
1772 2165 1821 2200 τὴν
1839 2164 1930 2198 ψυχὴν

1135 2220 1185 2253 τῆς
1199 2217 1283 2252 καλῆς
1302 2225 1352 2251 μου
1363 2215 1476 2250 μητρός.
1495 2212 1650 2247 Μνήσθητι,
1665 2211 1759 2246 Κύριε,
1777 2210 1869 2236 κόπων
1883 2210 1915 2236 αὖ

1135 2264 1185 2297 τῆς
1199 2263 1246 2289 καὶ
1259 2262 1314 2288 τῶν
1327 2261 1444 2295 μόχθων,
1454 2257 1490 2285 ὧν
1505 2259 1544 2289 εἰς
1558 2257 1608 2292 ἐμὲ
1620 2256 1773 2282 ἐκοπίασεν·
1784 2254 1926 2288 μνήσυητι,

1136 2309 1234 2342 Κύριε,
1249 2306 1305 2332 τῶν
1322 2304 1458 2339 δακρύων,
1477 2303 1562 2336 αὐτῆς
1575 2301 1621 2327 καὶ
1636 2300 1689 2326 τῶν
1704 2299 1875 2333 στεναγμῶν,
1894 2296 1929 2324 ὼν

1136 2352 1252 2386 ἐξέχεεν,
1260 2352 1305 2377 ὅτε
1316 2351 1382 2385 πρὸς
1392 2349 1421 2375 σὲ
1431 2350 1460 2380 ἐξ
1467 2347 1551 2380 αὐτῆς
1560 2343 1825 2379 ἔφυγον.Μνήοοητι,
1834 2343 1928 2377 Κύριε.

1121 2408 1125 2412 ι
1135 2398 1190 2423 τῶν
1202 2397 1305 2432 μαζῶν,
1313 2393 1350 2421 ὧν
1365 2394 1497 2429 ὲθήλασεν
1508 2394 1557 2428 ἐμὲ
1565 2393 1609 2419 τὸν
1619 2392 1755 2423 ταπεινὸν,
1766 2389 1928 2417 ἵναὰπολαύ·

1138 2453 1171 2479 σῃ
1178 2444 1227 2478 τῆς
1238 2443 1308 2477 ἐμῆς
1315 2442 1450 2475 νεότητος,
1460 2440 1506 2466 καὶ
1513 2440 1563 2465 οὐκ
1573 2439 1738 2465 ἀπέλαυσεν,
1748 2437 1794 2472 Μὴ
1803 2436 1927 2469 ἐπιλάθῃ,

1139 2491 1272 2520 Δέσποτα,
1283 2490 1324 2514 ὅτι
1335 2487 1395 2513 οὐδὲ
1407 2486 1473 2520 πρὸς
1484 2485 1558 2518 ὥραν
1569 2484 1736 2519 χωρισθῆναι
1749 2491 1800 2518 μου
1809 2481 1928 2510 ἐδύνατο,

1141 2535 1188 2560 καὶ
1200 2533 1337 2568 ἐχωρίσθη
1349 2541 1399 2567 μου
1414 2532 1473 2557 ὅλον
1486 2531 1531 2556 τὸν
1544 2529 1649 2564 χρόνον.
1666 2528 1870 2563 Μνημόνευσον,
1883 2526 1928 2551 Δέ-

1142 2589 1238 2611 σποτα,
1248 2581 1261 2605 ὁ
1271 2580 1358 2606 πάντα
1367 2578 1556 2611 ἐπιστάμενος,
1565 2577 1616 2606 ὅτι,
1629 2576 1673 2602 ὅτε
1682 2574 1807 2601 ἐϐούλετο
1815 2573 1928 2608 χαρῆναι

1141 2627 1180 2656 εἰς
1188 2625 1310 2659 ἐμὲ,τότε
1319 2624 1388 2658 αὐτῇ
1395 2622 1490 2648 ἑαυτὸν
1498 2621 1541 2647 διὰ
1548 2620 1577 2646 τὸ
1586 2619 1671 2654 ονομά
1678 2627 1725 2645 σου
1734 2619 1876 2652 ὲστέρησα.
1885 2616 1928 2649 Μὴ

1143 2669 1271 2704 ἐπιλάϐῃ,
1285 2669 1382 2699 δίκαιε,
1399 2667 1453 2693 τῶν
1470 2664 1687 2699 διασπαραγμῶν
1700 2664 1755 2690 τῶν
1769 2662 1928 2696 σπλάγχνων

1142 2716 1238 2750 αὐτῆς,
1252 2712 1289 2742 ὧν
1305 2714 1366 2749 ἔσχε
1382 2714 1414 2748 τῇ
1431 2713 1532 2748 ἡμέρᾳ,
1546 2712 1589 2737 ὅτε
1607 2710 1674 2746 πρὸς
1688 2709 1717 2735 σὲ
1730 2709 1890 2742 κατέφυγον.

1065 2762 1181 2791 ΝΟΤΑΞ.

338 2816 395 2849 (27)
414 2812 497 2841 Juxta
521 2821 678 2841 communes
706 2813 795 2847 proba:
817 2817 958 2847 synaxeos
977 2811 1061 2846 leges,
1079 2825 1080 2829 η

1130 2809 1223 2835 andum
1241 2811 1298 2834 erat
1313 2815 1320 2833 :
1337 2806 1397 2832 τότε
1422 2803 1507 2839 αὐτὴν
1535 2801 1653 2837 ἐμαυτοῦ
1670 2802 1710 2828 διὰ
1731 2802 1760 2828 τὸ
1779 2799 1862 2835 διιομά
1880 2806 1926 2825 σου
