2074 3144
206 160 269 193 ῙῖῦΙ

851 159 938 189 VITA
953 158 982 187 S.
1002 158 1204 190 SYMEONIS.

1763 157 1832 189 1702

238 219 285 242 κε’.
302 214 458 246 Γινιῖισκεις,
487 214 590 250 Κύριε,
614 216 700 249 πόσην
723 214 841 240 ἀύπνίαν
856 214 989 247 ἐκτήσατο

1076 207 1227 244 ‘25.'Nosti,
1257 213 1381 247 Domine,
1407 218 1540 249 quantum
1563 213 1683 248 vigilarit
1705 215 1832 240 noctibus

201 262 271 289 κατὰ
287 262 377 287 πᾶσαν
395 259 479 286 νύκτα
497 260 706 295 μνημονεύουσα
719 259 846 294 τῆςὲμῆς
855 259 990 293 νεότητος,

201 308 275 339 ἐξότε
310 306 394 341 αὐτὴν
420 305 610 338 ἐγκατέλιπον.
634 305 670 331 Σὺ
687 304 772 336 οἶδας,
794 304 929 337 Δέσποτα,
943 303 992 329 πό-

202 361 250 384 σας
269 353 370 382 νύκτας
393 351 523 386 ἐποίησεν
546 351 658 382 ἄϋπνος,
692 349 813 386 ζητοῦσα
830 350 860 376 τὸ
880 357 991 383 συγκοι-

203 399 328 434 μώμενον
340 399 408 433 αὐτῇ
425 397 570 433 πρόϐατον.
592 397 638 432 Μὴ
659 397 787 432 ἐπιλάϐῃ,
801 395 988 431 φιλάνθρωπε,

203 443 256 476 oio;
269 445 348 475 πόνος
365 444 447 478 αὐτῆς
471 444 593 478 περιεῖχε
614 444 664 477 τὴν
685 443 809 477 καρδίαν,
830 442 874 468 ὅτε
889 441 924 467 τὰ
937 441 991 476 ἐμὰ

203 492 299 526 ιμάτια
316 489 453 524 θεωροῦσα
469 490 612 524 ἐστήσατο,
630 488 673 515 διὰ
700 488 731 515 τὺ
750 488 849 523 μηκέτι
863 486 931 514 εἶναι
945 486 991 512 τὸν

204 536 375 572 μαργαρίτην
402 535 486 570 αὐτῆς
502 536 547 561 τὸν
570 534 656 561 ταῦτα
672 534 858 569 ἐνδυνόμενον.
875 534 991 569 Μνημό-

201 591 307 614 νευσον,
324 581 456 613 Δέσποτα,
474 581 514 608 ὅτι
535 581 584 615 τὴν
597 580 627 612 ἐξ
651 580 718 615 ἐμοῦ
743 580 928 616 παραμυθίαν,
945 580 992 607 καὶ

201 627 354 663 χαρὰν,καὶ
370 626 529 660 animum
543 626 678 662 ἐστέρησα
690 626 774 662 αὐτὴν
794 626 860 661 (28),
889 625 933 652 ἴνα
949 634 991 652 σοι

201 672 240 707 τῷ
251 672 311 707 ἐμῷ
322 671 369 698 καὶ
378 671 462 706 αὐτῆς
477 670 536 706 Θεῷ
543 672 589 698 καὶ
597 672 719 707 Δεσπότῃ
733 671 787 698 τῶν
795 672 921 698 ἁπάντων
932 671 992 697 δου-

201 718 300 744 λεύσω.
317 717 366 749 Δδς
393 718 460 752 αὐτῇ
485 717 616 751 ἀγγέλους
638 717 821 749 διασῴζοντας
841 717 926 752 αὑτῆς
941 717 991 751 τὴν

200 763 289 798 ψυχὴν
306 765 337 788 ἐκ
360 762 414 789 τῶν
444 763 607 797 πνευμάτων
636 764 684 790 καὶ
708 762 811 798 θηρίων
836 763 884 789 τοῦ
911 763 991 798 ἀέρος

201 810 296 835 τούτου
313 808 368 835 τῶν
385 809 511 843 πονηρῶν
525 809 574 835 καὶ
594 809 796 844 ἀνελεημόνων,
819 810 873 835 τῶν
884 809 991 844 ἐπιχει-

1042 257 1166 292 singulis,
1184 259 1212 284 in
1225 259 1386 285 memoriam
1403 259 1718 293 revocansjuventutem
1732 267 1831 290 meam.

1041 311 1074 330 ex
1090 311 1144 338 quo
1161 304 1246 339 ipsam
1261 304 1404 339 dereliqui.
1415 304 1500 335 Nosti.
1517 305 1640 336 Domine,
1655 309 1721 340 quot
1737 311 1832 332 noctes

1042 348 1149 376 duxerit
1164 350 1312 382 insomnes.
1328 358 1454 385 quaerens
1473 358 1563 382 ovem,
1580 359 1640 385 qua:
1657 359 1749 378 secum
1767 352 1832 378 dor-

1041 394 1155 421 miebat.
1182 395 1222 422 Ne
1249 395 1420 429 obliviscere,
1448 397 1565 432 benigne
1599 396 1680 429 Deus,
1713 402 1832 432 quantus

1041 439 1118 467 dolor
1131 447 1180 467 cor
1201 440 1260 475 ejus
1288 443 1443 477 pupugerit,
1456 443 1564 477 quando
1578 443 1605 470 in
1620 443 1737 470 vestium
1760 451 1833 470 mea-

1042 493 1101 512 rum
1132 486 1362 521 contemplatione
1386 488 1474 514 deﬁxa
1499 488 1588 522 haesit,
1615 489 1678 522 quia
1706 488 1831 523 nuspiam

1041 539 1101 561 erat
1111 534 1255 569 margarita
1268 534 1338 568 ejus,
1354 535 1430 562 biscc
1443 535 1518 562 indui
1531 539 1671 562 consueta.
1684 524 1831 567 Memento,

1043 579 1166 611 Domine,
1191 579 1264 614 quod
1285 580 1370 615 ipsam
1393 580 1503 614 solatio,
1529 582 1639 616 gaudio,
1659 587 1686 609 et
1710 582 1833 609 exsulta-

1041 624 1124 656 tione,
1141 632 1201 660 quae
1229 632 1262 652 ex
1290 633 1334 652 me
1357 627 1494 660 sperabat,
1517 627 1691 661 privaverim,
1715 632 1745 654 ut
1771 627 1831 659 tibi,

1042 675 1069 697 et
1087 677 1158 702 meo,
1177 675 1205 698 et
1219 670 1305 705 ipsius
1321 671 1375 698 Deo
1389 680 1422 699 ac
1434 672 1550 699 Domino
1565 673 1754 701 universorum
1768 681 1829 700 ser-

1042 715 1137 743 virem.
1151 715 1187 742 Da
1204 716 1229 743 ei
1240 717 1362 752 angelos,
1377 718 1422 752 qui
1445 718 1564 746 animam
1591 719 1676 753 ipsius
1689 724 1800 746 servent
1818 728 1833 746 a

1042 762 1182 796 spiritibus
1206 768 1235 790 et
1261 763 1327 790 feris
1350 764 1477 799 malignis
1495 766 1576 793 aeria;
1602 766 1684 800 hujus
1703 767 1832 801 regionis,

1041 817 1101 844 qu.c
1117 809 1176 836 sine
1188 810 1377 838 misericordia
1391 816 1528 839 conantur
1544 813 1676 841 devorare
1689 817 1840 841 transeam

204 854 321 889 ρούντων
336 854 480 880 καταπιεῖν
494 854 599 885 πάντας
619 855 682 886 τοὺς
695 855 730 881 δι’
746 853 837 880 αὐτῶν
851 862 991 889 παρερχο-

1044 857 1095 880 tes.
1115 853 1237 886 Domine,
1253 854 1379 888 Domine,
1396 856 1490 883 emitte
1513 857 1642 884 custodes
1665 857 1761 889 fortes,
1787 859 1834 892 qui

204 899 308 934 μένους.
320 899 528 932 Ἐξαπῦστειλον
540 899 619 936 αὐτῇ,
632 899 730 935 Κύριε,
752 899 854 934 Κύριε,
870 899 993 934 φύλακας

205 945 523 980 ἰτχυροὺςὲπιτιμῶντας
539 946 618 981 πάσῃ
627 945 775 981 ἀκαθάρτῳ
788 945 912 981 δυνάμει.
927 946 994 972 Συν-

203 992 307 1026 αντήσῃ
326 991 393 1027 αὐτῇ
406 991 453 1018 καὶ
469 991 579 1023 ἀλύπως
595 992 642 1018 καὶ
661 992 861 1024 ἀὸασανιστως.
887 991 916 1018 '0
928 992 994 1022 Θεός

206 1035 402 1069 μου,κέλευσον
412 1035 625 1071 διαχωρισθῆναι
638 1036 723 1072 αὐτῆς
737 1036 787 1072 τὴν
801 1036 890 1072 ψυχὴν
901 1038 933 1063 ἐκ
946 1037 992 1063 τοῦ

205 1082 338 1116 σώματος,
355 1082 400 1109 καὶ
411 1083 438 1108 εἴ
455 1091 480 1109 τι
492 1082 529 1114 ὡς
542 1082 611 1118 γυνὴ
623 1084 652 1109 ὲν
662 1082 771 1119 Egon-ll
785 1084 856 1118 λόγῳ
868 1084 994 1119 ἥμαρτεν

203 1127 231 1152 ἐν
245 1126 312 1161 τῷδε
331 1127 369 1161 τῷ
386 1127 446 1162 βίῳ,
463 1127 640 1164 συγχώρησον
664 1130 696 1164 τῇ
718 1129 791 1164 ψυχῇ
814 1129 910 1164 αὐτῆς,
922 1128 993 1164 ὑπὲρ

202 1171 252 1206 τῆς
279 1172 384 1204 θυσίας,
409 1169 443 1208 ἦς
473 1173 628 1207 ἐγέννησεν,
647 1174 694 1200 καὶ
722 1175 910 1209 προσήνεγκέν
935 1183 993 1206 σοι,

204 1219 335 1250 Δέσποτα,
347 1219 397 1254 ἐμὲ
410 1219 455 1246 τὸν
482 1219 591 1252 ἀνάξιον
611 1220 705 1246 δοῦλόν
725 1229 784 1254 σου⁷
807 1222 862 1253 ναὶ,
880 1221 967 1256 Κύριε
981 1222 994 1247 6

203 1263 269 1294 Θεός
285 1273 347 1299 μου,
372 1265 386 1290 ὁ
412 1265 515 1296 δίκαιος
538 1265 634 1300 κριτὴς
657 1267 704 1292 καὶ
731 1266 932 1303 φιλάνθρωπος.
949 1267 994 1302 Μὴ

204 1310 362 1346 εἰσενέγκῃς
384 1310 470 1346 αὐτὴν
493 1310 547 1337 ἀπὸ
577 1310 694 1346 θλίψεως
709 1312 749 1344 εἰς
762 1312 862 1347 θλίψιν,
878 1314 924 1339 καὶ
941 1313 995 1339 ἀπὸ

204 1355 299 1391 ὀδύνης
314 1357 354 1387 εἰς
369 1356 476 1392 ὀδύνην,
493 1356 548 1383 ἀπὸ
566 1357 730 1392 στεναγμῶν
758 1359 994 1393 εὶςκστεναγμοὺς.

204 1401 261 1428 ἀλλ’
276 1402 336 1428 ἀντὶ
350 1402 449 1436 λύπης,
477 1400 510 1438 ἧς
529 1401 652 1438 ἐλυπήθη
667 1403 710 1430 διὰ
731 1403 776 1431 τὸν
796 1405 928 1439 μονογενῆ
945 1405 995 1431 αὐ-

204 1448 264 1482 τῆς,
293 1449 333 1479 εἰς
359 1449 458 1483 χαρὰν,
487 1449 547 1475 ἀντὶ
571 1449 696 1484 δακρύων
712 1450 752 1480 εὶς
773 1450 935 1484 ἀγαλλίασιν
945 1450 995 1484 τὴν

205 1493 410 1528 ἡτοιμασμένην
426 1493 481 1524 τοῖς
494 1492 582 1527 ἁγίοις
607 1501 664 1526 σου,
681 1493 695 1519 6
718 1493 795 1526 Θεὸς,
811 1495 826 1520 6
849 1495 914 1526 656;
931 1503 992 1529 μου,

205 1539 245 1569 εις
254 1538 316 1568 τοὺς
333 1537 444 1570 αἰῶνας.
463 1537 559 1574 Ἀμήν.

240 1586 297 1614 κς’.
312 1582 373 1609 Τῶν
388 1581 477 1609 αὐτῶν
491 1584 523 1609 ὲκ
533 1583 582 1617 τῆς
598 1583 680 1618 εὐχῆς
695 1583 764 1618 (29),
775 1583 878 1619 ἤρξατο
891 1585 904 1611 6
917 1585 994 1612 ἀδελ-

205 1629 254 1662 φὸς
275 1628 401 1663 Ἰωάννης
413 1629 634 1664 παραμυθεῖσθαι
647 1630 728 1656 αὐτὸν
739 1630 785 1656 καὶ
796 1630 885 1664 λέγειν
896 1640 902 1647 ·
917 1631 994 1662 Ἰδοὺ,

205 1674 302 1709 ἀδελφὲ
316 1675 440 1710 Συμεὼν.
456 1675 681 1712 ὲπληροφόρησέν
698 1685 727 1703 σε
748 1678 762 1704 6
778 1677 856 1709 Θεὸς,
875 1679 922 1705 καὶ
936 1679 994 1705 εὶσ-

206 1719 323 1754 ήκουσεν
342 1719 392 1753 τῆς
409 1720 492 1754 εὐχῆς
518 1728 577 1751 σου,
600 1721 646 1747 καὶ
673 1721 858 1756 προσελάϐετο
878 1722 927 1758 τὴν
945 1724 994 1758 σὴν

206 1765 322 1798 μητέρα.
345 1764 415 1790 Ἀλλ’
429 1765 491 1798 ἄρτι
504 1765 688 1798 συγκοπίασόν
708 1775 764 1802 μοι,
790 1768 836 1793 καὶ
852 1768 995 1803 εύξιῦμεθα

204 1809 248 1835 διὰ
258 1809 303 1835 τὸν
318 1809 419 1844 Κύριον
431 1810 456 1836 οἱ
471 1810 631 1846 ἀμφότεροι,
657 1811 701 1838 ἵνα
728 1813 831 1848 ποιήσῃ
851 1814 864 1839 6
888 1813 953 1845 Θεὸς
964 1815 994 1840 τὸ

204 1855 380 1888 ἔλεξςαὺτοῦ,
409 1856 456 1882 καὶ
479 1857 548 1890 μετὰ
569 1856 620 1891 τῆς
642 1857 712 1884 κατὰ
729 1858 904 1893 συγχώρησιν
926 1859 994 1885 Θεοῦ

204 1901 403 1935 ὀνομασθείσης
430 1901 561 1934 γυναικός
588 1910 650 1936 μου,
668 1901 710 1928 ἵνα
726 1903 774 1929 καὶ
794 1903 879 1938 αὐτὴν
899 1904 969 1938 φέρῃ
981 1905 995 1930 6

205 1946 270 1976 Θεὸς
286 1946 324 1976 εἰς
337 1945 466 1979 λογισμδν
478 1945 523 1971 τοῦ
546 1946 694 1980 μοναχικοῦ
704 1947 854 1981 σχήματος,
866 1947 882 1982 ἢ
893 1950 995 1984 ποιήσῃ

204 1991 235 2017 το
262 1991 336 2022 ἕλεος
358 1991 452 2023 αὑτοῦ,
472 1992 519 2017 καὶ
541 1991 610 2026 λάὸῃ
628 1992 725 2027 αὐτήν.
755 1993 810 2019 Καὶ
829 1993 866 2024 ὼς
878 1993 995 2028 ηὕξαντο

205 2036 252 2062 ἐπὶ
271 2036 361 2070 ὀλίγον
390 2037 496 2071 χρόνον,
527 2037 557 2062 ἐν
587 2037 636 2071 μιᾷ
657 2037 736 2063 νυκτὶ
751 2037 849 2072 θεωρεῖ
866 2039 881 2065 6
907 2039 994 2071 ἀϐὅᾶς

212 2082 337 2117 Ἰωάννης
366 2081 415 2115 τὴν
446 2081 553 2116 μητέρι
573 2080 620 2107 τοῦ
644 2080 756 2115 Συμεὼν
777 2082 916 2114 ἐλθοῦσαν,
947 2085 994 2110 καὶ

205 2129 385 2164 κρατήσασαν
404 2127 453 2162 τῆς
485 2127 576 2162 χειρὸς
608 2127 658 2161 τῆς
679 2128 809 2162 γυναικὸς
828 2129 923 2162 αὐτοῦ,
946 2130 993 2158 καὶ

205 2175 335 2207 λέγουσαν
350 2174 430 2209 αὐτῇ·
440 2174 566 2206 Ἀνάστα,
579 2173 693 2208 ἀδελφὴ,
706 2174 766 2200 ἐλθὲ
781 2174 864 2209 ἐγγύς
882 2184 943 2209 μου,
952 2177 992 2202 ὅτι

205 2220 285 2247 καλὸν
303 2218 376 2246 οἶκον
398 2219 545 2254 ἐχαρίσατό
561 2227 606 2254 μοι
622 2220 635 2245 6
648 2219 773 2254 βασιλεὺς
792 2221 806 2247 6
826 2221 992 2256 στρατεύσας

204 2265 248 2292 τὸν
263 2265 321 2291 υῑόν
335 2264 448 2299 μου,εἰς
457 2263 580 2290 δουλείαν
607 2264 701 2291 αὑτοῦ.
724 2264 803 2291 Ἀλλὰ
821 2265 936 2297 ἄλλαξον
956 2266 991 2292 τὰ

203 2309 300 2344 ἱμάτιά
313 2318 371 2342 σου,
381 2309 429 2336 καὶ
439 2309 553 2344 φόρεσον
566 2308 684 2344 καθαρά.
695 2309 751 2336 Καὶ
760 2310 862 2346 ἀνέστη
878 2310 990 2343 εὐθέως,

204 2356 251 2382 καὶ
265 2354 447 2389 ὰκολούθησεν
462 2354 543 2389 αὐτῇ,
559 2353 606 2380 καὶ
617 2353 688 2388 ἔγνω
700 2355 740 2381 ὅτι
754 2354 932 2390 ἐτελεύτησεν
944 2356 992 2383 καὶ

203 2401 282 2437 αὑτὴ,
294 2401 342 2428 καὶ
355 2401 395 2427 ὅτι
412 2401 439 2426 αἱ
451 2399 496 2426 δύο
509 2401 548 2430 εἰς
564 2399 646 2426 καλὸν
661 2399 743 2427 τόπον
756 2401 834 2432 εἰσὶν,
847 2402 894 2428 καὶ
905 2402 990 2437 ἐχάρη

203 2449 289 2484 χαρὰν
302 2447 422 2483 μεγάλην
453 2445 565 2481 σφόδρα.
588 2446 642 2472 Καὶ
656 2444 693 2476 ὡς
715 2446 869 2473 διετέλεσαν
884 2448 924 2478 εἰς
942 2449 992 2482 τὴν

203 2495 305 2529 ἔρημον
330 2494 478 2525 ἀσκοῦντες
504 2493 533 2519 ἐν
562 2492 637 2528 πάσῃ
661 2493 788 2527 ἀσκήσει,
803 2493 852 2520 καὶ
867 2502 992 2520 κακοπαο

203 2540 272 2575 θεία,
285 2540 331 2566 καὶ
346 2539 437 2574 ψύχει,
452 2539 499 2565 καὶ
515 2537 636 2565 καύσωνι
661 2538 710 2565 ἐπὶ
729 2539 817 2565 εἴκοσι
841 2539 919 2565 ὲννὲα
931 2539 990 2574 ἐτη,

202 2585 315 2615 πολλοὺς
325 2585 371 2611 καὶ
387 2584 506 2617 ἁφάτους
532 2583 713 2618 πεφασμοὺς,
737 2583 933 2618 ὑπομείναντες
959 2585 990 2611 ὲκ

200 2630 246 2657 τοῦ
269 2630 404 2662 διαϐόλου,
435 2629 482 2655 καὶ
506 2628 599 2656 τοῦτον
625 2629 804 2664 νικήσαντες,
839 2630 957 2663 μάλιστα
977 2631 991 2657 6

1045 897 1188 933 increpent
1208 907 1317 927 omnem
1342 901 1476 936 impuram
1495 906 1671 936 potestatem,
1699 911 1760 938 qua:
1788 912 1836 931 oc-
1863 902 1866 905 ’

1044 948 1138 970 currat
1157 945 1182 971 ei
1198 944 1257 972 sine
1280 945 1374 972 dolore
1387 950 1416 973 et
1436 951 1583 975 tormento.
1609 947 1631 975 0
1648 949 1720 976 Deus
1736 951 1832 976 meus!

1043 989 1113 1017 Jube
1130 990 1250 1025 separari
1262 992 1380 1018 animam
1395 991 1506 1026 ipsiusa
1520 1000 1645 1028 corpore,
1659 999 1685 1022 et
1697 995 1718 1021 si
1733 995 1835 1029 aliquid

1046 1040 1172 1070 tanquam
1191 1036 1291 1064 femina
1309 1037 1335 1064 in
1353 1045 1437 1072 opere
1458 1040 1500 1066 vel
1519 1047 1647 1067 sermone
1669 1041 1792 1075 peccévit
1807 1041 1834 1068 in

1045 1081 1096 1107 bac
1108 1081 1173 1113 vita,
1190 1081 1313 1109 condona
1330 1083 1427 1110 animze
1439 1083 1508 1118 ejus,
1525 1089 1637 1119 propter
1651 1085 1814 1112 sacrificium
1827 1095 1834 1112 :

1045 1126 1117 1160 quod
1136 1121 1240 1162 genuit,
1257 1131 1284 1154 et
1301 1127 1360 1160 tibi,
1379 1128 1500 1162 Domine,
1516 1129 1626 1163 obtulit,
1639 1138 1683 1157 me
1694 1130 1834 1166 indignum

1046 1179 1154 1199 servum
1168 1176 1255 1206 tuum,
1273 1173 1368 1208 utique
1379 1193 1387 1205 ,
1401 1173 1516 1202 Domine
1539 1174 1611 1202 Deus
1629 1183 1717 1207 meus.
1732 1175 1777 1210 qui
1790 1176 1837 1210 ju—

1045 1223 1105 1246 stus
1117 1227 1147 1246 es
1165 1219 1249 1254 judex
1267 1224 1295 1247 et
1313 1220 1456 1255 benignus.
1474 1219 1513 1247 Ne
1526 1220 1597 1248 illam
1611 1221 1725 1248 inducas
1740 1222 1773 1249 de
1790 1223 1837 1248 tri-

1046 1264 1185 1291 bulatione
1198 1265 1226 1291 in
1236 1265 1454 1297 tribulationem,
1464 1265 1497 1292 de
1509 1265 1602 1292 dolore
1618 1266 1644 1293 in
1655 1266 1788 1300 dolorem,
1802 1267 1836 1294 de

1046 1310 1192 1345 gemitibus
1216 1311 1244 1337 in
1269 1311 1407 1346 gemitus;
1428 1311 1475 1338 sed
1494 1319 1508 1338 a
1522 1311 1628 1345 dolore,
1646 1319 1701 1346 quo
1725 1317 1836 1347 propter

1047 1356 1130 1382 ﬁlium
1145 1364 1224 1383 suum
1245 1356 1416 1390 unigenitum
1439 1357 1536 1390 doluit,
1556 1357 1583 1384 in
1611 1358 1751 1392 gaudium.
1765 1365 1780 1384 e
1796 1358 1835 1383 la-

1046 1401 1146 1436 cryulis
1164 1401 1189 1428 in
1212 1402 1433 1434 exsultationem,
1456 1407 1633 1436 praeparatam
1649 1404 1752 1431 sanctis
1770 1404 1834 1435 tuis,

1046 1455 1062 1474 o
1080 1448 1161 1479 Deus,
1174 1455 1190 1474 ο
1207 1447 1279 1475 Deus
1295 1455 1382 1481 meus,
1393 1448 1421 1475 in
1438 1448 1546 1475 saecula.
1561 1448 1657 1477 Amen.

1080 1577 1125 1604 26.
1137 1577 1224 1605 Finita
1233 1572 1369 1612 oratione,
1378 1580 1463 1615 coepit
1473 1580 1557 1608 frater
1564 1581 1685 1609 Joannes
1697 1583 1835 1610 consolari

1045 1623 1184 1658 ipsum,ac
1192 1625 1283 1652 dicere
1297 1633 1303 1651 :
1317 1625 1395 1658 Ecce,
1407 1626 1489 1654 frater
1505 1618 1634 1662 Symeon,
1652 1629 1723 1655 votis
1738 1631 1837 1656 annuit

1045 1668 1127 1701 Deus,
1140 1670 1278 1697 exaudivit
1288 1671 1440 1698 orationem
1453 1676 1536 1704 luam,
1545 1677 1573 1699 et
1582 1665 1697 1700 matrem
1709 1678 1783 1701 tuam
1795 1682 1838 1701 as-

1046 1715 1173 1749 sumpsit.
1184 1715 1236 1743 Sed
1246 1721 1273 1743 tu
1286 1724 1361 1743 nunc
1369 1717 1471 1745 laboris
1481 1718 1506 1745 in
1517 1724 1620 1753 partem
1630 1727 1737 1746 mecum
1747 1728 1801 1749 eas.
1810 1725 1839 1747 et

1045 1768 1154 1788 oremus
1166 1780 1173 1792 ,
1191 1766 1301 1796 propter
1313 1763 1468 1796 Dominum,
1491 1764 1582 1796 ambo,
1600 1767 1629 1791 ut
1642 1765 1713 1792 Dcus
1729 1773 1837 1800 quoque

1046 1806 1126 1834 faciat
1141 1807 1356 1835 misericordiam
1370 1816 1448 1836 suam
1472 1817 1534 1837 cum
1560 1810 1614 1841 illa,
1637 1818 1707 1844 qute,
1727 1811 1781 1836 Deo
1797 1811 1838 1836 in-

1045 1852 1183 1887 dulgente,
1201 1861 1269 1879 uxor
1286 1861 1346 1880 mea
1362 1858 1405 1880 est
1422 1859 1529 1887 vocata,
1544 1859 1572 1881 ut
1585 1862 1644 1881 eam
1666 1863 1775 1889 quoquc
1802 1856 1836 1882 ad

1046 1898 1186 1924 monastici
1203 1898 1311 1925 habitus
1324 1898 1480 1925 institutum
1500 1899 1619 1931 inducat,
1635 1905 1682 1926 aut
1696 1900 1775 1927 faciat
1786 1902 1836 1928 mi-

1045 1943 1222 1970 sericordiam
1242 1951 1331 1976 suam,
1353 1949 1380 1971 et
1398 1949 1519 1972 assumat
1534 1946 1629 1980 ipsam.
1653 1946 1742 1974 Pauco
1766 1952 1836 1974 tem-

1045 1998 1109 2024 pore
1137 1990 1265 2025 precibus
1290 1991 1367 2023 dato,
1396 1995 1475 2018 nocte
1502 1992 1619 2026 quadam
1648 1993 1721 2020 videt
1752 1994 1836 2020 albas

1044 2035 1163 2063 Joannes
1178 2041 1292 2063 matrem
1309 2036 1451 2072 Symeonis
1467 2038 1632 2066 venientem.
1647 2046 1678 2064 ac
1696 2043 1835 2066 tenentem

1044 2081 1136 2107 tuturis
1156 2080 1216 2115 ejus
1237 2089 1358 2114 manum,
1378 2086 1405 2109 et
1426 2082 1562 2109 dicentem
1583 2092 1589 2109 :
1622 2083 1719 2119 Surge,
1746 2092 1833 2116 soror,

1044 2127 1142 2154 arci-de
1168 2127 1281 2161 propius
1311 2128 1344 2154 ad
1373 2136 1433 2160 me;
1458 2129 1522 2163 quia
1553 2128 1695 2164 pulchram
1722 2131 1833 2158 domum

1046 2172 1156 2198 donavit
1170 2171 1235 2198 mihi
1253 2180 1310 2204 res,
1327 2172 1372 2207 qui
1393 2173 1476 2200 lilium
1501 2181 1591 2201 meum
1616 2174 1720 2202 militia:
1737 2183 1793 2202 sum
1808 2179 1836 2202 et

1046 2218 1159 2245 servitio
1181 2218 1317 2252 ascripsit.
1339 2220 1373 2245 At
1393 2224 1483 2246 vestes
1498 2224 1557 2247 tuas
1571 2225 1656 2252 muta,
1671 2224 1698 2247 et
1719 2221 1835 2248 mundas

1044 2262 1138 2289 indue.
1154 2261 1186 2289 Et
1203 2262 1246 2289 illa
1271 2263 1401 2293 surrexit,
1421 2263 1520 2298 inquit,
1541 2264 1675 2298 protinus,
1690 2269 1717 2291 et
1740 2270 1834 2292 secuta

1045 2307 1130 2342 ipsam
1148 2306 1207 2333 fuit.
1224 2307 1257 2333 Et
1272 2307 1400 2341 cognovit
1411 2306 1551 2342 [Joannes]
1565 2308 1636 2342 quod
1652 2307 1709 2342 ipsa
1725 2316 1834 2343 quoque

1044 2356 1159 2378 mortem
1172 2351 1294 2383 obiisset,
1308 2352 1416 2386 etquod
1429 2352 1515 2378 amba:
1531 2351 1557 2378 in
1572 2352 1644 2379 bono
1656 2352 1715 2379 loco
1731 2358 1832 2386 essent;

1044 2405 1072 2427 et
1083 2400 1191 2435 gavisus
1207 2399 1257 2426 fuit
1268 2400 1365 2435 gaudio
1382 2407 1479 2435 magno
1491 2399 1579 2427 valde.
1593 2400 1680 2434 Atque
1693 2401 1728 2427 ita
1744 2409 1834 2435 perse-

1045 2450 1175 2473 verarunt
1190 2446 1216 2472 in
1237 2453 1329 2472 eremo
1344 2451 1502 2472 exercentes
1516 2453 1545 2472 se
1560 2446 1586 2472 in
1599 2446 1674 2472 omni
1699 2446 1834 2473 exercita-

1044 2493 1127 2524 tione,
1144 2493 1299 2524 tolerantia,
1320 2491 1428 2527 trigore,
1444 2497 1471 2519 et
1496 2497 1573 2523 iltSlll,
1592 2500 1640 2527 per
1667 2493 1762 2528 Viginti
1785 2502 1834 2520 no-

1042 2547 1102 2567 vem
1126 2547 1223 2569 annos,
1240 2539 1393 2573 multisque
1415 2544 1442 2566 ct
1466 2539 1670 2574 inexplicabiles
1694 2540 1834 2568 sustinue-

1044 2589 1108 2612 runt
1132 2592 1147 2611 a
1173 2584 1282 2611 diabolo
1304 2585 1478 2611 tcntationcs.
1508 2586 1541 2612 Et
1563 2585 1636 2613 hunc
1659 2591 1833 2620 superarunt,

1046 2630 1162 2658 maxime
1177 2638 1241 2657 vero
1258 2629 1386 2664 Symcon,
1402 2638 1451 2664 per
1464 2638 1534 2662 eain,
1553 2639 1605 2665 qua
1625 2631 1754 2665 pollebat,
1772 2632 1835 2657 vitae

950 2699 1064 2728 NOT/E.

201 2758 346 2793 ἐπέρησα.
362 2757 491 2792 Exempla
516 2757 617 2792 passim
643 2763 708 2786 sunt
728 2759 819 2793 obvia,
838 2763 869 2787 ut
896 2760 991 2787 videre

199 2798 243 2830 ost
266 2792 337 2827 apud
364 2793 520 2830 (iretserum
545 2793 592 2820 lib.
616 2802 634 2821 ιι
667 2794 867 2822 Instilutionum
895 2795 991 2830 lingua:

200 2829 306 2856 (ἔνατα.
323 2835 382 2862 cap.
403 2828 445 2854 10.

234 2864 288 2897 (28;
307 2862 423 2890 Verbum
446 2863 543 2898 στερῶ,
564 2863 646 2898 priva,
673 2864 717 2891 hic
740 2865 909 2892 construitur
925 2873 987 2894 cum

1044 2761 1152 2796 gemino
1166 2761 1312 2787 acrusandi
1331 2768 1406 2792 casu,
1428 2766 1520 2788 contra
1539 2769 1619 2796 quam
1634 2760 1691 2788 ﬁeri
1714 2768 1835 2788 commu-

1044 2797 1116 2822 niter
1129 2796 1207 2822 solet.

1081 2830 1136 2864 (29}
1151 2830 1315 2866 Ί¹ὦνναύτῶν
1328 2831 1359 2857 ἐκ
1372 2831 1421 2866 τῆς
1433 2831 1525 2866 εὐχῆς.
1537 2830 1639 2858 Sensus
1656 2835 1696 2857 est
1711 2831 1832 2866 mlitilus,

1046 2866 1098 2893 nisi
1119 2865 1298 2893 subaudiatur
1319 2865 1495 2901 dvsstétwv,
1512 2872 1557 2894 aut
1577 2867 1640 2898 quid
1663 2865 1762 2892 simile.
