2074 3144
255 140 323 171 i703

779 135 903 164 LEONT
910 135 918 162 l
926 135 936 162 Ι
959 134 982 162 Ν
989 131 1169 161 ΕᾹΡΟΙΑΙΤΛ
1176 130 1214 159 Nl
1235 128 1404 158 EPISCOPI

1814 120 1883 153 170$

252 195 437 224 innocentiam
465 199 492 221 et
516 192 723 228 integritatem:
748 191 882 218 sentiebat
905 191 979 217 cnim
1003 197 1042 217 se.

1111 186 1208 221 ἰυμεὼν
1221 187 1252 212 ἐκ
1272 186 1321 219 τῆς
1338 182 1491 218 προσούσης
1513 180 1587 215 αὑτῷ
1603 178 1719 209 ἀκακίας
1735 177 1782 203 καὶ
1802 177 1881 202 καθα-

253 250 300 277 per
317 242 445 269 virtutem
461 239 578 274 Spiritus
597 238 686 265 sancti
707 237 758 277 sibi
783 236 974 266 inliabitantis,
992 242 1043 260 nec

254 289 350 314 timere
365 286 498 316 dolorem,
511 291 562 310 nec
577 283 671 318 frigus,
685 274 734 308 nec
750 281 858 312 famem,
874 284 1042 309 necat-stum,

254 323 300 359 se'd
315 332 400 366 ipsam
419 328 661 356 natumhumanaz
684 325 870 353 conditionem
888 330 971 358 prope
986 329 1045 348 esse

254 382 493 413 prmtergressum.

289 464 334 490 “27.
353 463 420 490 Dicit
441 460 539 489 loanni
562 470 569 488 :
593 460 663 493 Quid
686 458 844 494 proficimus
858 457 1044 490 imposterum,

258 509 350 540 frater,
369 509 397 535 in
410 508 461 534 hac
477 505 625 533 solitudine
642 501 867 531 complorantes?
890 499 1046 529 Enimvero,

256 556 278 581 sl
293 563 335 581 me
351 554 438 585 audis,
454 560 544 587 surge,
562 549 744 579 discedamus,
762 548 829 574 alios
850 546 931 573 etiam
948 545 1042 571 redda-

257 608 318 627 mus
336 600 434 626 salvos.
457 599 505 625 Hic
533 597 616 628 enim.
637 599 816 631 praeterquam
841 591 930 622 nobis,
953 597 1048 624 prosu-

259 653 319 671 mus
344 645 457 674 nemini.
481 649 508 670 et
529 651 543 670 a
559 643 635 669 nullo
656 640 809 667 mercedem
832 637 991 671 accipimus.
1017 635 1050 662 Et

260 694 406 727 incipiebat
417 692 440 718 ei
454 692 545 718 dicere
559 690 689 717 nonnulla
708 685 862 722 hujusmodi
874 693 889 712 e
905 685 990 711 sacris
1000 691 1049 718 pa-

259 739 349 774 ginis:
368 747 377 763 ι
397 737 481 764 Nemo
498 737 570 771 quod
595 742 674 762 suum
699 738 740 760 est
769 735 882 767 (μηδι-οι,
909 731 956 758 sed
977 730 1049 764 quod

267 783 382 817 proximi
396 783 427 808 ιο.
448 791 456 806 ι
476 782 510 808 Ει
527 782 625 808 iterum
642 788 648 805 :
665 788 674 804 ι
690 778 824 806 Omnibus
846 776 938 804 omnia
964 776 1051 803 factus

260 836 330 860 smn,
350 833 378 855 ut
403 834 497 854 omnes
523 826 657 853 salvarem
688 825 723 851 ιο.
742 833 751 849 ι
773 824 806 851 Ει
827 831 859 850 ex
881 821 1025 857 Evangelio
1043 831 1048 848 :

263 883 272 899 ι
292 873 336 901 Sic
350 874 438 900 luceat
452 873 496 898 lux
510 876 599 898 vestra
613 878 704 898 coram
716 869 884 901 hominibus,
898 873 927 895 ut
941 868 1051 894 videant

260 927 342 954 opera
357 923 445 948 vestra
475 918 556 948 bona.
577 921 602 943 et
615 917 769 951 gloriﬁcent
788 915 893 942 Patrem
917 919 1050 946 vestrum,

260 964 306 998 qui
325 964 352 990 in
367 963 442 990 caelis
468 966 509 989 est
528 962 548 977 ¹¹
563 982 571 994 ,
599 971 608 987 ι
629 966 710 996 atque
734 961 785 988 alia
812 961 933 996 quaedam
959 960 1052 986 istius—

261 1009 345 1036 modi.
364 1009 396 1036 Et
411 1008 580 1042 respondens
604 1007 730 1034 dominus
752 1006 881 1036 Joannes.
895 1006 962 1033 dicit
977 1005 1026 1040 ipsi
1044 1013 1050 1031 ί

261 1048 451 1087 Ρυιο,Ἶ1”ι·;ιιοι-,
463 1054 580 1081 Satanas
595 1053 678 1087 quieti
698 1057 797 1079 nostra:
809 1052 917 1083 invidit,
935 1056 961 1078 et
982 1052 1053 1077 hanc

262 1101 310 1128 tibi
326 1100 519 1135 cogitationem
539 1099 641 1133 injecit.
659 1098 729 1131 Quin
749 1103 776 1125 tu
801 1098 892 1133 potius
913 1105 1003 1129 mane,
1027 1101 1054 1123 et

263 1154 373 1174 cursum
390 1150 524 1177 nostrum,
542 1153 596 1179 quo
612 1144 698 1171 vocati
715 1151 810 1170 sumus
824 1152 839 1170 τι
859 1143 926 1175 Deo,
943 1143 1055 1178 implea-

264 1199 325 1219 mus
337 1192 364 1218 in
380 1192 430 1218 hac
445 1198 548 1217 eremo.
563 1190 632 1217 Tum
654 1190 771 1224 Symcon
786 1198 792 1215 :
813 1189 910 1220 Crede,
927 1196 977 1222 ego
1000 1196 1055 1214 non

265 1245 373 1270 maneo,
390 1239 437 1264 sed
452 1237 564 1264 discedo
580 1236 606 1262 in
625 1235 724 1262 virtute
741 1234 852 1266 Christi,
869 1234 1002 1261 mundum
1016 1234 1051 1260 lu-

264 1284 434 1310 diticaturus.
444 1283 493 1310 Cui
508 1290 614 1310 rursum
628 1281 712 1309 frater
722 1281 781 1316 ejus
795 1290 800 1307 :
818 1281 948 1315 Ne,bone
962 1280 1054 1313 frater,

266 1337 314 1356 oro
329 1334 355 1356 te
371 1333 484 1364 propter
500 1328 655 1361 Dominum,
671 1336 704 1354 ne
719 1336 762 1354 me
778 1327 908 1354 humilem
927 1328 1056 1360 deseras;

266 1382 355 1409 neque
370 1375 443 1401 cnim
455 1382 487 1401 eo
499 1374 607 1401 virtutis
626 1374 747 1408 perveni,
762 1378 791 1400 ut
808 1373 909 1408 possim
926 1373 1057 1400 mundum

266 1418 415 1446 ludificare.
436 1418 489 1445 Sed
513 1423 623 1452 propter
643 1424 716 1448 cum,
738 1417 783 1451 qui
801 1424 850 1443 nos
875 1417 976 1451 junxit,
1003 1417 1057 1442 noli

267 1464 386 1498 disjungi
404 1471 418 1490 a
433 1468 478 1490 tuo
495 1463 589 1490 fratre.
617 1461 706 1494 Nosti,
723 1462 795 1497 quod
818 1467 879 1496 post
905 1462 988 1489 Deum
1003 1470 1058 1489 non

1097 233 1217 268 ρότητος.
1237 231 1382 266 ᾘσθάνετο
1413 229 1466 261 γὰρ
1490 226 1585 253 ἑαυτὸν
1600 225 1645 251 διὰ
1661 224 1711 258 τῆς
1729 221 1885 257 ἔνοικούσης

1097 280 1125 304 ὲν
1139 277 1213 311 αὐτῷ
1240 275 1287 302 τοῦ
1301 275 1378 307 ἁγίου
1392 272 1548 306 Πνεύματος
1567 270 1720 304 δυνάμεως,
1747 269 1814 303 μήτε
1831 267 1884 294 πά-

1097 325 1142 355 θος
1157 322 1335 356 φοϐούμενον,
1353 320 1420 355 μήτε
1436 318 1530 352 ψύχος,
1545 317 1563 351 ἢ
1588 317 1692 347 πεῖναν,
1710 314 1727 350 ἢ
1746 313 1885 344 καύσωνα,

1097 369 1164 394 ἀλλὰ
1178 367 1269 402 σχεδὸν
1285 366 1355 400 ὑπὲρ
1382 364 1416 390 τὰ
1436 363 1522 398 μέτρα
1536 362 1583 396 τῆς
1596 361 1704 395 φύσεως
1718 359 1766 394 τῆς
1782 358 1887 393 ἀνθρω-

1099 416 1179 449 πίνης
1189 413 1346 448 γενόμενον.

1133 460 1185 492 κζ’.
1202 459 1282 492 Λέγει
1319 457 1357 492 τῷ
1379 455 1506 490 Ἰωάννῃ·
1523 454 1556 481 Τί
1579 453 1758 487 ὠφελούμεθα
1780 451 1886 482 λοιπὸν,

1100 506 1209 540 ἀδελφὲ,
1235 506 1264 531 ὲν
1295 505 1327 538 τῇ
1355 502 1450 537 ἐρήμῳ
1483 500 1570 536 ταύτῃ
1588 499 1790 533 διατρίϐοντες
1814 497 1887 523 Ἀλλ’

1099 551 1148 577 ἐὰν
1171 549 1290 584 ἀκούσῃς
1324 556 1385 582 μου,
1414 545 1529 576 ἀνάστα,
1551 542 1715 577 ἀπέλθωμεν
1729 562 1736 573 ,
1757 540 1888 575 σώσωμεν

1100 597 1146 623 καὶ
1163 596 1269 626 ἄλλους.
1290 590 1354 619 Ὧδε
1365 592 1419 627 γὰρ
1431 592 1454 617 ει
1474 590 1511 626 μὴ
1528 589 1641 620 ἑαυτοὺς
1669 587 1776 622 μόνους,
1795 586 1889 621 ἔτερόν

1100 651 1160 669 τινα
1177 642 1228 668 οὐκ
1239 639 1408 674 ὼφελοῦμεν,
1424 637 1472 664 καὶ
1487 635 1582 671 μισθὸν
1598 633 1754 668 παράτινος
1769 632 1818 658 οὐκ
1831 631 1891 666 ἐχο-

1103 696 1162 722 μεν,
1174 687 1229 714 Καὶ
1245 685 1345 720 ἤρξατο
1357 684 1447 717 λέγειν
1458 681 1544 716 αὐτῷ,
1555 681 1603 706 καὶ
1614 681 1645 705 ὲκ
1659 679 1709 712 τῆς
1721 677 1801 711 ἁγεας
1817 677 1889 711 Γρα-

1102 733 1154 768 φῆς
1174 741 1235 759 τινα
1263 729 1392 757 τοιαῦτα·
1423 727 1549 762 «Μηδεὶς
1580 725 1610 752 τδ
1637 724 1735 751 ἑαυτοῦ
1763 722 1890 758 ζητείτω,

1102 778 1170 805 ἀλλὰ
1191 777 1221 804 τὸ
1245 776 1291 803 τοῦ
1326 774 1450 810 πλησίου.
1471 782 1479 798 ι
1499 772 1554 798 Καὶ
1571 771 1670 797 πάλιν
1698 780 1707 796 ε
1722 770 1785 801 Τοῖς
1808 770 1891 795 πᾶσιν

1104 825 1193 851 πάντα
1224 823 1335 857 γέγονα,
1358 821 1402 847 ἴνα
1420 819 1528 849 πάντως
1555 816 1631 847 τινὰς
1653 815 1743 841 σώσω.
1764 824 1774 840 ι
1790 814 1844 840 Καὶ
1859 815 1891 840 ὲκ

1068 854 1088 881 Β
1102 871 1150 898 τοῦ
1178 854 1360 903 Εὐαγγελίου·
1381 876 1390 891 ‹
1414 866 1477 892 ’Ὅτι
1499 864 1585 895 οὕτως
1610 861 1745 897 λαμψάτω
1769 861 1801 887 τὸ
1834 860 1892 894 φῶς

1105 915 1182 951 ὑμῶν
1198 913 1352 950 ἔμπροσθεν
1373 912 1427 938 τῶν
1440 910 1601 945 ἀνθρώπων,
1617 909 1690 939 ὅπως
1710 907 1800 933 ῐδωσιν
1814 906 1892 940 ὑμῶν

1104 963 1138 988 τὰ
1152 961 1221 988 καλὰ
1233 960 1300 994 ἔργα
1318 959 1364 985 καὶ
1375 957 1524 988 δοξάσωσιν
1548 955 1593 981 τὸν
1618 953 1728 988 Πατέρα
1744 952 1832 987 ὑμῶν,
1845 951 1891 978 τὸν

1105 1008 1134 1033 ὲν
1151 1008 1206 1038 τοῖς
1219 1006 1354 1041 οὐρανοῖς·
1371 1014 1379 1029 ι
1395 1004 1442 1029 καὶ
1456 1002 1525 1029 ἄλλα
1537 1001 1597 1027 τινὰ
1613 1000 1736 1026 τοιαῦτα.
1755 999 1810 1025 Καὶ
1823 999 1888 1025 ἀπο-

1105 1053 1210 1088 κριθεὶς
1225 1054 1238 1078 ὁ
1259 1052 1359 1086 Κύριος
1381 1049 1519 1083 Ἰωάννης,
1550 1047 1625 1080 λέγει
1651 1044 1745 1079 αὐτῷ·
1768 1044 1891 1079 Νομίζω,

1107 1098 1214 1132 ἀδελιρὲ,
1229 1098 1243 1123 ὁ
1260 1096 1383 1126 Σατανᾶς
1395 1094 1544 1128 ἐφθόνησεν
1557 1092 1605 1127 τὴν
1618 1091 1732 1126 ἡσυχίαν
1747 1089 1836 1124 ἡμῶν,
1848 1089 1895 1114 καὶ

1107 1142 1240 1170 ὑπέϐαλέν
1256 1150 1297 1167 σοι
1311 1141 1357 1166 τὸν
1375 1138 1506 1173 λογισμὸν
1526 1137 1631 1164 τοῦτον.
1647 1135 1810 1162 Τουναντίον
1829 1133 1895 1160 κάθ-

1107 1197 1174 1219 ισον,
1185 1188 1230 1214 καὶ
1242 1188 1287 1212 τὸν
1301 1186 1401 1221 δρόμον
1416 1184 1505 1220 ἡμῶν,
1518 1183 1586 1209 ὅπου
1607 1181 1764 1216 ἑκλὴθημεν
1782 1180 1834 1206 ὑπὸ
1848 1179 1894 1205 τοῦ

1107 1234 1184 1265 Θεοῦ,
1202 1234 1242 1265 εἰς
1269 1233 1318 1267 τὴν
1347 1231 1449 1266 ἔρημον
1465 1229 1566 1262 ταύτην
1597 1228 1796 1262 πληρώσωμεν.
1813 1226 1895 1259 Λέγει

1109 1280 1181 1314 αὐτῷ
1195 1281 1209 1306 ὁ
1228 1278 1355 1313 Συμεών·
1376 1276 1534 1308 Πίστευσον,
1561 1273 1616 1308 ἐγὼ
1638 1274 1669 1300 οὐ
1698 1273 1781 1308 μένω,
1798 1271 1854 1298 ἀλλ’
1867 1272 1896 1297 ἐν

1109 1328 1141 1362 τῇ
1157 1326 1270 1360 δυνάμει
1281 1325 1327 1350 τοῦ
1342 1322 1461 1358 Χριστοῦ
1470 1322 1579 1355 ὑπάγω,
1588 1319 1730 1355 ὲμπαίζων
1743 1318 1782 1353 τῷ
1792 1317 1897 1352 κόσμῳ.

1110 1374 1190 1406 Λέγει
1212 1370 1286 1404 αὑτῷ
1315 1369 1395 1395 πάλιν
1425 1369 1439 1394 ὁ
1457 1367 1570 1401 ἁδελφὸς
1599 1365 1703 1392 αὑτοῦ·
1730 1364 1787 1399 Μὴ,
1801 1363 1898 1396 ἁδελφὲ

1112 1419 1187 1449 καλὲ,
1199 1416 1352 1451 παρακαλῶ
1369 1424 1399 1442 σε
1415 1415 1460 1441 διὰ
1474 1414 1519 1440 τὸν
1533 1413 1645 1448 Κύριον,
1659 1413 1696 1448 μὴ
1708 1412 1792 1447 ἐάσῃς
1806 1420 1839 1445 με
1855 1411 1899 1436 τὸν

1111 1464 1247 1491 ταπεινόν.
1260 1463 1343 1489 Οῧπω
1359 1462 1412 1496 γὰρ
1428 1460 1484 1495 ἐγὼ
1500 1461 1539 1491 εἰς
1553 1459 1633 1486 τοῦτο
1648 1458 1678 1484 τὸ
1700 1458 1797 1493 μέτρον
1818 1456 1900 1491 ἐφθα-

269 1510 383 1536 habeam
401 1509 495 1539 ullum.
509 1513 607 1543 prteter
622 1513 658 1540 te,
677 1508 761 1535 frater
773 1508 827 1540 mi;
841 1509 888 1535 sed
905 1509 1057 1535 renuntiavi

1113 1520 1157 1540 σα,
1176 1511 1219 1536 ἵνα
1233 1509 1339 1543 δυνηθῶ
1356 1507 1489 1542 ἐμπαῖξαι
1504 1506 1542 1540 τῷ
1561 1506 1665 1540 κὸσμῳ.
1685 1504 1766 1530 Ἂλλὰ
1777 1503 1900 1530 διἀὑτὸν

268 1555 405 1586 ontuibus,
424 1559 452 1580 ut
470 1554 517 1581 tibi
536 1555 701 1581 adhaererem
718 1563 724 1580 :
740 1558 767 1580 et
779 1562 851 1581 nttnc
867 1558 894 1581 tu
911 1554 952 1581 vis
967 1555 994 1581 in
1011 1554 1062 1581 hac

268 1599 416 1626 solitudine
431 1604 560 1633 tanquam
573 1599 599 1625 in
615 1599 708 1633 pelago
719 1606 761 1626 me
772 1599 916 1633 linquere?
927 1599 1062 1626 Memento

271 1643 352 1678 hujus
367 1643 431 1675 dici,
449 1652 502 1678 qua
522 1649 623 1670 sortem
643 1644 771 1671 duximus
794 1648 822 1670 et
837 1643 992 1671 audivimus
1013 1644 1062 1670 ab-

271 1688 362 1716 batem
382 1688 526 1721 Niconcm;
544 1689 616 1723 quod
629 1689 788 1716 convenerit
803 1689 875 1716 inter
891 1697 951 1721 nos,
969 1694 1064 1716 mutuo

271 1742 325 1760 non
354 1734 484 1769 separari.
516 1734 653 1760 Memento
683 1735 814 1762 terribilis
841 1735 926 1765 bone.
954 1736 1064 1769 quando

271 1785 395 1806 sanctum
421 1778 543 1805 habitum
565 1779 652 1805 induti
680 1786 787 1810 sumus,
814 1783 841 1806 et
869 1787 978 1806 eramus
999 1780 1063 1810 duo,

271 1825 343 1852 sicut
361 1825 452 1851 anima
471 1832 536 1858 una,
557 1825 625 1851 adeo
650 1829 679 1851 ut
701 1832 796 1851 omnes
818 1824 992 1851 dilectionem
1017 1833 1066 1851 no-

271 1876 356 1898 stram
398 1875 527 1905 tanquam
562 1878 619 1898 rem
645 1878 742 1898 novam
771 1871 947 1898 mirarentur.
977 1870 1065 1898 Nolito

272 1916 394 1944 oblivisci
413 1923 556 1943 sermones
577 1917 665 1951 magni
681 1917 765 1947 senis,
786 1916 888 1950 quibus
906 1925 957 1943 nos
972 1917 1067 1944 admo-

272 1963 331 1989 nuit
348 1970 380 1989 ca
400 1967 490 1994 nocte,
508 1970 562 1996 qua
582 1962 683 1997 egressi
707 1970 813 1989 sumus.
833 1961 880 1994 Ne,
908 1971 1009 1997 qmeso,
1032 1972 1067 1991 ne

273 2007 344 2034 forte
368 2015 494 2041 peream,
522 2011 550 2034 et
574 2007 694 2041 requirat
723 2007 794 2033 Deus
826 2008 945 2034 animam
977 2016 1065 2036 nteant

273 2053 322 2079 abs
343 2057 381 2080 te.

311 2201 354 2229 28.
373 2201 421 2227 Cui
441 2201 540 2228 iterum
557 2200 673 2237 Symeou
690 2211 696 2228 :
718 2201 812 2237 Cogita
837 2210 880 2229 me
908 2210 969 2230 esse
993 2211 1066 2230 mor-

276 2253 369 2279 tuum;
396 2254 488 2273 nonue
520 2247 646 2279 haberes,
671 2247 742 2274 unde
767 2248 805 2274 tui
828 2256 921 2275 curam
948 2256 1069 2283 gereres,

277 2293 383 2320 latnt-tsi
398 2292 472 2319 solus
487 2292 582 2319 esses?
602 2292 700 2325 Crede,
722 2293 743 2319 si
765 2293 870 2325 venias,
891 2299 964 2321 recte
987 2294 1070 2322 facies

275 2344 303 2366 et
318 2339 403 2371 belle;
428 2339 557 2373 quoniam
584 2346 633 2373 ego
657 2346 710 2365 non
737 2346 844 2366 maneo.
865 2338 913 2365 Ubi
933 2339 998 2366 vidit
1016 2339 1070 2366 fra-

276 2390 317 2412 ter
329 2386 450 2412 Joauncs
472 2393 533 2411 emn
557 2385 713 2419 persistere,
733 2385 860 2419 cognovit
880 2386 953 2419 quod
976 2386 1070 2412 divino

277 2431 407 2457 instinctu
433 2431 485 2458 hoc
508 2431 619 2458 faceret.
641 2429 713 2457 Nihil
736 2431 837 2466 quippe
861 2439 909 2458 eos
936 2432 1070 2466 potuisset

277 2484 404 2510 separare
421 2479 473 2504 nisi
490 2477 547 2504 sola
559 2485 642 2509 mors,
654 2481 682 2504 et
696 2477 811 2504 fortasse
826 2485 861 2504 ne
875 2477 933 2512 ipsa
944 2477 1068 2512 quidem.

278 2521 345 2548 Nam
361 2523 458 2556 szepius
474 2523 526 2550 hoc
541 2523 621 2550 etiam
640 2523 724 2549 Deum
741 2527 914 2557 rogaverunt.
929 2527 958 2550 ut
974 2523 1070 2550 ambos

278 2566 385 2612 simulc
403 2568 455 2593 vita
473 2574 597 2599 vocaret.
617 2574 644 2596 et
669 2568 818 2596 credebant
836 2568 1023 2596 exaudiendos
1040 2577 1069 2595 se

278 2613 363 2641 fuisse
385 2622 399 2641 a
430 2615 543 2642 Domino
568 2616 595 2642 in
625 2617 676 2643 hac
706 2623 749 2649 rc,
773 2616 853 2643 sicuti
875 2617 901 2642 iu
930 2616 1068 2643 omnibus.

279 2661 350 2688 Dicit
365 2661 456 2695 itaque
471 2661 495 2687 ei
510 2661 667 2698 [Joannes]:
686 2662 803 2694 \"idesis,
820 2662 948 2697 Symcon,
964 2670 999 2688 ne
1013 2662 1071 2689 (lia-

278 2707 358 2735 bolus
370 2707 484 2733 fortasse
501 2707 548 2733 tibi
574 2707 638 2734 velit
655 2712 760 2735 struere
775 2707 897 2734 insidias.
919 2707 1070 2741 Respondit

279 2753 324 2781 ille
341 2762 347 2779 ι
364 2752 404 2779 Tn
421 2752 503 2778 modo
521 2759 554 2778 ne
572 2752 623 2779 mei
640 2753 800 2780 obliviscere
817 2753 844 2780 in
860 2753 916 2780 tuis
930 2753 1068 2788 precibus,

316 2841 337 2857 ’ν
353 2840 362 2867 ι
377 2841 440 2868 Cor.
460 2849 485 2873 Χ,
500 2841 545 2867 2i.
600 2841 622 2856 ὀ
639 2840 648 2867 1
666 2841 726 2867 Cor.
753 2850 789 2874 lx,
805 2842 849 2868 ‘22.

1113 1556 1158 1582 17w
1174 1555 1306 1587 ζεύξαντα
1323 1555 1396 1588 ἡμεῖς
1430 1554 1466 1587 μὴ
1497 1552 1612 1587 θελήσῃς
1633 1549 1835 1584 ἀποζευχθῆναι
1853 1548 1900 1574 τοῦ

1115 1602 1161 1627 σοῦ
1174 1600 1299 1634 ἀδελᾳοῦ.
1317 1600 1352 1627 Σὺ
1365 1597 1449 1629 οἶδας,
1468 1599 1509 1625 ὅτι
1529 1598 1597 1632 μετὰ
1621 1597 1687 1622 Θεὸν
1716 1596 1813 1622 οὐδένα
1836 1594 1901 1629 ἔχω,

1115 1649 1138 1672 εἰ
1154 1647 1190 1682 μὴ
1205 1647 1245 1677 σὲ,
1269 1646 1367 1678 ἀδελφέ
1395 1653 1458 1680 μου,
1471 1644 1538 1669 ἀλλὰ
1555 1643 1658 1673 πάντας
1673 1641 1837 1676 ἠρνησάμην
1856 1640 1902 1665 καὶ

1117 1691 1337 1727 προσεκολλήθην
1362 1699 1403 1716 σοι
1416 1699 1422 1704 ·
1443 1690 1489 1716 καὶ
1510 1689 1571 1723 ἄρτι
1597 1689 1629 1714 σὺ
1654 1687 1752 1719 θέλεις,
1768 1686 1860 1721 ὥσπερ
1875 1686 1902 1711 ὲν

1117 1739 1246 1771 πελάγει,
1264 1738 1344 1764 ἐᾶσαί
1366 1746 1398 1772 με
1415 1738 1454 1768 εἰς
1468 1737 1517 1771 τὴν
1534 1736 1636 1771 ἔρημον
1653 1734 1769 1769 ταύτηνς
1791 1732 1903 1766 Μνημό-

1117 1794 1209 1811 νευσον
1222 1785 1271 1818 τῆς
1286 1786 1391 1820 ἡμέρας
1409 1783 1526 1817 ἐκείνης,
1550 1782 1595 1808 ὅτε
1611 1781 1755 1815 ἐλάχομεν,
1772 1779 1819 1805 καὶ
1837 1786 1904 1804 κατ-

1117 1829 1258 1866 ηρχὸμεθιι
1274 1829 1375 1855 ὲπὶτὸν
1405 1829 1483 1864 κῦριν
1503 1827 1626 1858 Νίκωνα,
1655 1826 1696 1852 ὅτι
1727 1823 1903 1859 συνεθέμεθα,

1120 1877 1157 1912 μὴ
1174 1875 1340 1912 χωρίζεσθαι
1352 1874 1398 1901 ἀπ’
1427 1873 1557 1908 ἀλλήλων.
1578 1871 1775 1907 Μνημόνευσον
1793 1870 1842 1904 τῆς
1857 1877 1904 1902 φο-

1119 1923 1202 1957 ϐερᾶς
1230 1921 1314 1955 ὧρας,
1332 1919 1375 1945 ὅτε
1406 1919 1436 1944 τὸ
1450 1917 1527 1951 ἅγιον
1545 1916 1641 1951 σχῆμα
1665 1913 1842 1948 ὲνεδύθημεν,
1859 1912 1905 1938 καὶ

1118 1967 1188 2004 ἦμεν
1199 1967 1224 1994 οἱ
1240 1967 1286 1993 δύο
1310 1966 1404 2001 ὥσπερ
1427 1965 1474 2000 μία
1494 1965 1577 2000 ψυχὴ,
1594 1963 1664 1990 ὥστε
1687 1963 1791 1993 πάντας
1809 1959 1908 1992 ξενίζε-

1121 2013 1182 2039 σθαι
1197 2012 1243 2038 ὲπ¹ι
1258 2013 1291 2047 τῇ
1319 2012 1415 2048 ἀγάπῃ
1437 2010 1528 2046 ἡμῶν.
1543 2010 1588 2044 Μὴ
1605 2009 1722 2043 ὲπιλὰθῃ
1737 2007 1791 2034 τῶν
1820 2006 1907 2039 λόγων

1119 2058 1166 2084 τοῦ
1187 2058 1306 2092 μεγάλου
1332 2057 1476 2092 γέροντος,
1509 2052 1547 2082 ὧν
1575 2055 1648 2090 ἡμᾶς
1671 2053 1848 2087 ἐνουθέτησεν
1875 2053 1907 2086 τῇ

1121 2105 1215 2137 νυκτὶ,
1264 2104 1423 2139 ἐξήλθομεν.
1446 2103 1503 2138 Μὴ,
1523 2101 1688 2137 παρακαλῶ,
1713 2101 1749 2135 μή
1771 2107 1828 2129 πως
1856 2099 1909 2123 ἀπ-

1121 2153 1225 2188 όλωμαι
1244 2152 1290 2179 καὶ
1301 2151 1461 2186 exman
1474 2149 1539 2180 Θεὸς
1553 2149 1602 2183 τὴν
1612 2147 1700 2182 ψυχήν
1714 2154 1763 2181 μου
1780 2145 1832 2171 ἀπὸ
1849 2144 1908 2169 σοῦ.

1155 2202 1209 2234 κη’.
1224 2198 1306 2232 Λέγει
1317 2197 1390 2232 αὐτῷ
1403 2196 1484 2222 πάλιν
1498 2197 1512 2222 ὀ
1527 2194 1638 2230 Συμεών
1656 2202 1664 2209 ·
1692 2193 1820 2227 Νόμισον,
1853 2191 1907 2217 ἀπ-

1121 2245 1225 2278 έθανον,
1247 2245 1298 2271 οὐκ
1313 2241 1385 2278 εἶχες
1401 2243 1541 2278 φροντίσαι
1555 2241 1651 2268 ἑαυτοῦ
1668 2240 1737 2267 κατὰ
1753 2240 1836 2274 μόνας
1852 2237 1888 2263 ὧν
1901 2246 1908 2268 ;

1121 2292 1279 2322 Πίστευσον,
1293 2290 1316 2315 εἰ
1337 2288 1387 2324 μὲν
1402 2288 1480 2324 ἔρχῃ,
1500 2285 1529 2313 εὖ
1545 2288 1592 2313 καὶ
1610 2285 1710 2317 καλῶς,
1736 2285 1797 2310 ἐπεὶ
1811 2283 1865 2317 ἐγὼ
1878 2283 1909 2307 οὐ

1122 2336 1258 2372 μένω.”Ως
1283 2333 1329 2362 οὖν
1355 2334 1409 2361 ἴδεν
1439 2334 1521 2360 αὑτὸν
1543 2333 1557 2358 ό
1574 2331 1686 2366 esset;
1707 2330 1834 2365 Ἰωάννης
1849 2330 1909 2354 Em-

1123 2383 1256 2418 μένοντα,
1283 2381 1353 2415 ἔγνω
1382 2380 1422 2406 ὅτι
1448 2381 1480 2406 ὲκ
1503 2378 1571 2406 Θεοῦ
1593 2376 1803 2412 ὲπληροφορήθη
1831 2375 1912 2401 τοῦτο

1123 2428 1233 2463 πρᾶξαι.
1257 2428 1332 2453 Ἐπεὶ
1360 2427 1408 2453 οὐκ
1437 2424 1568 2461 ἐχώριζεν
1582 2424 1691 2455 αὐτοὺς,
1706 2423 1731 2449 εἰ
1745 2423 1782 2458 μὴ
1794 2422 1808 2447 ὁ
1829 2421 1912 2448 θάνα-

1123 2473 1289 2508 τος,τάχαδὲ
1300 2473 1360 2499 οὐδὲ
1375 2472 1465 2502 αὑτός.
1480 2471 1536 2498 Καὶ
1549 2470 1604 2505 γὰρ
1611 2467 1681 2505 ἦσαν
1697 2468 1744 2495 καὶ
1758 2467 1837 2494 τοῦτο
1848 2466 1912 2492 πολ-

1123 2521 1201 2551 λάκις
1222 2519 1465 2555 παρακαλέσαντες
1487 2518 1532 2544 τὸν
1563 2516 1639 2548 Θεδν,
1673 2515 1717 2542 ἵνα
1734 2513 1803 2550 ὁμοῦ
1827 2521 1913 2548 προσ-

1123 2566 1238 2601 λὰϐηται
1251 2566 1316 2596 τοὺς
1329 2565 1384 2596 δύο,
1399 2573 1446 2591 και
1470 2563 1611 2590 ἐπίστευον
1632 2561 1673 2588 ὅτι
1693 2560 1848 2587 aleam-Jac:
1863 2559 1914 2584 αὐ-

1124 2612 1178 2638 τῶν
1192 2612 1205 2638 ὁ
1227 2610 1328 2647 Κύριος
1354 2611 1400 2637 καὶ
1423 2611 1451 2636 ὲν
1471 2609 1566 2642 τούτῳ,
1587 2608 1624 2640 ὡς
1649 2609 1677 2634 ὲν
1698 2608 1811 2634 ἅπασιν.
1832 2606 1914 2638 Λέγει

1125 2657 1171 2684 οὖν
1187 2657 1271 2692 αὐτῷ·
1286 2656 1383 2688 Βλέπε,
1397 2655 1520 2691 Συμεὼν,
1534 2655 1572 2689 μή
1588 2662 1646 2685 πως
1657 2654 1670 2680 ὁ
1683 2652 1806 2682 διάϐολος
1821 2650 1916 2684 χλευά-

1125 2713 1169 2731 σαι
1187 2712 1216 2730 σε
1232 2703 1306 2738 θέλῃ.
1323 2704 1352 2728 Ὀ
1377 2702 1405 2728 δὲ
1429 2700 1506 2728 εἶπεν
1532 2699 1620 2736 αὐτῷ·
1637 2700 1673 2726 Σὺ
1695 2699 1775 2734 μόνον
1796 2698 1833 2733 μὴ
1851 2698 1914 2722 ἐπι-

1124 2753 1194 2788 λαθῃ
1204 2760 1254 2786 μου
1270 2752 1298 2777 ἐν
1312 2751 1345 2786 τῇ
1355 2751 1421 2785 εὐχῇ
1439 2758 1497 2782 σου,
1514 2749 1608 2783 ὥσπερ
1624 2747 1682 2774 οὐδὲ
1697 2746 1753 2781 ἐγὼ
1768 2744 1826 2776 σοῦ,
1841 2743 1890 2770 vel
1903 2744 1918 2770 ὁ

888 2843 908 2858 ²¹
926 2842 1020 2868 Mallh.
1037 2841 1123 2875 \',1G.
