2074 3144
258 194 323 227 ’1711

747 194 901 224 LEONTII
921 192 1172 224 NEAPOLITANI
1202 192 1373 223 EPISCOPI

1828 193 1894 226 l7l2

256 251 357 279 ciniam
383 249 456 276 illam
487 249 612 284 protinus
634 253 769 280 mutaret,
791 248 879 276 donec
900 255 944 275 res
968 254 1048 282 quam

1102 245 1181 271 τοῦτο
1198 246 1212 272 6
1226 245 1309 277 ὅσιος,
1321 246 1362 271 ὅτι
1383 244 1477 271 καθότι
1501 246 1587 272 ἐποίει
1604 246 1629 272 τί
1645 254 1711 273 ποτε
1729 247 1891 281 παράδοξον,

255 298 368 328 fecerat,
380 300 453 323 esset
466 295 603 322 oblivione
619 295 735 329 sepulta.
761 294 893 322 Studebat
908 294 1001 325 etiam,
1021 297 1049 319 ut

255 343 340 377 inepti
354 341 454 376 aliquid
478 349 533 376 pra:
548 349 577 368 se
592 341 687 371 ferret.
709 348 763 375 quo
783 345 943 375 contegeret
971 340 1047 372 illud,

255 388 325 423 quod
344 392 417 415 recte
430 391 563 423 gesserat.
585 386 683 414 Evenit
703 386 850 420 aliquando
874 390 904 413 ut
923 385 976 417 ille,
1001 385 1047 419 qui

255 435 365 470 lupinos
384 433 564 460 distribuebat
589 433 615 460 in
642 440 777 467 caupona,
797 432 933 467 acciperet
956 431 1047 458 cibum

257 481 316 514 ejus
332 488 339 507 :
355 484 414 507 erat
429 483 519 506 autem
537 487 624 514 caupo
639 479 707 506 adeo
722 478 846 510 immitis,
862 483 892 505 ut
906 485 978 512 smpe
993 484 1047 503 non

256 526 334 552 daret
358 525 382 552 ei
412 525 515 557 cibum,
540 524 647 551 tametsi
671 524 756 551 multa
780 523 912 550 venderet
936 527 1048 557 propter

258 573 433 608 Symeonem.
448 570 513 597 Nam
529 570 612 602 cives,
633 570 709 604 quasi
723 569 762 596 rei
778 569 897 596 novitate
911 567 1046 602 suspensi,

257 618 386 645 dicebant
400 617 472 643 inter
494 623 523 642 se
540 623 547 641 :
563 614 674 645 Eamus,
694 614 828 645 bibamus,
843 614 887 640 ubi
903 613 982 640 Salus
995 616 1047 639 est.

257 662 380 695 Quadam
399 662 480 696 igitur
493 661 538 688 die
563 661 703 696 ingressus
725 665 767 687 est
788 667 912 694 serpens,
937 663 965 686 et
980 659 1050 686 bibit

257 710 351 736 vinum
370 716 403 736 ex
425 715 480 735 una
500 707 618 743 ampulla
647 707 713 742 (39),
740 711 767 734 et
785 706 908 734 evomuit
931 706 1049 740 desuper

257 761 393 782 venenum
407 761 497 786 suum,
513 757 540 780 et
558 753 634 779 abiit.
650 752 708 779 Non
731 756 789 779 erat
810 751 883 778 intus
897 752 981 779 abbas
1002 751 1051 786 Sy-

257 807 349 830 meon,
369 798 415 826 sed
432 798 498 825 foris
513 798 630 824 ducebat
644 797 761 824 choreas
775 804 838 824 cum
860 796 1048 831 popularibus.

256 846 405 879 Postquam
426 844 546 872 venisset
570 847 690 874 sanctus,
705 843 779 870 videt
796 843 923 878 ampulla:
951 843 1049 870 inscri-

256 896 345 925 ptum,
358 897 445 921 mors;
460 889 499 916 sic
516 893 605 915 tamen
621 893 652 915 ut
665 887 748 915 videri
761 896 816 915 non
830 892 930 923 posset.
947 887 1045 915 Statim

257 921 339 972 igitur
351 935 486 970 intelligit.
502 934 567 969 quid
589 934 616 961 in
629 941 660 961 ea
673 933 775 961 factum
790 921 862 961 ess—et
879 937 926 961 :et
939 934 1047 961 sublato
1064 921 1086 950 Β

257 983 341 1017 ligno,
355 981 435 1017 fregit
449 988 520 1014 eam,
542 980 620 1008 sicuti
635 981 715 1016 plena
736 985 805 1008 erat.
822 981 943 1016 Abrepto
958 981 1050 1015 itaque

257 1030 330 1065 ligno
342 1037 356 1056 e
370 1028 496 1056 manibus
511 1027 580 1062 ejus,
594 1027 747 1054 verberavit
760 1027 848 1062 ipsum
858 1026 951 1058 herus,
963 1026 1050 1054 donec

256 1074 395 1107 deﬁceret,
413 1078 441 1100 et
461 1073 655 1108 insequebatur
674 1073 773 1108 ipsum.
797 1072 876 1100 Venit
889 1077 980 1100 autem
999 1080 1050 1108 po-

257 1121 353 1148 stridie
367 1120 452 1147 abbas
464 1119 592 1156 Symeon,
609 1123 636 1146 et
648 1119 792 1146 abscondit
804 1126 834 1146 se
845 1123 906 1153 post
920 1119 1048 1154 januam;

257 1171 285 1194 ct
299 1175 363 1195 ecce
381 1167 462 1195 rediit
476 1174 599 1202 serpens,
622 1171 653 1194 ut
669 1166 791 1200 biberet,
808 1173 927 1201 eumque
939 1165 1050 1200 conspi-

257 1219 334 1242 catus
358 1221 457 1248 caupo,
477 1212 591 1248 arripuit
616 1213 721 1249 lignum
742 1212 825 1245 idem,
850 1212 944 1239 volens
959 1212 1048 1247 ipsum

257 1259 402 1292 occidere;
418 1263 444 1286 et
459 1266 522 1286 cum
539 1258 721 1294 percussisset
742 1263 770 1285 et
790 1259 954 1291 aberrasset,
971 1258 1050 1293 fregit

256 1311 352 1332 onmes
367 1304 500 1339 ampullas
516 1308 544 1331 et
561 1304 668 1339 poeula.
684 1303 761 1331 Tunc
775 1303 897 1331 accurrit
916 1304 1005 1336 Salus,
1022 1309 1049 1331 et

257 1349 343 1377 dicit:
365 1349 436 1382 Quid
449 1353 501 1382 est,
521 1349 624 1376 stulte?
651 1348 729 1382 Vide,
754 1357 809 1376 non
830 1356 880 1384 ego
893 1349 967 1376 solus
989 1357 1048 1376 sum

212 1397 214 1399 ’
257 1396 398 1431 incrsuO)
417 1400 444 1424 et
466 1395 559 1423 minus
583 1396 690 1423 dexter.
712 1395 782 1422 Tum
807 1395 941 1423 intellexit
962 1403 1050 1430 caupo

257 1443 329 1477 quod
343 1443 378 1470 ob
395 1442 518 1470 eamdem
543 1449 655 1469 causam
683 1442 767 1469 abbas
780 1441 897 1477 Symeon
922 1441 1050 1477 fregisset

257 1488 416 1524 ampullam,
431 1492 459 1516 et
480 1487 631 1516 adificatus
652 1487 714 1520 fuit,
738 1492 765 1515 et
791 1487 885 1514 habuit
909 1495 971 1514 eum
1000 1495 1050 1523 pro

257 1540 362 1562 sancto.
776 1541 779 1543 ’

292 1581 336 1608 54.
358 1580 428 1608 Cum
443 1581 534 1616 itaque
550 1579 631 1607 vellet
647 1584 757 1607 sanctus
773 1579 882 1608 abolere
895 1580 938 1607 sui
958 1580 1050 1608 existi-
1065 1589 1087 1619 α

257 1629 417 1660 mationem,
445 1635 481 1655 ne
503 1628 587 1654 herus
615 1627 735 1663 gloriose
753 1627 787 1654 de
810 1634 840 1654 se
865 1628 1048 1662 praadicaret,

257 1674 301 1700 dic
313 1673 440 1708 quadam,
464 1681 527 1700 cum
544 1680 613 1700 uxor
632 1674 692 1707 ejus
712 1673 845 1701 dormiret
859 1674 927 1706 sola,
944 1678 972 1701 et
992 1674 1050 1708 ipse

257 1719 351 1745 vinum
362 1718 504 1751 venderet,
518 1719 634 1746 accessit
649 1719 682 1746 ad
695 1726 755 1745 eam
775 1719 859 1746 abbas
877 1720 1007 1754 Symeon,
1023 1725 1052 1747 et

258 1772 314 1800 pne
328 1772 357 1792 se
371 1764 430 1792 tulit
445 1771 547 1791 exuere
574 1772 603 1791 se
623 1768 715 1792 vestes
735 1772 810 1792 suas.
832 1765 880 1792 Illa
902 1765 1048 1798 clamante,

259 1811 396 1845 ingressus
414 1815 458 1837 est
479 1809 520 1837 vir
534 1810 604 1845 ejus.
625 1810 676 1837 Cui
689 1810 734 1837 illa
751 1819 757 1837 :
779 1811 865 1845 Ejice,
881 1811 980 1846 inquit,
994 1819 1050 1838 sce-

259 1856 433 1884 lestissimum
449 1856 533 1887 hunc,
551 1855 615 1890 quia
631 1855 688 1883 vim
702 1856 769 1883 mihi
784 1856 886 1883 inferre
902 1856 1006 1890 voluit;
1023 1861 1050 1883 et

258 1902 360 1937 pugnis
373 1908 436 1934 eum
453 1900 572 1931 caedens,
597 1908 630 1928 ex
649 1900 756 1928 ollicina
771 1901 875 1936 expulit
894 1901 920 1928 in
937 1901 1049 1938 glaciem

259 1950 328 1981 (erat
354 1947 428 1974 enim
467 1949 616 1981 tempestas
644 1946 793 1982 perfrigida
827 1953 854 1975 et
895 1946 1048 1983 pruinosa).

258 1995 346 2028 Atque
361 2001 393 2021 ex
408 1993 461 2022 hoc
475 1997 597 2028 tempore
613 2000 700 2028 caupo
714 2000 769 2021 non
782 1993 863 2021 modo
879 2001 942 2022 eum
953 1994 1050 2022 habuit

258 2047 314 2072 pro
323 2038 435 2066 homine
448 2042 546 2065 emotae
563 2038 680 2071 mentis;
703 2045 798 2066 verum
812 2037 835 2065 si
850 2038 932 2065 alium
954 2047 1049 2075 quem-

260 2083 330 2118 piam
344 2083 452 2111 audiret
474 2083 611 2111 dicentem
628 2092 636 2110 :
663 2083 809 2111 Enimvero
832 2083 947 2111 fortasse
962 2091 991 2112 se
1008 2089 1049 2111 ta-

260 2129 311 2155 lem
330 2135 392 2156 esse
413 2128 524 2155 simulat
542 2128 626 2155 abbas
645 2128 713 2160 iste;
728 2127 819 2155 statim
841 2128 878 2155 illi
898 2129 1048 2163 responde-

258 2173 305 2200 bat
323 2181 329 2198 :
344 2172 412 2200 Vere
431 2181 516 2208 purus
534 2179 616 2208 putus
633 2174 817 2202 daemoniacus
831 2179 890 2206 est;
909 2181 964 2201 non
980 2174 1050 2201 fallit

259 2228 302 2247 me
318 2219 399 2246 homo
418 2229 424 2246 ε
442 2227 504 2246 nam
531 2220 610 2246 uxori
630 2227 698 2247 mea:
721 2219 817 2246 vitium
836 2220 935 2247 all'erre
951 2220 1047 2252 voluit,

258 2265 281 2292 si
299 2264 441 2298 potuisset,
463 2268 490 2291 et
509 2271 606 2291 carnes
626 2269 703 2291 vorat
725 2265 795 2292 sicut
814 2265 922 2292 atheus.
944 2264 1049 2300 Stepius

258 2309 360 2337 etenim
380 2316 477 2336 carnes
498 2316 607 2343 quoque
627 2309 740 2336 vorabat
761 2309 809 2336 Vir
824 2309 926 2344 justus,
940 2308 1049 2344 quando

258 2364 305 2390 per
319 2359 402 2383 totam
427 2355 625 2382 hebdomadem
650 2362 704 2381 non
723 2359 878 2390 gustaverat
897 2363 1007 2390 panem,
1023 2360 1050 2383 et

259 2409 339 2430 nemo
348 2401 483 2436 jejunium
499 2400 560 2435 ejus
577 2400 753 2435 intelligebat.
772 2401 805 2427 Et
822 2408 920 2428 carnes
938 2401 1048 2436 quidem

259 2455 350 2474 coram
373 2447 415 2474 eis
437 2447 560 2478 vorabat,
581 2451 611 2472 ut
639 2445 700 2472 illos
714 2437 839 2473 'falleret.
867 2445 954 2474 Totus
981 2454 1048 2474 vero

263 2492 342 2527 quasi
359 2493 482 2526 corporis
497 2499 594 2527 expers
607 2495 676 2525 erat,
700 2499 788 2526 neque
803 2492 917 2519 curabat
930 2492 1049 2520 dedecus

258 2542 305 2564 aut
318 2537 471 2570 hominum,
486 2543 533 2565 aut
544 2543 660 2565 natur-.e.
679 2537 785 2572 Saepius
797 2537 880 2570 enim,
902 2538 996 2566 volens
1010 2539 1048 2565 al-

257 2589 321 2609 vum
337 2589 496 2614 exonerare,
514 2583 616 2610 nullius
635 2591 716 2610 causa
738 2583 915 2616 erubescens,
932 2591 994 2611 mox
1014 2585 1047 2611 ad

259 2629 346 2655 locum
363 2628 480 2662 aliquem
506 2629 617 2655 sedebat
642 2629 668 2655 in
700 2629 759 2656 foro
785 2637 876 2656 coram
902 2630 1046 2662 omnibus;

257 2679 338 2709 atque
352 2674 405 2701 hoc
418 2673 545 2705 faciebat,
563 2678 592 2701 nt
612 2674 652 2701 vel
677 2682 711 2702 ex
735 2682 768 2702 eo
781 2675 970 2709 persuaderet,
985 2683 1047 2704 vere

1101 290 1204 322 εὐθέως
1219 289 1335 325 ἤλλασσε
1350 290 1400 325 τὴν
1412 291 1547 324 γειτονίαν
1569 291 1675 325 ἐκείνην
1688 311 1694 323 ,
1715 291 1767 322 ἕως
1785 292 1831 318 τοῦ
1843 293 1893 327 λη-

1101 336 1223 372 σμονηοῇ
1237 336 1267 362 τὸ
1281 337 1408 372 πρᾶγμα,
1436 337 1449 363 ὃ
1467 337 1606 372 ἐποίησεν.
1625 337 1775 364 Ἐσπευῗεν
1800 338 1829 365 δὲ
1847 341 1893 365 καὶ

1101 382 1231 418 παραυτά
1261 382 1481 417 σχηματίσασοαι
1512 383 1628 418 ἄκαιρόν
1654 384 1680 410 τί
1706 393 1782 415 ποτε,
1802 385 1846 412 ἵνα
1859 386 1892 412 δι’

1100 430 1206 455 ἐκείνου
1219 429 1376 466 ὲπικαλύψῃ
1394 430 1424 456 τὸ
1440 430 1615 465 κατόρθωμα.
1635 430 1703 456 [lact
1718 431 1746 457 δὲ
1762 431 1892 466 θερμοδο-

1099 475 1154 502 τῶν
1174 476 1202 502 ἐν
1221 476 1373 511 καπηλείῳ,
1388 476 1526 510 ἐλάμϐανε
1541 476 1589 512 τὴν
1604 477 1709 512 τροφὴν
1724 477 1817 505 αὑτοῦ,
1836 476 1891 504 Ἶιν

1099 521 1125 547 δὲ
1141 520 1313 556 ἄσπλαγχνος
1330 523 1344 548 6
1357 522 1489 555 κάπηλος,
1503 522 1574 548 ὥςτε
1608 522 1739 553 πολλάκις
1763 523 1822 549 οὐδὲ
1843 523 1894 558 τὴν

1099 567 1200 602 τροφὴν
1229 567 1311 593 αὑτοῦ
1338 567 1435 598 ἐδίδου,
1463 568 1565 602 καίπερ
1584 567 1684 602 πολλὴν
1704 568 1806 602 πρᾶσιν
1823 569 1892 603 ἔχων

1097 612 1140 639 διὰ
1158 613 1206 639 τοῦ
1221 613 1318 640 Σαλοῦ.
1338 614 1382 645 Ὠς
1407 615 1436 639 ὲν
1456 614 1532 645 τάξει
1550 614 1604 649 γὰρ
1621 613 1772 649 μετεώρου,
1801 614 1892 648 ἔλεγον

1100 659 1166 694 πρὸς
1179 659 1309 695 ἀλλήλους
1322 661 1346 686 οἱ
1362 660 1470 686 πολῖται
1481 669 1488 675 ⁸
1508 661 1649 694 Ἄγωμεν,
1676 661 1784 695 πίωμεν
1798 661 1864 687 ὅπου
1879 661 1893 687 6

1099 705 1192 736 Σαλός.
1219 705 1264 731 Ἐν
1281 706 1330 740 μιᾷ
1345 703 1391 732 οὖν
1406 706 1459 732 τῶν
1481 707 1593 741 ἡμερῶν
1616 706 1742 740 εἰσῆλθεν
1758 706 1829 740 ὄφις,
1847 706 1893 732 καὶ

1099 750 1175 777 ἔπιεν
1193 751 1222 783 ἐξ
1240 751 1300 781 ἑνὸς
1320 751 1375 777 τῶν
1400 751 1514 786 βισσίων
1537 751 1585 778 τοῦ
1607 753 1692 784 οἴνου,
1707 752 1754 778 καὶ
1764 752 1893 788 ὲξέρασεν

1099 797 1174 823 κάτω
1191 797 1236 823 τὸν
1253 797 1291 824 ἰὸν
1306 797 1400 830 αὑτοῦ,
1414 798 1462 824 καὶ
1475 798 1660 832 ἀνεχώρησεν.
1675 799 1733 825 υὺκ
1745 797 1778 834 ἦν
1793 799 1821 826 δὲ
1839 799 1893 826 ἔσω

1099 843 1113 868 6
1127 843 1214 874 ἀϐϐᾱς
1227 842 1349 877 Συμεὼν,
1362 843 1418 870 ἀλλ’
1430 843 1483 876 ἔξω
1495 843 1635 876 ἐϐάλλιζεν
1653 844 1722 878 μετὰ
1739 844 1793 870 τῶν
1809 844 1894 879 δημο-

1099 887 1162 914 τῶν.
1182 887 1282 914 Ἐλθὼν
1294 886 1341 914 οὖν
1364 889 1379 915 6
1403 889 1486 921 ὅσιος,
1503 889 1602 924 Θεωρεῐ
1618 890 1666 924 τὴν
1681 889 1777 924 iliacas;
1797 892 1894 924 ἐπιγε-

1101 934 1266 968 γραμμένην
1280 934 1413 969 ἀοράτως,
1433 934 1564 966 Θάνατος.
1582 935 1689 966 Εὐθέως
1711 933 1756 962 οὖν
1781 936 1892 970 ἐνόησεν

1101 978 1131 1005 τὸ
1153 980 1263 1013 γεγονὸς
1282 981 1320 1011 είς
1336 980 1432 1015 αὐτὴν,
1451 981 1500 1007 καὶ
1529 982 1634 1017 ἐπάρας
1662 981 1751 1013 ξύλον,
1777 981 1892 1009 ἔκλασεν

1102 1024 1197 1060 αὐτὴν,
1223 1025 1260 1056 ὡς
1283 1025 1377 1060 ἔγεμε.
1401 1026 1499 1052 Λαϐὼν
1513 1025 1559 1053 οὖν
1578 1028 1591 1053 6
1615 1027 1748 1062 αὺῢέντης
1762 1028 1846 1054 αὑτοῦ
1862 1027 1894 1053 τδ

1103 1070 1180 1103 ξύλον
1195 1072 1227 1097 ὲκ
1238 1072 1287 1106 τῆς
1301 1072 1392 1107 χειρὸς
1405 1072 1499 1104 αὑτοῦ,
1520 1073 1618 1100 ἔδωκεν
1632 1073 1706 1108 αἰτῴ
1721 1074 1779 1108 μετ’
1799 1074 1892 1104 αὑτοῦ,

1102 1116 1156 1148 ἕως
1169 1117 1311 1152 ἠτόνησεν,
1337 1118 1383 1144 καὶ
1402 1118 1511 1151 ἐδίωξεν
1537 1119 1628 1146 αὐτόν.
1645 1119 1710 1146 Ἐπὶ
1725 1119 1775 1155 τὴν
1797 1119 1893 1154 αὔριον

1101 1161 1128 1187 δὲ
1139 1159 1232 1197 ἦλθεν,
1250 1163 1303 1189 ¹καὶ
1330 1164 1492 1199 παρεκρύδη
1517 1165 1603 1192 ὀπίσω
1615 1166 1761 1201 τῆςῸύρας
1776 1168 1790 1193 ό
1806 1166 1892 1197 ἀῆὃᾶς

1101 1206 1225 1242 Συμεὼν,
1242 1208 1288 1234 καὶ
1306 1208 1368 1235 ἰδὼν
1384 1209 1464 1236 αὑτὸν
1482 1210 1496 1236 6
1511 1210 1646 1244 κάπηλος,
1661 1210 1756 1237 ἔλαϐεν
1772 1211 1803 1238 τὸ
1816 1205 1901 1243 ξύλον

1101 1253 1131 1280 τὸ
1143 1254 1219 1287 αὐτὸ,
1236 1256 1284 1282 καὶ
1300 1256 1366 1287 ἰδοὺ,
1383 1256 1465 1283 πάλιν
1481 1258 1494 1283 6
1513 1258 1573 1291 δφις
1588 1256 1670 1293 ἦλθεν
1694 1260 1767 1284 πιεῖν
1778 1278 1785 1289 ,
1808 1257 1891 1284 θέλων

1102 1301 1231 1335 φονεῦςαι
1245 1302 1338 1335 αὐτὸν,
1355 1303 1399 1329 καὶ
1415 1303 1573 1338 ἀποτυχὼν,
1588 1303 1689 1330 ἔδωκεν
1715 1305 1762 1330 καὶ
1779 1303 1894 1330 ἔκλασεν

1101 1347 1149 1374 ὅλα
1168 1347 1203 1373 τὰ
1221 1348 1313 1383 βισσία
1328 1348 1375 1375 καὶ
1392 1349 1425 1376 τὰ
1444 1350 1573 1384 ποτήρια.
1599 1350 1666 1376 Τότε
1687 1351 1865 1385 εἰσεπήδησεν
1879 1351 1893 1376 6

1101 1393 1195 1424 Σαλὺς,
1213 1395 1259 1420 καὶ
1270 1394 1343 1428 λέγει
1358 1394 1442 1430 αὐτῷ·
1457 1395 1489 1421 Τί
1502 1397 1589 1429 ἐστιν,
1606 1396 1686 1431 ἐξηχε
1697 1405 1704 1428 ς
1717 1396 1765 1428 ἴδε,
1775 1397 1824 1422 οὐκ
1834 1397 1893 1431 εἰμὶ

1101 1438 1158 1472 ἐγὼ
1180 1439 1258 1473 μόνος
1284 1440 1418 1476 ἀπέργης.
1436 1441 1503 1467 Τότε
1519 1440 1565 1468 οὖν
1590 1442 1661 1476 ἔγνω
1675 1443 1689 1468 6
1703 1442 1834 1477 κάπηλος,
1851 1443 1892 1468 ὃτι

1101 1484 1136 1510 δι’
1146 1485 1211 1511 αὐτὸ
1228 1485 1341 1512 ἔκλασεν
1353 1487 1367 1513 6
1381 1486 1468 1518 ἀῦὁᾶς
1481 1486 1595 1522 Συμίεὼν
1606 1487 1635 1514 τὸ
1651 1487 1752 1522 βισσὶν,
1764 1489 1810 1514 καὶ
1821 1488 1893 1523 ᾠκο-

1100 1530 1215 1566 δομήθη,
1235 1532 1280 1558 καὶ
1294 1530 1367 1567 εἶχεν
1385 1533 1469 1559 αὑτὸν
1486 1533 1574 1567 ἇγιον.

1139 1577 1186 1605 λδ’.
1202 1578 1292 1606 Θέλων
1316 1577 1362 1606 οὖν
1377 1580 1391 1605 ὁ
1412 1580 1486 1611 ὅσιος
1509 1580 1643 1607 ἀναλῦσαι
1667 1580 1716 1616 τὴν
1747 1579 1892 1614 οἰκοδομὴν

1102 1623 1195 1656 αὐτοῦ,
1210 1623 1254 1650 ἳνα
1269 1624 1306 1659 μὴ
1324 1624 1499 1662 οριαμῦεύσῃ
1523 1627 1622 1658 αὑτὸν,
1644 1627 1672 1652 ἐν
1691 1627 1738 1661 μιᾷ
1755 1625 1893 1661 κοιμωμέ-

1100 1677 1149 1704 νης
1163 1669 1214 1704 τῆς
1229 1670 1358 1704 γυναικὸς
1372 1671 1455 1698 αὐτοῦ
1468 1672 1564 1707 μόνης,
1583 1672 1712 1699 κάκείνου
1725 1672 1891 1708 προϐάλλον-

1099 1723 1146 1746 τος
1162 1714 1243 1748 οἶνον,
1271 1717 1357 1752 ἐπέϐη
1383 1717 1451 1752 προς
1465 1718 1550 1753 αὐτὴν
1572 1719 1586 1744 6
1599 1718 1687 1750 ἁὸὗὶς
1707 1718 1829 1753 Συμεὼν,
1845 1719 1892 1744 καὶ

1100 1760 1306 1796 ὲσχηματίσατο
1316 1761 1482 1788 ἀποδύεσθαι
1495 1762 1525 1788 τὸ
1541 1762 1648 1796 ἱμάτιον
1662 1762 1757 1789 αὑτοῦ.
1767 1763 1891 1796 Ἐκείνης

1100 1806 1145 1833 οὖν
1167 1807 1304 1841 βοησάσης
1318 1827 1324 1839 ,
1353 1807 1477 1841 εἰσῆλθεν
1498 1809 1512 1834 6
1541 1808 1612 1843 ἀνὴρ
1627 1808 1724 1843 αὐτῆς,
1748 1808 1796 1835 καὶ
1818 1808 1891 1842 λέγει

1101 1851 1176 1887 αὐτῷ
1188 1852 1293 1888 ἐκείνη·
1314 1852 1382 1880 Βάλε
1399 1852 1452 1884 ἔξω
1468 1852 1513 1879 τὸν
1535 1853 1755 1887 τρισκατάρατον
1782 1852 1891 1884 τοῦτον,

1099 1898 1141 1924 ὅτι
1172 1898 1318 1933 βιάσασθαι
1340 1898 1466 1933 ὲθέλησὲν
1494 1907 1539 1932 με,
1560 1899 1611 1924 καὶ
1634 1899 1755 1932 πυγμαῖς
1779 1897 1892 1924 τύπτων

1100 1945 1246 1980 ἐξήνεγκεν
1267 1945 1348 1972 αὑτὸν
1365 1946 1397 1971 ἐκ
1419 1945 1465 1971 τοῦ
1481 1944 1665 1979 ἐργαστηρίου
1688 1944 1728 1976 είς
1744 1944 1773 1970 τὸ
1789 1943 1892 1978 κρύοςο

1099 1990 1133 2027 ἦν
1144 1991 1198 2026 γὰρ
1212 1989 1315 2026 χειμὼν
1329 1991 1415 2025 μέγας
1427 1990 1474 2017 καὶ
1490 1990 1586 2026 βροχή-
1599 1991 1645 2016 καὶ
1659 1990 1753 2017 ἔκτοτε
1767 1991 1797 2017 οὐ
1813 1991 1893 2026 μόνον

1099 2038 1140 2064 ὃτι
1158 2035 1229 2072 εἷλεν
1245 2036 1326 2064 αὐτον
1337 2037 1350 2063 6
1367 2036 1491 2072 κάπηλος
1509 2037 1675 2072 παράφρονα
1686 2057 1694 2068 ,
1715 2036 1784 2063 ἀλλᾶ
1806 2038 1854 2063 καὶ
1868 2037 1892 2062 εἰ

1100 2083 1179 2110 ἄλλον
1206 2083 1279 2114 τινὸς
1302 2083 1400 2118 ἤκουεν
1424 2083 1562 2117 λέγοντος,
1593 2083 1697 2113 Ὄντως
1711 2083 1782 2118 τάχα
1797 2083 1893 2110 ἑαυτὸν

1101 2131 1172 2156 ποιεῖ
1197 2129 1288 2167 οὕτως.
1309 2130 1323 2155 6
1346 2128 1434 2157 ἀὸϐᾶε
1450 2127 1528 2160 οὗτος
1540 2149 1548 2161 ,
1576 2128 1678 2161 εὐθέως
1693 2129 1786 2163 ἔλεγεν
1801 2129 1890 2164 αὐτῷ·

1102 2175 1205 2206 Ὄντως
1219 2175 1391 2210 δαιμονιάρις
1407 2175 1481 2201 ἐστὶν
1494 2174 1626 2210 καθαρὸς,
1637 2175 1667 2201 οὺ
1690 2175 1781 2210 πλανᾷ
1797 2183 1831 2209 με
1847 2176 1894 2201 ἂν·

1080 2234 1087 2242 α
1101 2219 1220 2255 θρωπος,
1233 2220 1274 2245 ὅτι
1287 2220 1336 2252 τὴν
1349 2219 1469 2253 γυναῖκά
1483 2228 1534 2254 μου
1550 2219 1683 2254 ἠθέλησεν
1699 2219 1852 2255 μοιχεῦσαι,
1869 2220 1892 2245 εἰ

1065 2258 1087 2287 Ι)
1103 2266 1246 2300 ἐπέτυχεν,
1273 2266 1320 2292 καὶ
1344 2266 1378 2291 τὰ
1397 2265 1465 2301 κρέα
1486 2265 1588 2300 τρώγει
1605 2265 1643 2297 ὼς
1669 2265 1707 2300 μὴ
1726 2265 1796 2299 ἔχων
1812 2265 1890 2290 Θεόν.

1105 2313 1244 2346 ’Ἑτρωγεν
1267 2311 1323 2347 γὰρ
1355 2311 1486 2343 πολλάκις
1517 2311 1531 2337 6
1553 2311 1660 2342 δίκαιος
1674 2311 1722 2337 καὶ
1745 2311 1826 2346 κρέα,
1854 2311 1892 2345 μὴ

1103 2359 1250 2392 γευόμενος
1267 2357 1349 2393 ἄρτον
1374 2357 1438 2391 ὃλην
1460 2356 1510 2392 τὴν
1537 2356 1684 2392 ἑϐδομάδα,
1700 2357 1748 2383 καὶ
1774 2357 1823 2391 τὴν
1842 2357 1892 2391 μὲν

1104 2403 1230 2438 νηστείαν
1247 2403 1329 2430 αὑτοῦ
1348 2403 1438 2434 οὐδεὶς
1460 2403 1547 2435 ἐνόει,
1570 2403 1604 2430 τὰ
1624 2403 1654 2430 δὲ
1683 2404 1753 2438 κρέα
1773 2403 1892 2437 ἔτρωγεν

1103 2449 1259 2485 ἔμπροσθεν
1274 2449 1364 2476 αὐτῶν
1376 2449 1444 2484 πρὸς
1469 2449 1578 2483 ἀπάτην
1599 2449 1700 2475 αὐτῶν.
1720 2448 1799 2479 Ὄλος
1815 2448 1842 2474 δὲ
1859 2445 1893 2482 ἦν

1103 2495 1196 2530 ὥσπερ
1215 2494 1372 2530 ἀσώματος,
1391 2495 1438 2521 καὶ
1465 2495 1531 2530 μηδὲ
1550 2495 1727 2531 ὑφορώμενος
1742 2495 1791 2528 τὴν
1807 2495 1893 2528 ἀπχη-

1104 2541 1234 2577 μοπύνην,
1253 2542 1322 2577 μήτε
1337 2541 1385 2576 τὴν
1395 2541 1450 2567 τῶν
1460 2541 1624 2576 ἀνθρώπων,
1641 2543 1711 2575 μήτε
1722 2540 1769 2575 τὴν
1781 2540 1830 2574 τῆς
1845 2540 1893 2573 φύ-

1103 2594 1181 2617 σεως.
1199 2586 1333 2618 Πολλάκις
1344 2586 1398 2621 γὰρ
1410 2585 1459 2620 τῆς
1480 2586 1598 2621 γαστρὸς
1614 2585 1697 2612 αὐτοῦ
1719 2585 1768 2619 τὴν
1788 2585 1894 2611 οἰκείαν

1102 2632 1196 2668 χρείαν
1220 2632 1403 2667 ἐπιζητούσης
1437 2632 1560 2666 ποιῆσαι,
1590 2631 1692 2662 εὐθέως
1717 2630 1818 2666 μηδένα
1831 2631 1895 2665 ἔρν-

1102 2677 1197 2713 οριῶν,
1222 2677 1268 2703 ἐπὶ
1282 2676 1332 2711 τῆς
1356 2677 1460 2712 ἀγορᾶς
1476 2676 1652 2711 πρδςδτόππον
1679 2674 1826 2707 ἐκαθέζετο
1846 2676 1893 2701 ἐπὶ

1011 2745 1127 2776 NOTAE.

292 2799 352 2837 (59)_
365 2799 422 2837 Est,
442 2799 527 2837 βίκος,
542 2807 588 2826 vat
607 2801 648 2837 vel
668 2810 734 2828 urna
748 2804 844 2831 habens
855 2813 944 2837 ansas,
962 2805 999 2832 uti
1014 2806 1047 2833 ab

257 2834 392 2870 llcsychio
404 2835 561 2868 exponitur,
576 2835 617 2862 vel
629 2843 675 2862 var
688 2838 830 2870 vinarium.
852 2840 891 2866 uti
904 2834 1047 2868 Eustathio

258 2869 409 2910 plut'elJ-in
425 2869 622 2910 ἰιιιιςιβυσᾳίον,
637 2871 690 2904 vel,
706 2877 735 2898 ut
746 2875 868 2907 sequitur
882 2875 1004 2910 proxime
1018 2876 1046 2903 in

259 2908 342 2935 textu,
359 2905 449 2939 βίσσα,
468 2905 574 2940 βίσσινῖθ

1141 2807 1199 2842 (40)
1219 2806 1276 2842 vox
1290 2807 1415 2841 ἀπέργης
1429 2806 1656 2842 obscurioriscst
1675 2810 1757 2832 noue.
1780 2804 1893 2842 Videtur

1103 2840 1204 2868 habere
1217 2840 1376 2869 affinitatem
1392 2840 1452 2869 cum
1467 2840 1666 2877 significatione
1681 2840 1892 2877 voeui_n_i:p_yo;

1102 2882 1128 2904 et
1141 2877 1286 2911 ἀέργηλος,
1305 2878 1385 2909 iners,
1410 2875 1517 2904 otiosus.
1544 2877 1679 2910 lnterpres
1695 2875 1766 2910 apud
1781 2875 1892 2902 Surium

1100 2912 1190 2944 vertit,
1203 2911 1282 2939 Cave.
