2074 3144
272 159 343 193 1743

779 161 934 193 LEONTII
949 164 1189 194 NEAPOLITAN
1192 165 1205 193 Ι
1221 164 1391 195 EPISCOPI

1840 164 1911 197 17M

271 218 316 245 sit.
332 215 397 249 Sed,
412 221 545 252 quantum
559 219 633 247 vales
654 227 686 247 ac
704 223 793 254 poles,
807 227 903 247 curam
924 226 988 253 gere
1006 218 1067 245 ani-

1119 220 1167 246 καὶ
1180 214 1308 256 δῦναμις,
1324 221 1468 256 φρόντισον
1481 220 1532 255 τῆς
1548 219 1655 251 οίκείας
1676 228 1723 246 σου
1745 219 1847 255 ψυχῆς,
1865 221 1910 247 ἵνα

271 271 323 292 mre
333 269 397 296 tuac,
415 268 444 292 ut
459 272 507 299 per
523 265 661 301 principes
682 266 860 293 tenebrarum
885 266 968 300 hujus
982 266 1065 298 aeris,

271 310 387 345 periculi
399 318 498 346 expers
515 312 633 339 transire
647 312 747 347 possis.
763 312 822 340 Scit
842 313 916 340 enim
931 312 1066 339 Dominus

271 365 369 390 magna
382 365 426 384 me
440 357 624 386 sollicitudine
639 363 666 386 et
689 359 788 386 timore
805 359 887 391 allici,
911 360 999 387 donec
1021 366 1066 386 sc-

272 411 356 430 curus
377 403 411 430 ab
442 404 509 438 ipsis
539 405 722 438 requiescam.
753 405 816 432 llrec
842 405 915 432 enim
940 409 982 431 est
1008 405 1066 432 dies

224 455 230 461 ”
272 450 353 482 mala,
378 450 411 477 de
429 458 481 485 qua
500 450 677 486 Apostolus"
698 456 725 478 et
742 452 825 479 David
838 452 861 467 ¹⁸
881 452 965 479 locuti
989 455 1064 478 sunt.

272 494 336 523 ldco
349 504 414 531 rogo
428 500 465 530 te,
485 497 522 523 ﬁli
543 505 574 524 ac
600 497 682 525 frater
706 497 834 531 Joannes,
861 503 961 533 quanta
987 503 1066 533 potes

272 542 460 572 contentione,
483 543 700 570 misericordiam
717 552 831 577 exerce;
855 544 913 572 haec
935 551 986 571 nos
1000 548 1066 571 tunc

270 586 371 621 juverit
393 587 454 622 plus
481 595 563 622 quam
594 596 690 614 omnes
713 589 837 616 virtutes.
869 588 939 616 Dicit
966 589 1064 616 enim:

276 642 285 657 ι
299 633 403 660 Beatus
413 634 459 668 qui
476 633 603 668 intvlligit
619 629 706 669 super
720 642 835 669 egenum
853 638 880 661 et
897 642 1063 669 pauperem;

273 677 300 703 in
313 677 356 704 die
367 678 436 704 mala
451 678 576 706 liberabit
591 686 653 705 cum
666 678 828 706 Dominus“
839 688 846 712 ;
859 689 869 705 ι
884 684 911 707 et
924 688 1065 715 nunquam

273 722 384 750 assistas
398 724 487 756 altari,
505 725 608 751 habens
622 725 723 760 aliquid
732 725 876 753 adversum
889 726 1019 761 aliquem,
1031 734 1065 754 ne

272 768 342 795 forte
358 769 485 803 iniquitas
501 774 545 796 tua
565 771 633 798 alios
650 772 732 798 etiam
754 771 881 807 indignos
901 773 998 800 reddat
1016 773 1065 800 ad-

273 818 356 840 ventu
371 814 488 850 Spiritus
504 816 603 843 sancti.

1117 267 1293 303 ἀχειμάστως
1317 268 1381 298 τοὺς
1407 267 1633 303 κοσμοκράτορας
1655 265 1702 292 τοῦ
1730 266 1845 298 σκότους
1860 267 1910 294 τοῦ

1116 314 1198 349 ἀέρος
1209 314 1304 340 τούτου
1314 314 1480 350 διαπερᾶσαι
1490 313 1615 349 δυνηθῇς.
1628 309 1707 340 Οῐδεν
1715 313 1770 348 γὰρ
1783 315 1798 340 6
1807 312 1911 349 Κύριος

1116 361 1156 387 ὅτι
1171 361 1273 396 πολλὴν
1289 361 1425 396 μέριμναν
1444 361 1492 388 καὶ
1506 361 1587 395 φόϐον
1610 359 1663 395 ἔχω
1674 380 1682 393 ,
1701 359 1756 391 ἕως
1768 357 1799 386 οὗ
1812 361 1911 396 ἀμερι-

1119 407 1213 442 μνήσω
1228 406 1259 439 ἐξ
1273 407 1373 434 αὐτῶν.
1387 407 1461 442 Αὕτη
1478 406 1532 441 γάρ
1552 407 1610 432 ἐστι
1634 405 1729 440 ἡμέρα
1748 406 1765 440 ἡ
1789 406 1908 441 πονηρὰ,

1116 454 1182 488 περὶ
1192 451 1227 489 ἦς
1242 454 1257 480 6
1271 453 1445 485 Ἀπόστολος,
1461 452 1508 480 καὶ
1520 453 1535 479 6
1548 451 1630 478 Δαυῒδ
1651 449 1739 478 εἶπεν.
1759 451 1803 478 Διδ
1818 461 1910 487 παρα-

1117 499 1192 527 καλῶ
1209 509 1249 533 σε,
1269 499 1363 526 τέκνον
1379 500 1425 526 καὶ
1441 499 1540 533 ἀδελφὲ
1554 498 1677 534 Ἰωάννη,
1697 498 1772 533 πάσῃ
1797 506 1841 524 σου
1856 498 1906 524 δυ-

1116 546 1207 580 νάμει,
1224 546 1248 572 εἰ
1260 545 1334 572 ἐστιν
1349 544 1455 576 δεκτὸν,
1481 545 1551 571 ἐλέει
1562 564 1569 576 ,
1589 545 1636 571 καὶ⁸
1651 544 1702 576 τὰς
1731 543 1802 578 ὑπὲρ
1817 543 1907 576 πάσας

1116 590 1216 626 ἀρετὰς
1239 590 1324 625 βοηθῇ
1347 590 1414 625 ἡμῖν
1431 589 1503 615 τότε.
1523 588 1607 623 Φησὶν
1620 587 1686 623 γὰρ,
1705 596 1715 613 ι
1737 586 1910 621 Μακάριος-ὸ

1117 635 1216 662 συνιὼν
1242 635 1290 662 ἐπὶ
1319 635 1428 670 πτωχδν
1450 635 1496 661 καὶ
1513 634 1629 669 πένητα,
1646 634 1675 660 ὲν
1692 632 1784 668 ἡμέρᾳ
1803 633 1910 668 πονηρᾷ

1117 681 1228 716 ῥύσεται
1237 680 1318 708 αὑτὸν
1331 681 1345 707 6
1358 680 1471 715 Κύριος·
1484 689 1493 706 ι
1506 679 1552 706 καὶ
1563 679 1697 714 μηδέποτε
1713 677 1752 713 τῷ
1776 677 1847 713 ἁγίῳ
1864 677 1909 704 θυι

1117 727 1267 763 σιαστηρίῳ
1284 728 1426 762 παραστῇ,
1441 726 1511 761 ἔχων
1532 726 1604 752 κατά
1616 733 1697 756 τινος,
1720 724 1757 759 μή
1771 733 1831 755 πως
1843 724 1860 758 ἡ
1876 724 1910 759 σὴ

1116 771 1216 807 ἀνομία
1243 770 1370 804 ἀναξίους
1395 773 1498 807 ποιήσῃ
1514 771 1563 798 καὶ
1587 769 1684 801 ἄλλους
1698 768 1749 803 τῆς
1763 769 1909 803 ὲπιφοιτήο

1117 826 1186 850 σεως
1209 817 1257 844 τοῦ
1275 817 1353 852 ἁγίου
1365 816 1537 852 Πνεύματος.

308 870 353 897 61.
375 870 437 898 Ηωο
453 876 480 898 et
507 872 584 906 plura
607 873 658 900 alia
681 874 845 908 enuntiavit,
865 880 892 902 et
910 876 1062 910 prohibuit,

1153 875 1203 908 Ea’.
1222 875 1315 902 Ταῦτα
1333 874 1381 902 καὶ
1394 874 1461 901 ἄλλα
1472 873 1500 900 δὲ
1514 873 1629 900 πλεῖστα
1651 871 1838 908 παρήγγειλεν
1856 871 1907 919 a6-

272 923 308 943 ne
324 916 414 951 aliqua
429 925 462 944 cx
477 918 511 945 iis
535 926 654 953 unquam
667 921 794 956 cuiquam
810 921 922 954 diceret,
938 927 1064 957 propter-

273 969 305 988 ea
329 962 401 995 quod
424 971 479 990 non
502 971 597 991 omnes
622 965 758 1000 accipiant
777 974 839 993 cum
865 967 986 999 fide,illa
1004 975 1064 1002 qua:

272 1007 413 1035 dicuntur.
437 1008 495 1036 Hoc
519 1009 566 1037 tibi
587 1010 623 1037 sit
647 1011 753 1044 solatio,
787 1012 859 1047 quod
884 1018 946 1048 post
982 1014 1064 1041 hosce

272 1059 328 1080 tres
345 1054 404 1081 dies
421 1054 552 1082 Dominus
563 1062 754 1092 assumpturus
773 1058 808 1086 sit
830 1059 974 1086 minimum
990 1059 1066 1087 hunc

272 1099 375 1134 Salum,
389 1105 416 1128 et
429 1101 571 1130 dominum
585 1102 733 1135 Joannem.
749 1103 860 1132 fratrem
871 1105 940 1139 cjus.
956 1105 1064 1132 Etenim

272 1154 323 1181 ego
337 1147 394 1182 ipse
406 1148 560 1181 discedens,
571 1149 625 1177 dixi
641 1150 665 1177 ei
678 1150 841 1183 :Adesdum,
853 1151 947 1184 frater,
957 1159 1062 1179 eamus.

273 1190 393 1227 Tempus
409 1193 559 1220 etiamnum
573 1199 715 1229 superest;
736 1195 784 1223 sed
801 1200 862 1231 post
875 1196 988 1224 biduum
1001 1197 1064 1225 veni

272 1236 306 1262 ad
328 1236 464 1271 tugurium
481 1245 583 1270 meum,
605 1243 634 1265 et
653 1239 713 1266 vide
728 1247 761 1266 an
781 1240 884 1274 aliquid
903 1240 1065 1268 inventurus

273 1281 321 1308 sis.
337 1281 403 1308 Volo
415 1287 505 1309 autem
522 1289 550 1309 ul
569 1283 671 1311 habeas
689 1292 887 1320 mnemosynon
901 1286 1013 1314 humilis
1037 1290 1065 1314 et

274 1326 424 1359 peccatoris
439 1326 503 1353 Sali.
517 1326 580 1355 Hac
597 1331 624 1355 et
635 1328 711 1363 plura
732 1329 783 1364 ipsi
799 1330 908 1363 effatus,
925 1331 1063 1364 discessit,

273 1376 301 1398 et
316 1372 341 1398 in
359 1373 496 1407 tugurium
515 1381 595 1400 suum
613 1382 642 1402 se
660 1375 775 1403 abdidit.
795 1376 874 1404 Nunc
886 1382 977 1404 autem
994 1383 1064 1405 tem-

275 1425 326 1451 pus
336 1422 423 1450 vocat,
437 1426 454 1445 ο
468 1419 561 1452 amici,
577 1424 607 1446 ιιι
618 1421 678 1455 ejus
694 1429 804 1457 quoque
815 1428 930 1451 mortem
946 1424 1065 1452 admira-

276 1464 349 1491 tione
366 1464 564 1500 dignissimam,
578 1474 626 1493 seu
641 1474 769 1494 somnum
779 1468 871 1503 potius
889 1470 965 1497 vobis
980 1479 1065 1506 expo-

275 1518 349 1538 nam.
371 1509 433 1538 Πιεο
455 1511 529 1538 enim
554 1520 608 1539 non
632 1513 718 1540 levem
741 1513 824 1541 etiam
840 1515 917 1542 vobis
934 1516 1065 1550 praebebit

1118 922 1167 958 τῷ,
1183 922 1213 954 ἐξ
1226 919 1263 949 ὧν
1278 931 1338 948 τινα
1355 922 1424 957 μήτε
1443 921 1531 947 εἰπεῖν
1556 920 1627 947 αὑτά
1641 919 1707 946 ποτέ
1726 926 1779 945 τινι.
1792 917 1902 952 παρεκές

1118 969 1213 995 λευσεν
1230 968 1275 995 διὰ
1286 968 1316 994 τὸ
1332 967 1369 1003 μὴ
1385 968 1488 998 πάντας
1505 965 1573 1002 μετά
1591 965 1710 996 πίστεως
1731 963 1855 999 δέχεσθαι
1873 963 1908 989 τὰ

1118 1014 1264 1049 λεγόμενα.
1292 1012 1490 1049 Παρακλήθητι
1515 1012 1553 1043 δὲ,
1571 1010 1666 1046 ἐπειδὴ
1693 1010 1737 1036 διὰ
1757 1010 1810 1036 τῶν
1824 1007 1909 1043 τριῶν

1118 1062 1220 1089 τούτων
1233 1061 1345 1097 ἡμερῶν
1361 1059 1603 1096 προσλαμϐάνεται
1617 1059 1631 1085 ὁ
1643 1059 1745 1094 Κύριος
1762 1057 1807 1083 τὸν
1825 1055 1911 1082 Σαλδν

1118 1108 1164 1135 τὸν
1183 1107 1334 1143 ἐλάχιστον,
1356 1107 1401 1133 καὶ
1418 1106 1464 1133 τὸν
1480 1103 1560 1141 κῦριν
1585 1105 1713 1139 Ἰωάννην
1731 1103 1777 1129 τὸν
1796 1101 1911 1136 ἀδελφὺν

1119 1153 1212 1182 αὐτοῦ.
1229 1154 1284 1180 Καὶ
1299 1152 1354 1188 γὰρ
1366 1152 1421 1187 ἐγὼ
1433 1152 1514 1183 αὐτὸς
1533 1150 1661 1177 ἀπελθὼν
1675 1147 1753 1176 εἷπον
1766 1147 1853 1182 αὐτῷ,
1868 1147 1912 1173 ὃτι

1125 1199 1246 1235 Ἀδελφέ,
1263 1199 1342 1235 δεῦρο
1353 1220 1360 1232 ,
1376 1199 1498 1233 ἄγωμεν.
1515 1197 1617 1232 Καιρὸς
1631 1197 1688 1223 ἐστι
1713 1194 1816 1226 λοιπὸν,
1840 1192 1912 1220 ἀλλά

1121 1247 1190 1281 μετὰ
1205 1245 1251 1272 δύο
1263 1246 1369 1282 ἡμέρας
1380 1245 1441 1271 ἐλθὲ
1451 1246 1491 1276 είς
1501 1245 1531 1271 τὸ
1542 1243 1672 1271 καλύϐιόν
1687 1251 1747 1278 μου,
1760 1241 1808 1268 καὶ
1823 1240 1912 1275 βλέπε

1119 1293 1145 1319 εῐ
1159 1300 1185 1319 τι
1195 1292 1344 1327 εὑρίσκεις.
1364 1291 1440 1317 Θέλω
1457 1290 1500 1316 ἵνα
1514 1289 1580 1325 ἔχῃς
1605 1287 1776 1324 μνημόσυνον
1798 1285 1845 1312 τοῦ
1859 1293 1910 1311 τα-

1119 1338 1213 1366 πεινοῦ
1228 1339 1275 1365 καὶ
1284 1337 1449 1374 ἀμαρτωλοῦ
1463 1335 1560 1363 Σαλοῦ.
1574 1335 1630 1362 Καὶ
1637 1334 1725 1361 ταῦτα
1738 1332 1784 1359 καὶ
1799 1332 1910 1358 πλείονα

1118 1385 1223 1412 τούτων
1236 1384 1320 1412 εἰπὼν
1335 1383 1419 1419 αὐτῷ,
1432 1381 1569 1415 ἀπελθὼν,
1581 1379 1752 1408 συνέστειλεν
1767 1378 1864 1405 ἑαυτὸν
1881 1377 1910 1403 ὲν

1118 1431 1158 1466 τῷ
1175 1430 1296 1466 καλυϐίῳ
1310 1429 1405 1457 αὑτοῦ.
1419 1428 1487 1455 Νυνὶ
1506 1427 1535 1454 δὲ
1559 1426 1655 1462 καιρὸς
1680 1425 1769 1456 καλεῖ,
1787 1420 1809 1450 ὧ
1826 1422 1909 1458 φίλοι,

1119 1478 1226 1505 καὶτὸν
1244 1475 1466 1510 ἀξιοθαύμαστον
1490 1473 1572 1500 αὑτοῦ
1599 1472 1734 1502 θάνατον,
1762 1468 1863 1504 μᾶλλον
1881 1467 1910 1494 δὲ

1120 1524 1217 1557 ὕπνον,
1232 1523 1297 1558 ὑμῖν
1311 1519 1503 1557 διηγήσασθαι.
1523 1518 1579 1545 Καὶ
1598 1517 1651 1551 γάρ
1678 1517 1752 1542 ἐστιν
1769 1514 1816 1542 καὶ
1829 1513 1910 1545 αὐτὸς

276 1556 431 1584 utilitatem.
451 1557 589 1591 Quinimo,
610 1558 637 1585 id
660 1559 732 1594 quod
754 1560 891 1591 omnibus.
917 1569 977 1596 quae
991 1569 1063 1597 pra:-

1119 1571 1145 1598 οὐ
1171 1570 1222 1605 τὴν
1250 1556 1385 1603 τυχοῦσαν
1415 1562 1545 1600 παρέχων
1563 1563 1714 1598 ὠφέλειαν,
1730 1560 1798 1587 ἀλλά
1810 1568 1840 1586 τε
1864 1559 1909 1605 καί

275 1603 346 1631 dicta
361 1608 435 1637 sunt,
448 1609 489 1631 est
503 1605 691 1638 excellentius,
708 1605 755 1632 illa
778 1606 895 1641 sigillum
911 1608 1014 1635 exstitit
1039 1613 1065 1636 et

276 1648 445 1676 confirmatio
472 1649 639 1677 intaminatae
664 1653 883 1680 conversationis
903 1654 973 1688 ejus.
997 1653 1065 1682 Dum

276 1693 349 1720 enim
362 1694 402 1720 vir
415 1702 528 1730 magnus
537 1696 652 1724 sentiret
664 1704 836 1725 communem
849 1699 945 1727 adesse
958 1700 1066 1734 horam,

277 1744 304 1765 et
320 1746 354 1765 ne
368 1745 428 1774 post
447 1745 561 1767 mortem
573 1742 682 1775 quidem
698 1743 779 1769 vellet
800 1743 949 1771 humanum
964 1745 1067 1773 referre

278 1784 420 1815 honorem,
437 1785 501 1819 quid
520 1786 605 1812 facit?
623 1787 762 1821 Ingressus
783 1789 876 1815 subter
890 1789 991 1816 fascem
1006 1797 1067 1816 sar-

276 1834 445 1863 mentorum,
460 1832 505 1866 qui
530 1832 557 1858 ιιι
581 1839 659 1859 sacro
679 1833 737 1867 ejus
752 1834 860 1868 tugurio
880 1839 949 1866 erat,
967 1828 1068 1863 ibidem

277 1876 462 1908 obdormiens,
476 1878 605 1912 spiritum
616 1886 696 1906 suum
712 1879 828 1908 Domino
841 1880 868 1907 in
887 1888 954 1916 pace
973 1883 1068 1910 reddi-

278 1921 327 1949 dit.
341 1923 498 1950 Familiares
509 1924 578 1959 ejus,
595 1924 641 1960 qui
654 1933 668 1952 a
679 1925 761 1953 biduo
774 1926 849 1953 illum
863 1934 919 1954 non
932 1927 1072 1965 viderant,

278 1967 518 2001 dicunt:Eamus,
535 1970 685 2003 videamus,
706 1979 771 1998 num
797 1971 869 1999 forte
888 1972 1013 2001 infirmus
1034 1974 1070 2002 sit

278 2013 367 2040 Salus.
385 2013 417 2040 Et
433 2014 596 2046 invenerunt
611 2023 674 2043 eum
695 2016 832 2051 jacentem
856 2018 953 2045 subter
966 2019 1067 2047 fascem

279 2064 489 2092 sarmentorum,
505 2065 653 2088 mortuum.
672 2061 740 2090 Tum
752 2063 865 2091 dicunt:
882 2065 923 2091 An
934 2066 990 2100 jam
1008 2073 1069 2094 cre-

278 2105 345 2133 dent
360 2113 465 2140 omnes,
480 2107 553 2142 quod
568 2108 668 2136 mentis
681 2116 793 2144 compos
807 2110 858 2138 iste
871 2110 973 2138 fuerit?
988 2111 1068 2145 Ecce,

278 2151 337 2186 ipsa
357 2151 438 2179 etiam
461 2153 521 2187 ejus
542 2161 617 2180 mors
635 2154 669 2181 ad
688 2155 806 2182 scalmos
827 2154 882 2191 (9|)
901 2161 953 2184 est.
970 2158 1003 2185 Et
1015 2158 1069 2186 duo

277 2196 389 2230 quidam
408 2197 529 2224 tulerunt
543 2205 604 2224 eum
631 2206 686 2225 non
706 2199 803 2232 lotum,
824 2201 883 2228 sine
907 2202 1068 2237 psalmodia,

279 2242 338 2269 sine
350 2242 437 2269 cereis
454 2247 482 2269 et
494 2243 690 2278 odoranlentis,
707 2249 735 2272 et
752 2246 885 2274 abeuntes
903 2248 1071 2283 sepelierunt
1086 2247 1108 2274 D

277 2288 369 2323 ipsum
382 2289 408 2316 in
423 2289 529 2317 tumulo
542 2291 759 2326 peregrinorum.

312 2390 358 2418 62.
378 2390 426 2418 llis
441 2397 544 2424 autem,
569 2393 616 2427 qui
637 2400 700 2420 eum
724 2394 878 2428 portabant,
900 2400 928 2422 et
944 2390 1070 2424 tumula—

278 2437 332 2463 turi
354 2437 443 2472 ipsum
466 2438 599 2471 abierant,
625 2440 777 2475 progressis
796 2441 829 2468 ad
849 2448 936 2477 usque
956 2443 1068 2471 domum

279 2480 419 2515 cujtsdam
431 2483 547 2516 Hebraei,
562 2484 634 2520 ﬁguli
648 2485 791 2518 vitrorum,
805 2494 886 2521 quem
900 2487 980 2515 Salus
994 2488 1071 2516 Chri-

280 2526 378 2553 stianis
395 2529 479 2557 sacris
495 2531 660 2565 ascripserat
673 2552 680 2563 ,
694 2532 771 2560 audit
782 2533 930 2567 praedictus
939 2533 1070 2564 Hebraeus

277 2571 459 2605 psalmodiam
475 2578 529 2602 tam
545 2576 718 2610 concinnam,
733 2582 762 2605 ut
776 2578 857 2605 talem
868 2579 939 2606 labia
951 2580 1070 2609 humana

281 2621 392 2645 cantare
415 2626 469 2645 non
491 2622 606 2655 possint,
628 2628 654 2651 et
668 2625 775 2652 turbam
801 2629 915 2658 tantam,
940 2632 1070 2662 quantam

315 2700 340 2716 ’³
355 2699 459 2735 Ephes.
479 2707 505 2730 v.
521 2708 559 2726 vr.
598 2701 622 2717 “
638 2700 709 2729 Psal.
729 2711 772 2736 XL,
787 2702 815 2730 2.
855 2703 877 2718 ’⁵
893 2703 962 2731 Ibid.

1122 1604 1231 1643 πάντων
1248 1613 1303 1640 τῶν
1319 1611 1525 1648 προειρημένων
1546 1607 1768 1644 ὲξαιρετώτερον,
1779 1606 1853 1636 ὅστις
1864 1604 1910 1631 καὶ

1122 1661 1241 1698 σφραγὶς
1266 1660 1312 1687 καὶ
1335 1658 1480 1694 βεϐαίωσις
1502 1657 1552 1691 τῆς
1567 1654 1718 1691 ἀμολύντου
1733 1651 1816 1698 αὐτου
1835 1650 1911 1677 πολι.-

1120 1697 1196 1740 τείας
1210 1706 1388 1741 καθέστηκεν.
1406 1702 1572 1737 ΔίσΘόμενος
1592 1700 1645 1736 γὰρ
1659 1701 1674 1726 6
1690 1699 1778 1735 μέγας
1790 1697 1839 1732 τὴν
1854 1705 1911 1722 κοι-

1121 1755 1170 1790 νὴν
1184 1753 1270 1789 ὥραν,
1284 1751 1446 1786 βουλόμενος
1465 1747 1531 1783 μηδὲ
1547 1747 1618 1773 κατὰ
1640 1745 1754 1790 θάνατρν
1767 1743 1851 1790 τιμὴν
1864 1742 1912 1790 ἀν·-

1121 1787 1261 1834 θρωπείαν
1272 1793 1488 1828 ἀπενέγκασθαι,
1501 1792 1527 1818 τί
1539 1792 1625 1824 ποιεῖς
1638 1787 1773 1834 Εἰσελθὼν
1785 1787 1913 1834 euexit-ui

1121 1829 1168 1868 τοῦ
1183 1840 1259 1871 ὄντος
1274 1837 1384 1873 φορτίου
1403 1835 1458 1862 τῶν
1479 1835 1667 1869 κληματιδὲων
1683 1834 1712 1858 ἓν
1732 1832 1770 1865 τῷ
1792 1829 1912 1863 καλυϐίῳ

1121 1885 1204 1914 αὑτοῦ
1219 1884 1258 1920 τῷ
1274 1872 1350 1918 ἱερῷ,
1360 1882 1450 1909 ἐκεῖσε
1466 1879 1616 1909 καθεύδων,
1627 1877 1667 1913 τῷ
1679 1875 1773 1910 Κυρίῳ
1783 1872 1909 1926 παρ’-ἐδω-

1122 1943 1169 1961 κεν
1185 1932 1216 1958 τὸ
1233 1919 1341 1965 πνεῦμα
1357 1929 1385 1955 ὲν
1400 1928 1505 1963 είρήνῃ.
1522 1926 1554 1952 OE
1573 1922 1619 1951 οὖν
1632 1922 1757 1957 συνήθεις
1769 1919 1862 1951 αὑτοῦ,
1875 1919 1913 1950 ὡς

1122 1980 1172 2006 οὐκ
1186 1976 1256 2012 εἶδον
1272 1976 1353 2003 αὑτὸν
1365 1974 1415 2006 τὰς
1428 1973 1476 2000 δύο
1491 1971 1607 2008 ἡμέρας,
1618 1969 1763 2012 λέγουσιῆ
1774 1967 1914 2012 Ἄγωμεν,

1123 2010 1233 2061 ἴδωμεν,
1250 2024 1287 2059 μή
1303 2030 1362 2053 πως
1376 2020 1486 2047 ἀσθενεῖ
1500 2020 1514 2046 6
1530 2016 1625 2048 Σαλός.
1658 2015 1714 2042 Καὶ
1735 2010 1814 2061 εὗρον
1833 2010 1917 2038 αὑτὸν

1123 2058 1256 2098 ὑποκάτω
1265 2069 1390 2103 κείμενον
1400 2065 1447 2093 τοῦ
1467 2064 1577 2100 φορτίου
1592 2062 1647 2089 τῶν
1664 2058 1850 2110 κληματιδίριν
1868 2064 1915 2083 νε-

1123 2115 1198 2150 κρόν.
1225 2113 1293 2140 Τότε
1319 2112 1461 2146 λέγουσιν⁸
1490 2107 1565 2143 Ἀρα
1592 2108 1625 2135 ἂν
1640 2107 1703 2142 ἄρτι
1722 2107 1916 2150 πιστεύσουσιν

1123 2148 1242 2191 παντες,
1258 2159 1300 2185 ὃτι
1311 2157 1376 2193 παρ’
1395 2156 1491 2184 ἑαυτὸν
1512 2153 1547 2190 ἦν
1566 2151 1661 2185 οὗτος
1686 2151 1752 2178 Ἰδοὺ
1772 2149 1820 2177 καὶ
1833 2148 1917 2180 αὐτὸς

1122 2208 1137 2234 6
1154 2207 1268 2237 θάνατος
1279 2204 1361 2231 αὑτοῦ
1373 2202 1579 2236 κατάσκαλμος.
1595 2200 1651 2228 Kal.
1667 2197 1853 2234 βαστάσαντες
1866 2195 1918 2222 αὑ-

1122 2254 1168 2280 τὸν
1182 2252 1229 2279 δύο
1243 2251 1325 2284 τινὲς,
1353 2249 1439 2285 χωρὶς
1462 2247 1508 2275 τοῦ
1524 2246 1624 2274 πλῦναι
1647 2244 1741 2277 αὑτὸν,
1760 2243 1807 2270 καὶ
1827 2240 1916 2277 χωρὶς

1123 2298 1293 2335 ψαλμῳδίας,
1324 2297 1373 2323 καὶ
1399 2295 1484 2332 χωρὶς
1513 2293 1618 2329 κηρίων
1643 2291 1692 2318 καὶ
1722 2288 1916 2326 Θυμιαμάτων,

1122 2345 1287 2375 ἀπελθόντες
1303 2343 1407 2378 ἔθαψαν
1424 2340 1504 2369 αὑτὸν
1521 2341 1561 2371 εἰς
1580 2339 1610 2365 τὸ
1626 2337 1794 2371 ξενοτάφιον.

1159 2401 1209 2436 ξβ’.
1234 2401 1279 2432 Ὠς
1295 2397 1341 2427 οὖν
1361 2398 1517 2433 ἀπήρχοντο
1537 2395 1583 2422 διὰ
1601 2395 1675 2421 οῖκου
1701 2393 1774 2424 τινὸς
1799 2391 1855 2419 ἀπὸ
1871 2390 1917 2417 'E-

1123 2446 1227 2483 σραίων
1239 2444 1365 2481 ὑελεψοῦ,
1391 2445 1474 2479 ὅνπερ
1488 2442 1569 2474 αὐτὸς
1596 2441 1724 2475 εποίησεν
1739 2436 1916 2483 Χριστιανὸν,

1121 2481 1159 2525 ὡς
1176 2492 1306 2527 ἀνωτέρω
1319 2490 1485 2526 εἰρήκαμεν,
1503 2488 1529 2514 οἱ
1543 2487 1638 2514 τοῦτον
1653 2484 1847 2520 βαστάζοντες,
1869 2481 1916 2509 καὶ

1122 2538 1297 2575 ἐξερχόμενοι
1322 2536 1408 2572 θάψαι
1433 2534 1527 2565 αὐτὸν,
1552 2532 1648 2560 ἀκούει
1663 2533 1677 2559 6
1702 2530 1847 2575 εἰρημένος
1861 2527 1916 2575 ἀπὺ

1128 2572 1263 2621 Ἐέραίων
1275 2582 1448 2619 ψαλμῳδίας,
1473 2578 1529 2619 οἷον
1547 2577 1629 2615 μέλος
1652 2578 1684 2604 οὺ
1703 2576 1816 2603 δύναται
1829 2572 1916 2621 ψᾶλαι

1123 2620 1211 2668 χεῖλος
1222 2629 1386 2666 ἀνθρώπων,
1402 2628 1450 2656 καὶ
1464 2626 1568 2662 πλῆθος
1582 2625 1597 2652 ὃ
1617 2625 1647 2652 οὒ
1665 2623 1779 2651 δύναται
1800 2620 1916 2654 συνᾶξαι

1039 2751 1157 2780 NOTAE.

317 2804 485 2844 {91_)“Gr:vcc
504 2804 634 2844 σκαὶμές,
647 2807 777 2844 paxilli",
806 2808 862 2836 sive
878 2814 944 2836 teres
958 2809 1066 2844 lignum,

281 2840 323 2865 (ui
337 2839 466 2879 alligatur
478 2839 734 2879 renmsJDgrivatur
751 2850 764 2869 a
781 2844 897 2879 σκάλλω,
911 2839 990 2879 fodio".
1002 2839 1067 2879 quia

281 2874 396 2908 paxillus
420 2883 486 2903 cavo
513 2877 589 2912 quasi
617 2875 758 2905 infoditur.
782 2878 850 2907 llinc
880 2874 966 2907 facilis
983 2874 1067 2908 inotio

1122 2810 1197 2874 voci:
1216 2810 1421 2854 κατάσκαλμος,
1433 2817 1483 2845 pro
1506 2816 1559 2844 qua
1587 2807 1656 2835 forte
1679 2806 1825 2843 legendum
1846 2805 1914 2832 κατὰ

1122 2854 1174 2873 cata
1194 2855 1272 2874 μοι-κ.

1122 2854 1272 2882 σκαλμονς.
