2074 3144
181 205 192 217 .
203 188 250 216 ita
815 183 906 214 VITA
924 182 956 214 S.
973 183 1175 218 SYMEONIS,
1754 181 1824 213 1746

174 240 251 266 πᾶσα
265 238 282 273 ἡ
295 237 669 274 ἀνθρωπότης.’Ὲκπλαγεὶς
683 235 731 265 οὖν
748 237 853 269 ἐκεῖνος
870 238 917 265 ἐπὶ
931 238 970 274 τῷ
984 243 993 270 Α

999 240 1175 270 lhumanum
1196 248 1284 277 genus
1306 247 1473 277 congregare
1493 246 1624 277 nequeat.
1648 241 1748 270 Verum
1773 242 1818 270 ille

177 285 294 320 συντόνῳ
314 286 360 311 καὶ
374 284 554 320 παναρμονίῳ
567 284 618 319 τῆς
632 283 784 319 άγγελικῆς
804 284 969 320 ήδυμελείας

1021 285 1165 320 perculsus
1178 286 1306 314 ordinato
1318 294 1350 315 ac
1364 287 1502 315 concinne
1523 287 1653 323 angelica
1667 288 1817 316 harmonia

174 333 244 368 ἦχῳ,
262 331 436 368 παρακύπτει
455 331 501 358 καὶ
526 331 625 366 θεωρεῖ
638 330 684 357 τδν
709 330 784 357 ὅσιον
804 330 970 366 προκομιζό-

1042 338 1098 364 mo,
1112 331 1260 359 incurvans
1273 339 1314 363 se,
1339 332 1418 360 videt
1438 333 1527 360 virum
1551 338 1678 361 sanctum
1697 334 1788 361 eﬂ'erri
1802 342 1819 362 a
1859 358 1861 362 ι

178 387 259 413 μενον
271 377 325 404 ὑπὸ
337 377 385 404 δύο
399 377 445 403 καὶ
463 376 544 411 μόνον
560 376 615 403 τῶν
631 375 823 412 βασταζόντων
837 376 921 404 αὐτοῦ
938 377 970 403 τὸ

1020 374 1128 403 duobus
1147 376 1289 409 dunlaxat,
1302 377 1348 411 qui
1364 377 1522 405 venerabile
1533 378 1592 413 ejus
1607 386 1707 413 corpus
1722 383 1818 414 porta-

176 424 266 459 τίμιον
277 423 366 458 σῶμα.
383 422 449 449 Τότε
461 420 538 449 εἶπεν
554 424 659 455 ἐκεῖνος
674 423 688 449 6
699 422 796 449 τούτου
813 423 859 450 τοῦ
882 423 968 459 ἀορά-

1020 420 1096 448 bant.
1114 421 1191 449 Tunc
1202 423 1269 450 dixit
1282 423 1337 456 ille,
1359 423 1406 458 qui
1419 423 1471 451 hoc
1485 431 1542 451 non
1561 425 1714 458 spectabile
1732 425 1818 452 melos

176 479 223 497 του
241 469 339 505 μέλους
351 470 479 501 ἀκούσας·
495 469 639 505 Μακάριος
649 467 684 500 εἴ,
696 469 776 501 Σαλὲ,
791 470 832 496 ὅτι
849 470 885 505 μὴ
899 469 970 504 ἔχων

1020 465 1160 493 audierat:
1176 466 1272 493 Beatus
1283 474 1324 499 es,
1345 466 1418 499 Sale,
1438 467 1513 501 quia,
1535 467 1582 502 qui
1601 475 1657 495 non
1669 468 1754 495 habes
1766 468 1818 496 ho-

175 515 336 550 ἀνθρώπους
349 515 501 550 ψάλλοντάς
519 525 571 549 σοι,
590 516 662 551 ἔχεις
678 515 822 552 οὐρανίους
841 516 971 550 δυνάμεις

1021 510 1119 543 mines,
1136 512 1181 546 qui
1206 512 1254 539 tibi
1278 512 1406 547 psallam,
1432 512 1519 540 habes
1542 513 1668 542 caelestes
1691 514 1816 548 virtutes,

176 561 204 586 ὲν
218 560 313 594 ὕμνοις
332 560 456 596 τιμώσας
472 568 518 587 σε·
543 561 590 587 καὶ
602 560 703 592 εὐθέως
721 559 872 592 κατελθὼν,
891 560 970 591 ἰδίαις

1021 556 1130 591 hymnis
1152 561 1179 584 te
1203 557 1381 590 honorantes,
1408 562 1435 585 et
1459 565 1524 586 mox
1550 558 1730 591 descendens,
1756 567 1818 587 eum

176 606 271 642 χερσὶν
286 607 368 633 αὑτὸν
387 606 500 641 ἔθαψεν.
519 606 575 633 Kal.
585 607 646 633 τότε
659 607 693 634 τὰ
708 606 877 633 άκουσθέντα
895 606 970 642 αὐτῷ

1021 602 1078 630 suis
1091 603 1218 631 manibus
1232 604 1370 639 sepelivit.
1386 605 1419 632 Et
1437 609 1504 632 tunc
1523 605 1617 634 audita
1633 613 1649 633 a
1670 613 1700 634 se
1712 606 1817 635 cantica

176 652 286 687 ᾅσματα
300 652 355 679 τῶν
368 653 534 687 ἀσωμάτων,
552 653 635 679 πᾶσιν
649 652 814 688 ἐξηγήσατο.
834 652 970 678 Ἤκουσεν

1020 649 1189 684 angelorum,
1207 650 1336 678 omnibus
1360 651 1494 679 narravit.
1523 652 1637 679 Audivit
1662 652 1744 680 etiam
1766 653 1819 681 hoc

175 696 222 724 οὖν
234 696 313 724 τοῦτο
329 698 374 724 καὶ
389 699 403 724 6
417 697 497 733 κῦρις
509 697 636 733 Ἰωάννης
649 699 663 725 6
677 698 812 730 διάκονος,
827 698 874 724 καὶ
886 695 970 732 ἦλθεν

1020 695 1148 723 dominus
1173 695 1294 723 Joannes
1320 697 1462 730 diaconus,
1491 702 1519 725 et
1539 697 1677 726 curriculo
1699 699 1818 727 accurrit

175 743 314 778 δρομαίως
338 743 409 779 μετὰ
426 744 473 771 καὶ
501 744 590 772 ἄλλων
608 743 713 770 πολλῶν
743 744 784 775 εις
804 743 851 770 τὸν
876 742 969 776 τόπον,

1021 748 1083 768 cum
1096 741 1188 768 multis
1201 741 1261 768 aliis
1275 742 1309 769 ad
1320 742 1422 774 locum,
1442 743 1488 771 ubi
1505 744 1630 778 sepultus
1641 748 1710 776 erat,
1721 745 1817 772 volens

176 790 242 816 ὅπου
257 791 356 826 ἐτάφη,
378 790 541 825 βουλόμενος
558 789 705 817 ἀνελέσθαι
728 790 759 816 τὸ
773 788 864 825 τίμιον
886 789 970 817 αὐτοῦ

1021 785 1116 813 tollere
1128 786 1278 821 pretiosum
1289 787 1349 822 ejus
1366 795 1477 822 corpus,
1495 792 1525 815 ut
1540 789 1692 817 honorifice
1710 789 1734 817 ei
1744 789 1818 824 iusta

175 835 302 870 λείψανον
317 836 363 862 ἐπὶ
375 836 406 862 τὸ
430 836 549 870 ἐντίμως
575 835 657 862 αὐτὸν
685 834 828 870 κηδεῦσαι.
852 835 897 867 Ὠς
923 832 970 862 οὖν

1020 831 1199 866 persolveret.
1224 831 1327 867 Aperto
1343 833 1433 868 itaque
1457 834 1593 869 sepulcro,
1612 835 1679 862 illud
1704 843 1760 863 non
1777 835 1819 863 in-

175 882 285 917 ἥνοιξαν
306 883 352 908 τὸν
368 882 464 917 τάφον,
487 883 536 917 οὐχ
552 878 632 917 εὖρον
656 882 732 908 αὑτό·
750 882 902 917 μετέθηκεν
915 881 970 917 γὰρ

1022 877 1116 909 venit;
1130 885 1192 904 nam
1204 877 1347 908 Dominus.
1365 878 1410 913 qui
1429 886 1492 906 eum
1505 879 1683 914 gloriﬁcabat,
1699 884 1819 908 transtu-

176 928 257 956 αὑτὸν
273 928 386 961 δοξάσας
412 930 427 955 ό
447 928 560 964 Κύριος.
587 928 654 954 Τότε
684 927 803 959 ἅπαντες
828 927 923 963 ὦτπερ
939 921 995 961 εει

998 922 1101 950 Ηετοί.
1122 922 1200 951 Tune
1226 931 1322 951 omnes
1354 925 1440 952 veluti
1458 932 1473 952 e
1496 933 1594 953 somno
1620 926 1729 954 excitati
1744 931 1817 960 sunt,

178 975 261 1001 ὕπνου
277 975 426 1009 ἀνένηψαν,
442 975 490 1002 καὶ
502 973 649 1009 ἐξηγοῦντο
664 974 792 1007 ἀλλήλοις
806 974 856 1001 ὅσα
870 974 967 1010 ἐποίη-

1023 973 1050 996 et
1068 968 1218 996 narrabant
1233 969 1306 996 inter
1331 977 1370 1002 se,
1393 978 1521 1006 quasnam
1539 971 1688 1006 unicuique
1710 971 1820 1000 fecisset

178 1029 222 1047 σεν
237 1021 278 1047 ἑνὶ
289 1021 397 1056 ἑκάστῳ
408 1020 557 1056 θαυμάσια,
570 1021 617 1049 καὶ
631 1021 672 1048 ὅτι
684 1020 729 1048 διὰ
742 1021 788 1048 τὸν
798 1021 866 1047 Θεὸν
883 1028 970 1055 προσ-

1021 1013 1165 1048 miracula,
1181 1019 1209 1042 et
1227 1015 1300 1050 quod
1320 1021 1433 1051 propter
1449 1016 1535 1045 Deum
1562 1017 1688 1046 ﬁnxisset
1702 1025 1732 1046 se
1750 1018 1821 1046 stul-

177 1069 295 1094 εποιεῖτο
310 1066 356 1093 τὸν
368 1066 459 1094 σαλόν.
615 1104 617 1109 ν
1023 1064 1093 1087 tum.

892 1200 1077 1230 EPILOGUS.

211 1292 260 1327 εγο.
279 1288 364 1324 Οὗτος
379 1293 392 1320 6
403 1293 460 1329 βίος
473 1293 521 1321 καὶ
545 1293 562 1330 ἡ
585 1292 720 1327 πολιτεία,
737 1290 760 1321 ὧ
782 1293 964 1329 φιλόχριστοι,

1054 1289 1101 1318 63.
1122 1288 1185 1317 Haec
1196 1288 1252 1316 vita
1271 1292 1351 1316 estet
1364 1289 1548 1323 conversatio,
1572 1294 1697 1317 amantes
1713 1288 1818 1318 Christi

173 1339 220 1365 τοῦ
236 1339 388 1373 θαυμασίου
408 1340 506 1366 τούτου
533 1339 658 1375 Συμεών.
686 1337 772 1368 Alam
790 1341 818 1368 αι
832 1339 916 1367 αὐτοῦ
934 1339 966 1365 ἐκ

1020 1336 1130 1367 animae,
1154 1334 1286 1362 mirabilis
1311 1334 1392 1370 hujus
1410 1335 1565 1371 Symeonis.
1587 1335 1635 1363 lla:
1649 1343 1743 1370 pauca:
1756 1341 1820 1363 sunt

174 1384 280 1411 πολλῶν
306 1385 395 1419 ὀλίγαι
422 1385 596 1420 συλλεγεῖσαι
620 1387 727 1421 ἀρεταί.
752 1384 838 1419 Οὗτος
854 1386 938 1413 αὑτοῦ
952 1388 967 1413 6

1020 1382 1092 1417 ejus,
1105 1389 1120 1408 e
1135 1380 1231 1408 multis
1245 1380 1367 1408 collectae
1379 1381 1507 1408 virtutes.
1531 1381 1580 1408 llic
1597 1382 1686 1416 ipsius
1701 1386 1741 1409 est
1757 1389 1819 1409 vere

174 1431 294 1466 κρυπτὸς
306 1431 390 1462 ὅντως
407 1432 454 1457 καὶ
469 1432 594 1466 οὐράνιος
615 1432 726 1468 δρόμος,
755 1433 770 1459 6
796 1433 892 1469 μηδενὶ
916 1432 966 1468 μὲν

1021 1427 1145 1456 occultus
1163 1435 1196 1455 ac
1214 1426 1334 1455 cwlestis
1347 1435 1455 1460 cursus,
1466 1427 1513 1462 qui
1529 1435 1544 1454 a
1558 1428 1634 1454 nullo
1646 1427 1757 1462 quidem
1779 1427 1821 1455 vi-

173 1476 321 1512 ὸρώμενος,
352 1477 435 1504 πᾶσιν
459 1477 487 1504 δὲ
507 1477 636 1512 ἐξαίφνης
659 1478 781 1513 εὑρεθεὶς
804 1477 968 1512 κατάδηλος.

1022 1474 1149 1506 debatur,
1171 1473 1220 1501 sed
1234 1474 1363 1501 omnibus
1375 1478 1488 1508 repente
1508 1474 1671 1501 manifestus
1688 1473 1819 1501 innotuit.

174 1519 259 1553 Οὗτος
275 1523 289 1549 6
302 1522 361 1553 νέος
376 1521 448 1554 Λὼτ,
465 1522 560 1558 ὥσπερ
570 1523 598 1548 ὲν
613 1523 740 1558 Σοδόμοις
753 1524 867 1556 ἐκεῖνος,
884 1522 970 1554 οὕτως

1044 1519 1117 1546 Γονιιε
1129 1518 1174 1545 hic
1188 1517 1249 1548 Lot,
1263 1519 1319 1553 qui,
1338 1518 1410 1545 sicut
1430 1518 1475 1545 hic
1492 1517 1650 1551 Sodomam,
1667 1518 1708 1546 sic
1724 1518 1768 1546 ille
1793 1519 1821 1546 in
1862 1550 1863 1553 η

174 1569 204 1595 ὲν
221 1569 260 1603 τῷ
278 1569 375 1604 κόσμῳ
393 1565 470 1600 οὗτος
497 1569 610 1603 ἀφανῶς
633 1568 768 1597 ὑπελθών.
798 1569 853 1596 Kal.
866 1569 899 1595 τὰ
920 1568 970 1602 μὲν

1023 1564 1156 1591 mundum
1177 1563 1246 1591 clam
1263 1563 1404 1599 ingressus
1421 1569 1475 1591 est.
1496 1564 1535 1591 Ac
1552 1563 1687 1591 mirabilia
1703 1564 1774 1598 ejus,
1794 1567 1821 1591 et

175 1614 321 1646 θαυμαστὰ
340 1614 435 1647 αὑτοῦ,
456 1615 502 1641 καὶ
524 1615 703 1650 πολυύμνητα
720 1614 836 1645 ἔπαθλα,
853 1613 924 1641 κατά
936 1621 968 1647 γε

1022 1609 1238 1637 celebratissima
1262 1609 1431 1642 certamina,
1462 1609 1550 1644 quoad
1581 1617 1630 1644 per
1661 1611 1820 1637 tenuitatem

173 1661 204 1687 τὸ
223 1662 287 1696 ἡμῖν
304 1662 361 1692 τοῖς
376 1661 529 1696 οὐδαμινοῖς
544 1661 695 1697 ἐγχωροῦν,
718 1662 810 1696 γραφῇ
830 1660 968 1695 παραδοῦ-
982 1683 992 1710 (

1022 1658 1142 1681 nostram
1158 1653 1245 1684 licuit,
1259 1653 1359 1681 litteris
1378 1654 1509 1682 mandare
1535 1654 1709 1682 studuimus:
1735 1655 1821 1689 siqui-

1002 1700 1003 1709 l
1023 1700 1078 1710 ,1.7,Δ
1097 1704 1156 1710 __aA
1174 1699 1363 1710 1,μ...1’γε.....Ἰ
1386 1700 1464 1710 μιεαμμ
1502 1701 1658 1710 --γεκηΑΙΞκ
1705 1701 1806 1710 κγηνκν·

175 1715 218 1733 ναι
232 1707 452 1742 ἐσπουδάκαμεν,
479 1707 504 1734 εί
526 1707 572 1734 καὶ
602 1707 700 1742 ἑτέραν
725 1706 779 1741 πρὸ
803 1706 906 1741 ταύτης
923 1699 994 1731 sta‘

1002 1700 1003 1709 ‘
1020 1700 1080 1727 dem
1095 1704 1158 1727 ante
1174 1700 1244 1727 hanc
1258 1699 1364 1736 [vitam]
1385 1700 1466 1727 aliam
1498 1701 1663 1735 compendio
1701 1701 1821 1728 conscri-

176 1753 323 1787 συντομίας
353 1753 566 1788 πεποιήκαμεν,
593 1752 637 1778 διὰ
653 1752 684 1778 τὺ
711 1752 795 1786 μήπω
814 1751 903 1778 ἐλθεῖν
929 1751 969 1782 είς

1020 1747 1138 1781 psimus.
1156 1751 1284 1781 proterea
1307 1746 1380 1781 quod
1402 1746 1521 1773 necdum
1537 1746 1621 1774 nobis
1644 1747 1821 1774 innotuerant

174 1798 314 1834 ἡμετέραν
330 1797 442 1832 γνῶσιν,
465 1797 514 1831 τὴν
529 1797 730 1832 λεπτομέρειαν
746 1796 794 1822 τοῦ
814 1795 968 1829 θαυμασίου

1020 1792 1292 1826 εἰηειιιαιίῐηιίῳὶεεε
1313 1799 1409 1818 omnes
1433 1792 1515 1826 hujus
1533 1792 1667 1819 mirabilis
1689 1793 1821 1820 narrati0<

174 1843 269 1870 τούτου
283 1844 462 1877 διηγήματος.
480 1842 516 1868 Τὸ
529 1843 558 1869 δὲ
571 1842 664 1867 τοῦτον
678 1840 827 1875 ἐγκωμίοις
839 1839 967 1874 τιμῆσαι,

1020 1836 1072 1863 nis.
1087 1835 1155 1863 Eum
1168 1844 1234 1863 vero
1245 1837 1390 1871 prmeoniis
1400 1837 1550 1868 celebrare.
1564 1846 1620 1865 non
1633 1843 1675 1865 est
1688 1838 1714 1865 in
1728 1843 1819 1866 nostra

173 1888 204 1915 οὐ
217 1889 266 1922 τῆς
283 1888 421 1922 ἡμετέρας
435 1886 564 1920 γνώσεως
580 1886 761 1920 καθέστηκεν,
772 1886 830 1912 ἀλλ’
844 1885 968 1918 ἐκείνων,

1020 1882 1135 1910 scientia
1152 1882 1247 1915 situm,
1270 1883 1317 1910 sed
1341 1891 1449 1916 eorum,
1466 1884 1567 1919 quibus
1591 1884 1707 1911 facultas
1724 1885 1815 1917 adest,

174 1930 214 1963 οἷς
230 1933 345 1966 δύναμις
358 1932 500 1967 πρόσεστι,
521 1931 569 1957 καὶ
582 1933 615 1966 τῇ
630 1931 725 1957 τούτου
743 1932 828 1967 ἀρετῇ
850 1931 969 1966 ἁμιλλᾶ-

1020 1933 1051 1957 ut
1067 1929 1183 1956 dicendo
1194 1929 1324 1957 virtutem
1342 1930 1402 1964 ejus
1413 1935 1569 1966 exaequent.
1581 1930 1714 1964 Quaenam
1727 1936 1819 1959 autem

176 1978 250 2005 σθαι.
276 1978 356 2009 Ποῖος
383 1977 438 2012 γὰρ
455 1977 535 2011 λόγος
563 1977 735 2004 ἐπαινέσειεν
749 1978 795 2004 τὸν
808 1978 878 2013 ὑπὲρ
890 1977 969 2011 λόγον

1021 1974 1139 2002 laudarit
1156 1974 1232 2001 illum
1253 1975 1352 2008 oratio,
1377 1976 1425 2011 qui
1446 1976 1523 2003 omni
1541 1977 1666 2004 oratione
1685 1977 1766 2005 altius
1776 1981 1820 2005 est

174 2023 335 2059 τιμηθέντευ
357 2023 373 2058 ἢ
387 2023 445 2053 πῶς
457 2023 574 2058 σάρκινα
585 2023 663 2058 χείλη
680 2023 725 2050 τὸν
741 2024 771 2050 ὲν
785 2023 867 2059 σαρκὶ
884 2024 970 2060 ἄσαρο

1021 2021 1216 2049 evectus?Aut
1225 2023 1363 2056 quomodo
1378 2022 1454 2049 illum
1467 2022 1604 2050 laudarint
1618 2023 1696 2051 labra
1708 2031 1817 2056 carnea.

174 2080 221 2099 κον
236 2071 423 2105 ἀναφανέντας
441 2069 504 2101 Πῶς
521 2069 550 2096 δὲ
569 2070 650 2104 σοφία
673 2068 800 2105 γλώσσης
817 2070 864 2096 τὸν
878 2070 970 2097 πᾶσαν

1020 2067 1067 2103 qui
1084 2067 1112 2094 in
1129 2075 1212 2095 carne
1224 2067 1318 2095 carnis
1329 2075 1427 2103 expers
1449 2069 1592 2103 apparuit?
1611 2068 1754 2102 Quomodo
1769 2069 1824 2096 lin-

175 2117 269 2152 σοφίαν
287 2117 334 2143 καὶ.
349 2116 480 2151 φρόνησιν
494 2117 526 2150 τῇ
548 2115 618 2142 κατὰ
636 2115 703 2141 Θεὸν
728 2115 820 2151 μωρία.
836 2115 968 2150 ἐξαφανί-

1021 2122 1080 2150 gum
1090 2113 1224 2149 sapientia
1241 2114 1398 2149 praedicarit
1411 2114 1500 2147 illum,
1523 2115 1570 2150 qui
1585 2121 1693 2142 omnem
1711 2114 1819 2150 sapien-

175 2171 277 2195 σαντα;
295 2163 399 2194 Ὄντως
419 2161 622 2198 ἄνθρωποςεὶς
645 2161 804 2197 πρόσωπον,
829 2162 843 2188 6
858 2161 887 2188 δὲ
902 2161 969 2194 Θεὸς

1022 2160 1087 2188 tiam
1097 2167 1129 2187 ac
1148 2161 1321 2196 prudentiam
1333 2160 1460 2187 aﬂ'eetata
1472 2165 1585 2196 propter
1599 2160 1682 2188 Deum
1704 2161 1819 2189 stultitia

174 2209 214 2240 είς
226 2208 349 2243 καρδίαν.
367 2209 472 2240 Ὄντως
484 2207 534 2243 οὑχ
548 2207 636 2240 οὕτως
646 2207 742 2243 ὄψεται
760 2207 916 2244 ἄνθρωπος,
931 2208 970 2240 ὡς

1021 2205 1182 2242 superavit?
1198 2205 1268 2234 Vere
1288 2207 1316 2233 in
1335 2205 1434 2234 faciem
1458 2205 1598 2244 {respicit}
1620 2207 1718 2238 homo;
1745 2206 1818 2234 Deus

173 2255 267 2290 δψεται
285 2254 396 2290 Κύριος.
414 2255 519 2286 Ὄντως
543 2254 631 2285 οὐδεὶς
646 2254 776 2288 γινώσκει
798 2254 832 2281 τὰ
857 2254 904 2281 τοῦ
920 2254 968 2280 ἀν-

1020 2257 1112 2281 autem
1132 2253 1165 2280 ad
1188 2260 1245 2280 cor.
1266 2251 1338 2280 Vere
1358 2259 1415 2279 non
1437 2252 1510 2280 sicut
1532 2252 1636 2280 videbit
1661 2252 1752 2284 homo,
1781 2251 1820 2278 sic

174 2301 296 2336 θρώπου,
312 2301 335 2327 εί
351 2301 388 2336 μὴ
403 2300 434 2327 τὺ
448 2299 557 2335 πνεῦμα
567 2300 616 2327 τοῦ
633 2299 790 2336 ἀνθρώπου.
809 2300 914 2331 Ὄντως
930 2299 969 2335 μὴ

1020 2299 1123 2327 videbit
1148 2298 1292 2326 Dominus.
1311 2298 1382 2325 Vere
1405 2305 1487 2326 nemo
1502 2298 1588 2330 novit,
1613 2305 1673 2333 qua:
1690 2302 1754 2324 sunt
1771 2297 1822 2324 ho‘

174 2348 228 2380 πρὸ
247 2347 344 2382 καιροῦ
363 2355 426 2373 τινα
443 2347 593 2382 κρίνωμεν,
626 2343 648 2373 ὧ
663 2345 844 2381 φιλόχριστοι,
864 2345 918 2378 ἕως
933 2345 967 2373 ἂν
984 2354 993 2382 ι

1002 2359 1005 2377 ι
1021 2345 1113 2378 minis,
1128 2344 1183 2372 nisi
1197 2344 1309 2380 spiritus
1331 2344 1462 2371 hominis.
1483 2342 1556 2371 Vere
1579 2351 1614 2371 ne
1631 2347 1696 2370 ante
1714 2346 1821 2377 tempus

174 2394 238 2430 ἔλθῃ
251 2394 265 2420 6
282 2393 395 2429 Κύριος,
424 2393 454 2425 ὃς
473 2392 521 2420 καὶ
544 2392 658 2427 φωτίσει
676 2392 774 2419 πάντα.
795 2391 845 2422 Τίς
860 2392 967 2426 ἔλεγεν,

1019 2391 1137 2426 aliquem
1154 2391 1321 2426 iudicemus,
1334 2398 1351 2417 ο
1367 2393 1492 2417 amantes
1504 2389 1607 2417 Christi
1617 2389 1726 2420 animm,
1735 2388 1822 2415 donec

159 2440 351 2480 Δ,φιὶόχριστοῃ
368 2439 414 2466 τδν
433 2438 535 2465 Ἰούδαν
548 2439 618 2474 μετὰ
631 2438 685 2465 τῶν
699 2437 828 2474 μαθητῶν
840 2437 968 2472 διάγοντα

1020 2438 1127 2466 venerit
1142 2437 1285 2470 Dominus,
1297 2438 1343 2472 qui
1356 2436 1448 2464 omnia
1465 2435 1642 2463 illuminabit.
1659 2435 1727 2468 Quis
1738 2435 1823 2463 dixis-

173 2485 349 2521 σωματικῶς,
371 2484 440 2520 μετὰ
454 2484 482 2511 δὲ
498 2483 553 2510 τῶν
566 2484 703 2511 Ἰουδαίων
720 2483 879 2519 ὑπάρχοντα
899 2491 968 2519 καρ‹

1021 2489 1074 2516 set,
1090 2484 1187 2512 Judam
1205 2484 1309 2512 versari
1329 2483 1439 2519 quidem
1460 2489 1575 2517 corpore
1588 2489 1651 2508 cum
1666 2481 1819 2516 discipulis,

172 2531 288 2564 διακῶς;
305 2530 353 2563 Τίς
376 2532 405 2558 ἐν
429 2530 537 2566 Ὶεριχὼ
555 2531 605 2566 τὴν
635 2530 720 2557 Ῥαὰϐ
744 2530 774 2557 ἐν
792 2529 831 2565 τῷ
851 2529 971 2565 πορνείῳ

1021 2531 1105 2559 corde
1119 2537 1211 2559 autem
1227 2539 1288 2559 esse
1299 2538 1362 2559 cum
1378 2529 1499 2558 Judwis?
1513 2527 1580 2561 Quis
1591 2527 1699 2558 Rahab,
1715 2535 1778 2562 quae
1794 2527 1821 2554 in

172 2575 256 2604 οὖσαν
277 2577 399 2612 σώματι,
424 2577 512 2604 ἐδόκει
535 2577 564 2604 ἐν
581 2576 676 2613 Κυρίῳ
696 2575 736 2612 τῷ
749 2575 904 2611 πνεύματις
919 2575 967 2607 Τίς

1022 2576 1131 2605 Jericho
1155 2584 1271 2612 corpore
1296 2580 1356 2604 erat
1379 2576 1408 2604 in
1441 2574 1602 2610 prostibula,
1636 2572 1821 2600 existimasset

172 2622 219 2649 τὸν
230 2623 354 2658 Λάζαρον
368 2623 482 2655 ἐκεῖνον,
495 2623 541 2650 τδν
555 2623 673 2658 πτωχὸν,
685 2622 800 2658 ἧλπιζεν
811 2622 839 2648 ἐν
854 2620 968 2656 τοιαύτῃ

1020 2623 1118 2658 spiritu
1134 2630 1194 2651 esse
1211 2623 1239 2651 in
1260 2622 1397 2650 Domino?
1415 2621 1484 2655 Quis
1500 2623 1646 2656 sperasset,
1658 2617 1816 2646 mendicum

171 2668 345 2705 ταλαιπωρίᾳ
358 2669 412 2696 τῶν
423 2669 511 2696 ἑλκῶν
528 2669 713 2705 διατρίϐοντα,
734 2669 763 2695 ἐν
784 2667 899 2704 τοιαύτῃ
923 2667 969 2693 εὑ-

1024 2668 1100 2696 illum
1114 2667 1258 2700 Lazarum,
1270 2667 1298 2695 in
1312 2671 1387 2695 tanta
1403 2667 1528 2695 ulcerum
1542 2665 1652 2693 miseria
1662 2663 1816 2699 degentem,

172 2713 276 2749 ημερίᾳ
292 2713 321 2739 ὲν
336 2714 376 2750 τῷ
388 2713 434 2741 τοῦ
458 2714 586 2750 Ἀϐραὰμ
600 2715 693 2750 κόλπῳ
706 2714 851 2748 γενέσθαι;

1023 2714 1146 2742 futurum
1158 2715 1185 2742 in
1200 2714 1262 2742 sinu
1278 2714 1394 2741 Abrahae
1409 2713 1436 2740 in
1454 2717 1529 2740 tanta
1544 2710 1692 2740 felicitate?

208 2757 254 2791 ξδ’.
269 2758 361 2786 Ταῦτα
377 2759 487 2792 ίδόντες,
500 2760 649 2796 ἀγαπητοὶ,
659 2761 707 2787 καὶ
719 2761 800 2796 ἡμεῖς
812 2760 968 2795 πεισθῶμεν

1057 2761 1101 2788 64.
1124 2760 1187 2788 Haec
1214 2759 1351 2792 videntes,
1365 2767 1382 2787 ο
1403 2758 1506 2789 dilecti,
1536 2762 1565 2785 et
1587 2764 1638 2784 nos
1660 2755 1818 2783 obediamus

172 2804 211 2840 τῷ
226 2805 315 2837 καλῶς
329 2805 542 2840 συμϐουλεύοντι
555 2813 562 2820 ·
589 2805 712 2841 Πρόσεχε
736 2806 843 2841 σεαυτῷ
872 2806 965 2840 μόνον,

1022 2807 1057 2837 ei.
1074 2805 1120 2841 qui
1145 2810 1220 2834 recte
1235 2805 1375 2833 consulit:
1396 2804 1512 2832 Attende
1537 2803 1585 2831 tibi
1603 2803 1653 2838 ipsi
1675 2802 1775 2834 solum,
1791 2805 1819 2827 et

172 2852 220 2877 καὶ
235 2851 303 2887 μηδὲ
316 2853 373 2884 τοῖς
385 2853 451 2883 σοῖς,
470 2852 539 2887 μηδὲ
558 2854 613 2884 τοῖς
629 2853 692 2887 περὶ
710 2853 750 2884 σὲ,
772 2852 840 2879 ἀλλὰ
857 2852 964 2887 σεαυτῷ

1020 2858 1108 2885 neque
1121 2851 1182 2881 tuis.
1201 2858 1291 2886 neque
1308 2858 1369 2886 quso
1389 2854 1454 2877 sunt
1477 2849 1549 2876 circa
1567 2853 1603 2876 te.
1631 2847 1677 2874 scd
1700 2846 1747 2873 tibi
1764 2845 1815 2880 ipsi

174 2897 264 2932 μόνον.
282 2898 352 2925 Διὸτι
367 2898 481 2931 ἕκαστος
495 2899 525 2925 τὸ
537 2897 601 2925 ἴδιον
617 2898 728 2935 φορτίον
749 2898 891 2933 βαστάσει,
914 2900 961 2926 καὶ

1019 2897 1117 2925 solum.
1140 2897 1209 2930 Quia
1229 2897 1417 2933 unusquisque
1441 2904 1510 2923 onus.
1534 2902 1612 2921 suum
1633 2893 1762 2930 portabit.
1789 2895 1818 2920 ct
