3974 6406
132 382 237 468 τω

1302 404 1385 467 IN
1415 408 1852 471 LEVITICUM.
1889 434 1959 444 --
1988 410 2135 469 LIB.
2171 410 2220 468 Ι.

3294 402 3400 464 790

135 516 351 583 Spiritus
384 526 433 570 et
452 518 683 581 virtutis,
716 527 772 571 ut
799 519 927 587 ﬁdes
958 529 1125 573 vestra
1150 534 1251 574 non
1280 521 1347 574 sit
1369 522 1424 574 in
1450 522 1713 593 sapientia
1745 527 1790 584 Α
1820 523 1914 577 sed
1944 529 2234 592 pr0pterea
2281 519 2548 574 modicam
2582 516 2873 587 quamdam
2931 515 3157 586 gratiam
3201 530 3401 570 conse-

136 611 411 675 hominum,
453 610 548 664 sed
589 611 645 662 in
674 611 862 665 virtute
890 610 987 665 Dei
1015 614 1057 666 ’.
1092 610 1397 679 Quomodo,
1463 623 1558 668 aut
1621 614 1715 667 ubi

136 709 217 769 sit,
272 714 326 759 et
357 704 509 774 apud
561 718 699 772 quos
751 702 981 770 habitet,
1019 705 1192 775 ipsius
1245 706 1588 761 demonstrat
1620 705 1716 761 Dei

139 796 359 858 bonitas,
402 796 628 865 quando
655 793 824 850 Paulo
847 796 1048 851 auferri
1080 798 1359 852 stimulum
1379 799 1562 853 carnis
1583 813 1714 861 suae,

139 900 187 944 ct
214 888 649 957 colaphizantem
688 886 904 942 Satanae
954 889 1208 960 angelum
1237 890 1523 945 discedere
1568 906 1599 945 a
1657 904 1717 945 se

142 979 357 1050 roganti,
378 979 631 1034 dicebat:
660 978 856 1049 Sit/ﬁcit
881 980 975 1033 tibi
1003 983 1181 1052 gratia
1204 998 1320 1035 mea
1350 999 1367 1037 :
1403 998 1525 1035 nam
1553 983 1718 1035 virtus

144 1076 191 1128 in
206 1072 511 1141 inﬁrmitate
524 1072 795 1141 perﬁcitur
809 1074 869 1127 ²⁶.
896 1071 1007 1128 Hoc
1024 1088 1153 1145 ergo
1173 1074 1403 1130 credens
1419 1075 1618 1130 debere
1632 1090 1720 1130 me

145 1166 307 1221 facere
333 1180 459 1234 quae
488 1166 585 1219 alii
607 1181 718 1220 non
750 1164 1020 1230 fecerunt,
1046 1167 1355 1237 praecepisti
1403 1176 1462 1222 ut
1491 1167 1716 1223 Levitici

148 1260 253 1313 libri
278 1257 585 1327 spiritalem
617 1259 977 1313 intentionem
1015 1275 1114 1329 per
1148 1261 1393 1315 ordinem
1448 1261 1721 1331 interpre-

151 1362 293 1415 tarer,
319 1350 790 1421 defenderemque
816 1352 1051 1407 litteram
1076 1354 1260 1408 multis
1283 1354 1719 1409 adversariorum

155 1440 586 1496 accusationibus
620 1442 1018 1512 subjacentem,
1051 1446 1119 1499 ad
1163 1445 1415 1499 altiorem
1457 1462 1577 1499 eam
1636 1448 1723 1500 in-

156 1533 405 1587 tellectum
466 1534 811 1589 deducendo.
878 1535 1136 1592 Facerem
1190 1548 1373 1593 autem
1436 1538 1561 1603 hoc,
1612 1556 1723 1594 non

160 1626 600 1694 quemadmodum
652 1628 780 1682 olim
799 1629 1042 1698 quidam,
1075 1647 1196 1685 rara
1217 1632 1464 1703 quasdam
1488 1632 1724 1703 capitula

161 1728 513 1787 excerpentes,
551 1721 647 1774 sed
673 1722 853 1775 omnia
883 1738 978 1791 per
998 1723 1243 1778 ordinem
1270 1739 1443 1795 usque
1474 1725 1538 1780 ad
1562 1725 1725 1781 ﬁnem

164 1812 451 1867 discutiens.
505 1811 668 1879 Quod
717 1830 879 1883 quam
925 1815 995 1869 sit
1038 1814 1274 1880 difﬁcile,
1318 1832 1383 1871 ex
1444 1817 1548 1873 hoc
1614 1835 1725 1875 uno

165 1921 422 1975 perparvo,
453 1915 730 1975 quantum
767 1908 833 1961 ad
863 1917 1121 1962 cunctum
1152 1909 1397 1979 praedicti
1437 1910 1559 1965 libri
1590 1927 1723 1967 cou-

167 2007 343 2052 textum
375 2007 533 2053 tanta
570 1999 832 2054 varietate
873 2000 1115 2069 plenum,
1154 2017 1423 2072 cognosce
1467 2004 1723 2073 capitulo.

170 2090 281 2144 Eum
304 2091 389 2160 qui
424 2091 760 2146 sacriﬁcium
785 2092 1154 2161 paciﬁcorum,
1189 2110 1285 2149 seu
1322 2095 1561 2152 salutare
1591 2098 1728 2153 oﬁ'e-

169 2190 253 2246 ret,
280 2184 320 2237 si
340 2183 569 2252 quidem
600 2200 701 2255 pro
733 2185 1028 2255 gratiarum
1059 2187 1273 2242 actione
1303 2187 1518 2253 offeret,
1562 2189 1617 2244 in
1641 2192 1730 2245 die

170 2289 257 2342 qua
286 2275 567 2341 obtulerit,
601 2277 697 2344 ait,
716 2278 1033 2333 comedetur
1059 2296 1071 2332 :
1096 2294 1205 2333 non
1227 2281 1530 2336 remanebit
1548 2297 1615 2336 ex
1648 2281 1730 2337 eis

171 2382 315 2436 usque
336 2383 517 2422 mane.
547 2367 704 2434 Quod
732 2370 779 2423 si
815 2380 943 2425 voto
982 2371 1061 2426 vel
1092 2381 1285 2441 sponte
1310 2375 1598 2444 quisquam
1628 2373 1731 2428 ob-

173 2460 328 2513 tulerit
356 2460 619 2525 hostiam,
652 2463 842 2517 eadem
870 2464 959 2518 die
1009 2480 1115 2534 qua
1147 2465 1430 2530 obtulerit,
1478 2466 1730 2522 similiter

172 2551 356 2620 edetur,
388 2569 612 2609 necnon
631 2556 878 2625 sequenti
904 2558 1011 2611 die.
1042 2556 1177 2612 Cum
1204 2574 1333 2630 ergo
1360 2559 1605 2629 ejusdem
1637 2576 1731 2630 ge-

175 2646 317 2707 neris,
340 2646 478 2701 sicut
514 2658 766 2718 apparet,
797 2648 1059 2705 sacriﬁcia
1103 2650 1232 2716 sint,
1266 2660 1557 2721 utrumque
1585 2654 1732 2707 enim

176 2737 514 2804 paciﬁcorum,
552 2756 651 2795 seu
682 2741 940 2808 salutare,
966 2742 1079 2797 ait:
1113 2759 1178 2797 ex
1224 2760 1290 2798 eo
1333 2745 1553 2815 quidem
1588 2746 1734 2816 quod

177 2836 246 2881 est
276 2832 565 2898 gratiarum
604 2833 856 2897 actionis,
905 2850 1002 2888 seu
1054 2835 1405 2904 laudationis,
1467 2839 1521 2893 in
1572 2854 1735 2894 mane

179 2934 269 2973 non
298 2923 529 2994 relinqui
557 2926 821 2995 praecepit
860 2947 873 2981 :
908 2927 1039 2981 illud
1071 2938 1254 2983 autem
1278 2930 1421 3000 quod
1452 2942 1536 2986 est
1569 2947 1737 3002 spon-

182 3026 392 3083 laneum,
424 3020 579 3075 vesci
626 3022 874 3092 praecipit
910 3031 965 3077 et
999 3022 1053 3076 in
1104 3025 1428 3079 crastinum.
1467 3026 1737 3096 Equidem

183 3108 222 3161 si
243 3110 427 3165 malum
455 3122 582 3167 erat
615 3114 823 3168 servari
873 3115 941 3170 de
989 3116 1256 3171 sacriﬁcio
1306 3118 1363 3171 in
1414 3120 1733 3185 crastinum,

1819 622 2028 677 cntum,
2088 622 2147 668 ut
2167 628 2229 667 ea
2258 628 2379 683 quae
2404 611 2549 681 apud
2586 608 2835 664 homines
2864 606 3220 678 impossibilia
3251 619 3400 668 sunt.

1818 704 2098 777 possibilia
2118 705 2264 775 apud
2283 704 2454 759 Deum
2486 710 2803 772 appareant,
2828 716 2950 754 cum
2976 702 3096 769 ejus
3121 699 3405 769 sapientia

1820 796 2073 852 homines
2103 794 2421 851 deserviunt
2439 792 2698 862 imperiti.
2727 791 2883 857 Quod
2910 803 3092 845 autem
3112 806 3404 862 argumen—

1821 898 1935 942 tum
1956 888 2120 957 hujus
2148 885 2292 948 libri,
2316 884 2384 939 de
2399 899 2507 953 quo
2527 883 2629 937 hoc
2653 882 2772 937 loco
2792 881 3087 952 loquimur,
3110 881 3200 945 sit,
3228 881 3402 950 ipsqu

1822 979 2097 1049 inquirere
2123 977 2449 1045 scriptorem
2485 980 2704 1042 oportet
2751 990 2763 1025 :
2810 987 2873 1026 ea
2912 972 3059 1026 enim
3100 972 3169 1025 de
3207 969 3407 1041 quibus

1822 1070 2035 1126 sancire
2064 1068 2353 1139 diSposuit,
2378 1067 2618 1122 breviter
2639 1066 2911 1119 instruere
2928 1063 3171 1133 legentes
3192 1062 3401 1124 volens,

1824 1163 2127 1218 Leviticum
2156 1162 2326 1224 hunc,
2357 1160 2501 1213 sicut
2531 1158 2829 1223 cernimus,
2864 1155 3154 1225 appellavit
3183 1172 3196 1207 :
3223 1152 3406 1224 appel-

1824 1256 2079 1310 lationem
2108 1252 2462 1309 adinveniens
2489 1266 2609 1320 quae
2645 1264 2755 1303 uno
2808 1249 3109 1317 eodemque
3164 1255 3407 1314 tempore

1823 1364 1986 1403 omne
2033 1348 2193 1417 hujus
2218 1345 2341 1399 libri
2376 1344 2748 1398 manifestaret
2784 1350 3165 1411 argumentum
3212 1356 3224 1391 :
3279 1336 3406 1407 quia

1826 1441 1954 1495 Levi
1979 1441 2150 1495 tribus
2170 1439 2308 1493 sacri
2334 1435 2665 1491 tabernaculi
2686 1432 3050 1487 ministerium
3080 1429 3270 1486 sortita
3300 1437 3406 1490 est,

1826 1533 1880 1588 in
1926 1548 2035 1603 quo
2095 1529 2384 1601 oportebat
2441 1525 2728 1589 sacriﬁcia,
2769 1523 3153 1591 fructuumque
3212 1518 3407 1590 primi-

1827 1627 1949 1688 tias,
1981 1635 2035 1679 et
2063 1623 2549 1695 primogenitorum
2566 1618 2889 1680 oblationes,
2910 1615 3207 1671 secundum
3234 1613 3409 1684 legem

1826 1717 2033 1781 oﬁerri,
2090 1716 2382 1779 celebrari,
2439 1714 2603 1768 etiam
2644 1724 2999 1782 quascunque
3056 1707 3143 1762 lex
3199 1707 3253 1760 in
3303 1704 3410 1758 im-

1828 1809 2048 1864 mundis
2089 1824 2155 1862 ex
2188 1806 2430 1879 qualibet
2454 1821 2619 1860 causa
2675 1802 3095 1859 emundationes
3143 1795 3408 1868 praecipit.

1832 1900 2075 1956 exhiberi
2110 1920 2121 1955 :
2162 1899 2276 1955 haec
2298 1913 2540 1970 praaseus
2567 1898 2704 1952 liber
2741 1893 3006 1957 continet,
3049 1890 3261 1959 aliaque
3288 1901 3411 1957 quas

1831 1992 2208 2064 hujuscemodi
2246 2000 2374 2049 sunt
2397 1988 2693 2045 eruditioni
2737 1986 3050 2056 conjuncta.
3094 1982 3222 2036 Sive
3263 1979 3411 2036 enim

1831 2086 2153 2142 festivitates
2178 2084 2404 2147 dixeris,
2439 2080 2554 2137 sive
2583 2080 2832 2135 ciborum
2870 2074 3228 2135 differentias,
3292 2086 3413 2142 qua:

1831 2181 2052 2253 quidem
2092 2194 2283 2234 eorum
2343 2175 2568 2242 munda,
2603 2188 2724 2245 quae
2791 2179 2973 2226 autem
3012 2175 3266 2239 oporteat
3306 2162 3412 2219 dici

1833 2273 2133 2337 immunda,
2163 2272 2278 2326 sive
2301 2268 2620 2339 nuptiarum
2664 2264 3001 2323 illicitarum,
3040 2260 3155 2317 sive
3206 2255 3413 2313 sacriﬁ-

1832 2367 2040 2423 ciorum
2072 2365 2341 2420 maculam
2383 2359 2699 2416 habentium
2727 2354 3179 2428 prohihitio,tum
3221 2349 3411 2404 altaris

1833 2458 2209 2521 sanctiﬁcatio,
2239 2456 2306 2510 ad
2336 2454 2554 2509 Levitas
2592 2450 2871 2522 pertinent
2909 2458 2963 2501 et
2999 2446 3135 2509 haec,
3168 2453 3222 2498 ct
3259 2458 3412 2512 quae-

1834 2566 2051 2621 cunque
2079 2549 2186 2603 alia
2229 2546 2483 2619 przesenti
2518 2546 2637 2614 lege
2677 2542 2987 2611 conscripta
3036 2548 3183 2593 sunt.
3216 2535 3324 2590 Sed
3354 2544 3414 2588 ut

1834 2656 1945 2697 non
2001 2636 2339 2708 superﬂuum
2394 2636 2811 2690 dinumeremus
2856 2627 3100 2698 singula,
3155 2624 3417 2679 faciemus

1836 2733 2142 2790 erordium.
2188 2730 2322 2785 Illud
2366 2726 2477 2799 pra:
2518 2726 2775 2781 omnibus
2820 2736 3001 2778 sermo
3049 2735 3144 2775 eos
3173 2719 3264 2789 qui
3303 2718 3419 2772 haec

1836 2821 2028 2882 lecturi
2047 2833 2175 2880 sunt
2204 2829 2569 2884 contestatur,
2609 2818 2753 2889 quod
2783 2830 3010 2871 necesse
3041 2814 3113 2868 sit
3137 2813 3421 2881 interpre-

1839 2919 2101 2974 tationem
2128 2916 2194 2970 ad
2224 2929 2504 2985 anagogen
2538 2912 2702 2975 trahi,
2731 2921 2784 2965 et
2807 2908 3051 2963 auditum
3080 2907 3148 2960 ab
3193 2902 3419 2959 humili—

1838 3011 1941 3066 bus
1965 3010 2034 3065 ad
2063 3008 2378 3064 sublimiora
2420 3003 2726 3069 transferri,
2776 3002 3184 3073 spiritalemque
3218 2996 3421 3051 intelli-

1840 3101 2076 3174 gentiam
2122 3100 2174 3154 in
2222 3100 2404 3153 littera
2470 3095 2824 3168 perscrutari.
2884 3093 3073 3162 Neque
3120 3089 3266 3145 enim
3320 3087 3424 3142 hoc

185 3216 268 3257 nec
294 3204 352 3258 de
373 3204 558 3276 aliquo
583 3222 774 3261 eorum
802 3208 906 3263 hoc
934 3208 1197 3264 debuerat
1225 3210 1444 3280 praecipi
1482 3230 1493 3265 ;
1532 3212 1577 3267 εί
1608 3182 1737 3267 νεξτό
1766 3216 1809 3274 C
1841 3194 2165 3250 contradicit
2194 3191 2320 3263 legi,
2347 3191 2441 3246 sed
2465 3190 2575 3245 imo
2598 3190 2769 3259 magis
2793 3186 3039 3242 defendit
3061 3194 3116 3239 et
3135 3182 3424 3238 conﬁrmat

185 3292 379 3360 bonum,
409 3299 648 3354 debebat
680 3300 731 3355 in
766 3308 996 3371 utroque
1022 3302 1241 3358 sanciri.
1294 3304 1501 3358 Similia
1556 3315 1738 3361 autem

189 3382 274 3450 bis,
305 3396 355 3442 et
389 3405 486 3458 per
528 3406 747 3445 omnem
792 3391 1197 3460 quodammodo
1240 3402 1555 3449 contextum
1606 3394 1741 3466 legis

190 3474 326 3546 hujus
353 3482 598 3536 invenies
614 3482 788 3553 egisse
801 3498 898 3553 per
911 3484 1163 3553 spiritum
1184 3485 1569 3556 legislatorem,
1584 3486 1637 3542 id
1658 3496 1743 3542 est

190 3572 567 3642 praecipientem
603 3590 725 3644 quae
748 3585 1015 3641 vetuerat,
1043 3594 1342 3648 rursusque
1361 3580 1741 3648 prohibentem

188 3676 291 3733 qua!
306 3664 870 3736 pridemprreceperat.
897 3667 1052 3733 Quod
1075 3678 1130 3723 et
1150 3669 1314 3724 nimis
1335 3670 1739 3726 observantiam

191 3755 515 3822 reprehendit
560 3758 754 3813 littera:
782 3801 796 3825 ,
848 3760 1195 3830 ostenditque
1245 3763 1742 3819 considerationem

195 3850 531 3903 necessariam
570 3866 691 3905 esse
723 3851 983 3921 spiritalis
1044 3853 1418 3925 intelligentiae
1463 3872 1475 3909 :
1527 3872 1743 3911 necnon

196 3942 532 4011 evangelicam
581 3943 827 3999 defendit
876 3947 1320 4015 praedicationem
1355 3949 1745 4018 prohibentem

197 4030 407 4096 quaedam
424 4034 493 4088 de
516 4033 604 4087 his
625 4050 744 4104 quae
756 4036 1011 4091 videntur
1033 4039 1156 4109 legi,
1184 4040 1486 4094 secundum
1510 4041 1747 4097 litteram

199 4119 388 4194 intelligi
412 4126 530 4180 sive
558 4126 668 4197 agi,
692 4136 744 4181 et
769 4144 938 4182 unum
968 4131 1332 4200 eumdemque
1369 4146 1490 4186 esse
1532 4132 1747 4203 legisla-

200 4219 343 4268 torem
373 4216 711 4273 demonstrat
734 4219 858 4273 novi
893 4221 1054 4275 simul
1076 4237 1139 4276 ac
1166 4222 1363 4277 veteris
1414 4225 1745 4289 testamenti,

202 4303 307 4359 dum
327 4322 385 4361 ex
417 4312 745 4366 auctoritate
772 4312 886 4367 sive
918 4322 1209 4383 potestate,
1252 4330 1373 4384 quae
1417 4317 1551 4382 vult,
1602 4332 1751 4371 nunc

200 4398 443 4468 praecipit,
472 4418 618 4456 nunc
661 4412 843 4457 autem
914 4405 1189 4474 prohibet.
1234 4406 1381 4460 Nihil
1425 4417 1606 4461 autem
1648 4408 1750 4462 sibi

201 4491 500 4546 contrarium
557 4492 733 4561 jubet,
765 4494 890 4550 licet
919 4497 1198 4566 praecipiat
1242 4514 1306 4552 ea
1361 4514 1483 4567 quae
1540 4498 1750 4569 pridem

204 4579 464 4646 prohibuit,
501 4592 557 4638 et
589 4585 877 4654 prohibeat
917 4603 1037 4656 qua:
1088 4589 1217 4642 olim
1269 4599 1542 4659 praecepta
1596 4598 1744 4644 sunt.

206 4667 291 4723 Sed
327 4682 375 4727 et
398 4676 561 4730 nimis
598 4677 775 4731 sancit
822 4680 1224 4745 convenientia,
1267 4681 1369 4735 scit
1408 4696 1437 4733 a
1483 4696 1591 4751 quo
1633 4681 1754 4751 ejus

207 4760 396 4864 intelligi
450 4769 624 4838 possit
684 4769 937 4835 intentio,
985 4780 1040 4826 et
1072 4774 1136 4827 ad
1165 4788 1327 4843 quem
1362 4773 1526 4828 ﬁnem
1576 4774 1754 4844 respi-

206 4860 328 4911 ciant
354 4860 465 4929 ejus
500 4871 702 4916 statuta
725 4863 933 4918 sentiri.
966 4864 1071 4920 Sed
1101 4867 1227 4936 quia
1266 4867 1400 4920 mihi
1428 4867 1495 4921 de
1528 4866 1757 4922 hisver-

210 4942 312 4999 bum
341 4948 445 5005 dari
475 4953 531 5005 in
559 4951 898 5021 apertionem
928 4954 1059 5015 oris,
1090 4955 1144 5009 in
1173 4956 1324 5009 omni
1387 4956 1650 5025 patientia
1703 4965 1758 5011 et

210 5032 552 5121 obsecratione
611 5040 835 5097 fecisti:
876 5044 1334 5113 quemadmodum
1390 5044 1755 5112 Ephesiorum

215 5120 468 5183 Ecclesiam
493 5130 696 5185 Paulus
723 5147 908 5198 orans,
941 5132 1237 5202 deprecare
1267 5132 1287 5164 ³
1325 5140 1385 5186 ιιι
1407 5130 1521 5187 ’ῦιιῑ
1556 5132 1758 5187 oblatio

213 5217 337 5271 verbi
362 5223 463 5277 mei
489 5225 856 5295 acceptabilis,
884 5242 993 5282 non
1024 5227 1199 5282 solum
1224 5228 1277 5281 in
1307 5226 1632 5290 Jerusalem,
1663 5227 1761 5282 scd

215 5309 260 5354 et
288 5305 333 5360 in
358 5314 496 5367 omni
533 5323 680 5371 terra
718 5316 773 5371 in
811 5334 916 5388 qua
960 5317 1071 5373 Deo
1096 5328 1373 5373 annuente
1406 5319 1671 5381 defertur,
1701 5328 1762 5373 ut

216 5395 507 5463 gloriﬁeetur
528 5407 800 5475 Christus,
847 5411 939 5480 qui
998 5412 1165 5467 stulta
1197 5411 1405 5479 mundi,
1434 5420 1489 5466 et
1517 5410 1753 5477 inﬁrma,

219 5490 534 5562 etignobilia.
570 5510 629 5555 et
664 5516 727 5556 ea
754 5519 875 5572 quae
905 5520 1014 5559 non
1050 5490 1196 5569 sunt,
1236 5505 1400 5576 elegit
1436 5524 1449 5559 :
1487 5504 1647 5559 sicuti
1703 5515 1759 5558 et

220 5593 291 5637 me
307 5589 365 5642 ab
386 5594 529 5647 omni
562 5594 776 5664 justitia
804 5598 1145 5664 destitutum,
1176 5608 1231 5654 et
1261 5614 1291 5653 a
1325 5596 1592 5668 sapientia
1624 5595 1759 5651 alie-

223 5686 348 5744 num,
370 5699 471 5739 non
500 5687 777 5755 idoneum,
816 5705 919 5746 nec
942 5707 1158 5747 servum
1192 5691 1435 5747 inutilem
1463 5689 1759 5754 nominari,

285 5874 475 5938 ‘lCor.
518 5902 577 5953 ιι,
604 5888 657 5952 4,
684 5888 734 5943 5.
817 5893 857 5921 ⁸⁸
890 5891 929 5945 ll
954 5891 1078 5947 Cor.
1120 5907 1214 5959 xu,
1257 5892 1309 5946 9.

1411 5890 1429 5921 ³
1462 5888 1662 5960 Ephes.
1699 5905 1773 5951 γι,
1818 5887 1897 5941 18.

1842 3286 2014 3357 legem
2054 3302 2067 3338 :
2099 3283 2222 3353 quia
2258 3298 2361 3337 nec
2392 3288 2582 3336 contra
2608 3294 2748 3343 eam,
2787 3278 2879 3332 sed
2901 3276 3086 3347 potius
3122 3272 3424 3327 resistenti-

1842 3380 1945 3434 bus
1973 3393 2073 3448 pro
2119 3392 2180 3432 ea
2225 3390 2467 3447 pugnare
2516 3364 2879 3441 suscepimus.
2944 3367 3291 3423 Manifestum
3342 3372 3427 3418 est

1844 3483 2024 3527 autem
2052 3471 2178 3533 hoc,
2209 3486 2274 3524 ex
2302 3483 2368 3523 eo
2386 3467 2531 3537 quod
2556 3464 2761 3520 inimici
2790 3462 2926 3532 legis
2948 3460 3182 3516 maxime
3210 3473 3331 3515 eam
3370 3456 3425 3510 in

1844 3564 2027 3618 multis
2056 3562 2193 3617 nihil
2212 3560 2493 3630 juvantem
2516 3566 2571 3613 et
2597 3556 2845 3611 inutilem
2881 3539 3178 3608 accusant:
3209 3548 3303 3604 sed
3327 3562 3427 3602 nos

1847 3651 2009 3721 hujus
2055 3649 2344 3703 maximam
2388 3648 2678 3701 utilitatem
2704 3660 2804 3716 per
2835 3641 3258 3713 intelligibilium
3291 3654 3427 3693 ana-

1846 3758 2017 3815 gogen
2042 3740 2399 3797 ostendimus.
2424 3740 2534 3793 Nec
2553 3737 2698 3792 enim
2727 3732 3130 3805 reprehendere
3155 3730 3279 3801 quis
3295 3743 3430 3783 ana-

1847 3852 1996 3907 gogze
2022 3833 2522 3904 interpretationes,
2566 3845 2665 3884 nec
2705 3828 3083 3882 intellecluum
3112 3821 3430 3878 considera-

1849 3929 2073 3992 tionem,
2107 3942 2209 3982 nec
2237 3927 2432 3981 litterae
2448 3930 2742 3995 praesumat
2762 3916 3224 3990 explanationem,
3251 3928 3430 3986 neque
3482 3990 3483 3993 η

1848 4030 2036 4076 noster
2057 4021 2345 4091 quispiam,
2364 4033 2542 4087 neque
2572 4016 2803 4071 alienus.
2833 4012 2966 4067 Nam
2991 4019 3182 4067 noster
3205 4009 3428 4080 quidem

1853 4111 2159 4168 testimonia
2210 4118 2399 4179 aperta
2463 4106 2770 4163 istiusmodi
2836 4102 3196 4174 expositionis
3260 4099 3431 4154 multa

1851 4206 2217 4273 habet,atque
2241 4201 2599 4257 dilferentia:
2647 4198 2813 4255 veluti
2870 4195 3075 4251 Christi
3125 4192 3431 4265 parabolas,

1852 4296 1905 4350 in
1937 4295 2136 4364 quibus
2162 4309 2350 4364 agrum
2396 4291 2683 4355 mundum,
2748 4288 3038 4360 agricolam
3109 4300 3188 4347 se,
3244 4297 3434 4340 semen

1852 4388 2056 4441 bonum
2078 4386 2278 4455 justos,
2309 4385 2517 4439 zizania
2558 4381 2845 4453 malignos,
2874 4391 3147 4434 messores
3190 4374 3431 4447 angelos,

1856 4480 2134 4535 inimicum
2168 4477 2697 4547 superseminantem
2716 4474 2897 4529 tritico
2926 4471 3132 4526 zizania
3164 4467 3436 4525 diabolum

1858 4586 2158 4640 exponens,
2212 4567 2640 4637 unumquodque
2684 4563 3071 4635 praedictorum
3122 4556 3435 4629 appellavit.

1858 4662 1997 4730 Quid
2028 4677 2158 4733 ergo
2182 4662 2563 4731 incongruum,
2600 4658 2647 4711 si
2670 4655 2793 4726 quis
2819 4654 2984 4708 etiam
3016 4666 3163 4705 nunc
3193 4664 3436 4719 praesens

1860 4756 1993 4827 legis
2029 4754 2308 4826 negotium
2339 4765 2644 4821 exponens,
2693 4750 2885 4802 bovem
2915 4747 3058 4800 dicat
3106 4759 3228 4799 esse
3270 4742 3441 4797 homi-

1861 4864 1987 4904 nem
2035 4848 2126 4917 qui
2178 4855 2435 4917 operatur
2482 4843 2783 4914 justitiam;
2828 4856 2988 4895 ovem
3034 4837 3337 4907 simplicem
3385 4842 3442 4890 ct

1863 4944 2234 5007 innocentem,
2257 4938 2563 4994 columbam
2604 4944 2695 4991 aut
2724 4944 2991 4989 turturem
3019 4973 3033 4996 ,
3059 4930 3309 4984 viventes
3347 4944 3442 4983 su-

1864 5035 2104 5099 blimius,
2133 5030 2689 5101 contemplationique
2718 5034 2991 5083 vacantes.
3014 5023 3204 5079 Sedue
3223 5021 3446 5078 Judaeus

1863 5130 2083 5199 quidem
2107 5126 2479 5184 contradicere
2502 5122 2815 5194 hujusmodi
2840 5120 2975 5192 legis
3007 5114 3444 5187 interpretationi

1864 5222 2098 5292 poterit:
2129 5218 2378 5288 nunquid
2424 5232 2534 5269 non
2577 5214 2877 5270 Jerusalem
2926 5212 3150 5267 lemnam
3194 5204 3445 5261 Ezechiel

1865 5314 2129 5385 propheta
2144 5314 2165 5345 ⁸
2181 5310 2504 5382 appellavit?
2521 5308 2761 5363 catulum
2789 5314 2969 5361 autem
2985 5305 3103 5375 ejus
3123 5299 3443 5358 Heliachim,

1866 5408 1958 5477 qui
1984 5407 2183 5462 ductus
2208 5413 2293 5460 est
2323 5403 2377 5457 in
2411 5401 2745 5473 Algyptum?
2777 5399 2958 5453 Alium
2984 5410 3175 5451 rursus
3207 5391 3447 5448 catulum

1866 5498 2133 5564 Joacbim,
2157 5512 2316 5567 quem
2349 5496 2404 5550 in
2439 5494 2686 5557 vinculis,
2716 5493 2849 5559 sive,
2878 5500 2937 5545 ut
2965 5488 3106 5543 LXX
3140 5486 3445 5542 ediderunt.

1874 5592 1929 5646 in
1960 5606 2123 5646 cavea
2161 5588 2670 5644 Nabuchodonosor
2693 5585 2964 5655 Babylona
2994 5579 3268 5651 perduxit.
3309 5575 3447 5638 Quia

1872 5695 2057 5740 autem
2085 5682 2404 5754 intelligitur
2435 5680 2613 5750 aquila
2644 5680 2851 5749 magnis
2880 5674 2996 5739 alis,
3040 5668 3169 5742 quid
3232 5684 3449 5723 uiueres

1980 5897 1997 5917 ‘
2028 5883 2227 5941 Ezech.
2255 5903 2367 5950 xix,
2406 5884 2427 5940 l
2462 5898 2611 5953 seqq.
