3946 6408
542 319 645 391 791

1731 325 2093 388 HESYCHII
2144 322 2620 386 PRESBYTERI

3707 316 3806 384 ’ΝΕ

543 445 600 494 et
623 432 1036 500 discriminalia,
1069 433 1396 508 hyacinthus
1416 444 1472 492 et
1488 435 1702 510 byssus,
1721 446 1778 492 et
1798 437 1901 492 alia
1927 435 2128 508 quibus
2155 441 2202 494 Α
2233 431 2374 488 Deus
2404 429 2720 502 appellavit,
2749 429 2940 486 dicens
2970 447 2984 484 :
3019 427 3171 500 Ejeci
3201 445 3285 484 eos
3308 429 3375 484 de
3405 416 3556 483 terra
3586 424 3805 499 Egypti,

539 527 840 584 Jerusalem
883 526 1050 595 Deus,
1073 529 1374 585 secundum
1403 529 1549 600 quod
1593 530 1671 585 ait
1701 530 1789 587 hic
1820 531 1936 599 ipse
1993 545 2123 599 pro-

541 621 731 693 pheta,
763 613 1023 676 vestivit?
1054 621 1195 688 Quid
1225 632 1411 678 autem
1447 632 1504 678 et
1561 624 1720 688 later,
1767 623 1824 678 in
1849 639 1956 694 quo
1984 623 2124 680 civi-

486 712 491 717 “
543 721 710 767 tatem
763 712 1053 782 depinxit?
1097 714 1229 784 quid
1269 714 1448 770 ferrea
1479 716 1745 786 sartago?
1784 716 1914 786 quid
1966 717 2124 785 panis

538 818 702 873 quem
725 802 793 858 de
833 803 1031 870 tritico,
1060 814 1116 859 et
1144 803 1370 868 hordeo,
1402 817 1457 860 et
1495 805 1636 872 laba,
1669 807 1834 874 lente,
1862 808 2034 873 milio,
2067 817 2124 863 et

539 896 702 958 vicia,
733 895 845 950 Deo
865 895 1094 965 jubente
1129 897 1449 952 comedebat
1475 898 1498 951 ?
1521 897 1659 963 Quia
1695 915 1805 953 non
1831 900 2008 954 solum
2057 917 2122 956 ea

540 1003 663 1058 qua:
693 987 747 1041 in
772 987 1043 1056 parabolis
1072 987 1215 1044 dicta
1241 998 1390 1053 sunt,
1427 991 1524 1045 sed
1553 1001 1610 1046 et
1647 1007 1711 1046 ea
1765 1007 1889 1061 qua:
1918 1007 2121 1048 secun-

541 1080 671 1134 dum
715 1079 994 1134 historiam
1042 1090 1192 1147 sunt,
1238 1083 1307 1138 ad
1342 1084 1716 1140 sublimiorem
1781 1085 2120 1141 intellectum

540 1187 638 1242 per
669 1172 984 1242 allegoriam
1015 1173 1140 1229 duci
1169 1183 1466 1245 oporteret,
1489 1187 1676 1248 aperte
1700 1178 1898 1234 Paulus
1919 1189 1974 1234 et
2001 1179 2120 1234 sine

539 1262 720 1333 aliqua
741 1262 1002 1318 dilatione
1031 1263 1235 1320 Galatis
1291 1267 1538 1322 scribens
1589 1266 1665 1322 ait
1710 1286 1722 1321 :
1771 1267 1944 1323 Dicite
1990 1271 2118 1324 milii

540 1356 630 1427 qui
658 1357 750 1410 sub
773 1356 883 1426 lege
906 1358 1063 1411 uultis
1093 1375 1221 1423 esse,
1254 1359 1416 1429 legem
1454 1375 1557 1413 non
1586 1359 1784 1430 legistis
1805 1363 1829 1414 ?
1850 1360 2118 1430 Scriptum

539 1457 614 1501 est
649 1447 810 1510 enim,
840 1449 966 1517 quia
995 1448 1264 1503 Abraham
1297 1452 1425 1503 duos
1456 1449 1594 1520 filios
1619 1450 1822 1515 habuit,
1864 1467 2024 1506 unum
2055 1468 2118 1505 ea:

539 1537 758 1604 ancilla,
789 1538 1018 1593 alterum
1050 1555 1115 1594 ea;
1138 1540 1320 1594 libera.
1353 1539 1457 1595 Sed
1483 1541 1571 1610 qui
1589 1557 1653 1595 ea:
1678 1541 1897 1604 ancilla,
1926 1559 2117 1597 secun-

538 1630 664 1684 dum
701 1647 917 1686 carnem
952 1643 1108 1686 natus
1137 1642 1234 1698 est,
1265 1634 1353 1703 qui
1385 1645 1562 1688 autem
1601 1634 1869 1700 exlibera,
1907 1651 2000 1703 per
2029 1653 2116 1690 re-

538 1723 965 1792 promissionem;
999 1741 1115 1795 quae
1137 1735 1258 1780 sunt
1288 1742 1380 1794 per
1403 1725 1711 1796 allegoriam
1748 1728 1889 1781 dicta
1916 1726 2114 1795 ⁵4ρυὶ-

537 1828 645 1882 que
664 1813 766 1868 hoe
793 1814 1004 1880 dicens,
1038 1816 1184 1871 illico
1205 1817 1518 1888 allegoriam
1539 1818 1808 1884 exhibuit,
1832 1819 1908 1874 ait
1927 1821 2073 1876 enim
2095 1839 2112 1877 :

542 1905 672 1961 Ilwc
691 1916 811 1960 sunt
841 1908 945 1961 duo
978 1917 1309 1975 testamenta,
1364 1927 1526 1966 unmn
1579 1913 1790 1983 quidem
1837 1913 1902 1968 de
1944 1924 2118 1970 monte

537 1993 690 2057 Sina,
712 1996 769 2049 in
792 1998 1091 2052 seruitutem
1115 2016 1393 2070 generous,
1424 2017 1542 2072 qua:
1568 2011 1642 2056 est
1683 2002 1827 2075 Agar
1848 2004 1890 2069 ⁸,
1934 2014 1989 2060 et
2025 2021 2116 2060 re-

540 2088 685 2158 liqua
705 2105 827 2159 qua:
852 2099 1180 2160 sequuntur.
1215 2092 1321 2147 Sed
1351 2109 1496 2148 nunc
1523 2103 1578 2150 et
1611 2094 1728 2150 luce
1752 2111 1817 2150 eo
1858 2097 2021 2151 modo
2047 2096 2116 2152 ad

538 2181 878 2254 allegoriam,
914 2198 1024 2253 quo
1051 2185 1634 2256 reliquasScripturas,
1665 2187 1808 2242 trahi
1849 2196 2066 2258 oportet
2097 2205 2111 2242 :

538 2288 641 2328 nec
669 2273 1127 2343 quemadmodum
1143 2275 1265 2342 illae,
1291 2294 1416 2332 cum
1453 2293 1705 2350 magnam
1725 2293 1792 2333 ex
1809 2279 2116 2349 semetipsis

538 2362 778 2418 habeant
806 2364 936 2428 vim,
971 2365 1234 2436 majorem
1279 2378 1459 2421 tamen
1491 2383 1592 2438 per
1626 2368 1995 2424 contentionis
2026 2368 2115 2422 in-

537 2455 985 2523 terpretationem
1007 2456 1313 2527 suscipiunt
1357 2457 1666 2522 utilitatem,
1701 2459 1773 2513 ita
1803 2467 2114 2528 etpraesens

536 2544 766 2610 sanctio,
796 2562 959 2616 parva
987 2547 1120 2602 mihi
1152 2558 1208 2603 et
1229 2548 1475 2615 minima,
1509 2559 1568 2605 et
1594 2558 1655 2604 ut
1671 2549 2002 2606 credendum
2032 2558 2115 2604 est

534 2647 637 2688 nec
667 2635 1050 2702 reticendum
1077 2637 1287 2693 inutilis
1337 2639 1422 2694 vel
1466 2639 1713 2695 fortassis
1746 2640 1912 2695 etiam
1953 2640 2114 2696 noxia

535 2733 621 2779 est
651 2724 740 2780 hic
801 2727 1003 2794 littera,
1059 2728 1105 2783 si
1150 2730 1414 2800 spolietur
1435 2731 1702 2802 spirituali
1758 2731 2114 2804 intelligentia

535 2817 725 2872 multis
753 2822 1158 2890 emergentibus
1193 2822 1364 2893 ipsius
1396 2824 1606 2888 litterae,
1636 2833 1691 2879 et
1723 2826 1887 2880 variis
1925 2840 2114 2896 repre-

538 2907 918 2978 hensionibus,
972 2913 1113 2968 sicut
1171 2914 1228 2969 in
1255 2910 1715 2986 subsequentibus
1755 2917 2112 2987 reperiemus,

538 3001 644 3056 nisi
679 3003 802 3072 quis
835 3005 904 3058 ad
953 3005 1322 3062 sublimiorem
1364 3008 1873 3078 interpretationem
1927 3010 2117 3065 confu-

534 3093 710 3163 giens,
739 3109 806 3148 ex
838 3110 901 3150 ea
934 3099 1394 3167 quemadmodum
1426 3118 1524 3173 pro
1585 3103 1762 3158 littera
1803 3103 2114 3160 satisfacere

536 3186 732 3254 possit,
767 3189 1034 3259 exquirat.
1067 3190 1294 3263 Propter
1316 3196 1461 3265 quod
1483 3205 1538 3250 et
1569 3196 1764 3252 bonam
1795 3196 1988 3267 legem,
2021 3211 2119 3251 seu

537 3276 816 3347 mandata,
842 3289 898 3336 et
935 3297 1042 3338 non
1073 3283 1274 3340 bonam
1325 3302 1425 3357 per
1487 3271 1811 3359 prophetam
1866 3275 2117 3344 Ezechiel

569 3440 578 3449 '
612 3425 636 3463 ⁸
663 3431 847 3493 “Galat.
874 3455 947 3506 tv,
987 3439 1079 3504 21,
1101 3435 1190 3496 ει.
1266 3441 1445 3498 ‘ibid.
1519 3443 1539 3475 "
1575 3442 1773 3500 Ezech.
1798 3454 1889 3510 ις,
1915 3443 2000 3509 10,
2033 3444 2118 3500 ll.
2160 3480 2185 3515 λ

2226 534 2275 578 et
2296 525 2452 578 eduxi
2478 523 2535 575 in
2555 523 2778 586 deserto,
2801 530 2851 575 et
2872 521 2991 575 dedi
3016 522 3090 575 eis
3117 530 3382 591 precepta
3411 537 3556 582 mea,
3593 531 3639 574 et
3669 521 3807 589 judi-

2225 615 2307 669 cia
2335 631 2450 669 mea
2474 613 2673 668 ostendi
2703 613 2796 677 eis,
2823 629 2940 683 qua:
2961 613 3126 683 faciat
3153 612 3307 666 homo
3337 622 3389 667 et
3416 613 3565 666 vivat
3602 611 3658 665 in
3675 613 3806 668 τίδ’.

2224 706 2364 762 Ecce
2393 706 2536 760 bona
2561 714 2621 762 et
2648 704 2805 760 valde
2833 705 2980 759 bona
3012 704 3064 758 in
3102 712 3312 759 tantum
3339 713 3405 758 ut
3457 704 3630 758 vitam
3681 719 3809 773 pra-

2224 808 2371 855 stent
2389 813 2842 861 commemorans,
2876 796 2999 851 vide
3026 797 3204 867 qualia
3237 812 3434 851 rursus
3453 796 3527 852 de
3555 795 3641 851 his
3670 813 3809 852 man-

2222 894 2362 949 datis
2395 893 2636 948 subdidit
2691 909 2704 946 :
2746 892 2814 946 Et
2843 908 2936 962 ego
2982 891 3056 944 eis
3106 891 3247 954 dedi,
3308 889 3517 960 inquit,
3568 891 3808 943 mandata

2223 1003 2323 1041 non
2357 987 2514 1051 bona,
2536 995 2584 1039 et
2605 985 2816 1055 judicia
2842 984 2896 1036 in
2930 984 3115 1053 quibus
3144 999 3251 1038 non
3275 983 3455 1036 vivent
3480 983 3528 1035 ⁸.
3577 980 3649 1036 At
3680 998 3807 1054 quo-

2222 1079 2384 1134 modo
2413 1086 2644 1149 possunt
2667 1077 2808 1132 bona
2839 1075 2959 1131 lucc
3011 1091 3153 1143 esse,
3192 1084 3248 1131 et
3299 1091 3414 1130 non
3473 1075 3655 1130 bona?
3709 1077 3807 1131 Aut

2219 1172 2492 1244 quomodo
2522 1187 2670 1226 nunc
2695 1170 2960 1240 praebent,
3012 1184 3160 1224 nunc
3211 1178 3399 1225 autem
3434 1185 3550 1223 non
3584 1169 3810 1240 praebent

2219 1265 2552 1321 vitam?Aut
2579 1273 2731 1319 certe
2757 1262 2883 1333 quis
2909 1263 2983 1317 ita
3037 1262 3338 1317 secundum
3390 1278 3526 1317 eum
3562 1262 3808 1326 custodit,

2219 1354 2522 1411 secundum
2539 1369 2701 1425 quem
2725 1369 2756 1407 a
2775 1351 3082 1424 legislatore
3097 1354 3369 1423 descripta
3397 1362 3558 1418 sunt,
3580 1353 3808 1410 videlicet

2219 1445 2507 1516 Spiritum?
2534 1445 2765 1516 Spiritus
2815 1445 2954 1516 enim
2994 1454 3068 1499 est
3104 1444 3264 1508 Deus,
3299 1454 3349 1498 et
3400 1460 3493 1498 eos
3552 1445 3642 1514 qui
3691 1446 3806 1499 ado-

2219 1513 2340 1592 rant
2374 1554 2512 1598 eum.
2542 1513 2598 1590 in
2615 1537 2806 1606 spiritu
2839 1547 2887 1590 et
2900 1513 3135 1590 .ueritate
3155 1546 3355 1606 oportet
3379 1537 3619 1591 adorare
3637 1536 3658 1569 ⁸
3678 1537 3806 1608 :ipse

2220 1631 2273 1686 in
2299 1631 2380 1686 eis
2410 1631 2562 1685 vivit.
2598 1629 2704 1697 Qui
2758 1644 2890 1684 vero
2919 1629 3211 1684 carnaliter
3259 1627 3490 1699 accipit,
3538 1638 3683 1684 recte
3708 1645 3803 1684 non

2218 1725 2362 1779 bona
2380 1723 2548 1778 sentit
2584 1723 2765 1777 divina
2781 1721 3020 1792 judicia:
3047 1722 3251 1792 quippe
3281 1736 3386 1775 nec
3409 1720 3687 1791 intelligit,
3717 1734 3804 1775 nec

2221 1818 2303 1873 eis
2319 1817 2489 1871 utitur
2510 1815 2851 1872 bene.‘Unde
2879 1829 2944 1870 ea
2971 1830 3093 1885 quae
3115 1814 3258 1868 bona
3286 1821 3442 1878 sunt,
3467 1821 3620 1868 recte
3641 1813 3688 1868 ei
3707 1828 3802 1867 non

2222 1893 2366 1965 bona
2412 1903 2550 1962 ﬁunt
2574 1950 2588 1975 ,
2639 1923 2743 1962 nec
2781 1907 2915 1962 vivit
2935 1906 2991 1960 in
3021 1905 3132 1961 eis:
3160 1921 3286 1960 nam
3317 1905 3566 1976 primum
3604 1903 3801 1974 quidem

2222 2002 2476 2074 ignorant
2518 2001 2684 2057 vitam
2741 2015 2864 2070 quae
2913 1998 2969 2053 in
3001 1998 3080 2052 eis
3112 1997 3294 2054 abdita
3332 2006 3442 2064 est,
3482 1997 3682 2052 deinde
3702 2012 3798 2050 non

2221 2107 2462 2164 semper,
2487 2091 2582 2147 sed
2594 2100 2744 2147 certo
2759 2100 3001 2161 tempore
3018 2085 3294 2160 legislator
3319 2088 3501 2144 voluit
3533 2087 3800 2158 superﬁcie

2222 2191 2382 2239 tenus
2429 2175 2687 2239 custodiri
2722 2221 2737 2245 ,
2771 2190 2831 2235 ut
2876 2180 3204 2252 astringeret
3247 2173 3571 2235 Judmorum
3627 2178 3797 2233 duram

2220 2265 2511 2339 cervicem,
2545 2272 2890 2346 graviorique
2916 2281 3169 2341 egentem
3188 2268 3344 2342 iugo.
3372 2265 3679 2341 Propterea
3709 2284 3796 2339 po-

2220 2359 2410 2436 pulum
2437 2377 2563 2419 eum
2586 2362 2737 2419 dura:
2773 2361 3003 2418 cervicis
3029 2360 3312 2432 propheta:
3369 2360 3592 2417 dicunt.
3649 2356 3795 2414 lsaias

2221 2463 2404 2510 autem
2438 2469 2551 2509 non
2591 2463 2800 2508 tantum
2830 2447 2979 2507 durae
3004 2451 3259 2516 cervicis,
3285 2442 3381 2507 sed
3410 2450 3646 2507 vitulam
3688 2464 3795 2502 eon-

2220 2553 2558 2602 sternantem
2602 2542 2916 2600 Judaiorum
2963 2544 3223 2615 populum
3253 2541 3557 2615 appellavit
3582 2541 3642 2595 ³⁸.
3677 2541 3792 2607 Qua:

2219 2644 2402 2694 autem
2422 2646 2780 2694 consternans
2794 2645 2898 2700 est,
2927 2637 2970 2692 si
3002 2636 3074 2691 ita
3099 2635 3637 2708 susceperitjugum,
3663 2633 3792 2688 nullo

2221 2731 2382 2786 modo
2398 2731 2671 2786 domatur.
2687 2723 2757 2784 Et
2786 2744 3006 2785 rursus:
3025 2728 3282 2800 Ephraim
3305 2728 3478 2783 vitula
3502 2728 3654 2782 docta
3680 2724 3790 2778 dili-

2221 2824 2629 2895 geretrituram,
2660 2823 2906 2878 transibit
2962 2839 3120 2893 super
3175 2817 3629 2892 pulchritudinem
3684 2817 3789 2871 colli

2221 2917 2334 2986 ejus
2364 2918 2431 2982 ἰ,
2471 2931 2569 2986 per
2600 2915 2796 2970 collum
2821 2914 3189 2971 obedientiam
3241 2909 3581 2985 signiﬁcans,
3617 2911 3666 2964 in
3699 2924 3788 2980 quo

2216 3007 2406 3082 iugum
2440 3009 2575 3080 legis
2604 3007 3051 3080 superimposuit,
3103 3012 3163 3062 ut
3203 3001 3537 3061 humiliatus
3582 3002 3787 3075 populus

2218 3098 2456 3157 libenter
2502 3100 2876 3171 evangelicum
2902 3099 3118 3171 jugum,
3149 3101 3337 3169 utpote
3367 3098 3490 3154 leve
3535 3110 3786 3166 suaveque

2221 3193 2546 3263 ‘susci‘peret.
2588 3189 2822 3261 Sedjam
2848 3199 3065 3263 tempus
3093 3198 3177 3246 ρει
3215 3199 3274 3247 ut
3323 3189 3502 3260 ipsam
3528 3188 3659 3260 legis
3682 3201 3785 3258 pro-

2216 3291 2491 3357 ponamus
2524 3283 2780 3339 litteram.

2196 3443 2218 3475 ⁸
2243 3439 2376 3496 ibid.
2428 3440 2517 3494 12.
2582 3440 2778 3497 Non.
2806 3451 2880 3496 tv.
2921 3441 2966 3474 "‘
2984 3441 3090 3530 isa.
3115 3449 3205 3507 ἰν,
3228 3442 3287 3496 ὅ.
3359 3440 3408 3474 ⁷¹¹
3435 3439 3580 3499 Osee
3625 3451 3676 3506 ς,
3709 3436 3783 3492 Η.

554 3654 568 3676 ,
2215 3661 2218 3664 ,
2271 3663 2273 3666 ⁴
2827 3659 2832 3662 .

1635 3817 2056 3914 LIBER
2127 3818 2688 3917 PRIMUS.

1052 4220 1282 4279 CAPUT
1317 4222 1613 4283 PRIIIUM.

2225 4227 2304 4280 nis
2326 4267 2340 4290 ,
2372 4227 2556 4280 domus
2588 4223 2852 4280 Israel“?
2881 4223 3046 4295 Atqui
3075 4223 3390 4296 frequenter
3417 4221 3714 4279 obtulerant
3760 4235 3774 4272 :

611 4311 777 4369 Vens.
814 4315 866 4378 Ι.
887 4315 944 4370 2.
977 4331 1001 4367 s
1047 4313 1278 4372 Vocavit
1310 4327 1493 4373 autem
1515 4317 1759 4390 Moysen,
1809 4327 1868 4374 et
1897 4312 2116 4375 locutus
2150 4337 2194 4394 ι)
2223 4316 2320 4374 sed
2351 4318 2420 4372 ob
2443 4318 2547 4374 hoc
2570 4317 2714 4388 quod
2738 4317 2901 4372 nimis
2932 4315 3294 4388 displicebant
3322 4315 3478 4382 ei,ea
3496 4313 3642 4386 quasi
3679 4326 3770 4366 non

537 4413 625 4461 est
653 4407 701 4461 ei
734 4405 995 4463 Dominus
1018 4407 1092 4464 de
1125 4409 1477 4466 tabernaculo
1513 4411 1829 4476 testimonii,
1875 4412 2064 4468 dicens
2100 4431 2112 4466 :

540 4496 788 4568 Loquere
815 4500 944 4556 ﬁliis
987 4499 1171 4568 ist-sel,
1202 4512 1258 4559 et
1285 4503 1435 4560 dices
1491 4505 1560 4561 ad
1603 4519 1741 4560 eos:
1791 4504 1968 4561 Homo
2023 4505 2115 4575 qui

539 4589 800 4647 obtulerit
828 4607 894 4647 ex
918 4593 1072 4650 vobis
1103 4594 1344 4651 hostiam
1371 4596 1606 4651 Domino
1633 4597 1701 4652 de
1731 4596 2116 4667 peeoribus,id

535 4686 642 4749 est,
677 4685 743 4738 de
771 4685 946 4741 bobus
986 4696 1047 4742 et
1067 4686 1268 4742 ovibus
1292 4687 1532 4744 oﬁ‘erens
1554 4689 1826 4746 victimas.
1855 4709 1874 4742 ι

610 4773 767 4840 Quod
831 4792 942 4831 non
1001 4777 1235 4847 diligens
1296 4778 1444 4837 Deus
1506 4781 1792 4848 sacriﬁcia,
1864 4797 1927 4838 ea
1991 4799 2115 4854 quas

539 4867 608 4921 de
638 4866 919 4922 sacriﬁciis
946 4867 1145 4925 Judaeis
1185 4873 1524 4942 praceperit,
1557 4873 1897 4930 demonstrat
1949 4875 2115 4930 lsaias

540 4957 729 5012 dicens
763 4975 776 5010 :
809 4956 922 5022 Quo
952 4961 1081 5014 mihi
1108 4961 1500 5017 multitudinem
1528 4965 1864 5019 uictimarum
1907 4974 2116 5020 uestra-

541 5064 658 5099 rum
678 5049 704 5101 ?
725 5048 849 5102 dicit
878 5048 1167 5115 Dominus;
1199 5050 1381 5119 plenus
1399 5068 1516 5106 sum
1541 5052 1842 5108 holocausta
1867 5055 2114 5119 arietum,

540 5148 590 5194 e’t
620 5139 776 5207 adipe
799 5140 1092 5210 pinguium;
1113 5142 1423 5212 sanguinem
1444 5144 1746 5208 vitulorum,
1780 5153 1829 5199 et
1855 5161 2112 5216 agnorum

537 5239 593 5282 et
633 5229 898 5283 hircorum
945 5229 1108 5284 nolui.
1153 5229 1283 5286 Cum
1328 5233 1570 5288 veneritis
1616 5243 1739 5288 ante
1791 5245 2118 5304 conspectum

544 5337 755 5388 meum,
769 5323 884 5393 quis
903 5325 1138 5394 quasivi't
1171 5327 1280 5380 lucc
1303 5328 1366 5381 de
1395 5328 1634 5383 manibus
1658 5330 1843 5402 vestris
1866 5331 1949 5384 υἱ)
1979 5331 2122 5401 Ergo

541 5412 944 5483 quodammodo
968 5417 1075 5472 hoc
1112 5418 1255 5487 quod
1313 5419 1382 5474 de
1429 5420 1713 5476 sacriﬁciis
1759 5435 2116 5493 praeceperat,

538 5506 754 5562 abnuit.
790 5507 888 5563 llis
906 5509 1103 5565 similia
1131 5511 1384 5580 etIAmos
1410 5512 1541 5566 dicit
1571 5530 1583 5564 :
1608 5512 1862 5584 Nunquid
1877 5514 2118 5569 victimas

544 5604 594 5650 et
619 5598 884 5668 sacriﬁcia
918 5600 1175 5654 obtulistis
1200 5601 1326 5655 milii
1360 5602 1631 5657 indeserto
1651 5605 2007 5675 quadraginta
2029 5623 2120 5660 au-

651 5775 796 5831 “lsa
849 5794 868 5832 ι
926 5779 1010 5843 Η,
1042 5779 1124 5836 ιε.
1229 5783 1456 5840 "Amos
1488 5801 1536 5839 γ.
1575 5783 1663 5838 25.

2222 4412 2401 4468 oblata
2432 4411 2740 4482 reputabat.
2777 4411 2979 4468 Eadem
3014 4417 3070 4465 et
3089 4410 3358 4466 Jeremias
3385 4410 3644 4481 propheta
3663 4405 3732 4460 ait
3759 4419 3772 4457 :

2222 4505 2348 4559 Hcec
2388 4505 2515 4558 dicit
2550 4501 2798 4558 Dominus
2848 4504 3190 4569 exercituum,
3231 4502 3373 4557 Deus
3398 4500 3604 4557 Israel:
3628 4495 3768 4553 Holo-

2223 4607 2530 4652 cautomata
2569 4607 2743 4653 uestra
2771 4597 2947 4651 addite
2969 4596 3195 4651 victimis
3229 4595 3435 4660 uestris,
3465 4605 3517 4650 et
3545 4589 3766 4649 comedit:

2223 4705 2446 4744 carnes:
2477 4690 2600 4760 quia
2632 4705 2735 4743 non
2783 4704 2899 4742 sum
2959 4688 3162 4743 locutus
3203 4687 3442 4758 patribus
3493 4685 3683 4750 vestris,
3727 4689 3764 4732 ει

2221 4794 2323 4832 non
2346 4779 2567 4848 prceccpi
2590 4780 2661 4832 eis
2684 4779 2738 4832 in
2765 4779 2850 4832 die
2895 4795 2998 4848 qua
3025 4779 3182 4833 eduxi
3201 4796 3286 4833 eos
3317 4780 3380 4833 de
3397 4789 3538 4834 terra
3557 4771 3764 4847 Ᾰξςνριί,

2221 4873 2285 4926 de
2317 4870 2470 4926 verbo
2506 4870 2988 4924 holocautomatum
3026 4881 3073 4924 et
3104 4871 3435 4925 victimarum
3483 4871 3546 4925 “.
3576 4866 3672 4924 Sed
3695 4863 3762 4918 in-

2222 4961 2379 5032 quies
2411 4979 2424 5015 :
2456 4960 2583 5016 Haec
2607 4961 2675 5016 de
2708 4961 2904 5030 quibus
2944 4961 3219 5031 loquimur
3255 4961 3372 5032 ipse
3403 4959 3669 5017 mandavit
3688 4954 3763 5026 qui

2224 5063 2280 5109 et
2306 5061 2493 5125 negat,
2525 5062 2581 5108 et
2607 5069 2707 5108 cur
2738 5063 2899 5125 negat
2922 5069 3044 5123 qua:
3087 5055 3476 5110 mandaverat?
3499 5047 3760 5120 Curiquia

2222 5147 2584 5203 intentionem
2616 5145 2824 5201 datoris
2875 5147 2934 5200 hi
2963 5147 3056 5217 qui
3100 5156 3433 5218 acceperunt
3471 5137 3760 5215 transgressi

2219 5248 2366 5295 sunt.
2403 5239 2538 5294 Cum
2583 5239 2730 5293 enim
2765 5238 2982 5294 subtilis
3013 5247 3182 5306 esset,
3225 5250 3286 5295 et
3335 5240 3493 5295 valde
3545 5230 3758 5294 sublimis

2219 5333 2406 5398 lex,et
2430 5348 2555 5387 cum
2592 5340 2876 5402 propterea
2919 5332 3186 5388 absconsa
3223 5341 3368 5388 esset
3404 5331 3457 5386 in
3506 5323 3758 5401 superﬁcie

2217 5424 2432 5492 litterae,
2460 5431 2730 5494 quatenus
2753 5431 3158 5493 perscrutantes
3190 5438 3310 5477 eam
3352 5423 3619 5479 discerent
3651 5427 3756 5471 cum

2207 5516 2370 5586 prius
2408 5531 2537 5572 suos
2574 5515 2962 5571 emendassent
2995 5529 3224 5568 sensus:
3259 5523 3418 5569 erant
3443 5514 3582 5569 enim
3629 5520 3754 5563 cras-

2215 5606 2376 5663 sioris
2401 5615 2563 5677 atque
2597 5606 2717 5663 duri
2747 5604 2946 5671 cordis,
2979 5611 3034 5660 et
3064 5607 3297 5662 necdum
3326 5605 3498 5677 legem
3551 5599 3638 5659 Dei
3682 5594 3756 5652 in-

1768 5784 1807 5816 "
1834 5785 2035 5842 Jerem.
2072 5802 2166 5847 vn,
2190 5787 2278 5853 21,
2300 5783 2388 5840 ‘22.
