4046 6410
198 408 323 473 793

1392 400 1476 461 IN
1511 397 1954 460 LEVITICUM.
1994 423 2063 435 -
2101 399 2249 459 LIB.
2287 399 2338 458 Ι.

3384 397 3495 456 ’198

198 514 460 587 mitigare
480 511 745 579 valentes,
774 505 844 565 in'
859 509 1163 583 ignorantia
1229 517 1632 566 remanserunt.
1657 506 1797 562 Cum
1831 516 1875 569 Α
1903 505 2160 563 videlicet
2194 508 2380 573 Israel,
2418 506 2486 562 de
2504 506 2706 576 quibus
2736 519 2859 561 eum
2890 503 2985 575 qui
3014 502 3323 558 voluntaria
3350 501 3496 557 dona

198 617 401 663 autem
442 605 680 660 maxima
744 603 1092 659 districtione
1148 603 1442 657 verborum
1526 600 1803 671 legislator

198 710 426 766 utatur,
457 714 605 754 nunc
633 696 794 752 etiam
819 696 887 751 ab
918 696 1035 762 ipsa
1073 705 1159 751 est
1206 708 1384 749 orsus.
1420 691 1715 747 Exerdium
1748 690 1803 743 in

201 788 460 845 editione
482 786 625 841 LXX
673 786 866 856 incipit
895 786 963 841 ab
986 801 1050 840 ea
1084 794 1236 855 parte
1265 783 1532 838 orationis
1558 798 1679 851 qua:
1721 788 1807 834 est

202 880 540 951 coniunctio
583 893 748 948 quam
802 877 1194 932 consuevimus
1251 875 1308 930 in
1360 874 1544 929 medio
1597 870 1806 927 ordinis

202 985 426 1044 ponere
453 972 765 1032 verborum,
800 978 860 1023 ut
886 967 1324 1039 praecedentibus
1371 964 1672 1034 coniungat
1716 978 1807 1017 se-

202 1064 445 1133 quentia
491 1081 503 1115 :
536 1062 711 1131 ipsum
739 1060 939 1130 quippe
962 1058 1086 1114 libri
1116 1058 1283 1127 hujus
1312 1056 1534 1110 initium
1568 1053 1808 1109 termino

204 1156 584 1227 gmeedentis
617 1153 919 1223 conjunxit,
951 1151 1042 1222 qui
1096 1151 1402 1222 appellatur
1448 1148 1693 1211 Exodus,
1750 1147 1807 1201 in

210 1265 333 1319 quo
362 1249 571 1319 Moyses
604 1245 1016 1301 tabernaculqu
1062 1244 1259 1307 erexit,
1313 1242 1401 1298 cui
1462 1251 1613 1296 recte
1668 1255 1808 1311 prce-

210 1342 401 1398 sentia
432 1342 861 1411 coniunguntur,
886 1355 1016 1395 cum
1042 1339 1208 1394 unius
1232 1338 1591 1409 ejusdemque
1611 1335 1704 1389 Dei
1755 1334 1812 1387 in

212 1445 465 1504 utroque
495 1435 845 1490 contineatur
900 1447 1058 1502 opus.
1112 1432 1223 1486 Sed
1278 1441 1334 1487 et
1380 1430 1518 1485 liber
1563 1426 1810 1494 Numeri,

210 1529 353 1599 quia
393 1527 531 1581 nihil
581 1526 820 1581 medium
880 1526 1023 1580 inter
1072 1536 1199 1579 eum
1239 1534 1299 1579 et
1348 1522 1652 1578 Leviticum
1711 1535 1813 1590 ap-

216 1618 486 1689 pellatur,
530 1617 706 1673 simile
754 1617 924 1671 habet
964 1625 1021 1671 et
1104 1616 1220 1685 ipse
1300 1614 1684 1686 prooemium;
1736 1611 1815 1665 ait

216 1712 423 1766 enirn:
466 1709 854 1779 «Locutusque
902 1717 988 1762 est
1041 1706 1308 1763 Dominus
1356 1706 1424 1761 ad
1482 1704 1703 1775 Moysen
1758 1703 1813 1755 in

222 1806 450 1860 deserto
491 1802 663 1868 Sinai,
713 1803 765 1856 in
803 1801 1155 1857 tabernaculo
1208 1800 1452 1866 hederis,
1497 1799 1673 1869 prima
1727 1797 1816 1851 die

1905 604 2191 666 oﬁerebat,
2216 603 2285 658 de
2319 602 2497 658 bubus
2547 601 2634 657 vel
2666 600 2734 655 de
2752 598 2949 655 ovibus
2967 596 3172 652 oﬂ'erre
3194 595 3492 665 praecepit:

1905 712 1969 753 ex
1999 707 2234 766 utroque
2266 694 2490 749 animali
2519 692 2873 761 veljumento
2919 688 3156 743 similem
3200 685 3497 755 designans

1908 787 2208 849 hominem,
2243 786 2336 856 qui
2370 784 2507 838 nihil
2560 782 2856 851 acuminis,
2884 796 3064 849 neque
3106 778 3173 832 ad
3209 776 3495 839 virtutem,

1907 895 2086 949 neque
2130 878 2199 935 ad
2246 877 2512 931 malitiam
2577 874 2762 939 habet,
2807 872 2901 926 sed
2943 868 3180 925 trahitur
3228 867 3296 921 ab
3333 865 3495 921 alio;

1909 972 2045 1026 tales
2078 979 2210 1025 sunt
2250 970 2420 1023 boves
2455 975 2510 1021 et
2545 980 2706 1029 oves;
2745 962 2910 1017 nimis
2958 960 3105 1015 enim
3157 958 3227 1013 ad
3275 968 3499 1011 manum

1908 1071 2038 1117 sunt
2067 1069 2329 1117 consueta
2363 1056 2641 1118 animalia,
2670 1063 2725 1108 et
2755 1068 2851 1107 eos
2890 1051 2980 1121 qui
3024 1051 3099 1105 ita
3152 1048 3378 1103 trahunt
3422 1045 3501 1099 la-

1910 1156 2015 1211 cile
2039 1152 2349 1224 sequentia.
2382 1151 2447 1205 Et
2476 1156 2765 1218 propterea
2794 1161 2904 1199 non
2932 1143 3180 1199 omnium
3219 1141 3335 1195 haec
3372 1153 3499 1192 mu-

1911 1264 2066 1313 nera,
2102 1248 2197 1301 sed
2228 1244 2542 1299 Judaiorum
2572 1238 2914 1295 solummodo
2934 1251 3054 1291 esse
3113 1242 3343 1304 possunt
3372 1248 3385 1285 :
3420 1228 3500 1284 illi

1911 1342 2059 1398 enim
2095 1339 2310 1395 etiamsi
2342 1335 2560 1391 virtutis
2584 1332 2788 1402 aliquid
2820 1347 2929 1386 non
2957 1340 3277 1399 operantur,
3302 1323 3503 1381 sullicit

1910 1433 1994 1487 eis
2027 1430 2251 1485 minime
2287 1428 2473 1498 inique
2504 1423 2743 1495 operari.
2790 1422 2866 1476 De
2896 1420 3098 1491 quibus
3126 1416 3294 1471 David
3353 1415 3501 1470 dice-

1912 1527 2006 1581 bat
2044 1540 2058 1578 :
2088 1523 2336 1577 Homines
2364 1529 2413 1575 et
2450 1520 2694 1589 jumenta
2731 1515 2907 1570 salvos
2956 1514 3143 1584 facies,
3175 1509 3399 1563 Domine
3422 1507 3500 1571 ";

1914 1617 2157 1689 primum
2211 1614 2460 1668 ordinem
2536 1608 2851 1665 hominibus
2901 1604 3243 1665 custodiens,
3302 1598 3503 1655 deinde

1913 1707 2226 1763 concedens
2258 1704 2425 1758 etiam
2463 1700 2688 1770 reliquis
2712 1699 2967 1753 salutem.
2997 1693 3157 1760 Quod
3186 1700 3369 1746 autem
3400 1689 3503 1743 bo-

1920 1782 2124 1857 miuem
2162 1800 2345 1862 istum,
2378 1797 2445 1851 de
2466 1810 2578 1865 quo
2623 1808 2770 1847 nunc
2823 1805 3007 1845 sermo
3051 1796 3159 1851 est,
3228 1783 3505 1852 legislator

217 1897 436 1951 mensis
464 1896 712 1961 secundi,
739 1892 883 1949 anno
913 1894 1108 1948 altero.
1135 1910 1155 1944 δ
1179 1890 1325 1945 Nihil
1350 1905 1480 1961 ergo
1500 1888 1818 1959 posthisto-
1852 1876 1893 1934 Β
1920 1892 2237 1965 appellavit,
2265 1890 2342 1944 εει
2363 1889 2507 1943 enim
2546 1905 2557 1940 ε
2591 1884 2765 1940 Homo
2799 1900 2864 1938 ex
2892 1881 3068 1945 vobis,
3102 1892 3215 1932 non
3246 1877 3354 1930 hoc
3402 1874 3504 1927 ad-

219 1990 368 2043 riam
396 1988 625 2044 Levitiei
647 1988 770 2043 libri
797 2032 812 2052 ,
840 1995 968 2041 ante
995 1985 1283 2040 historiam
1312 2000 1442 2039 vero
1467 1980 1690 2036 Numeri
1716 1994 1817 2049 po-

220 2083 395 2154 pulus
414 2083 733 2137 Iudaeorum
756 2080 894 2152 egit:
919 2093 1097 2149 neque
1121 2078 1266 2133 enim
1287 2077 1467 2132 locum
1485 2082 1814 2135 mutaverat,

218 2177 360 2247 quia
390 2176 625 2231 necdum
659 2172 1076 2229 tabernaculum
1101 2170 1441 2236 dedicaraot,
1460 2183 1563 2224 nec
1601 2178 1819 2236 tempus

218 2271 465 2325 mltum
504 2266 859 2338 praeterierat.
901 2263 960 2318 In
1016 2262 1193 2333 primo
1242 2261 1445 2331 quippe
1486 2272 1676 2313 mense
1730 2268 1819 2311 εθι-

218 2360 406 2415 eundi
434 2358 585 2424 anni,
612 2356 861 2429 ejusdem
892 2353 1095 2409 mensis
1118 2351 1271 2406 initio
1299 2350 1380 2421 agi
1422 2355 1726 2418 coeperunt.
1758 2343 1818 2398 in

222 2452 426 2508 Exodo
444 2460 629 2507 autem
660 2459 720 2504 et
748 2446 970 2509 Genesi,
1009 2444 1136 2516 quia
1187 2452 1404 2512 tempus
1438 2440 1667 2495 multum
1702 2451 1822 2491 me-

220 2546 410 2611 dium,
446 2542 647 2615 Ioseph
674 2541 889 2605 mortis,
919 2548 977 2595 et
1008 2536 1341 2610 egressionis
1374 2534 1611 2589 ﬁliorum
1659 2528 1822 2585 Israel

220 2644 661 2700 transcurrerat,
695 2648 805 2705 non
842 2631 1093 2687 similiter
1122 2627 1179 2684 in
1210 2628 1421 2683 eisdem
1447 2624 1604 2680 libris
1631 2622 1818 2692 coepit.

224 2730 357 2785 Non
388 2729 533 2784 enim
550 2737 609 2782 et
634 2724 1060 2797 coniunctionis,
1082 2722 1179 2776 sed
1200 2730 1573 2791 opportunum
1600 2714 1825 2784 dispen-

222 2823 438 2880 sationi
464 2832 656 2876 eorum
682 2834 807 2889 qua:
834 2818 911 2872 ibi
938 2816 1141 2885 scripta
1169 2823 1318 2875 sunt,
1344 2807 1820 2882 ponitexordium.

230 2916 331 2970 Ait
360 2914 507 2967 enim
537 2912 621 2967 sic
650 2928 662 2964 :
691 2909 817 2963 ﬂwc
833 2917 952 2961 sunt
978 2907 1119 2961 enim
1140 2904 1355 2958 nomina
1372 2902 1607 2971 ﬁliorum
1632 2896 1824 2960 Israel,

231 3008 329 3079 qui
362 3003 588 3076 ingressi
618 3002 812 3056 suntin
842 2999 1073 3071 .Egypto
1102 3013 1222 3050 cum
1261 2994 1442 3058 Jacob,
1484 2990 1678 3063 singuli
1708 3005 1827 3043 cum

230 3100 479 3154 domibus
512 3098 619 3151 suis
644 3096 707 3148 ιδ.
743 3093 851 3147 Sed
906 3092 1027 3146 sine
1083 3090 1252 3144 dubio
1274 3086 1499 3157 objiciet
1532 3084 1825 3154 quispiam,

233 3193 600 3264 quamobrem
622 3189 749 3243 libri
774 3187 910 3258 legis
940 3186 1099 3240 divisi
1128 3192 1280 3247 sunt,
1336 3196 1465 3237 cum
1520 3195 1628 3233 non
1683 3176 1829 3232 divi-

234 3283 726 3348 derenturysicut
784 3281 1101 3351 prqulictum
1168 3285 1286 3341 est,
1332 3284 1581 3343 tempore
1634 3272 1657 3324 ?
1722 3268 1827 3324 Sed

235 3379 354 3435 hoc
406 3377 607 3432 ide-out
638 3386 749 3429 non
776 3373 1054 3428 fastidium
1102 3367 1408 3440 legentibus
1447 3365 1570 3419 libri
1624 3364 1832 3419 faceret

237 3472 552 3544 amplitudo
598 3488 614 3524 :
669 3469 905 3523 libenter
970 3464 1121 3520 enim
1162 3461 1531 3533 negotiatores
1604 3458 1830 3527 pelagus

235 3568 475 3636 viasque
500 3564 775 3627 dividam,
806 3562 982 3631 ipsum
1028 3553 1435 3627 quodammodo
1496 3552 1828 3605 arbitrantes

238 3658 495 3716 dividere
515 3672 574 3713 se
594 3656 859 3709 laborem.
896 3648 1173 3705 Prseterea
1210 3645 1513 3701 secundum
1542 3642 1683 3697 LXX
1717 3657 1829 3695 non

239 3752 454 3815 vocari,
507 3749 603 3805 sed
637 3747 881 3803 revocari
929 3742 1148 3813 Moysen
1204 3739 1471 3809 scriptum
1530 3744 1638 3799 est,
1689 3736 1833 3789 sicut

234 3844 468 3917 quando
538 3842 723 3905 ideo],
784 3836 1093 3893 secundum
1176 3832 1339 3896 LXX,
1420 3829 1661 3885 Beseleel
1747 3838 1832 3882 ta-

236 3935 607 3993 bernaculum
663 3932 964 3989 secundum
1034 3928 1260 3999 ﬁguram
1311 3939 1433 3995 qua:
1477 3932 1697 3979 ostensa
1750 3930 1837 3975 est

238 4029 304 4082 in
356 4034 567 4089 monte,
618 4024 801 4078 facere
854 4019 1133 4092 praecepit.
1194 4015 1284 4071 Ait
1329 4013 1532 4069 enim:
1586 4010 1836 4080 Dixitque

245 4117 456 4191 ﬁ'oysi‘s
480 4119 606 4189 ﬁliis
633 4116 803 4172 Israel
829 4131 847 4170 :
888 4114 1019 4167 Ecce
1048 4109 1306 4166 reuocauit
1339 4107 1477 4161 Deus
1505 4122 1571 4159 ea:
1629 4104 1837 4157 nomine

162 4210 165 4221 ³
245 4210 483 4270 Beseleel
512 4212 685 4282 ﬁlium
706 4205 818 4264 ﬂor
842 4208 905 4263 de
928 4204 1068 4266 tribu
1102 4203 1268 4268 Iuda,
1298 4210 1353 4255 et
1386 4198 1623 4268 implevit
1642 4196 1838 4265 spiritu

245 4305 615 4377 sapientiae“.
643 4301 787 4373 Ergo
821 4309 877 4355 et
913 4311 1061 4352 nunc
1121 4295 1355 4349 aliorum
1407 4289 1836 4362 intelligibilimn

246 4396 640 4470 qumutndam,
703 4406 757 4449 et
792 4388 1194 4447 rationabilium
1218 4383 1618 4440 sacrificiorum
1648 4378 1843 4450 imagi-

247 4504 405 4549 nem,
431 4485 740 4543 describere
772 4481 1036 4536 Dominus
1058 4476 1276 4547 Moysen
1302 4472 1581 4545 praecepit,
1609 4477 1665 4525 et
1686 4482 1844 4538 aper-

248 4582 471 4639 tissime
494 4581 611 4635 h:ec
635 4592 755 4648 quae
784 4575 985 4630 dicitur
1027 4569 1323 4633 revocatio,
1364 4563 1836 4636 dispensationem

248 4675 549 4747 quamdam
600 4670 912 4733 verborum,
962 4665 1051 4721 vel
1091 4676 1274 4718 rerum
1327 4660 1407 4714 ad‘
1444 4655 1727 4727 superiora
1759 4668 1845 4708 re-

244 4767 637 4842 spicientium,
678 4762 877 4819 innuit.
917 4759 1025 4816 Sed
1074 4756 1219 4811 unde
1273 4753 1340 4808 ad
1383 4766 1508 4807 eum
1570 4748 1842 4803 Dominus

246 4860 537 4933 loquitur?
558 4853 1010 4915 ‘Detabernaculo
1032 4850 1241 4906 scilicet
1260 4844 1579 4902 testimonii.
1601 4842 1846 4897 Primum

254 4932 488 5026 quidem
523 4953 590 5007 de
622 4950 781 5013 coelo,
810 4947 934 5018 quia
966 4945 1021 4998 in
1056 4944 1174 5013 ipso
1194 4939 1441 4994 habitare
1502 4935 1645 4989 Deus
1700 4932 1849 4987 antiit-4

254 5055 465 5102 matur.
499 5038 710 5098 Deinde
738 5030 1151 5095 tabernaculum
1186 5030 1483 5089 testimonii
1516 5032 1845 5099 praesentem

258 5138 594 5208 scripturam
620 5132 972 5204 intelligimus
1000 5149 1012 5183 :
1043 5127 1301 5199 quoniam
1342 5121 1498 5194 quasi
1527 5119 1854 5175 tabernacu-

261 5232 383 5285 lum
419 5228 690 5299 quoddam
753 5234 899 5290 erat,
934 5238 1057 5279 cum
1093 5237 1154 5276 ea
1180 5232 1303 5288 qua:
1338 5215 1686 5277 dicebantur,
1713 5211 1855 5265 ima-

266 5325 428 5396 gines
481 5322 596 5377 sive
629 5320 811 5392 ﬁgura:
838 5315 1182 5388 sequentium
1234 5311 1616 5382 mysteriorum
1644 5315 1852 5369 essent,

268 5422 500 5484 propter
528 5410 677 5482 quod
714 5406 1125 5465 tabernaculum
1177 5401 1475 5457 testimonii
1533 5399 1842 5453 dicebatur.

266 5504 482 5561 Horum
508 5516 689 5560 autem
714 5517 1026 5560 sermonum
1048 5490 1855 5557 tabernaculumtestimonium

277 5597 584 5651 fulturarum
614 5612 796 5652 rerum
824 5604 927 5660 est,
967 5588 1381 5647 indubitabilem
1414 5586 1495 5641 eis
1538 5584 1699 5639 ﬁdem
1727 5596 1859 5652 prae-

278 5698 451 5745 stans.
484 5686 626 5755 Qnid
658 5685 1123 5750 autem‘dicit,aut
1148 5681 1214 5736 ad
1246 5678 1605 5749 quosjussit?
1634 5676 1699 5730 ad
1719 5676 1859 5729 ﬁlios

387 5846 429 5877 "
466 5840 631 5902 Exod.
661 5863 693 5900 ι.
734 5847 781 5901 1.

287 5933 383 5983 1n,
417 5917 468 5972 1.

891 5845 930 5875 ¹⁶
972 5838 1139 5898 Exod.
1171 5853 1314 5900 xxxi,
1351 5835 1395 5888 Ι.

1478 5834 1515 5865 "
1546 5832 1688 5886 Psal.
1716 5845 1874 5893 xxxv,
1912 5829 1963 5880 7.

1920 1986 2167 2048 mireris;
2201 1981 2460 2053 possibile
2485 1990 2569 2047 est
2598 1980 2743 2034 enim
2798 1976 3053 2031 eumdem
3113 1982 3174 2028 et
3228 1969 3505 2025 hominem

1914 2074 2201 2148 appellari,
2233 2081 2291 2127 et
2321 2088 2440 2142 quae
2467 2071 2841 2140 jumentorum
2866 2074 2997 2120 sunt
3018 2077 3200 2134 agere.
3261 2059 3506 2113 Demon-

1912 2180 2053 2227 strat
2069 2178 2251 2225 autem
2283 2166 2388 2220 hoc
2418 2164 2562 2219 idem
2616 2160 2786 2216 David
2821 2158 3089 2229 propheta
3142 2154 3335 2211 dicens
3368 2169 3382 2205 :
3437 2149 3508 2203 Et

1919 2265 2071 2317 homo
2101 2278 2219 2315 cunt
2264 2260 2321 2313 iu
2352 2257 2544 2311 honore
2571 2264 2721 2318 esset,
2759 2261 3100 2323 comparatus
3139 2260 3213 2304 est
3253 2246 3509 2319 jumeulis

1919 2354 2307 2423 insipientibus,
2354 2361 2405 2405 et
2430 2348 2624 2404 similis
2658 2349 2830 2416 factus
2875 2353 2948 2399 est
3012 2343 3120 2397 illis
3166 2341 3234 2395 η,
3302 2339 3509 2395 Verum

1913 2452 2049 2523 quia
2082 2445 2475 2517 intelligibilem
2488 2441 2787 2512 quemdam
2813 2436 2977 2492 Israel
2998 2436 3315 2499 didicimus,
3346 2447 3510 2487 cum-

1917 2559 2029 2615 que
2072 2536 2475 2609 intelligibilem
2566 2530 3045 2589 rircumcisionem
3130 2532 3509 2587 venerantem,

1919 2632 2379 2708 quemadmodum
2401 2627 2602 2682 Paulus
2621 2625 2730 2680 ait:
2753 2623 2871 2678 Non
2888 2624 3026 2677 erum
3042 2623 3133 2692 qui
3158 2621 3216 2674 in
3231 2619 3513 2688 manifesto

1922 2732 2157 2796 Juda'us,
2183 2743 2275 2781 nec
2302 2742 2365 2779 ea
2396 2740 2512 2795 quin
2548 2719 2832 2792 propalam
2866 2718 2922 2770 in
2950 2730 3111 2769 carne
3166 2722 3248 2767 est
3287 2712 3517 2765 circum-

1918 2827 2071 2886 cisio.
2111 2824 2201 2877 sed
2225 2836 2341 2891 quae
2379 2821 2436 2871 in
2488 2814 2711 2878 occulto,
2750 2821 2801 2866 et
2830 2826 2951 2881 qua
2992 2806 3323 2862 circumcisio
3345 2800 3518 2856 cordis

1925 2920 1980 2973 in
2013 2916 2360 2987 spiritu,nen
2390 2909 2588 2971 littera,
2610 2904 2770 2975 cujus
2798 2902 2915 2955 laus
2948 2915 3057 2953 non
3092 2912 3158 2950 ea:
3191 2890 3513 2953 hominibus,

1918 3011 2015 3064 sed
2040 2980 2113 3061 ex
2157 3007 2265 3059 Deo
2310 3010 2384 3056 est
2418 3000 2483 3062 ιθ,
2524 2997 2579 3051 ei
2634 2993 2962 3067 spiritaliter
3006 2987 3324 3060 praedictam
3376 2980 3520 3051 legis

1928 3100 2270 3157 sanctionem
2299 3099 2646 3163 coaptemus.
3093 3118 3099 3133 ε

2003 3190 2245 3247 Vens?»
2304 3206 2324 3238 ι
2362 3185 2420 3240 Si
2479 3184 2601 3253 ejus
2660 3178 3041 3234 holocaustum
3095 3169 3260 3227 fuerit
3318 3163 3525 3221 oblatio

1934 3304 2001 3345 ac
2029 3287 2096 3342 de
2120 3290 2388 3345 armento,
2421 3274 2723 3332 masculum
2760 3267 3197 3327 immaculatum,
3223 3260 3422 3316 oll‘eret
3452 3255 3523 3311 ad

1938 3378 2138 3434 ostium
2171 3366 2509 3429 tabernaculi
2530 3360 2861 3423 testimonii,
2901 3358 2969 3413 ad
3021 3352 3352 3428 placandum
3415 3346 3523 3403 sibi

1939 3471 2254 3528 Dominum.
2291 3485 2311 3517 ο

2010 3564 2146 3629 Quia
2198 3557 2463 3616 sacriﬁcia
2511 3555 2657 3609 Deus
2712 3567 2742 3605 a
2794 3546 2955 3603 nobis
3002 3558 3101 3615 pro
3126 3546 3313 3595 nostra
3345 3533 3525 3589 salute

1937 3660 2073 3721 vult,
2114 3671 2227 3709 non
2261 3653 2377 3722 ipse
2424 3650 2505 3703 eis
2534 3661 2674 3717 opus
2718 3643 2949 3705 habens,
3000 3635 3133 3691 satis
3172 3647 3274 3687 nos
3318 3626 3527 3682 Paulus

1940 3746 2360 3808 commonefacit
2388 3761 2403 3807 ;
2427 3743 2501 3797 ait
2524 3741 2670 3794 enim
2699 3736 2953 3791 :0bsrcro
2976 3732 3156 3799 itaque
3173 3741 3283 3786 vos,
3308 3723 3523 3793 fratres,

1942 3864 2033 3919 per
2062 3838 2475 3898 misericordiam
2509 3834 2627 3895 Dei,
2674 3841 2731 3887 ut
2771 3825 3055 3884 exhibeatis
3086 3834 3307 3889 corpora
3348 3822 3525 3868 uestra

1942 3936 2166 3990 hostiam
2212 3932 2408 3989 vivam,
2444 3933 2707 3987 sanctam,
2750 3920 2855 3973 Deo
2912 3916 3248 3986 placentem;
3280 3906 3527 3961 rationa-

1940 4029 2043 4084 bile
2072 4024 2371 4096 obsequium
2399 4016 2712 4075 vestrum".
2764 4014 2905 4082 Ergo
2936 4008 3160 4079 placens
3199 3999 3537 4057 sacriﬁcium.

1945 4122 2076 4185 Deo,
2108 4130 2399 4188 corporum
2430 4118 2745 4165 nostrorum
2780 4098 3132 4167 mutilicatio
3163 4103 3248 4150 est
3302 4109 3316 4145 :
3366 4086 3539 4144 simul

1945 4216 2093 4272 enim
2118 4213 2172 4266 in
2200 4226 2274 4266 eo
2320 4209 2620 4266 lucramur,
2672 4209 2733 4255 et
2762 4196 2907 4269 quod
2942 4211 2973 4249 a
3006 4201 3232 4264 peccato
3281 4183 3533 4239 abstine-

1946 4323 2090 4373 mus,
2115 4313 2171 4361 et
2198 4300 2342 4374 quod
2365 4298 2602 4356 virtutes
2646 4290 3005 4364 acquirimus.
3064 4283 3173 4339 Sed
3227 4280 3359 4352 quia
3413 4276 3538 4347 ipsa

1948 4415 2174 4471 corpora
2205 4397 2428 4463 quidam
2454 4387 2796 4463 plenissime,
2826 4380 2998 4453 aliqui
3046 4388 3232 4433 autem
3265 4389 3333 4428 ex
3376 4379 3538 4442 parte

1948 4492 2314 4555 mortiﬁcant,
2347 4489 2651 4542 secundum
2690 4476 3061 4535 conditionem
3099 4463 3539 4527 conversationis

1880 4611 1923 4666 ι)
1950 4597 2007 4641 et
2034 4584 2253 4639 modum
2281 4580 2405 4635 vitae
2430 4577 2485 4632 in
2521 4590 2629 4644 qua
2655 4572 2886 4642 degunt,
2927 4581 3051 4622 cum
3105 4563 3159 4617 hi
3208 4560 3430 4631 quidem
3476 4564 3543 4609 ut

1954 4678 2176 4752 perfecti
2192 4675 2436 4745 sapiunt,
2470 4670 2560 4725 alii
2610 4676 2676 4722 ut
2706 4662 2940 4736 parvuli,
2969 4675 3033 4714 ea
3068 4672 3187 4727 quae
3219 4651 3539 4708 omnimodo

1942 4744 2037 4830 est
2073 4744 2407 4827 renuntiatio
2445 4762 2653 4825 saeculi,
2700 4768 2764 4813 et
2830 4755 3171 4824 voluptatum
3218 4744 3541 4819 plenissima

1954 4861 2260 4934 abnegatio,
2280 4859 2662 4913 holocaustum
2686 4848 2889 4904 dicitur
2916 4864 2930 4900 ε
2954 4852 3125 4898 totum
3150 4855 3207 4895 se
3233 4836 3383 4892 enim
3418 4833 3541 4904 quis

1954 4959 2069 5013 Deo
2102 4929 2201 5025 per
2230 4947 2627 5020 intelligibilem
2684 4943 2865 5012 ignem
2919 4935 3144 5005 Spiritus
3203 4929 3387 4994 oll'ert,
3428 4940 3541 4980 non

1955 5053 2066 5121 jam
2097 5020 2369 5105 terrenus.
2396 5040 2491 5095 sed
2526 5035 2811 5107 spiritalis,
2854 5038 2911 5085 et
2971 5020 3379 5097 quodammodo
3431 5034 3543 5073 ca:-

1955 5108 2110 5207 lestis
2143 5136 2391 5192 ell'ectus.
2427 5131 2482 5184 Si
2505 5144 2634 5199 ergo
2659 5126 2748 5180 hic
2790 5126 3047 5193 operator
3101 5113 3262 5169 fuerit
3314 5108 3548 5180 justiti»:

1957 5204 2109 5303 legis,
2137 5230 2259 5299 quae
2281 5223 2585 5281 secundum
2605 5220 2844 5273 litteram
2879 5222 2980 5271 est,
3008 5210 3107 5263 bos
3129 5220 3259 5260 vero
3287 5199 3544 5256 simi-liter

1960 5300 2301 5383 nominatur,
2330 5314 2458 5385 quia
2492 5312 2673 5382 ipsum
2731 5302 2934 5361 animal
2972 5302 3160 5369 iugum
3198 5300 3379 5365 portat
3440 5300 3543 5343 ter-

1962 5424 2218 5469 renarum
2245 5420 2494 5477 operum,
2521 5403 2711 5473 jugum
2729 5406 2907 5451 autem
2946 5402 3029 5448 est
3058 5399 3113 5445 et
3144 5388 3251 5441 let.
3285 5384 3376 5438 Sic
3402 5381 3546 5435 enim

1964 5506 2175 5567 Petrus,
2209 5514 2333 5554 cum
2359 5497 2413 5549 in
2434 5492 2735 5549 Jerusalem
2766 5485 3206 5543 concionaretur,
3236 5469 3546 5544 appellavit,

1965 5596 2151 5651 dicens
2189 5610 2203 5644 :
2254 5587 2391 5653 Quid
2446 5582 2657 5638 tentatis
2701 5578 3007 5638 Dominum,
3047 5573 3314 5638 imponere
3358 5561 3547 5632 jugum

1968 5703 2122 5757 super
2144 5683 2365 5738 cervices
2397 5674 2791 5746 discipulorum,
2814 5668 2952 5738 quod
2975 5681 3066 5719 nec
3099 5678 3213 5724 nos,
3257 5673 3349 5713 nec
3378 5662 3557 5724 patres

2045 5823 2085 5855 ’⁸
2122 5817 2264 5872 Psal.
2298 5811 2601 5879 XLVIlt,‘l3.
2683 5809 2723 5841 ‘9
2754 5806 2996 5870 Romdt,
3019 5800 3111 5864 28,
3142 5797 3234 5856 9.9.
3314 5794 3358 5825 ⁸ο
3387 5789 3530 5846 Rom
