3946 6400
556 379 663 441 793

1743 384 2105 446 HESYCHII
2164 384 2643 444 PRESBYTER!
3707 392 3795 459 Μ

552 488 719 545 rostri
743 496 952 555 portare
982 489 1243 555 potuimus
1266 489 1307 521 "
1334 489 1355 542 τ
1383 488 1561 544 TeStis
1593 496 1678 543 est
1706 500 1888 545 autem
1919 501 1975 546 et
1998 491 2136 546 Pau-
2167 498 2211 553 Α
2241 490 2411 553 mino.
2443 499 2500 544 et
2527 490 2761 545 otl‘erent
2800 490 2895 545 illii
2936 492 3119 548 Aaron
3153 492 3458 549 sacerdotis
3508 500 3791 569 sanguinem

554 583 640 636 ius
668 582 735 635 de
769 582 870 635 hoc
901 581 1121 634 animali
1148 580 1377 650 loquens
1401 597 1873 646 ;commemorans
1901 600 2136 653 namque

554 674 873 728 mandatum
921 673 1079 743 legis,
1115 673 1228 726 ait:
1270 672 1388 725 Non
1451 672 1700 742 alligabis
1729 691 1783 727 os
1815 676 1929 729 bovi
1980 677 2137 729 tritu-

555 768 699 819 ranti
724 767 785 821 ²¹.
818 764 972 830 Quod
1001 766 1128 820 vide
1178 765 1641 834 quemadmodum
1696 766 2086 836 interpretetur
2120 786 2134 823 :

553 856 807 927 Nunquid
828 859 890 911 de
912 858 1068 910 bobus
1100 875 1226 910 cura
1256 868 1330 910 est
1361 858 1469 911 Deo
1501 860 1547 890 ’³
1579 859 1692 913 ?an
1760 870 1984 930 propter
2035 877 2136 915 nos

557 950 674 1005 haec
698 950 848 1013 dicit,
876 950 1002 1019 quia
1031 950 1195 1004 debet
1224 949 1276 1002 in
1306 966 1402 1020 spe
1431 951 1522 1019 qui
1553 961 1669 1005 arat
1711 968 1887 1018 arare,
1937 963 1990 1007 et
2042 955 2136 1023 qui

554 1042 865 1096 seminatin
897 1058 993 1111 spe
1041 1042 1251 1097 fructus
1306 1044 1620 1114 colligendi.
1673 1045 1971 1099 Masculum
2002 1062 2136 1101 vero

554 1150 674 1189 esse
732 1150 931 1189 munus
972 1176 985 1199 ,
1050 1136 1164 1188 sive
1210 1136 1566 1200 oblationem,
1621 1150 1676 1191 et
1725 1138 2134 1193 immaculatum

554 1227 669 1280 vult
690 1245 701 1279 :
724 1228 1022 1282 masculum
1056 1228 1296 1297 quidem,
1322 1238 1379 1282 ut
1411 1230 1722 1285 nullatenus
1750 1232 2134 1286 mandatorum

553 1318 919 1385 eﬁ'eminetur,
938 1321 1053 1375 sive
1076 1323 1389 1377 emollescat
1414 1332 1699 1391 operator;
1726 1324 2137 1377 immaculatum

553 1426 704 1476 vero,
730 1410 845 1465 sive
862 1428 1053 1479 purum
1078 1452 1092 1478 ,
1118 1422 1177 1467 ut
1202 1429 1541 1483 nequaquam
1561 1414 1770 1482 justitia
1793 1415 2135 1484 iniquitatem

553 1502 901 1569 permisceat,
930 1517 1033 1555 nec
1064 1503 1411 1557 simulatione
1445 1504 1699 1557 virtutem
1749 1506 2134 1559 commaculet.

554 1591 661 1646 Sed
689 1594 757 1647 ad
789 1595 991 1648 ostium
1026 1594 1357 1649 tabernaculi
1403 1597 1723 1660 testimonii,
1760 1599 1897 1663 sive,
1936 1613 2137 1652 secun-

554 1685 686 1740 dum
728 1685 865 1740 LXX
892 1728 905 1753 ,
933 1689 1001 1742 ad
1037 1689 1446 1743 tabernaculum
1482 1690 1778 1744 testimonii
1818 1690 1984 1761 jussit
2013 1708 2135 1747 mu-

554 1794 659 1833 nus
684 1780 888 1835 oll‘erri.
940 1781 1377 1837 Tabernaculum
1436 1794 1617 1839 autem
1684 1785 1980 1842 testimonii
2032 1788 2137 1841 hoc

557 1875 696 1939 loco,
729 1891 836 1930 non
874 1877 1047 1931 solum
1081 1879 1222 1944 caeli,
1260 1880 1369 1933 illic
1403 1881 1607 1949 quippe
1641 1889 1884 1935 nostram
1921 1892 2137 1951 oportet

556 1982 678 2022 esse
732 1969 1228 2035 conversationem,
1296 1971 1390 2024 sed
1448 1980 1503 2025 et
1564 1972 1898 2025 conscientia
1945 1985 2136 2030 nostra

558 2059 911 2130 intelligitur;
947 2062 998 2115 in
1032 2077 1093 2119 ea
1127 2062 1272 2117 enim
1317 2064 1677 2135 cogitationes
1730 2065 2139 2138 habitant,qua:

557 2153 932 2208 testimonium
970 2171 1068 2223 pro
1092 2157 1250 2210 nobis
1292 2168 1385 2211 aut
1437 2166 1627 2213 contra
1691 2175 1793 2214 nos
1846 2162 2137 2216 redditurae

558 2254 708 2300 sunt.
738 2246 816 2299 Ad
840 2247 1162 2315 placandum
1189 2250 1289 2303 sibi
1324 2250 1627 2305 Dominum.
1663 2252 1977 2307 Secundum
2036 2254 2137 2308 Se—

559 2338 840 2408 ptuaginta
876 2348 1080 2406 autem,
1114 2356 1237 2403 esse
1270 2342 1372 2396 hoc
1406 2352 1460 2396 et
1510 2352 1793 2412 acceptum
1829 2346 1982 2400 dicit.
2029 2346 2140 2400 Cur

558 2431 777 2483 autem?
808 2429 1071 2487 Oll‘erenti
1102 2434 1376 2500 videlicet,
1426 2446 1480 2491 et
1512 2440 1686 2493 oranti
1723 2441 1778 2494 in
1837 2449 2137 2510 conspectu

562 2522 797 2578 Domini.
831 2524 886 2578 Si
920 2527 1064 2579 enim
1102 2537 1386 2597 acceptum
1424 2530 1581 2584 nobis
1626 2548 1754 2586 vere
1791 2533 1881 2595 sit,
1929 2545 1983 2588 et
2045 2549 2140 2589 cor

558 2623 805 2667 nostrum
835 2626 980 2674 recte
1006 2617 1278 2686 judicans,
1315 2621 1557 2691 nullique
1590 2624 1881 2679 adhaerens
1915 2628 2137 2694 passio-

559 2707 638 2771 ni,
665 2707 979 2776 probaverit
1010 2727 1211 2765 munus
1229 2726 1350 2767 esse
1367 2713 1433 2767 ad
1454 2715 1863 2785 suscipiendum
1888 2719 2136 2789 dignum,

562 2807 693 2854 tunc
722 2816 878 2856 orare
910 2803 963 2857 in
1000 2814 1299 2874 conspectu
1342 2805 1581 2870 Domini,
1616 2809 1667 2863 id
1704 2819 1808 2875 est,
1858 2813 2138 2868 remissio-

562 2907 689 2946 nem
719 2894 878 2949 nobis
907 2895 961 2948 in
985 2908 1284 2966 conspectu
1317 2899 1527 2953 Domini
1548 2916 1838 2970 possumus
1864 2904 2137 2971 obtinere,

563 2983 630 3037 ad
660 2999 756 3038 cor
782 2987 925 3041 enim
968 2988 1263 3043 inclinatur
1286 2991 1448 3058 Deus,
1485 2994 1787 3048 secundum
1815 2999 1960 3065 quod
2001 2999 2142 3053 scri-

564 3074 702 3129 bens
728 3074 970 3131 Joannes
1000 3078 1309 3151 Theologus
1340 3097 1441 3135 nos
1470 3082 1676 3138 docuit.
1703 3084 1770 3137 Et
1795 3100 1977 3141 coram
2024 3090 2143 3159 ipso

2239 584 2378 653 ejus.
2413 584 2703 639 fundentes
2731 598 2827 653 per
2852 583 3042 640 altaris
3069 584 3383 649 circuitum,
3413 588 3558 656 quod
3587 600 3666 643 est
3689 603 3795 647 ante

2238 675 2442 728 ostium
2468 673 2827 729 tabernaculi.
2852 675 3217 744 Detractaque
3251 678 3391 746 pelle
3454 676 3642 734 hostia:
3670 694 3796 739 artus

2238 764 2294 819 in
2330 768 2503 821 frusta
2536 766 2848 831 concident,
2884 776 2938 821 et
2990 768 3285 837 sulijicient
3315 770 3369 823 in
3428 770 3585 823 altari
3620 773 3794 841 ignem.

2238 869 2387 914 strue
2412 859 2682 930 lignorum
2736 869 2865 913 ante
2898 860 3252 928 'composita,
3298 870 3354 915 et
3410 862 3651 915 membra
3698 880 3797 932 qua:

2238 967 2376 1006 etesa
2410 961 2541 1005 sunt
2569 952 2807 1021 desuper
2853 951 3195 1016 ordinantes,
3228 966 3396 1022 caput
3448 954 3711 1012 videlicet.
3755 968 3799 1009 et

2238 1052 2433 1098 cuncta
2458 1044 2877 1112 quzeadhazrent
2913 1043 3108 1112 jecori,
3168 1044 3448 1098 intestinis
3487 1054 3543 1099 et
3598 1046 3797 1115 pedibus

2238 1134 2362 1189 lotis
2393 1151 2530 1204 aqua
2565 1154 2577 1188 :
2618 1135 2967 1205 adolebitque
3012 1151 3077 1189 ea
3134 1135 3397 1190 sacerdos
3441 1152 3606 1206 super
3654 1138 3799 1192 altare

2238 1227 2293 1280 iu
2326 1227 2724 1288 holocaustum.
2754 1235 2809 1281 et
2842 1242 3066 1281 suavem
3096 1227 3319 1281 odorem
3350 1225 3605 1282 Domino.
3639 1247 3657 1279 ι

2308 1319 2534 1372 Multum
2557 1319 2826 1373 laboriosa
2846 1332 2928 1372 est
2950 1319 3053 1382 lex,
3113 1330 3170 1374 et
3192 1320 3499 1387 spiritalem
3515 1320 3797 1375 considera—

2238 1410 2441 1464 tionem
2504 1418 2730 1480 propter
2768 1410 2872 1465 hoc
2920 1411 3129 1465 habens
3181 1413 3574 1475 necessariam,
3620 1420 3674 1465 ut
3708 1427 3795 1465 non

2237 1501 2507 1570 superﬂue
2545 1501 2819 1572 legislator
2849 1502 3153 1557 subtilitate
3178 1502 3281 1556 hac
3309 1502 3596 1556 rationalis
3632 1504 3797 1556 hosne

2238 1608 2369 1647 usus
2403 1609 2525 1648 esse
2572 1594 2841 1648 videatur.
2886 1593 3021 1649 lllud
3070 1610 3199 1667 ergo
3242 1596 3296 1648 in
3350 1595 3549 1665 primis
3584 1595 3794 1656 intende.

2238 1685 2365 1754 quia
2393 1684 2623 1739 vitulum
2644 1700 2829 1739 coram
2857 1685 3085 1739 Domino
3108 1686 3370 1756 praecepit
3391 1686 3571 1739 occidi
3598 1696 3687 1750 ;nt
3706 1700 3797 1739 non

2238 1775 2412 1829 solum
2447 1776 2724 1845 propriam
2771 1776 3187 1843 conscientiam,
3241 1778 3797 1847 conversationemque

2240 1879 2481 1923 nostram
2511 1868 2805 1924 offeramus
2840 1871 2971 1934 Deo.
3020 1870 3114 1925 sed
3144 1870 3606 1939 quemadmodum
3649 1870 3799 1939 placet

2239 1963 2312 2025 ei,
2357 1963 2522 2016 etiam
2568 1977 2769 2032 corpus
2820 1962 3233 2027 mortiﬁeemus,
3260 1979 3372 2017 non
3414 1964 3483 2017 ad
3514 1963 3796 2017 inferiorem

2239 2055 2486 2125 gloriam,
2515 2054 2611 2108 sed
2642 2054 2710 2108 ad
2741 2070 2976 2124 superna
3025 2054 3399 2119 intendentes,
3436 2055 3542 2108 hoc
3566 2064 3644 2108 est
3676 2055 3796 2108 enim

2239 2162 2423 2203 coram
2452 2147 2703 2201 Domino.
2752 2145 2859 2200 Sed
2884 2147 2978 2216 qui
3006 2159 3154 2209 sunt,
3195 2148 3288 2217 qui
3317 2148 3467 2201 hunc
3512 2147 3795 2218 sanguinem

2239 2239 2511 2294 otl‘erunt?
2534 2238 2654 2293 Filii
2676 2239 2927 2294 videlicet
2950 2240 3132 2292 Aaron
3163 2240 3494 2301 sacerdotis,
3531 2240 3629 2307 ipsi
3672 2239 3794 2292 enim

2239 2341 2295 2387 et
2324 2332 2599 2387 occidunt.
2632 2331 2894 2401 Equidem
2918 2332 2962 2385 is
2984 2333 3078 2402 qui
3104 2332 3439 2387 oblationem
3469 2331 3675 2396 oiferet,
3700 2333 3796 2385 sine

2239 2428 2459 2481 nomine
2480 2435 2669 2479 etnon
2698 2425 2976 2496 designate
3020 2440 3313 2495 expressus
3354 2434 3464 2479 est.
3494 2422 3610 2478 Filii
3642 2433 3795 2477 autem

2239 2523 2497 2578 dicuntur
2552 2522 2729 2575 Aaron
2784 2519 3130 2574 immolantes
3166 2518 3311 2589 quod
3352 2518 3597 2572 oblatum
3627 2526 3717 2577 est,
3753 2523 3796 2568 et

2195 2616 2560 2686 'sanguiuem
2622 2613 2915 2668 oﬂerentes
2961 2630 2974 2665 :
3015 2610 3142 2681 quia
3211 2608 3547 2664 oblationem
3608 2608 3795 2677 quidem

2240 2707 2530 2771 adducere,
2557 2706 2610 2761 id
2638 2714 2720 2759 est
2750 2702 3091 2773 promittere,
3130 2699 3507 2769 quorumlibet
3544 2706 3622 2752 est
3660 2712 3671 2747 :
3706 2695 3793 2748 im-

2240 2801 2389 2871 plere
2436 2809 2619 2854 autem
2670 2796 2955 2869 promissa,
3001 2794 3145 2864 quod
3188 2792 3395 2847 occisio
3459 2790 3609 2844 bovis
3653 2786 3796 2857 ipsius

2242 2894 2469 2949 docetet
2491 2891 2772 2962 sanguinis
2799 2887 3017 2951 ell'usio,
3050 2901 3161 2941 non
3199 2883 3591 2955 quorumlibet,
3617 2879 3701 2934 sed
3742 2876 3797 2931 il-

2242 2986 2418 3040 lorum
2452 2987 2544 3054 qui
2568 2984 2664 3038 ﬁlii
2701 2982 2881 3036 Aaron
2930 2995 3120 3033 revera
3142 2987 3292 3036 sunt.
3334 2984 3528 3046 utpote
3566 2972 3797 3028 habentes

2244 3078 2297 3132 in
2326 3074 2630 3144 semetipsis
2653 3070 2940 3128 sacerdotii
2958 3068 3297 3139 dignitatem.
3328 3067 3515 3119 Aaron
3541 3063 3678 3117 enim
3692 3072 3797 3110 arca

566 3167 917 3222 suadebimus
944 3171 1106 3225 corda
1141 3182 1325 3226 nostra
1361 3191 1373 3225 :
1409 3173 1546 3238 Quia
1580 3177 1626 3230 si
1670 3182 1999 3247 reprehendit
2054 3200 2138 3237 nos

2248 3168 2333 3222 vel
2356 3177 2633 3220 montanus
2682 3165 3098 3234 interpretatur.
3148 3162 3292 3231 Ergo
3335 3156 3586 3228 quisquis
3626 3157 3798 3248 semet-

567 3276 654 3313 cor
681 3272 933 3327 nostrum,
970 3272 1017 3317 et
1053 3265 1247 3318 scimus
1277 3267 1402 3335 quia
1444 3269 1619 3337 major
1670 3281 1744 3324 est
1798 3272 1933 3327 Deus
1991 3277 2144 3330 corde

567 3361 762 3413 nostro.
808 3362 855 3406 et
910 3357 1166 3424 cognoscit
1220 3359 1417 3411 omnia.
1456 3359 1815 3426 Dilectissimi,
1851 3366 1897 3417 si
1931 3382 2019 3418 cor
2046 3384 2143 3420 no-

565 3452 732 3496 strum
756 3460 857 3497 non
886 3448 1227 3513 reprehendat
1246 3466 1357 3517 nos,
1389 3452 1761 3519 conﬁdentiam
1792 3456 2041 3512 habemus
2073 3462 2144 3515 ad

567 3534 736 3590 Deum
753 3537 817 3590 “.

642 3675 799 3730 Vsus.
841 3678 893 3732 4.
933 3699 951 3731 ‹
1009 3679 1287 3750 Ponetque
1342 3698 1539 3737 manus
1591 3700 1757 3753 super
1809 3698 1972 3757 caput
2041 3692 2176 3746 hor"

565 3771 703 3835 stiaz,
733 3781 788 3826 et
823 3775 1170 3844 acceptabilis
1202 3775 1323 3843 erit,
1353 3786 1516 3846 atque
1568 3778 1623 3831 in
1668 3780 1976 3850 expiatione
2024 3785 2143 3856 ejus

563 3864 875 3934 proﬁciens.
916 3886 934 3917 ι

635 4002 789 4067 Quod
815 4020 913 4060 nos
938 4005 1172 4060 hostiam
1202 4006 1453 4073 dicimus,
1506 4007 1693 4064 Graece
1747 4011 1951 4066 dicitur
2001 4012 2139 4085 κάρ-

564 4114 755 4168 πωμα,
807 4099 952 4168 quod
993 4102 1304 4169 Specialiter
1358 4103 1700 4176 intelligibile
1756 4106 2139 4162 holocaustum

564 4190 921 4263 signiﬁcatur,
954 4194 1079 4263 quia
1103 4210 1265 4249 omne
1297 4198 1610 4253 mandatum
1650 4198 1963 4265 fruetiﬁcat,
1994 4201 2139 4270 quod

563 4298 661 4353 per
721 4284 1020 4353 spiritalem
1089 4290 1566 4345 conversationem
1616 4290 1849 4346 etﬁcitnr
1882 4293 2141 4348 holocau-

562 4384 732 4429 stum.
766 4374 1059 4445 Propterea
1091 4388 1146 4433 et
1178 4395 1398 4434 manum
1435 4383 1487 4434 in
1513 4393 1680 4451 caput
1710 4382 1902 4436 hostiae
1933 4398 2139 4452 ponere

562 4481 689 4523 eum
750 4469 839 4537 qui
870 4468 1352 4540 oti'eret,jubet.nt
1382 4482 1545 4542 caput
1570 4473 1787 4543 quidem
1817 4474 2009 4543 hostire
2036 4477 2139 4530 hoc

2250 3263 2427 3330 ipsum
2459 3259 2719 3327 templum
2751 3256 2864 3319 Dei,
2903 3264 2958 3309 et
2993 3253 3254 3320 templum
3278 3250 3555 3304 excelsum
3592 3241 3796 3299 aediﬁca-

2247 3353 2325 3407 vit
2354 3350 2663 3413 virtutibus,
2702 3348 2792 3401 hic
2827 3347 2968 3401 ﬁlius
2999 3346 3179 3399 Aaron
3214 3358 3341 3398 vere
3390 3342 3611 3401 dicitur,
3650 3333 3729 3389 sed
3755 3338 3799 3385 et

2247 3443 2518 3498 sacerdos.
2548 3442 2605 3494 Si
2633 3440 2777 3495 enim
2818 3440 2886 3492 ab
2918 3438 3175 3492 unctione
3206 3433 3467 3489 sacerdos
3498 3429 3797 3502 agnoscitur.

2146 3574 2159 3585 .
2248 3533 2432 3603 utique
2479 3532 2623 3585 uncti
2677 3540 2733 3585 et
2795 3545 2895 3583 nos
2925 3537 3145 3599 propter
3210 3526 3501 3598 mysticum
3568 3521 3796 3577 chrisma.

2245 3626 2391 3695 quod
2429 3625 2483 3678 in
2509 3625 2667 3678 nobis
2695 3633 2798 3687 est,
2831 3623 3085 3677 dicimur.
3117 3622 3259 3691 Ergo
3293 3629 3347 3673 et
3373 3635 3477 3674 nos
3522 3615 3797 3672 sacerdotes

2245 3735 2435 3773 sumus
2477 3719 2523 3773 si
2572 3716 2994 3772 custodierimus
3052 3713 3369 3785 dignitatem
3412 3709 3697 3770 unctionis,
3741 3704 3796 3758 de

2244 3828 2349 3881 qua
2388 3820 2441 3865 et
2459 3811 2696 3865 Joannes
2733 3809 2946 3864 dicebat
2973 3826 2985 3861 :
3015 3807 3082 3861 Et
3112 3824 3199 3860 vos
3236 3806 3537 3859 unctionem
3563 3797 3743 3855 habetis
3769 3811 3793 3845 a

2242 3914 2443 3969 sancto,
2468 3917 2514 3958 et
2546 3905 2689 3957 scitis
2726 3918 2901 3955 omnes
2927 3902 2992 3952 ’⁵.
3024 3900 3133 3954 Sed
3176 3907 3231 3953 et
3271 3900 3468 3952 Petrus
3508 3910 3607 3950 nos
3646 3903 3795 3946 sacer-

2244 3998 2400 4051 dotes
2426 3996 2736 4067 appellavit,
2768 3994 2842 4047 ait
2863 3994 3010 4047 enim
3037 4010 3051 4046 :
3079 3991 3174 4045 Vos
3200 4001 3378 4044 autem
3402 4006 3567 4060 genus
3585 3986 3791 4040 eiectum.

2245 4082 2420 4153 regale
2465 4083 2837 4145 sacerdotium,
2866 4097 2991 4151 gens
3034 4089 3251 4142 sancta,
3277 4078 3503 4147 papulas
3526 4070 3795 4145 acquisitio-

2244 4176 2324 4229 nis
2343 4177 2408 4231 ".
2437 4176 2501 4229 Hi
2525 4175 2845 4245 sanguinem
2872 4173 3108 4227 fundunt
3150 4186 3248 4241 per
3273 4170 3462 4224 altaris
3498 4163 3759 4224 circuitum
3779 4197 3793 4220 ν

2242 4267 2489 4336 quodest
2513 4276 2641 4321 ante
2686 4266 2889 4320 ostium
2943 4262 3305 4319 tabernaculi.
3341 4262 3444 4317 Per
3507 4257 3791 4329 sanguinem

2241 4354 2479 4408 animam
2510 4353 2599 4409 hic
2627 4353 2851 4425 intelligi
2888 4352 3250 4407 dubitandum
3271 4366 3380 4405 non
3409 4358 3495 4404 est
3524 4367 3535 4402 :
3563 4361 3678 4402 cum
3699 4344 3793 4411 ipse

2244 4446 2520 4518 legislator
2556 4447 2718 4516 paulo
2747 4452 2869 4516 post
2907 4445 3051 4500 dicat
3078 4462 3090 4498 :
3115 4444 3448 4515 Sanguinem
3494 4457 3597 4497 non
3636 4448 3793 4492 come-

561 4557 682 4614 loco
731 4534 946 4615 initium
994 4534 1263 4631 praedictae
1305 4534 1737 4620 conversationis
1780 4567 2133 4638 intelligatur.
2168 4549 2217 4607 Ῑ)
2241 4538 2369 4593 dius
2399 4538 2453 4591 in
2484 4536 2912 4638 habimjonibus
2945 4536 3143 4591 vesms
3163 4576 3176 4600 ’
3208 4534 3334 4604 ΨΜ
3366 4534 3549 4588 anima
3575 4539 3789 4638 emisi“

559 4651 663 4719 Qui
698 4662 879 4708 autem
910 4655 1103 4710 oll‘eret
1143 4672 1283 4721 eam,
1328 4658 1443 4725 ipse
1473 4658 1575 4712 sibi
1635 4674 1795 4714 causa
1829 4660 2138 4730 hujusmodi

560 4749 939 4817 promissionis
958 4752 1311 4820 approbatur,
1338 4762 1524 4821 utpote
1547 4764 1742 4823 sponte
1773 4756 1839 4809 ad
1881 4757 2021 4811 hanc
2049 4772 2140 4810 ve-

558 4841 757 4895 niens:
789 4843 993 4897 donum
1028 4845 1231 4913 quippe
1255 4845 1469 4908 oll‘eret,
1507 4861 1670 4901 onme
1708 4856 1886 4902 autem
1930 4848 2138 4907 donum

556 4933 925 4987 voluntarium
957 4938 1215 5007 est.Ergo
1239 4937 1283 4991 si
1316 4938 1738 5007 promissionem
1775 4956 1927 4996 suam
1956 4950 2139 4998 trans-

558 5040 776 5095 gressus
800 5027 979 5091 iuerit,
1006 5030 1380 5099 semetipsum,
1405 5046 1528 5085 cum
1546 5048 1731 5102 poenas
1752 5034 1871 5098 luit,
1896 5047 2132 5092 accuset.

560 5113 651 5169 Sic
663 5125 843 5171 autem
861 5119 1277 5189 eiaceeptabilis
1307 5122 1429 5186 erit.
1448 5131 1503 5177 et
1532 5122 1597 5176 ad
1620 5124 2138 5196 expiationempro-

558 5207 767 5271 ticiens.
804 5212 1020 5280 quando
1052 5214 1426 5282 praedicas-erit
1454 5222 1509 5268 et
1546 5211 1912 5280 conﬁtebitur,
1944 5227 2000 5272 et
2038 5235 2136 5289 po-

558 5300 813 5357 sitionem
872 5321 1066 5360 manus
1113 5308 1547 5362 manifestaverlt
1583 5350 1596 5371 ,
1660 5309 1786 5378 quia
1837 5321 2139 5380 spontaneo

558 5406 731 5458 motu.
761 5406 816 5452 et
834 5415 942 5453 non
963 5400 1286 5456 necessitate
1301 5401 1637 5469 compulsus,
1658 5417 1759 5456 nec
1788 5411 2011 5460 exactus
2033 5404 2138 5460 hoc

556 5490 754 5547 obtulit
783 5492 1131 5547 sacriﬁcium.

626 5604 787 5662 Vens.
846 5606 954 5662 5-9.
1006 5625 1024 5659 ι
1060 5606 1467 5677 lmmolabitque
1512 5608 1739 5663 vitulum
1792 5625 1973 5665 coram
2030 5611 2135 5667 Do-

624 5782 667 5855 ’ξ
694 5786 811 5838 Act.
847 5801 934 5843 xv.
970 5785 1053 5839 10.
1116 5787 1159 5819 ³³
1186 5786 1338 5842 Dent.
1369 5804 1491 5849 xxv.
1528 5788 1589 5853 ἂς
1625 5790 1787 5844 lCor.
1812 5808 1882 5855 Ix,
1912 5793 1963 5847 9.

566 5854 694 5915 ",9.
767 5857 810 5887 '7
846 5856 1034 5911 Matth.
1068 5874 1122 5925 χ,
1158 5858 1244 5914 59.
1336 5860 1377 5889 ³⁸
1409 5861 1580 5915 ΕλοιΙ.
1617 5879 1706 5927 xx,
1743 5863 1831 5918 24.

2043 5795 2086 5826 ’³
2110 5795 2243 5850 lbid.

2237 4632 2500 4704 sanguine
2527 4640 2629 4686 est.
2671 4630 2902 4700 Oportet
2924 4645 3052 4701 ergo
3074 4644 3176 4684 nos
3208 4643 3317 4682 non
3356 4641 3582 4697 parcere
3607 4620 3788 4680 animat,

2239 4725 2383 4779 unde
2409 4723 2666 4777 Dominus
2686 4722 2762 4776 ait
2794 4739 2807 4775 :
2841 4720 2942 4785 Qui
2967 4721 3254 4788 perdiderit
3274 4720 3514 4773 animam
3538 4730 3676 4770 suam
3697 4723 3789 4779 pro-

2237 4821 2351 4882 pter
2382 4828 2481 4876 me,
2528 4811 2749 4864 inveniet
2794 4826 2912 4863 eam
2945 4809 3011 4863 ’⁷.
3040 4809 3154 4863 Hoc
3195 4814 3280 4862 est
3326 4808 3640 4879 sanguinem
3685 4799 3788 4854 lun-

2237 4903 2386 4958 dere.
2411 4902 2614 4957 Fundit
2641 4911 2822 4955 autem
2855 4902 2907 4954 in
2944 4900 3131 4954 altaris
3177 4900 3432 4965 circuitu,
3466 4896 3705 4952 videlicet
3743 4887 3787 4941 in

2240 4994 2503 5065 unigeniti
2544 5009 2738 5063 corpus
2771 5012 2784 5047 :
2830 4994 2934 5047 hoc
2970 4993 3116 5047 enim
3144 5008 3334 5046 revera
3386 4991 3554 5045 altare
3583 4985 3786 5041 dicitur;

2239 5100 2348 5155 quo
2401 5086 2590 5140 modo:
2632 5085 2771 5140 sicut
2819 5099 3004 5152 omne
3054 5082 3380 5138 sacriﬁcium
3440 5095 3601 5151 super
3645 5074 3787 5128 altare

2238 5193 2269 5230 a
2321 5176 2694 5232 sacerdotibus
2741 5177 3181 5232 ministrantibus
3243 5175 3486 5245 ponitur,
3556 5171 3628 5225 sic
3688 5176 3787 5217 0m-

2240 5286 2367 5324 nem
2411 5271 2607 5325 animae
2663 5270 2921 5324 virtutem
2964 5271 3020 5324 in
3090 5284 3321 5339 corpore
3366 5264 3596 5326 Domini,
3628 5259 3674 5315 id
3698 5263 3784 5314 est.

2239 5362 2305 5415 ad
2330 5362 2448 5431 ejus
2490 5362 2845 5417 imitationem
2877 5362 3190 5418 sacerdotes
3236 5368 3556 5430 operantur.
3588 5354 3689 5408 Hoc
3721 5346 3785 5400 al-

2240 5462 2353 5507 tare
2377 5450 2584 5523 Moyses
2610 5452 2941 5523 signiﬁcans.
2979 5453 3235 5508 dicebat:
3272 5450 3454 5504 Altare
3488 5450 3549 5502 de
3574 5454 3699 5499 terra
3718 5440 3787 5509 [u-

2239 5547 2383 5600 cietis
2410 5546 2538 5599 mihi
2576 5546 2641 5600 ¹⁸.
2668 5546 2743 5599 De
2778 5556 2960 5600 nostra
2981 5545 3127 5600 enim
3155 5552 3321 5606 terra.
3346 5542 3400 5597 id
3421 5549 3522 5605 est,
3561 5544 3782 5603 consper—

2241 5638 2392 5693 sione
2434 5639 2549 5695 sive
2588 5654 2787 5704 massa.
2832 5653 3029 5709 corpus
3069 5636 3411 5692 Dominicum
3468 5633 3656 5688 factum
3698 5627 3780 5677 est-

3552 5788 3594 5821 "
3621 5784 3637 5841 ι
3658 5782 3797 5861 Patr.

2323 5797 2366 5828 "‘
2397 5795 2550 5849 Joan.
2588 5813 2665 5857 Ill.
2704 5797 2791 5861 9.0,
2815 5796 2904 5851 Ql.
2982 5798 3025 5827 ’³⁸
3056 5794 3070 5847 Ι
3107 5794 3263 5849 Ῐοθη-
3298 5808 3359 5855 υς
3387 5792 3474 5847 90-
