4046 6470
231 444 402 532 791'
1463 467 1544 529 IN
1585 467 2025 531 LEVITICUM.
2059 491 2131 503 -
2163 468 2313 527 LIB.
2348 467 2397 525 ι.
3447 467 3550 531 798

236 581 357 641 Et
375 599 568 640 rursus
588 581 702 653 ipse
730 580 913 648 :Quod
945 587 990 637 si
1014 582 1184 636 altare
1215 581 1480 650 lapideum
1501 582 1684 652 feceris
1713 580 1860 644 milii,
1895 583 1936 637 Α
1968 593 2106 641 rum,
2141 578 2278 646 quod
2306 576 2533 647 fructum
2555 592 2709 630 suum
2739 576 2882 630 dabit
2900 577 2955 630 in
2980 587 3212 646 tempore
3235 595 3332 632 suo
3361 579 3424 634 ³⁸.
3446 580 3551 636 Sed

233 688 390 729 non
417 673 700 744 mdiﬁca‘bis
730 674 861 728 illud
892 675 955 729 de
981 675 1133 728 sectis
1156 674 1416 742 lapidibus
1437 689 1455 726 :
1487 674 1532 725 si
1557 674 1693 725 enim
1719 671 1863 724 leva-
1965 678 2012 721 et
2041 668 2400 731 exsultabant,
2469 668 2668 738 inquit,
2738 671 2920 723 omnia
2944 670 3088 740 ligna
3121 671 3375 725 silvarum
3404 689 3435 724 a
3463 673 3551 741 fa-

235 768 420 820 ueris
468 768 695 820 cultrum
755 777 904 821 luunt
948 783 1104 836 super
1156 783 1235 828 eo,
1277 765 1540 834 polluetur
1568 765 1636 820 ’³.
1679 762 1864 833 Neque
1966 766 2043 818 cie
2077 764 2304 829 Domini,
2350 766 2600 834 quoniam
2617 768 2753 820 venit
2781 767 2845 820 ⁸⁸.
2888 767 3144 822 Gaudent
3172 768 3321 824 enim
3351 769 3406 823 bi
3457 770 3549 839 qui

237 857 431 912 enim
475 866 657 922 secta,
702 871 880 927 neque
925 857 1105 912 dolata
1162 855 1231 908 ab
1282 854 1520 909 hominis
1558 870 1724 909 manu
1782 863 1867 908 est
1965 853 2176 908 divinas
2204 852 2516 923 Scripturas
2546 856 2901 920 meditantur,
2921 859 3141 926 quando
3166 874 3292 913 eum
3309 859 3548 924 venisse,

239 944 489 1003 Christi
522 964 669 1012 caro,
705 951 770 1003 de
798 965 905 1018 qua
952 948 1139 1002 Daniel
1184 947 1429 1002 dicebat:
1461 946 1730 1001 Abscissus
1787 955 1864 1000 est
1964 945 2055 1014 qui
2081 946 2134 999 in
2164 947 2243 1000 eis
2265 953 2320 999 et
2349 961 2446 1014 per
2469 961 2564 1001 eos
2595 949 2953 1016 proplietatus
3009 958 3112 1014 est,
3153 956 3545 1018 cognoverunt.

247 1039 426 1109 lapis
451 1042 515 1094 de
543 1049 717 1094 monte
732 1041 846 1094 sine
876 1041 1117 1094 manibus
1143 1040 1212 1103 ³ο,
1252 1041 1378 1109 quia
1409 1039 1528 1094 sine
1579 1039 1865 1109 complexu
1965 1036 2064 1090 His
2086 1037 2247 1106 jussit
2271 1037 2480 1105 imponi
2523 1037 2870 1094 concisiones
2887 1041 3281 1104 membrorum,
3313 1047 3550 1110 caputet

244 1134 386 1188 viri
413 1144 468 1188 et
500 1134 742 1188 mulieris
763 1143 1059 1202 conceptus
1088 1133 1208 1202 ejus
1237 1131 1502 1202 processit
1549 1141 1606 1186 et
1652 1139 1861 1202 partus.
1966 1137 2162 1182 cuncta
2184 1144 2305 1197 quae
2335 1128 2827 1198 adbazrentjecori.
2866 1129 2985 1192 γει,
3024 1131 3348 1193 sicutLXX,
3381 1141 3550 1202 caput
3591 1155 3593 1158 ·

250 1222 435 1280 Bene
454 1237 634 1280 autem
659 1225 904 1280 addidit:
942 1226 1006 1280 Et
1030 1227 1168 1296 quod
1204 1235 1279 1278 est
1301 1234 1424 1278 ante
1469 1226 1658 1277 ostium
1688 1223 1866 1277 taber-

256 1318 464 1371 naculi
495 1319 790 1373 testimonii
818 1320 874 1373 in
906 1319 1157 1382 circuitu,
1183 1327 1244 1372 ut
1275 1318 1331 1370 in
1361 1317 1616 1371 omnibus
1643 1317 1862 1386 quidem

259 1423 413 1464 eum
436 1410 728 1464 imitemur.
759 1410 899 1464 Ante
933 1410 1132 1464 ostium
1180 1418 1361 1464 autem
1403 1408 1758 1471 tabernaculi,
1805 1415 1867 1461 ut

260 1500 513 1567 ostium,
544 1501 848 1556 doctrinam
894 1501 1269 1570 apostolorum
1328 1500 1712 1570 intelligamus.
1762 1498 1867 1553 Per

263 1588 460 1660 ipsam
487 1592 630 1646 enim
656 1593 819 1647 nobis
856 1592 915 1645 lit
937 1592 1192 1646 introitus
1230 1592 1283 1645 in
1333 1592 1551 1646 cmleste
1608 1591 1865 1644 taberna-

263 1682 491 1742 culum.
522 1683 574 1736 in
613 1699 720 1751 quo
766 1683 1010 1738 habitare
1039 1681 1208 1736 Deum
1261 1682 1541 1752 Scriptura
1592 1690 1864 1737 testatur:

265 1773 433 1842 quod
455 1769 769 1837 manifestat,
793 1769 978 1836 Isaias,
1011 1772 1197 1826 dicens
1229 1789 1241 1824 :
1276 1771 1486 1840 Respice
1539 1773 1602 1825 de
1629 1772 1775 1837 ctelo,
1815 1781 1865 1824 et

264 1864 404 1919 vide
458 1867 523 1920 de
569 1876 721 1920 domo
761 1875 946 1920 sancta
1004 1866 1184 1936 gloria:
1228 1875 1330 1918 tua:
1361 1867 1425 1920 ".
1473 1863 1630 1931 Quod
1681 1875 1863 1921 autem

267 1955 486 2009 ostium
514 1957 882 2026 apostolorum
922 1955 1171 2010 doctrina
1200 1965 1302 2020 est,
1335 1956 1676 2027 apertissime
1722 1956 1861 2011 Pau-

269 2048 372 2102 lus
401 2048 659 2112 ostendit,
690 2048 913 2103 ilicens:
947 2047 1151 2102 Ostium
1194 2049 1332 2101 enim
1361 2065 1599 2117 apertum
1630 2058 1704 2102 est
1753 2065 1865 2102 ma-

271 2156 448 2210 gnum
492 2149 541 2194 et
579 2140 808 2203 euidens,
832 2148 879 2192 et
911 2139 1206 2193 adversarii
1245 2139 1400 2193 multi
1428 2141 1494 2206 ³¹,
1530 2142 1728 2196 ostium
1763 2142 1864 2196 do-

269 2230 517 2284 ctrinam
565 2244 687 2300 quas
734 2229 885 2284 ducit
935 2229 1003 2284 ad
1055 2229 1338 2284 scientiam
1375 2229 1492 2294 Dei,
1514 2232 1726 2296 'dicens,
1775 2234 1863 2288 cui

269 2320 601 2374 omnimodo
628 2319 720 2388 qui
746 2319 957 2373 diversa
982 2319 1180 2373 docent
1209 2320 1450 2374 obviant.
1499 2319 1641 2374 Nihil
1681 2332 1862 2376 autem

274 2410 489 2463 mirum
512 2418 594 2463 est
617 2411 684 2472 si,
717 2426 838 2464 cum
893 2409 1153 2464 Dominus
1183 2411 1384 2465 ostium
1425 2410 1493 2464 sit
1537 2412 1862 2481 appellatus,

272 2501 544 2555 similiter
574 2502 896 2572 appelletur,
930 2517 1093 2572 quam
1131 2502 1252 2572 ipse
1279 2501 1610 2571 impertitur,
1642 2513 1863 2573 aposto-

269 2590 462 2646 lorum
489 2593 755 2648 doctrina.
783 2591 874 2647 Sic
904 2594 1217 2648 sacerdotes
1270 2594 1583 2648 ministrare
1625 2604 1857 2665 oportet.

268 2679 639 2752 Detractaque
675 2682 808 2752 pelle
836 2683 1038 2747 host-ite,
1072 2693 1220 2736 artus
1254 2685 1308 2736 in
1346 2685 1515 2754 frusta
1568 2687 1858 2752 concidere,

265 2783 330 2826 et
349 2773 544 2843 pellem
561 2774 778 2844 quidem
799 2774 1102 2840 detrahere,
1125 2783 1185 2828 ut
1201 2773 1422 2839 divitiis,
1441 2775 1669 2845 aliisque
1681 2777 1862 2832 omni--

263 2862 383 2918 bus
429 2865 780 2920 smcularibus
821 2866 1019 2936 quibus
1071 2865 1536 2938 circuintegimur,
1589 2869 1859 2938 exspolieo

265 2972 424 3011 mur.
455 2955 681 3027 Propter
699 2958 844 3027 quod
873 2959 940 3012 de
967 2956 1069 3012 Job
1099 2957 1349 3012 diabolus
1368 2958 1581 3013 dicebat
1615 2979 1630 3015 :
1659 2960 1859 3016 Pellem

264 3065 377 3118 pro
406 3049 558 3116 pelle,
587 3059 635 3103 et
661 3051 837 3103 omnia
860 3065 1181 3120 quwcunquc
1207 3050 1360 3103 habet
1389 3055 1561 3117 homo,
1591 3051 1732 3105 dabit
1763 3069 1860 3121 pro

265 3141 463 3194 anima
479 3157 574 3195 sua
609 3141 673 3194 ³³.
703 3140 1002 3196 Concidere
1030 3151 1231 3206 autem,
1266 3151 1325 3196 ut
1370 3158 1468 3212 per
1508 3154 1689 3213 partes
1732 3161 1860 3214 par-

1966 1227 2022 1273 et
2045 1219 2258 1288 adipes.
2291 1219 2405 1273 Nos
2477 1234 2608 1274 vero
2652 1237 2750 1289 per
2799 1222 3143 1276 eoncisiones
3194 1223 3430 1276 animam
3492 1232 3550 1276 et

1965 1321 2164 1376 corpus
2185 1306 2576 1377 intelligimus;
2604 1324 2727 1362 cum
2760 1311 2904 1365 enim
2938 1311 3100 1366 unius
3135 1313 3246 1366 sint
3271 1313 3543 1382 animalis,

1965 1399 2265 1453 secundum
2283 1399 2632 1469 operationes
2663 1403 2978 1470 passionum
3032 1403 3266 1458 invicem
3319 1404 3548 1470 sibiad-

1967 1498 2256 1544 versantur
2289 1505 2304 1552 ;
2331 1489 2468 1542 dicit
2507 1489 2654 1543 enim
2697 1490 2992 1560 Apostolus
3023 1510 3034 1544 :
3065 1491 3201 1547 Caro
3233 1492 3549 1560 concupiscit

1966 1580 2213 1633 adversus
2250 1580 2517 1650 spiritum,
2579 1583 2799 1651 spiritus
2851 1584 3102 1636 adversus
3147 1599 3380 1636 carnem.
3422 1586 3551 1636 Haec

1966 1673 2102 1725 enim
2124 1672 2342 1725 invicem
2360 1672 2458 1725 sibi
2488 1673 2838 1726 adversantur
2862 1674 2926 1726 ⁸ο.
2956 1674 3250 1743 Pmpterea
3272 1675 3547 1728 Abraham

1965 1779 2090 1819 cum
2123 1764 2347 1820 otl‘erret
2378 1765 2708 1820 sacriﬁcium
2770 1765 2900 1830 Deo,
2935 1767 3187 1822 dividens
3213 1782 3457 1832 vaccam,
3493 1776 3549 1821 et

1967 1871 2206 1926 capram,
2238 1864 2294 1911 et
2321 1856 2570 1924 arietem,
2598 1857 2900 1912 divisiones
2962 1868 3156 1912 contra
3187 1875 3246 1914 se
3293 1859 3549 1913 altrinse-

1967 1964 2065 2004 cus
2095 1948 2295 2016 posuit.
2332 1949 2513 2018 Caput
2549 1957 2734 2004 autem
2767 1950 2948 2006 omnis
2977 1951 3260 2006 rationalis
3289 1951 3548 2006 animalis

1966 2057 2123 2096 mens
2157 2041 2379 2108 dicitur,
2403 2049 2625 2110 propter
2646 2042 2791 2110 quod
2849 2041 3013 2098 Isaias
3040 2043 3176 2097 dixit
3204 2061 3216 2096 :
3258 2046 3422 2096 Omne
3451 2060 3546 2096 ca-

1965 2143 2059 2204 put
2081 2131 2424 2203 languidnm,
2452 2143 2501 2186 et
2534 2149 2686 2186 omne
2718 2150 2808 2186 cor
2858 2150 3097 2199 maerens,
3126 2153 3157 2188 a
3190 2135 3374 2205 planta
3399 2136 3548 2206 pedis

1965 2240 2126 2294 usque
2159 2225 2230 2277 ad
2258 2225 2503 2278 verticem
2527 2241 2626 2278 non
2653 2235 2726 2278 est
2767 2227 2823 2278 in
2875 2243 2934 2280 eo
2965 2227 3169 2280 sanitas
3199 2229 3264 2280 δ’.
3295 2227 3545 2296 Conlpati

1965 2317 2110 2369 enim
2138 2315 2240 2369 sibi
2272 2315 2437 2369 nimis
2467 2317 2583 2370 huic
2628 2316 2861 2372 invicem
2897 2319 3177 2386 dicuntur,
3202 2330 3258 2374 et
3282 2320 3547 2375 rationale

1963 2416 2232 2472 nostrum,
2265 2417 2458 2478 utpote
2482 2409 2539 2462 in
2571 2417 2800 2480 utroque
2833 2411 3104 2476 habitans,
3143 2413 3428 2482 utriusque
3460 2412 3546 2468 lo-

1965 2514 2124 2560 vetur
2160 2506 2355 2561 salute.
2380 2505 2440 2560 In
2464 2515 2691 2576 utroque
2715 2513 2894 2559 autem
2918 2505 3144 2569 habitat,
3173 2505 3229 2558 in
3248 2505 3410 2560 corde
3437 2505 3546 2560 sci-

1962 2596 2091 2652 licet
2109 2607 2162 2653 et
2186 2599 2240 2652 in
2262 2599 2510 2663 cerebro,
2537 2598 2660 2668 quia
2679 2614 2789 2653 non
2808 2606 3022 2668 oportet
3040 2606 3280 2652 mentem
3306 2597 3544 2651 sobriam

1961 2689 2166 2756 dividi,
2194 2691 2290 2745 sed
2322 2691 2496 2760 ipsam
2520 2709 2549 2744 a
2581 2705 2712 2760 pace
2745 2690 2840 2745 Dei
2881 2689 3211 2745 custoditam
3239 2727 3254 2753 ,
3289 2688 3434 2742 sicut
3470 2689 3548 2742 ait

1961 2781 2288 2850 Apostolus:
2312 2779 2378 2833 Et
2391 2797 2499 2850 pax
2513 2781 2630 2846 Dei,
2652 2795 2768 2850 quia
2788 2787 3069 2848 exsuperat
3087 2793 3290 2831 omnem
3313 2793 3542 2840 sensum,

1961 2872 2222 2928 custodiat
2237 2873 2394 2926 corda
2416 2882 2606 2936 vestra,
2626 2882 2675 2925 et
2697 2869 3069 2940 intelligentios
3091 2877 3289 2922 vestras
3306 2866 3374 2932 δ’,
3398 2866 3550 2922 colli-

1959 2979 2087 3036 gere
2099 2971 2312 3033 oportet
2325 2963 2380 3016 in
2398 2978 2566 3017 unum
2586 2964 2830 3033 corporis
2847 2970 2902 3016 et
2914 2961 3108 3014 animae
3129 2957 3548 3027 motum.Adeps

1959 3063 2140 3110 autem
2162 3071 2192 3108 a
2215 3054 2575 3110 divisionibus
2597 3069 2709 3107 non
2740 3054 2862 3107 sine
2885 3067 3050 3107 causa
3077 3058 3386 3120 separatur,
3416 3064 3544 3103 cum

1969 3148 2237 3204 aestimari
2256 3157 2496 3217 oportet,
2522 3147 2673 3218 quia,
2697 3155 2887 3216 utpote
2921 3145 3014 3214 qui
3045 3145 3097 3198 in
3131 3144 3264 3213 ipsis
3292 3150 3396 3206 est,
3423 3156 3545 3194 cum

269 3243 471 3304 tesque
497 3243 682 3288 nostra
710 3235 1050 3290 conversatio
1087 3237 1436 3306 approbetur,
1466 3239 1596 3306 quia
1615 3247 1670 3292 et
1705 3239 1855 3293 Chrio
1886 3265 1928 3323 ρ
1965 3241 2096 3311 ipsis
2123 3240 2348 3295 deberet
2375 3239 2558 3294 oll‘erri
2583 3255 2598 3304 ;
2629 3238 2726 3293 sed
2756 3238 2883 3307 quia
2917 3234 3276 3307 pinguiSsima
3307 3247 3434 3302 pars
3489 3239 3548 3284 et

265 3334 421 3390 stus,
449 3326 591 3381 sicut
615 3327 689 3381 ait
716 3327 934 3393 Paulus,
959 3328 1241 3382 secundant
1263 3331 1619 3398 operationem
1645 3332 1698 3384 in
1717 3348 1860 3385 men-

263 3435 464 3472 suram
513 3421 922 3490 uniuscujusque
962 3421 1180 3474 membri
1244 3433 1585 3492 augmentum
1623 3425 1860 3492 corporis

266 3512 408 3581 facit
437 3513 494 3564 in
515 3513 914 3581 ludiﬁcationem
957 3514 1040 3566 sui
1068 3514 1120 3567 in
1165 3513 1502 3570 charitate“.
1544 3515 1697 3570 Tunc
1733 3532 1862 3587 ergo

266 3602 380 3656 ﬁlii
408 3603 588 3657 Aaron
611 3603 909 3656 sacerdotis
942 3602 1052 3675 (qui
1082 3611 1264 3658 autem
1299 3603 1356 3658 hi
1385 3607 1496 3659 sint
1527 3621 1691 3675 supra
1722 3607 1862 3660 dixi-

266 3697 434 3764 mus)
458 3695 732 3761 subjicient
768 3695 930 3749 altari
952 3698 1140 3767 ignem.
1177 3695 1376 3767 Utpotc
1402 3699 1859 3784 ministrationem

265 3786 508 3854 spiritus
537 3787 850 3855 plenissime
876 3787 1122 3842 valentes
1139 3789 1462 3844 accendere.
1499 3791 1565 3844 Et
1586 3794 1860 3861 quomodo

266 3877 604 3932 habebimus
624 3877 801 3949 ignem
828 3879 919 3949 qui
940 3879 1164 3934 minime
1191 3880 1602 3951 exstinguatur?
1643 3882 1858 3939 Struem

263 3967 549 4038 lignorum
571 3979 982 4046 componentes,
1014 3971 1223 4025 scilicet
1270 3981 1580 4027 sanctarum
1613 3973 1857 4044 Scriptu-

267 4075 467 4115 rarum
487 4062 868 4118 meditationes
899 4072 1083 4134 atque
1134 4064 1448 4130 doctrinas;
1470 4067 1684 4136 per_has
1713 4069 1858 4122 enim

268 4155 524 4210 nutritur
544 4155 770 4225 spiritus
827 4155 940 4221 Dei,
995 4164 1051 4212 et
1097 4157 1358 4214 continue
1410 4161 1747 4236 accenditur,
1803 4172 1858 4216 ut

267 4247 594 4302 turbinibus
628 4248 979 4303 adversarum
1035 4257 1365 4318 potestatum
1435 4253 1703 4324 exstingui
1746 4269 1858 4307 non

266 4339 484 4411 possit;
516 4349 735 4410 propter
766 4340 911 4410 quod
943 4347 1000 4394 et
1029 4338 1227 4396 Paulus
1277 4341 1495 4398 dicebat
1529 4361 1541 4396 :
1597 4343 1858 4414 Spiritum

269 4437 442 4492 nolite
467 4440 813 4509 exstinguere,
841 4437 1141 4507 prophetias
1185 4437 1344 4492 nolite
1375 4455 1620 4506 spernere
1644 4440 1710 4493 ³⁸.
1747 4440 1859 4496 Nec

267 4530 589 4585 mirandum
641 4539 744 4594 est,
796 4531 840 4585 si
894 4530 1035 4600 ligna
1079 4539 1394 4584 sanctarum
1449 4529 1856 4600 Scripturarum

1965 3333 2128 3387 nimis
2152 3332 2388 3388 crassior
2417 3331 2597 3386 omnis
2629 3330 2884 3384 animalis
2915 3328 3085 3396 adeps
3128 3340 3254 3379 esse
3317 3322 3541 3384 dicitur,

1963 3441 2032 3480 ex
2058 3425 2176 3494 ipso
2206 3433 2391 3479 autem
2435 3423 2593 3477 nobis
2621 3421 3018 3477 desideriorum
3049 3417 3352 3486 essurgiint
3379 3421 3546 3482 atque

1962 3526 2375 3572 commoventur
2405 3515 2684 3585 appetitus
2706 3554 2721 3578 ,
2797 3512 2942 3582 quod
2985 3509 3339 3565 manifestum
3373 3517 3544 3560 estex

1963 3626 2029 3666 eo
2080 3610 2223 3680 quod
2254 3609 2562 3678 superjacet
2591 3607 2816 3661 renibus
2873 3615 2929 3660 et
2951 3603 3287 3675 inguinibus,
3319 3615 3437 3670 quae
3457 3615 3548 3652 or-

1961 3716 2098 3773 gana
2146 3715 2245 3754 seu
2288 3700 2654 3752 instrumenta
2713 3712 2836 3751 esse
2887 3697 3158 3750 seminum
3207 3691 3546 3747 commistio-

1962 3805 2201 3860 numque
2223 3787 2721 3859 putantur,aul‘erri
2748 3788 2896 3841 hunc
2921 3802 2951 3839 a
2973 3784 3335 3840 divisionibus
3357 3781 3544 3850 jussit,

1962 3900 2064 3939 nec
2089 3883 2232 3937 enim
2261 3883 2422 3936 aliter
2451 3889 2668 3952 poterat
2720 3881 2896 3934 solum
2952 3875 3158 3932 ollerri.
3208 3873 3421 3928 Aul‘erri
3450 3889 3546 3925 au-

1963 3987 2096 4041 tem,
2133 3985 2192 4030 ut
2225 3976 2501 4030 discamus
2524 3973 2812 4030 desideriis
2839 3988 2949 4026 non
2988 3967 3342 4038 corporaliter
3369 3980 3546 4034 neque

1959 4068 2265 4122 animaliter
2292 4067 2393 4131 uti,
2423 4068 2520 4121 sed
2555 4065 2894 4136 spiritaliter,
2925 4073 2984 4118 ut
3010 4062 3122 4118 sola
3154 4059 3422 4131 spiritalia
3445 4058 3545 4112 de-

1961 4159 2288 4222 sideremus,
2314 4167 2369 4212 et
2394 4174 2613 4214 omnem
2637 4157 2942 4228 appetitum
2974 4157 3032 4211 in
3060 4154 3141 4209 eis
3173 4162 3415 4221 etusque
3477 4150 3545 4204 ad

1960 4271 2025 4310 ea
2072 4255 2450 4316 extendamus,
2502 4257 2631 4325 quia
2667 4265 2722 4310 et
2757 4253 3010 4307 animalis
3056 4257 3209 4304 homo
3272 4265 3373 4302 non
3421 4263 3547 4316 per-

1963 4351 2096 4420 cipit
2147 4367 2210 4404 ea
2257 4366 2374 4420 qua:
2411 4358 2531 4403 sunt
2551 4348 2788 4418 spiritus,
2835 4345 3062 4401 stultitia
3096 4352 3169 4397 est
3200 4342 3336 4395 enim
3365 4338 3445 4392 illi
3477 4339 3542 4390 “.

1955 4443 2099 4514 Ergo
2123 4443 2413 4498 animalem
2440 4442 2622 4496 dicere
2655 4441 2856 4494 Paulus
2878 4439 3099 4494 videtur
3141 4451 3266 4490 eum
3319 4432 3413 4503 qui
3435 4446 3541 4485 non

1961 4535 2190 4590 multum
2221 4535 2289 4590 de
2311 4533 2626 4589 carnalibus
2649 4533 2854 4602 cogitat
2901 4529 2980 4602 (et
3011 4530 3132 4583 ideo
3163 4525 3394 4582 carnalis
3434 4539 3544 4577 non

266 4620 556 4676 doctrinas
587 4619 893 4685 docuimus,
931 4635 1054 4673 cum
1083 4618 1377 4689 legerimus
1427 4620 1482 4673 in
1501 4620 1740 4689 Epistola
1789 4622 1856 4676 ad
1893 4621 1934 4676 D
1961 4637 2046 4682 est
2065 4627 2414 4697 appellatus),
2439 4625 2535 4680 sed
2565 4625 2810 4678 animum
2840 4638 2967 4692 erga
3012 4635 3154 4674 vana
3184 4615 3451 4672 desideria
3489 4621 3545 4669 et

267 4711 594 4766 Corinthios
629 4729 642 4764 :
676 4708 864 4782 Ligna,
897 4713 1095 4782 fenum,
1142 4710 1366 4780 stipulas
1393 4712 1455 4774 ’⁸,
1485 4712 1656 4767 malas
1686 4714 1860 4768 actio-

267 4820 380 4860 nes
427 4806 513 4859 vel
563 4805 839 4860 doctrinas
873 4802 1222 4875 signiﬁcatas.
1286 4805 1393 4860 Sed
1429 4806 1697 4878 lignorum
1756 4807 1862 4862 alia

267 4897 502 4967 quidem
534 4906 662 4951 sunt
685 4897 985 4964 fructuosa,
1041 4914 1168 4952 nam
1215 4896 1484 4952 Jeremias
1537 4897 1605 4952 de
1636 4912 1704 4952 eo
1766 4899 1860 4968 qui

268 4987 506 5043 confidit
541 4987 596 5040 in
628 4987 738 5041 Deo
770 4987 941 5043 dixit:
972 4988 1039 5042 Et
1103 4989 1202 5042 erit
1251 4989 1404 5058 quasi
1455 4989 1654 5058 lignum
1721 4991 1861 5060 quod

271 5081 705 5149 transplantatur
733 5097 889 5150 super
914 5098 1101 5151 aquas,
1135 5088 1272 5152 quod
1311 5083 1382 5135 ad
1405 5083 1674 5136 humorem
1697 5084 1860 5136 mittit

271 5174 487 5226 radices
519 5190 642 5227 suas
669 5175 731 5227 ³⁷.
769 5173 925 5239 Quod
963 5183 1144 5228 autem
1209 5190 1308 5245 per
1363 5175 1508 5248 ligna
1552 5175 1858 5241 fructifera,

270 5275 430 5320 recte
453 5265 732 5321 meditatio
758 5281 1033 5320 sacrarum
1065 5267 1466 5336 Scripturarum
1502 5269 1860 5339 intelligatur,

272 5366 467 5427 aperte
501 5356 659 5412 nobis
680 5357 848 5411 David
870 5355 1207 5411 demonstrat
1250 5358 1349 5413 :de
1379 5376 1444 5412 eo
1473 5359 1640 5423 enim,
1675 5360 1766 5429 qui
1803 5362 1857 5414 in

276 5449 392 5516 lege
420 5447 630 5502 Domini
661 5449 948 5502 meditatur
983 5447 1067 5501 die
1099 5465 1160 5501 ac
1188 5459 1332 5503 nocte
1362 5449 1427 5514 ³⁸,
1458 5451 1596 5516 Erit,
1625 5453 1721 5518 ait,
1754 5454 1862 5507 sic-

276 5551 336 5594 ut
364 5539 564 5610 lignum
601 5540 738 5609 quod
765 5539 1067 5608 plantatum
1102 5550 1176 5593 est
1215 5557 1361 5595 secus
1414 5543 1661 5596 decursus
1691 5562 1865 5598 aaua-

1961 4720 2294 4790 quaestiones
2323 4726 2572 4787 occupat.
2607 4716 2760 4772 verbi
2798 4714 2991 4785 gratia,
3030 4713 3083 4766 in
3112 4709 3382 4766 mensuris
3397 4707 3544 4768 coeli,

1966 4823 2022 4870 et
2061 4821 2334 4867 astrorum
2379 4809 2656 4873 numeris,
2713 4815 2768 4862 et
2819 4804 3020 4859 similia
3077 4799 3543 4872 philosophantes,

1962 4906 2056 4976 qui
2086 4905 2390 4960 forinsecus
2417 4918 2671 4973 magnum
2722 4900 2979 4955 videntur
3014 4911 3139 4966 erga
3162 4893 3398 4946 animam
3431 4896 3545 4942 stu-

1964 4999 2113 5053 dium
2128 4997 2462 5065 impendere.
2495 4994 2720 5063 Propter
2750 4990 2895 5061 quod
2922 4997 2977 5044 et
3007 5003 3193 5043 eorum
3221 4980 3546 5052 sapientiam

1963 5088 2276 5154 animalem,
2319 5086 2664 5150 diabolicam,
2703 5093 3017 5144 terrenam,
3073 5093 3182 5131 non
3250 5082 3432 5128 autem
3478 5070 3547 5124 de

1964 5177 2341 5249 superioribus
2369 5174 2813 5237 descendentem,
2873 5186 2941 5225 ex
2981 5169 3182 5239 quibus
3242 5161 3538 5220 descendit

1965 5272 2211 5342 spiritus,
2240 5270 2477 5325 Jacobus
2507 5266 2818 5338 appellavit,
2861 5264 3062 5335 quibus
3099 5257 3327 5316 stultitia
3353 5265 3438 5310 est
3481 5269 3545 5309 ea

1967 5378 2088 5433 qua:
2107 5370 2235 5417 sunt
2254 5360 2512 5431 spiritus;
2547 5373 2655 5412 non
2684 5357 2833 5411 enim
2864 5371 2928 5410 ea
2965 5358 3196 5424 possunt
3221 5347 3546 5417 intelligere,

1969 5455 2094 5526 quia
2124 5452 2440 5524 spiritaliter
2467 5467 2577 5507 non
2607 5450 2943 5505 examinant.
2974 5446 3113 5516 Ergo
3144 5439 3544 5511 intelligibilem

1975 5546 2218 5615 adipem.
2255 5545 2307 5598 id
2331 5556 2436 5610 est,
2479 5558 2644 5598 omne
2672 5550 2923 5596 nostrum
2945 5535 3298 5598 desiderium,
3328 5546 3422 5585 seu
3446 5546 3548 5598 ap-

3074 5761 3120 5794 ³¹ι
3147 5759 3350 5830 Ephes.
3374 5771 3455 5830 ιγ,
3487 5754 3542 5813 7.

2633 5770 2676 5802 ³³
2720 5769 2820 5824 Job
2850 5782 2908 5830 ll,
2932 5766 2984 5820 4.
3074 5766 3120 5794 ³⁵
3147 5766 3350 5830 Ephes.
3382 5771 3455 5818 Iv,
3488 5766 3542 5813 Ἰ,

2669 5841 2712 5873 ³ο
2745 5837 2885 5884 Ρςειι.
2940 5849 3059 5884 xcv.
3115 5832 3200 5884 1‘2.
3297 5829 3340 5860 ³ο
3364 5826 3544 5884 Garat.

375 5769 610 5836 ’°lbid.,
642 5769 732 5826 25.
811 5770 854 5803 ³ο
889 5769 1024 5826 Dan.
1084 5788 1149 5836 ιι,
1187 5774 1278 5828 51.
1373 5774 1414 5805 ³⁸
1453 5775 1557 5837 lsa,
1613 5791 1766 5841 ant,
1825 5776 1912 5831 15.
2007 5776 2052 5807 ³¹
2084 5773 2254 5830 lCor.
2312 5790 2422 5838 χαί,
2475 5774 2528 5829 9.
2633 5770 2676 5802 ³³
2720 5769 2984 5830 Jobu,4.
3074 5769 3200 5830 “El

398 5841 588 5895 Thess.
624 5859 675 5895 ν.
722 5841 803 5895 19.
884 5843 928 5874 ³⁸
965 5843 1136 5895 lCor.
1179 5860 1260 5895 tu.
1292 5845 1367 5895 l2.
1451 5846 1492 5878 ³⁷
1521 5846 1722 5895 Ιε-νυιιι.
1766 5863 1894 5895 xvn.
1962 5847 2014 5895 8.
2107 5845 2150 5876 ³⁸
2188 5845 2329 5895 Psal.
2367 5862 2406 5895 ι.
2436 5847 2492 5895 ‘2.
2521 5843 2574 5895 5.
2669 5841 2712 5873 ³⁹
2742 5837 2885 5895 Psal.
2940 5849 3059 5895 xcv,
3115 5832 3200 5886 1‘2.

280 5844 326 5876 ⁸³
355 5841 588 5898 l'l‘hess.
624 5859 675 5907 v,
722 5841 803 5896 19.
884 5843 928 5874 ³⁸
965 5843 1136 5898 lCor.
1179 5860 1260 5909 ιιι,
1292 5845 1367 5899 l2.
1451 5846 1492 5878 ³⁷
1521 5846 1722 5900 Jc-renl.
1766 5863 1860 5901 xvi:

1963 5847 2014 5901 8.
2107 5845 2150 5876 ³⁸
2187 5845 2329 5900 I’sal.
2367 5862 2406 5912 ι,
2436 5847 2492 5908 ‘2,
2521 5843 2574 5898 5.

279 5914 444 5982 Υ,17.
520 5912 673 5999 915³
721 5912 873 5999 ι,6.ι
929 5917 1003 5998 ’δ’
1039 5912 1269 5986 Philipp.
1301 5931 1372 5981 tv,
1425 5918 1476 5972 7.
1575 5917 1668 5971 ⁵⁵1
1731 5916 1856 5972 Cor.
1923 5933 1982 5980 ιι,
2028 5915 2110 5969 li.
