4046 6410
607 384 714 456 799

1802 412 2167 478 HESYCHII
2217 419 2697 486 PRESBYTERI

605 503 838 572 petitum
860 521 1058 566 vacare
1079 511 1223 568 circa
1251 511 1502 582 spiritum
1553 515 1730 584 jubet,
1758 501 1844 576 ‘et
1902 536 2190 596 propterea
2221 531 2268 590 Α
2297 528 2710 596 Verumtamen,
2735 551 2862 591 cum
2911 537 3098 593 ovium
3156 540 3476 596 memoriam
3520 541 3778 607 fecisset,
3833 549 3902 602 ait

605 607 719 649 non
749 612 872 651 cum
906 600 1294 668 divisionibus,
1325 606 1419 661 sed
1478 623 1578 676 per
1611 625 1670 664 se
1701 613 1914 670 oli‘erri.
1957 618 2194 673 Verum-

605 693 788 741 tamen
814 696 870 743 et
886 689 1203 757 divisiones,
1239 703 1493 766 eteaput,
1513 708 1569 754 et
1593 700 1834 771 adipem,
1859 720 2026 775 super
2047 709 2195 778 ligna

602 777 806 846 quibus
835 778 974 850 ignis
1005 783 1288 852 subjectus
1318 797 1423 852 est,
1481 805 1713 860 qumque
1760 805 1888 850 sunt
1921 777 2196 869 supera!-

605 875 744 929 tare.
770 870 1053 941 imponere
1075 876 1253 944 jubet,
1288 887 1346 932 ut
1373 895 1594 936 omnem
1632 894 1881 940 nostrum
1910 889 2193 946 hominem

599 962 896 1032 scripturis
951 967 1313 1036 spiritalibus.
1381 988 1504 1042 quae
1561 976 1629 1030 de
1702 977 2032 1052 intelligibili
2087 987 2191 1041 .al-

603 1054 705 1107 tari
775 1059 1020 1126 corporis
1088 1059 1302 1115 Domini
1369 1063 1530 1120 dictae
1602 1077 1764 1134 sunt,
1850 1083 2189 1143 coaptemus,

595 1148 904 1202 secundum
960 1153 1082 1221 ejus
1127 1154 1378 1210 viventes
1441 1173 1540 1213 seu
1609 1173 2006 1223 conversantes
2064 1169 2192 1224 imi-

599 1238 882 1294 tationem.

673 1330 945 1386 lntestinis
978 1344 1156 1390 autent
1191 1347 1238 1391 et
1273 1340 1488 1407 pedibus
1524 1343 1644 1398 lotis
1661 1363 1826 1417 aqua,
1866 1352 2009 1420 quod
2045 1353 2188 1409 LXX

601 1421 773 1478 edunt
798 1443 810 1477 :
843 1423 1050 1496 anuaa
1070 1440 1192 1484 sunt
1215 1431 1270 1485 in
1295 1444 1505 1499 ventre,
1540 1445 1596 1490 et
1618 1440 1788 1508 pedes
1812 1457 1951 1512 aqua
1981 1446 2186 1515 lavent,

597 1523 701 1582 per
729 1528 791 1567 ea
826 1530 947 1583 quae
977 1517 1032 1570 in
1072 1529 1264 1575 ventre
1315 1532 1464 1589 sunt,
1514 1526 1729 1582 abditas
1751 1539 1807 1584 et
1842 1531 2076 1591 latentes
2095 1553 2191 1593 co-

599 1606 893 1676 gitationes
937 1611 1314 1682 signiﬁcantes
1377 1616 1429 1670 in
1504 1629 1698 1675 ventre
1762 1626 2003 1694 animae,
2061 1631 2186 1701 quia

593 1710 792 1753 venter
813 1701 1010 1757 animae
1035 1719 1130 1758 cor
1163 1717 1266 1760 est.
1298 1707 1456 1764 Unde
1504 1723 1559 1767 et
1616 1714 1882 1774 Jeremias
1931 1721 2182 1779 dicebat:

603 1785 844 1842 Ventrem
881 1808 1075 1858 meum,
1101 1806 1330 1850 ventrem
1356 1816 1528 1855 meum
1559 1804 1707 1860 doleo
1726 1807 1792 1873 “,
1826 1825 1988 1879 quem
2045 1831 2182 1869 ven-

599 1885 738 1932 trem
762 1880 877 1949 ipse
910 1883 1221 1940 subinfert:
1253 1887 1319 1940 Et
1341 1906 1522 1946 sensus
1541 1896 1714 1950 cordis
1747 1902 1849 1953 mei
1885 1905 2182 1960 conturbati
2214 1884 2258 1941 Β

597 1977 740 2020 sunt.
761 1967 938 2023 Pedes
967 1980 1150 2026 autem
1188 1975 1453 2043 actiones,
1483 1981 1610 2048 quia
1645 1988 2182 2060 prophetzeprmsens

601 2058 864 2113 saeculum
895 2062 1062 2118 vitam
1085 2065 1358 2134 appellare
1386 2084 1812 2142 consueverunt,
1839 2080 1912 2134 ita
1933 2058 1990 2135 ut
2011 2084 2182 2140 David

599 2145 808 2204 diceret
840 2170 854 2206 :
887 2151 1044 2210 Beati
1081 2157 1416 2214 immaculati
1466 2163 1522 2216 in
1548 2165 1657 2232 via,
1689 2170 1779 2238 qui
1806 2153 2084 2228 ambulant
2124 2177 2184 2230 in

601 2238 712 2313 lege
743 2241 956 2299 Domini
979 2247 1052 2310 “,
1078 2248 1131 2303 id
1160 2262 1262 2316 est,
1296 2254 1392 2324 qui
1435 2255 1490 2308 in
1525 2257 1641 2330 lege
1707 2260 1922 2318 Domini
1945 2282 2182 2336 aperan-

602 2343 712 2387 tur.
741 2333 868 2390 Vult
896 2353 1027 2405 ergo
1054 2355 1154 2396 nos
1179 2345 1342 2399 simul
1382 2362 1508 2402 cum
1561 2351 1870 2411 actionibus
1928 2333 1995 2413 et
2039 2362 2185 2434 cogi-

601 2426 836 2483 tationes
852 2429 1059 2487 diluere
1087 2449 1247 2504 aqua,
1277 2438 1393 2494 sive
1423 2440 1702 2512 baptismi,
1724 2447 1842 2501 sive
1863 2426 2183 2524 detus,quia

597 2522 658 2569 et
688 2517 756 2573 de
777 2521 1197 2591 cogitationibus
1223 2529 1301 2583 rei
1328 2530 1384 2584 in
1419 2532 1628 2600 judicio
1647 2546 1924 2597 tenemur.
1950 2543 2003 2598 Si
2031 2517 2182 2603 enim

601 2608 692 2677 qui
710 2611 964 2666 irascitur
983 2616 1144 2685 fratri
1158 2635 1252 2673 suo
1273 2621 1394 2678 sine
1417 2639 1582 2680 causa
1609 2644 1727 2683 reus
1747 2641 1821 2685 est
1851 2635 2098 2704 gehennae
2115 2641 2181 2705 ",

598 2699 679 2756 ira
699 2712 883 2760 autem
903 2708 1100 2764 animae
1121 2721 1204 2767 est
1230 2725 1435 2781 motus,
1464 2735 1577 2774 non
1608 2721 1774 2779 debet
1802 2699 1890 2782 hic
1918 2744 1982 2784 est
2005 2699 2184 2789 actio;

595 2805 667 2845 ne
709 2792 1136 2864 judicium?Sed
1197 2821 1320 2861 cuin
1367 2817 1518 2866 tanta
1571 2813 1818 2882 dixisset,
1882 2820 2182 2892 legislatio-

592 2896 722 2936 nem
750 2901 902 2941 suam
939 2890 1005 2944 ad
1047 2908 1212 2949 unum
1248 2897 1520 2970 breveque
1543 2906 1814 2963 conclusit
1841 2927 1856 2975 ;
1887 2890 1964 2968 ait
1990 2916 2177 2974 enim:

667 2977 1008 3051 Adolebitque
1035 3001 1097 3039 ea
1137 2992 1380 3046 sacerdos
1401 3010 1560 3062 super
1591 2997 1765 3054 altare
1811 3001 1868 3056 in
1922 3006 2181 3064 holocau-

584 3073 754 3132 .stum,
787 3080 835 3124 et
856 3089 1074 3130 suavem
1104 3078 1315 3135 odorem
1371 3083 1617 3142 Domino.
1669 3090 1812 3162 Ergo
1844 3099 2063 3164 quando
2089 3116 2180 3156 sa-

588 3159 858 3216 criﬁcium
885 3177 1135 3224 nostrum
1181 3173 1563 3234 holocaustum
1627 3183 1704 3245 fit,
1750 3159 1896 3241 tunc
1946 3188 2179 3248 Domino

591 3253 730 3307 odor
755 3258 1044 3316 suavitatis
1062 3261 1377 3322 incenditur
1405 3287 1418 3323 :
1443 3285 1498 3327 et
1526 3276 1745 3343 quando
1767 3281 1950 3336 omnia
2007 3299 2178 3355 super

591 3343 932 3415 intelligibile
955 3351 1124 3407 aitare
1167 3357 1550 3430 obtulerim-us,
1612 3364 1912 3423 imitatores
1969 3343 2175 3429 Christi

589 3438 891 3494 secundum
926 3445 1340 3511 possibilitatem
1371 3453 1576 3519 effecti,
1601 3466 1656 3511 et
1683 3459 1751 3513 ad
1785 3461 1956 3530 ipsius
1987 3464 2174 3520 imita-

589 3525 797 3582 tionem
855 3542 1095 3588 nostram
1137 3540 1326 3606 vitam,
1387 3556 1486 3596 seu
1557 3550 2032 3605 conversationem
2079 3569 2173 3607 co-

587 3627 860 3689 aptantes.
892 3623 1006 3681 Hoc
1063 3631 1207 3686 enim
1246 3649 1368 3690 esse
1443 3636 1613 3693 altare
1670 3642 1926 3711 superius
1981 3655 2172 3702 osten-

589 3711 792 3766 dimus.

659 3802 1026 3898 V‘EttsJO-l5.
1059 3833 1077 3863 ι
1107 3815 1262 3880 Quod
1291 3818 1336 3872 si
1365 3820 1432 3874 de
1464 3825 1755 3891 pecoribus
1806 3830 2012 3886 oblatio
2058 3843 2164 3898 est,

583 3892 657 3948 de
681 3896 876 3954 ovibus
910 3899 1024 3956 sive
1053 3903 1120 3958 de
1151 3909 1330 3976 capris
1356 3910 1739 3970 holocaustum
1763 3935 1962 3989 agnum
2004 3924 2168 3977 anni-

571 3985 770 4059 culum
805 3999 858 4046 et
886 3993 1092 4064 absque
1119 4000 1329 4056 macula
1361 4002 1580 4071 ederet,
1622 3985 2036 4084 immolabitque
2093 4017 2162 4072 ad

583 4077 730 4135 latus
759 4081 966 4150 altaris,
993 4091 1137 4157 quod
1161 4095 1384 4163 respicit
1415 4097 1480 4151 ad
1507 4100 1820 4168 aquilonem
1843 4077 2029 4161 coram
2056 4108 2164 4163 Do-

581 4171 755 4229 mino.
783 4175 1113 4250 Sanguinem
1145 4200 1276 4239 vero
1303 4186 1450 4243 illius
1494 4189 1722 4249 fundent
1775 4211 1944 4268 super
1993 4201 2166 4257 altare

582 4260 680 4316 lilii
702 4262 881 4321 Aaron
904 4271 1331 4342 per-circuitum,
1361 4280 1722 4355 dividentque
1763 4260 2033 4355 membra,
2073 4307 2168 4348 ca-

578 4364 703 4423 put,
723 4365 777 4412 et
805 4363 989 4417 omnia
1023 4380 1144 4435 qua:
1198 4370 1483 4428 adiutarent
1543 4375 1817 4446 jecori,et
1879 4382 2162 4453 imponent

577 4457 750 4515 super
771 4447 930 4520 lignis
957 4455 1156 4523 quibus
1179 4460 1559 4531 subjiciendus
1585 4476 1678 4522 est
1721 4470 1899 4542 ignis;
1929 4447 2155 4530 intesti-

577 4552 652 4628 na
681 4554 810 4596 vero
841 4554 897 4598 et
925 4548 1095 4614 pedes
1124 4551 1455 4611 lavabantur
1478 4574 1640 4628 aqua,
1665 4572 1733 4618 et
1755 4565 1942 4622 oblata
1975 4569 2160 4624 omnia

575 4627 1096 4694 adolebitsarerdos
1141 4657 1307 4712 super
1352 4627 1541 4704 altare,
1564 4649 1620 4704 in
1669 4652 2060 4711 holocaustum
2100 4667 2165 4713 et

578 4723 800 4780 odorem
828 4733 1212 4792 suavissimum
1239 4739 1485 4798 Domino.
1528 4763 1547 4795 ι

652 4814 855 4874 Eadem
877 4823 1040 4878 etiam
1059 4843 1206 4884 nunc
1233 4833 1444 4901 paucis
1484 4836 1786 4896 immutatis
1817 4841 1969 4896 dicit.
2017 4843 2164 4900 .lllud

580 4916 764 5001 autem
791 4912 1088 4988 intelligere
1118 4932 1333 4992 oportet
1373 4943 1499 4983 eum
1531 4931 1623 5001 qui
1654 4933 1940 4989 subtiliter
1994 4937 2163 4992 venba

581 4996 718 5066 legis
747 5001 1054 5076 investigat,
1088 5013 1216 5081 quia
1256 5031 1366 5071 non
1391 4996 1568 5074 solum
1586 5023 1654 5076 de
1687 5023 1882 5090 bobus,
1903 5026 1999 5082 sed
2014 5037 2075 5082 et
2089 5028 2182 5083 de‘

583 5091 776 5147 ovibus
806 5101 1062 5170 praecepit
1089 5105 1383 5164 lsraelitam
1405 5113 1605 5168 oﬂ‘erre
1643 5115 1986 5175 holocausta.
2016 5121 2161 5192 Ergo

581 5196 693 5237 non
733 5187 906 5242 solum
941 5195 1031 5262 qui
1065 5195 1196 5270 legis
1227 5203 1481 5258 mandata
1519 5218 1802 5275 operatur,
1839 5211 1986 5266 hunc
2012 5213 2164 5267 enim

580 5286 705 5328 esse
725 5274 941 5348 bovem,
980 5295 1041 5340 ut
1063 5299 1192 5357 pote
1209 5274 1836 5366 operatoremdiximus,
1857 5302 1950 5357 sed
1971 5305 2164 5373 etqui-

581 5364 716 5446 libet
737 5369 968 5440 simplex
1024 5389 1080 5434 et
1113 5382 1232 5438 sine
1256 5386 1488 5452 malitia,
1523 5390 1614 5442 cui
1647 5404 2002 5460 compara-tur
2023 5397 2161 5461 ovis,

581 5458 799 5516 dicente
826 5462 1060 5526 .lcrcmia
1093 5491 1106 5526 :
1146 5475 1255 5546 Ego
1290 5481 1442 5549 quasi
1504 5499 1670 5552 agnus
1706 5499 2030 5551 mansuetus,
2067 5493 2163 5560 qui

580 5559 825 5612 portatur
851 5557 921 5609 ad
945 5560 1232 5630 victimam,
1291 5579 1480 5624 etnon
1535 5575 1835 5642 cognovi”.
1903 5577 2043 5649 Ergo
2108 5589 2163 5635 et

582 5646 698 5715 ipse
725 5655 1480 5726 semetipsumholocaustum
1538 5671 1650 5726 Deo
1706 5675 1905 5730 offerre
1935 5679 2155 5747 poterit.

683 5790 729 5870 ξι
745 5797 949 5870 Jerem.
1000 5819 1074 5870 tv,
1104 5809 1187 5863 l9.

704 5815 949 5885 laetum.
1000 5815 1214 5885 ηιμ-,Α
1291 5815 1335 5848 ⁸⁸
1368 5816 1507 5872 Psal.
1556 5837 1741 5885 cxvnt,
1787 5827 1830 5879 l.

667 5861 868 5920 [iet-lt.
905 5887 1016 5939 xix,
1056 5861 1242 5936 lli-l9.

1335 5889 1380 5918 ’θ
1415 5889 1584 5946 Evod.
1612 5909 1836 5961 xxxvttt,
1868 5899 1956 5952 '26.

1939 5828 1982 5858 ⁵⁸
2032 5830 2218 5885 Matth.
2255 5851 2304 5897 ν,
2341 5835 2430 5887 22.

2299 625 2446 680 enim
2492 644 2504 680 :
2535 625 2594 681 Si
2623 638 2803 683 autem
2833 637 2899 685 de
2927 630 3110 687 ovibus
3153 641 3233 686 est
3287 634 3484 690 oblatio
3510 677 3528 701 ,
3597 637 3904 694 subintnlit

2297 717 2439 772 aliud
2471 719 2692 784 animal,
2726 721 2778 777 id
2813 733 2898 777 est
2925 739 3259 793 caprarum;
3297 727 3429 784 dicit
3460 729 3612 784 enim
3646 730 3736 784 sic
3779 748 3795 784 :
3833 731 3904 786 De

2296 811 2476 864 ovibus
2502 821 2551 865 et
2584 813 2648 865 de
2680 815 2874 884 capris.
2923 816 3144 884 Quanta
3172 828 3356 874 autem
3414 821 3562 876 inter
3587 838 3804 892 capras
3849 836 3903 879 et

2294 915 2426 954 oves
2465 901 2774 959 diderentia
2805 906 2896 970 sit,
2917 908 3266 976 apertissime
3296 924 3398 964 nos
3432 909 3717 967 Dominus
3743 911 3902 969 Jews

2296 995 2502 1060 docuit,
2546 997 2674 1052 dum
2711 999 2780 1054 de
2836 1005 3317 1059 consummatione
3364 1008 3551 1061 seculi
3588 1019 3896 1064 narraret:

2295 1086 2388 1156 qui
2416 1087 2546 1142 dum
2581 1105 2714 1146 oves
2762 1108 2791 1146 a
2837 1093 3050 1150 dextris
3092 1097 3402 1165 statuisset,
3437 1099 3898 1156 benedictionem

2294 1181 2374 1235 eis
2395 1183 2668 1253 justorum
2695 1186 2958 1248 subdidit,
2980 1189 3167 1245 haedos
3195 1201 3376 1246 autem
3408 1209 3438 1244 a
3469 1193 3746 1256 sinistris,
3764 1209 3898 1248 eou-

2294 1281 2374 1326 tra
2398 1290 2536 1344 quos
2566 1279 2897 1332 sententiam
2951 1279 3100 1334 illam
3161 1283 3464 1337 terribilem
3521 1293 3893 1353 peccatorum

2294 1367 2518 1435 protulit
2542 1368 2607 1422 ⁸⁸.
2635 1368 2791 1425 Sicut
2812 1387 2943 1442 ergo
2969 1372 3097 1427 licet
3113 1388 3220 1428 non
3251 1375 3428 1429 solum
3458 1376 3528 1430 de
3540 1377 3780 1440 ovibus,
3801 1378 3892 1431 sed

2291 1468 2346 1513 et
2386 1461 2454 1514 de
2485 1462 2667 1530 capris
2683 1462 2888 1530 ou‘erri,
2919 1473 2976 1519 et
3002 1466 3209 1521 oblatio
3232 1466 3303 1522 de
3321 1471 3619 1538 pecoribus
3650 1469 3892 1534 dicitur,

2291 1555 2372 1610 sic
2402 1563 2455 1608 et
2482 1570 2608 1609 eum
2638 1557 2731 1626 qui
2759 1572 2825 1611 ex
2871 1561 3257 1627 peccatoribus
3315 1572 3420 1624 est,
3483 1564 3764 1634 possibile
3809 1578 3892 1621 est

2291 1647 2626 1718 simplicitati
2663 1664 2885 1720 Operam
2940 1652 3092 1718 dare,
3125 1663 3181 1708 et
3220 1656 3376 1723 quasi
3425 1671 3585 1711 ovem
3653 1657 3888 1722 (actum,

2288 1743 2763 1797 conversationem
2787 1759 2942 1797 suam
2975 1745 3030 1798 in
3085 1747 3470 1803 holocaustum
3490 1749 3699 1804 oder-re
3741 1750 3887 1805 Deo:

2287 1834 2415 1902 quia
2449 1834 2594 1888 enim
2621 1834 2759 1888 nihil
2787 1835 3012 1906 impedit
3034 1837 3100 1891 ad
3155 1839 3572 1908 adipiscendam
3602 1842 3889 1909 juSIitlca-

2288 1924 2489 1977 tionem
2519 1934 2867 1994 peccatorem
2901 1929 3220 1998 quempiam
3267 1929 3458 1994 fuisse,
3486 1932 3752 2001 quamvis
3779 1931 3885 1986 hoc

2284 2011 2456 2069 .lutlazi
2483 2031 2594 2069 non
2620 2026 2872 2084 putarent
2897 2061 2910 2083 ,
2944 2021 3069 2075 audi
3092 2022 3274 2091 qualia
3303 2038 3403 2092 per
3434 2022 3887 2094 Ezedtielispro—

2285 2107 2526 2178 phetiam
2561 2108 2713 2163 dixit.
2747 2108 2884 2164 Cum
2913 2113 3058 2166 enim
3088 2114 3142 2167 in
3164 2115 3349 2170 multis
3377 2116 3633 2172 invectus
3677 2116 3881 2172 fuisset

2284 2209 2476 2256 contra
2503 2201 2787 2272 iniustum,
2819 2213 2873 2258 et
2903 2204 3157 2272 dixisset,
3186 2206 3359 2262 Morte
3410 2210 3702 2274 moriatur,
3752 2226 3883 2263 un-

2284 2293 2400 2364 guis
2444 2291 2557 2362 ejus
2580 2310 2737 2362 super
2766 2295 2937 2365 ipsum
2964 2297 3061 2350 erit
3095 2339 3112 2364 ,
3165 2298 3288 2354 haec
3341 2300 3505 2356 etiam
3569 2301 3825 2356 subdidit
3864 2315 3877 2353 :

2285 2385 2438 2450 Quod
2469 2387 2516 2441 si
2539 2388 2777 2456 genuerit
2801 2387 2974 2457 ﬁlium
3015 2392 3145 2462 qui,
3169 2393 3351 2448 videns
3405 2397 3586 2450 omnia
3651 2407 3878 2467 peccata

2284 2477 2452 2545 patris
2490 2477 2574 2531 sui
2601 2494 2718 2548 qua:
2765 2478 2909 2549 fecit,
2964 2497 3068 2536 non
3110 2484 3290 2554 fecerit
3340 2485 3513 2540 simile
3561 2486 3660 2550 eis,
3708 2501 3873 2556 super

2285 2579 2484 2624 montes
2506 2586 2610 2624 non
2637 2573 2938 2640 comederit,
2962 2585 3010 2628 et
3041 2576 3216 2631 oculos
3240 2593 3362 2632 suos
3401 2595 3504 2632 non
3524 2579 3786 2635 [enaverit
3807 2582 3880 2633 ad

2284 2663 2424 2717 idola
2452 2668 2637 2720 domus
2668 2664 2860 2730 Israel,
2894 2679 2940 2722 et
2973 2685 3189 2724 uxorem
3217 2674 3447 2741 proximi
3467 2672 3550 2727 sui
3576 2689 3684 2727 non
3713 2672 3878 2727 viola-

2283 2760 2433 2824 verit,
2459 2767 2514 2814 et
2533 2759 2637 2814 alia
2663 2759 2752 2815 his
2777 2761 2996 2826 similia,
3030 2763 3083 2817 in
3105 2764 3309 2834 quibus
3337 2765 3504 2822 finem
3539 2767 3695 2823 hunc
3721 2767 3868 2823 addi.

2285 2852 2381 2918 (lit,
2411 2853 2494 2906 hic
2516 2869 2618 2908 non
2639 2856 2892 2909 morietur
2923 2857 2977 2910 in
2998 2858 3281 2929 iniquitate
3305 2862 3478 2930 patris
3502 2863 3608 2926 sui,
3647 2862 3744 2917 sed
3767 2863 3871 2916 vita

2283 2946 2436 3000 vivet.
2467 2945 2536 3000 Et
2564 2947 2737 3002 dicitis
2760 2964 2780 3002 :
2802 2946 2979 3014 Quare
3004 2967 3108 3006 non
3162 2956 3399 3022 portabit
3443 2956 3585 3024 ﬁlius
3611 2957 3871 3026 iniquita-

2285 3046 2388 3093 tem
2418 3040 2588 3108 patris
2613 3039 2695 3094 ⁸³2
2757 3039 2846 3096 Sic
2861 3041 3035 3098 Judaei
3060 3059 3289 3100 necesse
3309 3060 3431 3101 esse
3470 3047 3640 3102 filium
3667 3087 3685 3113 ,
3718 3047 3870 3119 quasi

2285 3128 2770 3201 lnereditariojure
2791 3173 2805 3198 ,
2843 3133 2896 3187 in
2927 3135 3097 3204 patris
3127 3137 3431 3193 succedere
3461 3148 3694 3209 peccato
3725 3140 3867 3194 arbi-

2207 3215 2256 3289 ε’
2284 3223 2584 3280 trahantur.
2609 3225 2719 3282 Sed
2740 3244 2901 3296 quam
2926 3230 2993 3282 ob
3023 3245 3136 3285 rem
3162 3245 3292 3286 oves
3332 3240 3388 3288 et
3417 3247 3613 3302 capras
3629 3233 3701 3288 ad
3731 3234 3866 3288 latus

2286 3315 2470 3373 altaris
2521 3319 2664 3390 quod
2689 3321 2912 3391 respicit
2947 3322 3015 3377 ad
3045 3324 3382 3393 aquilonem,
3413 3340 3598 3380 coram
3635 3326 3865 3381 Domino

2285 3411 2546 3481 praecepit
2569 3413 2768 3480 occidi,
2791 3430 2914 3468 cum
2946 3431 3057 3470 non
3083 3416 3157 3471 ita
3187 3418 3255 3472 de
3281 3417 3462 3472 bobus
3489 3420 3861 3489 praecepisset,

2285 3503 2378 3557 sed
2411 3519 2593 3558 coram
2629 3506 2858 3561 Domino
2921 3509 3190 3564 sanxisset
3237 3509 3543 3566 immolari?
3604 3509 3862 3568 Videntur

2282 3596 2428 3649 enim
2453 3597 2616 3652 verba
2676 3599 2791 3667 ipsa
2830 3602 3275 3659 contrarietatem
3331 3604 3626 3673 quamdam
3667 3606 3861 3660 habere

2281 3695 2442 3758 atque
2471 3687 2837 3744 diﬂ‘erentiam
2879 3707 2891 3743 ε
2921 3692 3046 3760 quia
3092 3709 3217 3749 cum
3255 3693 3326 3746 sit
3359 3696 3686 3749 sacrificium
3712 3696 3860 3750 bolo-

2281 3783 2605 3836 cantomatis
2625 3790 2938 3852 utrumque,
2971 3784 3281 3840 dillerentia
3312 3786 3398 3841 bis
3431 3787 3857 3843 distribuitloca.

2279 3869 2396 3923 Non
2425 3881 2508 3926 est
2532 3887 2661 3943 ergo
2696 3873 3070 3945 .ignorandum
3097 3875 3247 3944 quia,
3279 3884 3548 3946 quantum
3581 3879 3649 3932 ad
3668 3894 3856 3949 super-

2279 3959 2454 4016 ficiem
2485 3963 2700 4041 litterre,
2737 3964 2991 4020 eumdem
3041 3965 3095 4021 in
3153 3969 3401 4038 utrisque
3424 3970 3606 4025 locum
3645 3970 3857 4042 legisla-

2279 4063 2364 4109 tor
2404 4055 2744 4126 significavit.
2803 4056 3318 4119 Holocantomatum
3347 4064 3495 4118 enim
3517 4063 3713 4128 altare,
3734 4073 3856 4120 ante

2277 4146 2689 4203 tabernaculum
2711 4150 3070 4206 constitutum
3130 4166 3193 4207 ex
3227 4154 3397 4210 latere
3437 4166 3557 4211 erat
3577 4157 3780 4226 ianuas,
3803 4168 3857 4212 ut

2278 4254 2388 4293 non
2417 4249 2726 4296 sanctorum
2771 4243 3209 4302 ministrantibus
3244 4247 3631 4304 o‘bstrueretur
3687 4249 3853 4304 intro-

2277 4329 2407 4398 itus,
2441 4331 2586 4386 sicut
2615 4332 2670 4387 in
2696 4334 2884 4391 Exodo
2908 4336 2976 4392 de
3011 4338 3206 4394 eodem
3227 4339 3429 4395 dicitur
3461 4341 3562 4396 :Et
3612 4343 3852 4411 imposuit

2274 4421 2646 4492 velumjanute
2678 4428 3008 4481 tabernaculi
3044 4431 3351 4494 testimonii,
3406 4441 3456 4486 et
3502 4449 3662 4486 aram
3717 4432 3852 4487 Ilota-

2275 4525 2638 4570 cautomatum
2687 4519 2860 4587 posuit
2888 4521 3029 4574 circa
3077 4522 3273 4578 ostium
3315 4521 3654 4579 tabernaculi
3720 4527 3851 4580 testi-

2197 4602 2239 4656 D
2269 4607 2516 4660 monii”.
2539 4606 2892 4678 Quaecunque
2921 4625 3049 4678 ergo
3079 4611 3146 4665 ad
3178 4612 3510 4670 sacrificium
3551 4617 3846 4673 oﬂ'ereban-

2268 4706 2379 4764 tur,
2407 4715 2471 4753 ex
2500 4698 2672 4754 latere
2694 4701 2882 4757 altaris
2913 4703 2982 4758 ab
3008 4705 3275 4774 aquilone
3302 4709 3545 4774 stabant,
3577 4721 3637 4766 et
3671 4712 3748 4767 sic
3773 4727 3846 4766 co-

2267 4806 2380 4844 ram
2417 4789 2650 4846 Domino
2681 4794 3012 4850 sacrificium
3033 4799 3440 4864 celebrabatur,
3477 4802 3537 4858 id
3558 4814 3646 4858 est
3669 4804 3846 4859 incon-

2269 4889 2460 4951 spectu
2488 4892 2803 4940 sanctorum
2841 4905 2854 4940 :
2902 4886 3110 4944 faciem
3149 4891 3298 4946 enim
3347 4891 3564 4948 Domini
3628 4897 3848 4967 appellat

2269 4970 2466 5028 Sancta
2490 4984 2824 5045 sanctorum,
2851 4981 2978 5049 quia
3001 4981 3054 5036 in
3079 4983 3214 5052 ipsis
3237 4985 3332 5039 Dei
3369 4985 3845 5060 habitabatgloria.

2267 5063 2422 5120 Unde
2450 5082 2550 5121 nec
2576 5067 2979 5139 l'requenterin
3035 5075 3156 5146 ipsa
3217 5077 3426 5133 intrare
3484 5083 3839 5143 sacerdotem,

2266 5155 2370 5210 nisi
2403 5159 2570 5212 semel
2602 5159 2655 5214 in
2687 5177 2834 5217 anno
2863 5164 3108 5234 iubebat.
3134 5166 3226 5224 His
3276 5184 3407 5241 ergo
3439 5170 3515 5225 ita
3550 5187 3612 5227 se
3649 5173 3844 5228 baben-

2267 5248 2434 5313 tibus,
2467 5249 2833 5309 differentiam
2879 5257 2986 5313 dici
3017 5261 3332 5326 verborum,
3376 5262 3523 5319 sicut
3548 5266 3840 5321 necessaria

2267 5343 2713 5413 contemplationi
2742 5359 2880 5414 erat,
2911 5354 3172 5419 oportuit.
3197 5354 3333 5420 Quia
3351 5357 3499 5410 enim
3527 5360 3698 5415 altare
3713 5360 3838 5414 dixi-

2268 5449 2390 5488 mus
2414 5451 2535 5490 esse
2554 5435 2858 5505 Christum,
2888 5443 3072 5499 ovium
3095 5456 3277 5502 autem
3302 5449 3630 5505 sacrificium
3650 5451 3835 5523 simpli-

2271 5523 2489 5579 citatem
2520 5529 2877 5597 studentium,
2904 5551 3012 5590 non
3036 5538 3284 5594 absolute
3301 5550 3484 5595 autem
3507 5543 3669 5596 etiam
3687 5541 3828 5612 justi-

2271 5617 2398 5672 tiam
2415 5623 2781 5690 operantium,
2795 5641 2905 5681 non
2919 5629 2974 5683 in
2987 5630 3252 5687 directum
3278 5635 3632 5708 intelligibilis
3647 5635 3821 5695 altaris,

2268 5709 2362 5764 sed
2391 5727 2456 5766 cx
2491 5713 2663 5770 latere
2690 5712 2939 5775 offertur.
2971 5721 3032 5776 In
3078 5723 3348 5781 directum
3381 5737 3477 5784 .est
3500 5727 3670 5793 enim,
3715 5726 3817 5796 quia

2529 5837 2571 5868 ³⁷
2596 5837 2796 5894 Jerem.
2830 5855 2904 5906 χι,
2942 5839 3025 5898 l9.
3108 5842 3150 5875 ⁸⁸
3182 5843 3372 5902 Matth.
3405 5862 3534 5910 xxv,
3570 5845 3636 5900 33
3683 5857 3808 5910 scit-3..
