3946 6400
121 417 211 489 BC!

1271 414 1353 481 IN
1390 415 1829 480 LEVITICUM.
1869 442 1938 454 -
1972 418 2117 478 LIB.
2162 418 2207 478 Ι.

3277 420 3383 485 RM

121 532 360 590 mandata
410 530 657 600 perficit.
687 530 767 584 Ex
823 530 993 584 latere
1036 538 1241 595 autem,
1275 532 1402 601 quia
1458 547 1488 584 a
1549 529 1702 584 malis
1732 535 1774 588 Α
1807 527 1987 581 autde
2019 527 2287 582 columbis
2346 528 2539 584 oderat
2588 545 2789 584 munus
2848 545 3027 598 suum,
3080 530 3131 586 id
3187 542 3293 599 est,
3322 537 3381 589 in

122 625 364 684 abstinet.
393 622 622 689 Quare?
656 624 783 693 quia
811 621 952 679 sicut
986 624 1039 677 in
1073 625 1275 689 aulam,
1296 624 1446 680 verbi
1502 625 1696 694 gratia,

122 719 309 789 regiam
348 716 559 770 melius
589 724 671 770 est
698 714 919 785 quidem
980 730 1078 785 per
1105 716 1306 768 ostium
1354 724 1559 768 rectum
1613 714 1699 767 in-

122 809 278 882 gredi,
307 823 437 862 curn
469 816 659 861 autem
682 807 786 861 hoc
828 822 939 860 non
990 815 1075 860 est
1135 806 1316 867 facile,
1369 806 1574 859 bonum
1629 805 1701 859 sit

124 904 269 956 etiam
299 914 399 970 per
430 898 573 953 illud
599 898 742 967 quod
776 913 842 953 ex
875 897 1043 953 latere
1074 910 1157 953 est
1188 898 1414 952 introire
1443 916 1455 951 :
1490 898 1568 952 sic
1583 913 1699 952 me-

125 996 218 1051 lius
237 1002 316 1047 est
347 992 464 1045 Deo
496 993 719 1062 quidem
752 1008 850 1062 per
901 991 1277 1047 mandatorum
1306 991 1488 1046 olferri
1520 993 1700 1062 perfe-

126 1085 603 1145 ctionem.bonum
623 1094 707 1139 est
741 1093 922 1139 tamen
969 1094 1025 1140 et
1059 1084 1103 1139 si
1166 1101 1264 1154 per
1316 1086 1584 1140 malorum
1642 1101 1700 1140 se

129 1180 233 1251 quis
260 1179 455 1233 offerat
485 1179 901 1243 abstinentiam,
948 1180 1056 1233 Deo
1116 1182 1319 1250 quippe
1364 1179 1526 1233 modo
1562 1193 1699 1248 quo-

132 1273 246 1326 libet
274 1270 460 1325 offerri
498 1270 711 1324 bonum
734 1281 839 1325 est.
870 1270 951 1325 Ad
990 1270 1135 1325 latus
1166 1282 1350 1325 autem
1392 1271 1578 1325 altaris
1633 1270 1701 1325 ad

134 1364 420 1435 aquilonem
453 1363 780 1419 necessario
811 1364 1050 1430 addidit;
1101 1365 1364 1420 nebulosa
1383 1366 1529 1420 enim
1564 1380 1703 1433 pene

137 1472 326 1526 semper
351 1458 475 1510 haec
497 1472 630 1526 pars
658 1466 744 1511 est
773 1476 787 1511 :
814 1457 1134 1511 obtinentur
1178 1458 1447 1528 siquidem
1482 1458 1699 1522 nebula,

138 1549 277 1603 idest
308 1548 657 1618 ignorantia,
692 1548 749 1603 hi
780 1550 871 1617 qui
903 1565 968 1603 ex
999 1558 1110 1603 toto
1145 1565 1206 1604 se
1245 1550 1570 1605 innocentiae
1594 1558 1705 1603 tra-

140 1638 273 1701 dunt,
297 1646 597 1707 propterea
626 1648 681 1692 et
700 1638 1075 1693 holocaustum
1136 1639 1357 1706 dicitur,
1386 1640 1550 1695 etiam
1585 1641 1705 1697 sine

140 1730 429 1798 operatione
454 1730 594 1799 justi
604 1730 710 1784 tiae.

200 1822 347 1878 \‘sas.
388 1822 586 1878 14-17.
624 1842 642 1874 ι
704 1821 762 1877 Si
792 1832 973 1877 autem
1031 1823 1098 1878 de
1162 1824 1354 1880 avibus
1399 1826 1699 1881 holocausti

142 1916 313 1971 oblatio
335 1915 506 1970 fuerit
545 1916 799 1980 Domino,
843 1916 910 1970 de
944 1917 1253 1973 turturibus
1309 1927 1362 1973 et
1397 1919 1559 1989 pullis
1616 1936 1701 1974 co-
1733 1895 1776 1949 Β

143 2008 330 2074 lumbze,
348 2008 550 2063 offeret
573 2024 694 2063 eam
724 2009 981 2064 sacerdos
1012 2010 1077 2063 ad
1114 2011 1303 2077 altare,
1327 2021 1378 2066 et
1410 2023 1612 2067 retorto
1632 2014 1700 2068 ad

144 2100 312 2153 collum
334 2100 541 2170 capite,
578 2116 643 2155 ac
676 2112 837 2170 rupto
861 2102 1104 2157 vulneris
1140 2104 1282 2159 loco.
1308 2104 1599 2159 decurrere
1626 2106 1701 2159 fa-

146 2193 233 2248 ciet
249 2194 568 2264 sanguinem
596 2209 761 2263 super
794 2196 1127 2264 crepidinem
1148 2197 1354 2251 altaris.
1393 2197 1697 2253 Vesiculam

145 2298 253 2337 vero
270 2285 501 2353 gutturis
531 2293 592 2338 et
625 2285 837 2353 plumas
873 2286 1127 2356 projicict
1156 2300 1377 2358 propter
1410 2291 1580 2344 altare
1631 2292 1699 2345 ad

145 2376 430 2431 orientalem
468 2378 687 2448 plagam
712 2419 727 2442 ,
768 2379 821 2432 in
880 2381 1000 2434 loco
1033 2379 1217 2450 inquo
1250 2381 1464 2436 cineres
1495 2381 1697 2437 ell'undi

145 2468 315 2533 solent,
343 2470 765 2541 confringetque
792 2472 1020 2527 ascellas
1070 2474 1211 2543 ejus.
1242 2482 1297 2528 et
1328 2490 1437 2527 non
1467 2475 1695 2538 secabit,

144 2575 231 2615 nec
250 2560 381 2615 ferro
410 2562 795 2624 divideteam;
828 2573 883 2618 et
909 2565 1325 2637 adolebitsuper
1354 2568 1522 2622 altare
1542 2569 1699 2639 lignis

148 2650 249 2719 igne
272 2653 563 2722 suppositis
601 2671 615 2710 :
649 2655 1027 2712 holocaustum
1049 2667 1134 2713 est
1166 2667 1221 2713 et
1251 2658 1455 2713 oblatio
1479 2660 1695 2716 suavis-

146 2738 250 2793 simi
270 2740 444 2796 odoris
479 2741 737 2798 Domino.
777 2761 795 2796 ι

203 2831 536 2888 Admirabilis
573 2846 658 2890 est
678 2834 929 2908 legalium
964 2838 1255 2894 verborum
1275 2839 1566 2907 subtilitas,
1586 2856 1695 2896 non

149 2921 296 2977 solum
320 2926 442 2994 quia
481 2926 829 2984 diﬁcrentias
881 2932 1356 2988 conversationum
1418 2933 1694 2998 describit,

151 3014 395 3070 sedetiam
427 3020 893 3088 quemadmodum
946 3024 1209 3092 quasdam
1248 3026 1698 3081 conversationes

151 3108 412 3163 secundum
448 3110 651 3182 legem,
673 3112 936 3183 quasdam
962 3129 1093 3170 vero
1106 3130 1270 3187 super
1297 3117 1493 3189 legem,
1525 3118 1697 3190 signi-

154 3196 269 3254 ﬁcet.
302 3201 612 3259 Secundum
638 3205 811 3276 legem
845 3206 990 3261 enim
1032 3217 1160 3263 sunt
1195 3209 1359 3264 boum
1400 3219 1456 3265 ct
1488 3212 1695 3274 ovium,

154 3291 255 3346 licet
276 3303 589 3364 spontaneo).
612 3297 886 3351 dicuntur.
933 3297 1248 3355 Secundum
1278 3302 1451 3374 legem
1488 3304 1699 3373 quare?

148 3380 264 3447 Quia
291 3387 386 3439 etsi
419 3386 625 3441 oﬂerre
686 3404 889 3443 munus
923 3391 975 3442 in
1025 3400 1349 3459 potestatem
1412 3392 1697 3447 offerentis

152 3472 293 3540 dedit,
320 3477 480 3531 nimis
503 3486 672 3541 recte,
698 3478 851 3533 liberi
880 3481 1081 3551 quippe
1110 3482 1317 3536 arbitrii
1352 3483 1493 3537 Deus
1517 3484 1697 3538 homi-

153 3577 257 3618 nem
284 3569 585 3637 constituit,
607 3578 788 3623 tamen
828 3572 986 3639 quale
1013 3570 1296 3636 oﬂeratur,
1322 3590 1431 3628 non
1468 3574 1580 3644 jam
1606 3588 1699 3627 vo-

154 3657 348 3713 luntatis
376 3669 479 3727 est,
502 3677 575 3716 ne
603 3662 743 3716 forte
772 3664 910 3717 mala
964 3664 1300 3721 offerantur:
1330 3682 1558 3723 necesse
1613 3679 1699 3723 est

153 3763 259 3818 ergo
278 3761 360 3805 aut
381 3754 578 3807 bovem
600 3754 786 3809 offerri
817 3765 911 3808 aut
939 3771 1121 3825 ovem,
1149 3758 1198 3811 id
1223 3769 1329 3823 est,
1361 3770 1455 3815 aut
1480 3762 1695 3829 Operari

149 3840 401 3909 justitiam,
420 3856 517 3901 aut
559 3862 589 3901 a
619 3848 777 3903 malis
805 3850 1099 3905 abstinere.
1128 3851 1270 3906 Dixit
1296 3854 1439 3907 enim
1469 3854 1520 3906 in
1540 3855 1696 3909 initio

154 3928 285 3988 libri:
334 3937 497 3993 Homo
533 3941 623 4010 qui
654 3941 897 3996 obtulerit
926 3959 991 3995 ea:
1019 3944 1156 3997 vobis
1181 3944 1408 3998 hostiam
1447 3946 1693 4011 Domino,

154 4024 205 4079 dc
225 4030 495 4095 pecoribus,
531 4031 585 4083 id
610 4042 685 4084 est
715 4034 777 4085 de
795 4033 950 4087 bobus
973 4042 1020 4086 et
1045 4035 1220 4088 ovibus
1247 4036 1418 4105 offeret
1436 4037 1691 4091 victimas.

153 4111 201 4167 in
222 4115 310 4171 hac
334 4129 516 4174 autem
538 4122 813 4177 oblatione
848 4140 957 4177 non
991 4125 1086 4190 ita,
1124 4127 1393 4195 praedicta:
1428 4128 1694 4197 siquidem

154 4205 377 4265 oblationi
404 4213 718 4269 dillerentia
739 4217 1042 4272 volatilium
1077 4234 1185 4273 non
1224 4231 1307 4275 est
1333 4237 1696 4280 connumera-

154 4304 214 4363 ta,
245 4312 295 4355 ut
316 4303 569 4361 videlicet
595 4309 885 4377 perfectior
952 4321 1007 4367 et
1059 4315 1253 4382 major,
1288 4317 1723 4391 multorumque,

155 4395 531 4462 transgrediens
550 4399 991 4466 possibilitatem.
1049 4402 1295 4460 Volatilia
1320 4408 1488 4471 enim,
1515 4411 1694 4465 Immi-

153 4490 232 4536 nes
247 4496 361 4542 sunt
394 4491 846 4561 contemplationi
905 4508 1180 4561 vacantes,
1213 4502 1444 4556 terrenis
1468 4505 1693 4558 omnino

1802 620 2029 673 scientia
2062 629 2117 674 et
2136 623 2555 678 mansuetudine
2601 623 2856 693 spiritali,
2898 624 2998 677 hac
3045 624 3193 677 enim
3243 641 3385 697 opus

1802 710 1991 775 habet,
2024 721 2084 766 ut
2105 729 2212 767 non
2241 714 2469 769 excedat
2520 714 2656 785 legis
2714 714 3079 770 consideratio
3132 716 3184 769 in
3232 718 3386 772 vanis

1801 816 2089 874 occupata.
2118 806 2235 861 Non
2260 808 2459 863 frustra
2515 818 2697 865 autem
2752 819 3021 864 turturem
3078 818 3133 865 et
3174 811 3386 865 columi-

1802 896 1950 961 bam,
1976 899 2070 952 sed
2097 900 2164 954 ad
2189 900 2644 970 significationem
2693 901 3073 971 praedictorum
3109 901 3385 972 legislator

1802 992 2099 1061 assumpsit
2126 1009 2139 1057 ;
2177 1002 2357 1047 turtur
2393 994 2660 1062 siquidem
2682 1036 2695 1054 ,
2732 994 2855 1063 quia
2885 992 3251 1063 cognitionem
3282 994 3383 1047 ba-

1802 1082 1915 1149 bet,
1949 1084 2022 1137 ita
2056 1093 2114 1137 ut
2143 1084 2262 1153 ejus
2296 1086 2566 1155 exemplo,
2599 1086 2910 1140 Iudaeorum
2961 1085 3386 1155 exprobraretur

1802 1180 2057 1247 populus,
2112 1178 2379 1234 Jeremias
2450 1182 2686 1251 probat;
2739 1182 2814 1235 ait
2863 1198 3008 1236 enim
3043 1199 3057 1237 τ
3098 1180 3293 1234 Turtur
3336 1189 3385 1233 et

1802 1269 2030 1323 hirundo
2055 1278 2103 1323 et
2131 1271 2334 1323 ciconia
2365 1275 2721 1327 custodierunt
2756 1285 2958 1343 tempus
2991 1274 3245 1327 adventus
3270 1274 3351 1325 sui
3368 1288 3386 1331 ;

1803 1368 2027 1437 populus
2055 1377 2233 1422 autem
2254 1383 2397 1422 meus
2422 1383 2521 1419 non
2553 1368 2786 1435 cognovit
2807 1367 3071 1435 judicium
3093 1366 3304 1420 Domini
3317 1366 3383 1417 ⁸⁸.

1804 1457 2067 1513 Columba
2100 1468 2283 1513 autem
2315 1461 2515 1514 munda
2535 1468 2591 1514 et
2622 1459 2873 1533 simplex,
2906 1457 3386 1524 annuntiatrixque

1805 1551 2110 1620 praesentiae
2140 1552 2313 1605 sancti
2342 1551 2579 1621 Spiritus
2595 1559 2699 1615 est,
2757 1552 2945 1620 quales
3002 1558 3219 1619 oportet
3258 1563 3385 1603 esse

1805 1658 1899 1696 eos
1914 1647 2006 1712 qui
2043 1644 2184 1699 circa
2221 1644 2671 1715 contemplandas
2693 1642 3005 1713 Scripturas
3039 1644 3241 1697 habent
3268 1650 3389 1694 stu-

1805 1733 1976 1787 dium.
2016 1734 2244 1805 Propter
2276 1736 2418 1806 quod
2443 1745 2496 1789 et
2525 1736 2799 1805 apostolos
2834 1735 3109 1804 simplices
3139 1735 3387 1788 vultesse

1808 1826 2092 1888 Dominus,
2122 1836 2180 1881 ut
2224 1828 2566 1893 columbam;
2609 1827 2683 1880 ait
2736 1828 2879 1901 enim
2918 1844 2931 1879 :
2977 1826 3127 1879 Beati
3190 1826 3387 1879 mundo

1808 1918 1982 1981 corde,
2018 1920 2143 1987 quia
2189 1920 2289 1988 ipsi
2357 1919 2639 1972 Dominum
2697 1918 2940 1971 videbunt
2970 1919 3035 1970 ⁸⁸.
3098 1916 3201 1969 Sed
3234 1926 3289 1970 et
3318 1916 3388 1971 ad

1807 2009 2177 2063 meditandum
2207 2025 2398 2063 vacare
2423 2011 2644 2073 debent,
2668 2010 2812 2063 unde
2837 2007 3096 2063 Ezechias
3126 2007 3202 2061 ait
3236 2005 3387 2060 :Mc-

1807 2100 2017 2155 ditabor
2045 2112 2100 2155 ut
2134 2103 2370 2156 columba
2399 2105 2462 2156 ⁵⁷.
2505 2102 2653 2157 Hanc
2674 2103 3006 2157 oblationem
3040 2116 3181 2155 unus
3208 2115 3388 2154 sacer-

1807 2192 1906 2247 dos
1933 2194 2149 2255 offeret,
2178 2211 2286 2249 non
2318 2195 2470 2249 multi
2493 2213 2507 2260 ;
2529 2210 2636 2249 non
2654 2194 2951 2264 estquippe
2969 2193 3387 2262 contemplativa

1808 2284 1918 2339 vita
1958 2286 2341 2355 plurimorum.
2378 2288 2428 2342 id
2450 2298 2553 2353 est,
2587 2297 2645 2341 ut
2680 2303 2745 2341 ex
2770 2296 2878 2341 tota
2919 2302 2977 2340 se
3034 2295 3218 2341 mente
3248 2286 3386 2339 olle-

1807 2386 1943 2429 rant
1958 2375 2092 2440 Deo,
2128 2378 2377 2448 nihilque
2410 2381 2707 2433 humanum
2736 2378 2967 2433 ulterius
2991 2378 3252 2448 cogitent.
3288 2378 3385 2431 sed

1808 2470 2067 2523 continue
2089 2473 2531 2541 contemplentur
2558 2472 2819 2537 coelestia,
2852 2482 2906 2525 et
2936 2486 2999 2523 ea
3025 2486 3146 2540 quae
3166 2485 3383 2523 sursum

1807 2567 1955 2625 sunt,
1990 2562 2223 2630 sapiant,
2240 2563 2347 2615 ubi
2382 2562 2621 2616 Christus
2672 2572 2769 2627 est,
2806 2562 2941 2614 sicut
2962 2561 3038 2613 ait
3068 2559 3381 2629 Apostolus,

1804 2648 1861 2700 in
1880 2656 2093 2702 dextera
2125 2648 2223 2703 Dei
2253 2653 2432 2725 sedens
2458 2652 2523 2717 ⁸⁸,
2551 2651 2803 2706 videlicet
2823 2650 3034 2715 Patris;
3062 2649 3186 2718 quia
3200 2658 3384 2703 autem

1807 2741 1911 2796 hoc
1949 2743 2113 2797 nimis
2139 2758 2321 2797 rarum
2347 2754 2449 2807 est,
2488 2744 2604 2814 ipse
2638 2743 2900 2797 Dominus
2935 2742 3004 2797 de
3036 2742 3236 2796 talibus
3255 2756 3385 2811 pro-

1807 2835 1986 2904 pheta:
2016 2835 2287 2892 Ezechieli
2313 2836 2539 2907 loquens
2578 2836 2829 2891 edocuit:
2883 2836 3139 2890 Scrutare
3161 2834 3386 2889 Jerusa-

1806 2927 1927 2992 lem,
1960 2937 2006 2980 et
2039 2929 2151 2981 vide
2181 2944 2200 2981 :
2217 2930 2262 2981 si
2292 2930 2546 2982 inveneris
2574 2930 2741 2982 virum
2762 2929 2815 2981 in
2848 2943 2909 2980 ea
2935 2926 3145 2980 omnino
3160 2934 3385 2979 stantem

1806 3032 1928 3076 ante
1957 3023 2142 3093 faciem
2166 3039 2358 3089 meam,
2381 3023 2677 3091 propitiam
2708 3021 3030 3090 propitiabor
3053 3020 3100 3073 ei
3122 3018 3189 3072 ⁸’.
3222 3016 3383 3087 Atqui

1803 3121 1962 3167 erant
1994 3112 2085 3165 filii
2116 3111 2362 3166 Jonadab
2411 3126 2515 3165 nec
2539 3108 2725 3164 vinum
2757 3109 3027 3171 bibentes,
3059 3120 3163 3160 nec
3188 3105 3387 3159 domus

1807 3205 2093 3269 habentes,
2127 3219 2231 3259 nec
2259 3218 2420 3273 agros
2455 3202 2785 3272 plantantes.
2828 3200 2939 3255 Sed
2981 3198 3231 3254 absolute
3282 3197 3386 3252 ali-

1804 3299 1937 3370 quid
1960 3299 2246 3353 sublimius
2271 3296 2485 3367 quaerit,
2519 3295 2665 3349 unde
2716 3295 2805 3348 alii
2851 3294 2917 3347 ad
2972 3291 3384 3347 tabernaculum

1809 3389 2452 3445 testimoniioblationem
2484 3386 2752 3450 oderunt;
2776 3386 2891 3439 lucc
2914 3394 3094 3438 autem
3128 3382 3193 3436 ad
3216 3384 3387 3437 altare

1806 3482 2053 3545 oll‘ertur,
2090 3482 2246 3551 cujus
2278 3481 2386 3535 vim
2418 3480 2473 3534 in
2522 3478 2963 3549 praecedentibus
3017 3476 3279 3540 didicisti,
3333 3475 3387 3530 id

1806 3586 1889 3631 est
1920 3576 2045 3645 quia
2082 3575 2425 3629 Dominicum
2473 3571 2739 3641 significet
2786 3585 3005 3641 corpus.
3059 3570 3168 3625 Sed
3199 3568 3387 3623 videa-

1808 3685 1928 3728 mus
1953 3684 2073 3739 quze
2106 3670 2192 3724 his
2224 3668 2606 3737 subiiciantur.

1879 3762 1946 3815 Et
1965 3772 2160 3815 retorto
2192 3762 2261 3815 ad
2287 3762 2477 3815 collum
2505 3761 2697 3830 capite,
2745 3776 2809 3813 ac
2834 3768 2987 3830 rupto
3004 3760 3231 3814 vulneris
3249 3760 3382 3815 loco.

1811 3852 2150 3921 Abrumpens
2178 3852 2430 3906 videlicet
2459 3868 2487 3905 a
2521 3851 2661 3921 pelle
2717 3866 2835 3919 qu:e
2876 3851 3183 3920 superjacet
3222 3850 3383 3914 collo,

1804 3958 1913 3997 non
1948 3944 2103 3997 valde
2127 3943 2270 3997 illam
2294 3959 2556 4013 separans
2588 3959 2616 3996 a
2658 3958 2906 4011 corpore,
2943 3955 3125 3997 utnec
3147 3944 3383 4013 dissipa-

1806 4043 1889 4087 ret
1910 4033 2063 4097 illud,
2089 4048 2190 4087 nec
2213 4048 2279 4087 eo
2320 4050 2508 4088 rursus
2552 4033 2899 4103 astringatur,
2930 4034 3074 4102 quod
3110 4034 3385 4105 signiﬁca-

1803 4134 1892 4179 tur
1911 4126 2145 4196 abrupto
2170 4126 2412 4181 vulneris
2440 4128 2578 4189 lobo,
2605 4127 2710 4191 vel,
2743 4127 2885 4181 sicut
2913 4126 3052 4180 LXX
3080 4127 3272 4191 edunt,
3297 4143 3384 4182 re-

1804 4206 2068 4272 fractione
2096 4218 2308 4289 capitis.
2338 4220 2539 4273 Eodem
2575 4220 2776 4290 quippe
2792 4234 3045 4274 sermone
3083 4230 3137 4273 et
3162 4220 3381 4275 Samuel

1802 4307 1867 4359 ad
1895 4308 2112 4361 Saulem
2138 4324 2269 4362 usus
2293 4319 2395 4371 est,
2448 4311 2668 4378 quando
2724 4311 2774 4364 ei
2803 4326 3014 4365 armum
3046 4312 3203 4376 dans,
3236 4313 3379 4367 idem

1801 4400 2098 4455 secundum
2133 4400 2271 4453 LXX
2294 4401 2427 4455 dixit
2460 4418 2471 4453 :
2500 4401 2740 4468 Comede,
2788 4406 2911 4472 quia
2943 4404 2996 4455 in
3028 4406 3380 4459 testimonium

1800 4511 1832 4546 a
1860 4492 2050 4563 populo
2078 4494 2305 4560 positum
2336 4504 2408 4547 est
2433 4496 2523 4548 tibi
2549 4496 2614 4549 ⁸⁸.
2653 4496 2918 4566 Refringe,
2950 4497 3000 4550 id
3030 4506 3115 4551 est
3136 4514 3233 4567 per
3253 4513 3380 4568 par-

154 4583 201 4625 se
224 4590 319 4630 non
345 4579 641 4636 miscentes
662 4585 897 4655 negotiis
926 4604 939 4641 :
971 4590 1113 4657 quod
1132 4599 1185 4645 et
1211 4592 1255 4645 si
1286 4592 1426 4647 forte
1451 4597 1692 4650 necessi-

1804 4596 1883 4641 les
1912 4587 2223 4640 comminue
2256 4596 2310 4641 ct
2331 4603 2613 4642 consume.
2646 4589 2711 4642 Et
2739 4588 2861 4642 ideo
2890 4589 3053 4643 etiam
3090 4607 3236 4643 nunc
3266 4606 3378 4645 non

153 4671 219 4717 tas
239 4672 484 4742 exegerit,
506 4689 633 4728 mox
660 4677 904 4732 revolant
924 4680 990 4734 ad
1020 4683 1293 4749 sublimia,
1339 4694 1394 4740 et
1422 4687 1513 4742 illo
1534 4706 1703 4745 evan-

155 4754 296 4843 gelico
342 4762 602 4831 iuvantur
664 4768 995 4834 testimonio,
1061 4775 1204 4843 quod
1270 4774 1531 4834 Dominus
1571 4783 1696 4837 ait:

154 4840 453 4910 Considerate
481 4857 724 4912 volatilia
764 4861 896 4926 caeli,
926 4863 1051 4932 quia
1078 4840 1203 4926 :nou
1229 4870 1491 4925 semiuant
1535 4890 1700 4946 neque

156 4948 342 5007 metunt,
382 4956 427 4999 et
448 4946 614 5000 Pater
646 4958 815 5003 vester
837 4952 1057 5007 caelestis
1080 4968 1253 5023 pascet
1288 4959 1380 5013 illa
1419 4961 1557 5019 5"".
1621 4965 1697 5021 De

156 5029 325 5089 eisdem
358 5038 618 5095 Dominus
642 5042 895 5097 dicebat:
943 5044 1127 5102 Simile
1157 5060 1233 5103 est
1284 5069 1501 5123 regnum
1539 5060 1694 5112 caelo-

159 5130 251 5176 htm
269 5143 420 5194 grano
452 5133 678 5201 sinapis,
706 5137 845 5203 quod
896 5154 1015 5191 cum
1059 5141 1375 5209 seminatur,
1419 5148 1593 5203 minus
1621 5162 1694 5204 est

157 5216 356 5274 omnibus
401 5222 630 5278 oleribus
654 5242 673 5290 ;
737 5242 854 5279 cum
894 5242 1075 5283 autent
1102 5236 1337 5301 creverit,
1400 5237 1490 5305 ﬁet
1539 5242 1697 5296 arbor

159 5307 317 5378 major,
330 5317 398 5370 ita
427 5328 483 5371 ut
510 5318 745 5373 volucres
776 5321 891 5375 οωιὶ
914 5324 1173 5378 venientes
1191 5328 1425 5382 habitent
1448 5331 1502 5383 in
1532 5334 1696 5387 ramis

158 5396 248 5463 ejus
270 5403 327 5457 ⁸³.
351 5407 802 5479 Contemplationi
828 5428 956 5483 ergo
1007 5430 1228 5481 vacans,
1259 5427 1314 5472 et
1353 5419 1409 5473 in
1446 5423 1695 5493 superio-

162 5498 253 5542 mm
279 5499 762 5555 considerationem
833 5504 1113 5572 perfectus
1147 5507 1308 5562 homo
1340 5526 1354 5561 ι
1384 5511 1488 5567 hoc
1542 5517 1689 5571 enim

160 5587 514 5674 quzepra‘dicta
542 5591 1015 5658 suntdocuerunt,
1078 5596 1123 5649 sl
1187 5604 1687 5669 conversationem.

161 5678 253 5721 sive
284 5674 431 5732 vitam
448 5693 601 5733 suam
636 5680 967 5736 oblationem
998 5684 1212 5751 offeret,
1248 5688 1317 5743 de
1366 5694 1686 5756 turturibus,

164 5801 544 5896 gignatth
570 5830 644 5879 vt,
842 5816 889 5848 ⁸³
918 5816 1109 5896 ῌθῑιιι.
1154 5834 1275 5896 xui,
1308 5823 1531 5896 31,32:

214 5869 389 5938 (close.
415 5900 492 5949 tn,
525 5886 603 5963 ιη
633 5869 644 5879 ’
678 5884 725 5916 ⁵⁸
757 5886 885 5967 lmo,
916 5869 1120 5943 levi-cmi.

1642 5828 1687 5858 "
1712 5829 1914 5886 Jerem.
1950 5847 2066 5897 vin,
2098 5834 2147 5885 7.

1388 5894 1432 5927 “
1462 5896 1481 5949 l
1508 5894 1640 5968 Reg.
1681 5916 1756 5965 rx,
1785 5901 1876 5955 24.

1800 4689 1861 4733 ιιι
1888 4680 2170 4734 occidatur
2192 4681 2329 4741 avis,
2363 4680 2459 4735 sed
2487 4694 2544 4733 ut
2606 4682 2965 4751 abrumpatur
2995 4684 3075 4737 vel
3109 4685 3375 4756 refringa-

1800 4780 1887 4824 tur
1912 4770 2184 4840 lcgislator
2204 4770 2386 4841 jussit,
2412 4771 2708 4825 ostendens
2771 4773 3043 4841 quomodo
3075 4790 3171 4844 per
3194 4785 3381 4844 partes

1796 4873 1852 4919 et
1882 4863 2077 4918 leniter
2109 4880 2295 4918 verum
2330 4874 2512 4935 caput,
2560 4865 2611 4919 id
2660 4874 2744 4919 est
2797 4875 3034 4919 mentem
3090 4866 3294 4923 dividat
3343 4884 3377 4925 a

1796 4958 1957 5029 pelle,
1980 4957 2033 5011 id
2067 4967 2167 5019 est,
2193 4973 2221 5013 a
2248 4974 2442 5025 carne;
2466 4959 2609 5013 unde
2635 4974 2735 5013 nec
2768 4958 3003 5014 effundit
3028 4963 3375 5034 sanguinem,

1794 5050 1891 5105 scd
1915 5050 2207 5105 decurrere
2230 5051 2412 5117 faciet,
2439 5053 2521 5107 vel
2552 5053 2850 5108 secundum
2876 5053 3038 5119 LXX,
3069 5057 3298 5123 esculat,
3317 5066 3378 5114 ut

1794 5160 1891 5214 per
1922 5155 2105 5215 partes
2128 5156 2185 5200 et
2220 5147 2456 5215 perfecte
2485 5147 2747 5218 despiciat
2768 5150 3120 5218 pnesentium
3143 5152 3376 5206 medita-

1796 5236 1999 5291 tionem
2030 5237 2114 5293 vel
2145 5240 2334 5305 vitam,
2365 5250 2554 5313 utpote
2582 5242 2671 5311 qui
2707 5250 2872 5298 totam
2936 5258 3088 5297 suam
3134 5245 3378 5300 animam

1793 5329 1989 5385 obtulit
2023 5331 2154 5387 Deo.
2198 5332 2311 5387 Hoc
2344 5335 2488 5388 enim
2525 5335 2797 5406 significat
2835 5353 2849 5389 :
2891 5335 2956 5390 Et
2989 5339 3203 5407 sanguis
3230 5355 3377 5391 escu-

1796 5422 1934 5475 latus
1965 5425 2104 5477 circa
2139 5424 2307 5478 basim
2339 5426 2548 5490 altaris,
2581 5428 2722 5496 quod
2747 5437 2829 5482 est
2866 5428 3119 5484 Christus
3146 5429 3375 5483 :Christi

1800 5522 1983 5569 autem
2022 5516 2166 5571 basis
2196 5528 2279 5573 est
2305 5517 2681 5589 Evangelium,
2710 5520 2763 5573 in
2805 5536 2913 5589 quo
2944 5520 3174 5575 maxime
3209 5536 3375 5590 opor-

1802 5612 1915 5659 tere
1940 5622 2037 5659 nos
2068 5618 2391 5676 prmsentem
2420 5610 2583 5663 vitam
2631 5612 2935 5681 despicere,
2968 5620 3154 5680 utpote
3206 5619 3375 5665 totam

1799 5698 2038 5753 animam
2068 5712 2311 5755 nostram
2354 5700 2464 5756 Deo
2495 5703 2811 5766 offerentes,
2847 5703 3155 5759 didicimus.
3216 5702 3376 5759 Vesi—

2247 5834 2290 5863 ⁸⁶
2326 5831 2514 5895 Matth.
2543 5850 2595 5900 v,
2628 5834 2680 5891 8.
2773 5838 2817 5869 "
2863 5838 2961 5893 lsa.
3011 5854 3239 5898 χιιι-ιιι.
3287 5842 3374 5899 Νι
