  <div class='ocr_page' id='page_1' title='image "/cluster/home/n/w/nwhite01/storage/ocr_20150623/93/hvd.32044019208040/409.png"; bbox 0 0 4046 6410; ppageno 0'>
   <div class='ocr_carea' id='block_1_1' title="bbox 592 400 698 467">
    <p class='ocr_par' dir='ltr' id='par_1_1' title="bbox 592 400 698 467">
     <span class='ocr_line' id='line_1_1' title="bbox 592 400 698 467; baseline -0.009 0"><span class='ocrx_word' id='word_1_1' title='bbox 592 400 698 467; x_wconf 65' lang='grc' dir='ltr'><strong>εὲὂ</strong></span> 
     </span>
    </p>
   </div>
   <div class='ocr_carea' id='block_1_2' title="bbox 588 599 2185 671">
    <p class='ocr_par' dir='ltr' id='par_1_2' title="bbox 588 599 2185 671">
     <span class='ocr_line' id='line_1_2' title="bbox 588 599 2185 671; baseline -0.003 -13"><span class='ocrx_word' id='word_1_2' title='bbox 588 614 698 667; x_wconf 68' lang='lat' dir='ltr'><strong>est,</strong></span> <span class='ocrx_word' id='word_1_3' title='bbox 723 611 977 671; x_wconf 88' lang='lat' dir='ltr'><strong>utroque,</strong></span> <span class='ocrx_word' id='word_1_4' title='bbox 1012 612 1070 657; x_wconf 91' lang='lat' dir='ltr'><strong>et</strong></span> <span class='ocrx_word' id='word_1_5' title='bbox 1111 600 1412 663; x_wconf 92' lang='lat' dir='ltr'><strong>inﬂatione,</strong></span> <span class='ocrx_word' id='word_1_6' title='bbox 1439 610 1601 669; x_wconf 89' lang='lat' dir='ltr'><strong>atque</strong></span> <span class='ocrx_word' id='word_1_7' title='bbox 1630 599 2031 671; x_wconf 78' lang='lat' dir='ltr'><strong>superﬂuarum</strong></span> <span class='ocrx_word' id='word_1_8' title='bbox 2099 602 2185 654; x_wconf 90' lang='lat' dir='ltr'><strong>in-</strong></span> 
     </span>
    </p>
   </div>
   <div class='ocr_carea' id='block_1_3' title="bbox 589 694 2184 765">
    <p class='ocr_par' dir='ltr' id='par_1_3' title="bbox 589 694 2184 765">
     <span class='ocr_line' id='line_1_3' title="bbox 589 694 2184 765; baseline -0.001 -16"><span class='ocrx_word' id='word_1_9' title='bbox 589 695 888 765; x_wconf 85' lang='lat' dir='ltr'><strong>quisitione</strong></span> <span class='ocrx_word' id='word_1_10' title='bbox 920 709 1046 748; x_wconf 89' lang='lat' dir='ltr'><strong>eum</strong></span> <span class='ocrx_word' id='word_1_11' title='bbox 1066 709 1274 759; x_wconf 81' lang='lat' dir='ltr'><strong>carere,</strong></span> <span class='ocrx_word' id='word_1_12' title='bbox 1302 694 1668 763; x_wconf 89' lang='lat' dir='ltr'><strong>mundarique</strong></span> <span class='ocrx_word' id='word_1_13' title='bbox 1688 694 1877 748; x_wconf 85' lang='lat' dir='ltr'><strong>volens</strong></span> <span class='ocrx_word' id='word_1_14' title='bbox 1907 712 1919 746; x_wconf 92' lang='lat'>:</span> <span class='ocrx_word' id='word_1_15' title='bbox 1948 694 2184 748; x_wconf 77' lang='lat' dir='ltr'><strong>maxime</strong></span> 
     </span>
    </p>
   </div>
   <div class='ocr_carea' id='block_1_4' title="bbox 591 786 2186 856">
    <p class='ocr_par' dir='ltr' id='par_1_4' title="bbox 591 786 2186 856">
     <span class='ocr_line' id='line_1_4' title="bbox 591 786 2186 856; baseline -0.001 -14"><span class='ocrx_word' id='word_1_16' title='bbox 591 787 739 842; x_wconf 90' lang='lat' dir='ltr'><strong>enim</strong></span> <span class='ocrx_word' id='word_1_17' title='bbox 770 788 857 841; x_wconf 89' lang='lat' dir='ltr'><strong>his</strong></span> <span class='ocrx_word' id='word_1_18' title='bbox 892 786 1257 856; x_wconf 86' lang='lat' dir='ltr'><strong>passionihus,</strong></span> <span class='ocrx_word' id='word_1_19' title='bbox 1292 786 1347 840; x_wconf 90' lang='lat' dir='ltr'><strong>hi</strong></span> <span class='ocrx_word' id='word_1_20' title='bbox 1377 788 1468 855; x_wconf 85' lang='lat' dir='ltr'><strong>qui</strong></span> <span class='ocrx_word' id='word_1_21' title='bbox 1502 786 1742 841; x_wconf 90' lang='lat' dir='ltr'><strong>uberiori</strong></span> <span class='ocrx_word' id='word_1_22' title='bbox 1768 787 1975 856; x_wconf 90' lang='lat' dir='ltr'><strong>pollent</strong></span> <span class='ocrx_word' id='word_1_23' title='bbox 2005 787 2186 841; x_wconf 86' lang='lat' dir='ltr'><strong>scien-</strong></span> 
     </span>
    </p>
   </div>
   <div class='ocr_carea' id='block_1_5' title="bbox 594 877 2179 946">
    <p class='ocr_par' dir='ltr' id='par_1_5' title="bbox 594 877 2179 946">
     <span class='ocr_line' id='line_1_5' title="bbox 594 877 2179 946; baseline -0.002 -12"><span class='ocrx_word' id='word_1_24' title='bbox 594 881 690 945; x_wconf 90' lang='lat' dir='ltr'><strong>tia,</strong></span> <span class='ocrx_word' id='word_1_25' title='bbox 712 878 1098 942; x_wconf 78' lang='lat' dir='ltr'><strong>succumbunt,</strong></span> <span class='ocrx_word' id='word_1_26' title='bbox 1132 887 1423 933; x_wconf 88' lang='lat' dir='ltr'><strong>attestante</strong></span> <span class='ocrx_word' id='word_1_27' title='bbox 1450 878 1612 932; x_wconf 85' lang='lat' dir='ltr'><strong>Paulo</strong></span> <span class='ocrx_word' id='word_1_28' title='bbox 1637 896 1650 931; x_wconf 86' lang='lat'><strong>:</strong></span> <span class='ocrx_word' id='word_1_29' title='bbox 1684 877 1917 931; x_wconf 84' lang='lat' dir='ltr'><strong>Scientia</strong></span> <span class='ocrx_word' id='word_1_30' title='bbox 1941 878 2095 946; x_wconf 87' lang='lat' dir='ltr'><strong>inﬂat</strong></span> <span class='ocrx_word' id='word_1_31' title='bbox 2115 880 2179 931; x_wconf 85' lang='grc'><strong>⁶¹.</strong></span> 
     </span>
    </p>
   </div>
   <div class='ocr_carea' id='block_1_6' title="bbox 592 970 2182 1041">
    <p class='ocr_par' dir='ltr' id='par_1_6' title="bbox 592 970 2182 1041">
     <span class='ocr_line' id='line_1_6' title="bbox 592 970 2182 1041; baseline -0.003 -14"><span class='ocrx_word' id='word_1_32' title='bbox 592 973 662 1027; x_wconf 84' lang='lat' dir='ltr'><strong>Et</strong></span> <span class='ocrx_word' id='word_1_33' title='bbox 686 988 923 1026; x_wconf 88' lang='lat' dir='ltr'><strong>rursus:</strong></span> <span class='ocrx_word' id='word_1_34' title='bbox 976 970 1033 1025; x_wconf 92' lang='lat' dir='ltr'><strong>Si</strong></span> <span class='ocrx_word' id='word_1_35' title='bbox 1072 972 1189 1041; x_wconf 84' lang='lat' dir='ltr'><strong>quis</strong></span> <span class='ocrx_word' id='word_1_36' title='bbox 1246 972 1452 1024; x_wconf 83' lang='lat' dir='ltr'><strong>videtur</strong></span> <span class='ocrx_word' id='word_1_37' title='bbox 1498 972 1633 1024; x_wconf 86' lang='lat' dir='ltr'><strong>scire</strong></span> <span class='ocrx_word' id='word_1_38' title='bbox 1685 970 1915 1036; x_wconf 78' lang='lat' dir='ltr'><strong>aliquid,</strong></span> <span class='ocrx_word' id='word_1_39' title='bbox 1964 972 2182 1023; x_wconf 86' lang='lat' dir='ltr'><strong>necdum</strong></span> 
     </span>
    </p>
   </div>
   <div class='ocr_carea' id='block_1_7' title="bbox 595 1062 2182 1134">
    <p class='ocr_par' dir='ltr' id='par_1_7' title="bbox 595 1062 2182 1134">
     <span class='ocr_line' id='line_1_7' title="bbox 595 1062 2182 1134; baseline -0.001 -17"><span class='ocrx_word' id='word_1_40' title='bbox 595 1065 834 1134; x_wconf 88' lang='lat' dir='ltr'><strong>cognovit</strong></span> <span class='ocrx_word' id='word_1_41' title='bbox 857 1063 1297 1132; x_wconf 80' lang='lat' dir='ltr'><strong>quemadmodum</strong></span> <span class='ocrx_word' id='word_1_42' title='bbox 1351 1074 1587 1132; x_wconf 89' lang='lat' dir='ltr'><strong>oporteat</strong></span> <span class='ocrx_word' id='word_1_43' title='bbox 1620 1080 1739 1117; x_wconf 88' lang='lat' dir='ltr'><strong>eum</strong></span> <span class='ocrx_word' id='word_1_44' title='bbox 1774 1064 1905 1115; x_wconf 81' lang='lat' dir='ltr'><strong>scire</strong></span> <span class='ocrx_word' id='word_1_45' title='bbox 1931 1063 1997 1116; x_wconf 80' lang='grc'><strong>⁶².</strong></span> <span class='ocrx_word' id='word_1_46' title='bbox 2042 1062 2182 1115; x_wconf 83' lang='lat' dir='ltr'><strong>Rur-</strong></span> 
     </span>
    </p>
   </div>
   <div class='ocr_carea' id='block_1_8' title="bbox 594 1153 2184 1225">
    <p class='ocr_par' dir='ltr' id='par_1_8' title="bbox 594 1153 2184 1225">
     <span class='ocr_line' id='line_1_8' title="bbox 594 1153 2184 1225; baseline -0.001 -17"><span class='ocrx_word' id='word_1_47' title='bbox 594 1173 688 1209; x_wconf 79' lang='lat' dir='ltr'><strong>sus</strong></span> <span class='ocrx_word' id='word_1_48' title='bbox 719 1156 833 1225; x_wconf 83' lang='lat' dir='ltr'><strong>ipse</strong></span> <span class='ocrx_word' id='word_1_49' title='bbox 856 1156 933 1207; x_wconf 91' lang='lat' dir='ltr'><strong>ait</strong></span> <span class='ocrx_word' id='word_1_50' title='bbox 968 1173 980 1207; x_wconf 91' lang='lat'>:</span> <span class='ocrx_word' id='word_1_51' title='bbox 1009 1154 1207 1221; x_wconf 87' lang='lat' dir='ltr'><strong>Corpus</strong></span> <span class='ocrx_word' id='word_1_52' title='bbox 1254 1166 1430 1207; x_wconf 88' lang='lat' dir='ltr'><strong>autem</strong></span> <span class='ocrx_word' id='word_1_53' title='bbox 1468 1153 1660 1209; x_wconf 84' lang='lat' dir='ltr'><strong>Christi</strong></span> <span class='ocrx_word' id='word_1_54' title='bbox 1691 1170 1709 1207; x_wconf 91' lang='lat'><strong><em>:</em></strong></span> <span class='ocrx_word' id='word_1_55' title='bbox 1758 1170 1911 1207; x_wconf 87' lang='lat' dir='ltr'><strong>nemo</strong></span> <span class='ocrx_word' id='word_1_56' title='bbox 1934 1171 2020 1207; x_wconf 84' lang='lat' dir='ltr'><strong>vos</strong></span> <span class='ocrx_word' id='word_1_57' title='bbox 2051 1154 2184 1207; x_wconf 80' lang='lat' dir='ltr'><strong>deci-</strong></span> 
     </span>
    </p>
   </div>
   <div class='ocr_carea' id='block_1_9' title="bbox 592 1246 2183 1317">
    <p class='ocr_par' dir='ltr' id='par_1_9' title="bbox 592 1246 2183 1317">
     <span class='ocr_line' id='line_1_9' title="bbox 592 1246 2183 1317; baseline 0.002 -18"><span class='ocrx_word' id='word_1_58' title='bbox 592 1249 729 1317; x_wconf 87' lang='lat' dir='ltr'><strong>piat,</strong></span> <span class='ocrx_word' id='word_1_59' title='bbox 775 1248 949 1300; x_wconf 81' lang='lat' dir='ltr'><strong>uolens</strong></span> <span class='ocrx_word' id='word_1_60' title='bbox 976 1248 1027 1299; x_wconf 87' lang='lat' dir='ltr'><strong>in</strong></span> <span class='ocrx_word' id='word_1_61' title='bbox 1061 1246 1363 1299; x_wconf 81' lang='lat' dir='ltr'><strong>ltumilitate</strong></span> <span class='ocrx_word' id='word_1_62' title='bbox 1399 1259 1445 1300; x_wconf 91' lang='lat' dir='ltr'><strong>et</strong></span> <span class='ocrx_word' id='word_1_63' title='bbox 1472 1248 1722 1317; x_wconf 80' lang='lat' dir='ltr'><strong>religione</strong></span> <span class='ocrx_word' id='word_1_64' title='bbox 1747 1247 2183 1317; x_wconf 62' lang='lat' dir='ltr'><strong>angelorumque</strong></span> 
     </span>
    </p>
   </div>
   <div class='ocr_carea' id='block_1_10' title="bbox 594 1340 2181 1410">
    <p class='ocr_par' dir='ltr' id='par_1_10' title="bbox 594 1340 2181 1410">
     <span class='ocr_line' id='line_1_10' title="bbox 594 1340 2181 1410; baseline 0.001 -17"><span class='ocrx_word' id='word_1_65' title='bbox 594 1357 696 1393; x_wconf 88' lang='lat' dir='ltr'><strong>non</strong></span> <span class='ocrx_word' id='word_1_66' title='bbox 731 1342 880 1403; x_wconf 83' lang='lat' dir='ltr'><strong>vidit,</strong></span> <span class='ocrx_word' id='word_1_67' title='bbox 944 1340 1228 1393; x_wconf 80' lang='lat' dir='ltr'><strong>ambulans</strong></span> <span class='ocrx_word' id='word_1_68' title='bbox 1278 1342 1478 1410; x_wconf 82' lang='lat' dir='ltr'><strong>frustra</strong></span> <span class='ocrx_word' id='word_1_69' title='bbox 1524 1342 1743 1408; x_wconf 76' lang='lat' dir='ltr'><strong>inflatus</strong></span> <span class='ocrx_word' id='word_1_70' title='bbox 1802 1358 1954 1395; x_wconf 87' lang='lat' dir='ltr'><strong>sensu</strong></span> <span class='ocrx_word' id='word_1_71' title='bbox 2008 1343 2181 1395; x_wconf 88' lang='lat' dir='ltr'><strong>carnis</strong></span> 
     </span>
    </p>
   </div>
   <div class='ocr_carea' id='block_1_11' title="bbox 591 1432 2178 1488">
    <p class='ocr_par' dir='ltr' id='par_1_11' title="bbox 591 1432 2178 1488">
     <span class='ocr_line' id='line_1_11' title="bbox 591 1432 2178 1488; baseline -0.001 -3"><span class='ocrx_word' id='word_1_72' title='bbox 591 1449 701 1486; x_wconf 72' lang='lat' dir='ltr'><strong>sum</strong></span> <span class='ocrx_word' id='word_1_73' title='bbox 726 1432 792 1484; x_wconf 79' lang='lat'><strong>&quot;.</strong></span> <span class='ocrx_word' id='word_1_74' title='bbox 830 1433 965 1485; x_wconf 84' lang='lat' dir='ltr'><strong>Nam</strong></span> <span class='ocrx_word' id='word_1_75' title='bbox 1002 1432 1341 1486; x_wconf 80' lang='lat' dir='ltr'><strong>Tlteodotion</strong></span> <span class='ocrx_word' id='word_1_76' title='bbox 1408 1432 1663 1486; x_wconf 83' lang='lat' dir='ltr'><strong>similiter</strong></span> <span class='ocrx_word' id='word_1_77' title='bbox 1709 1434 1936 1485; x_wconf 77' lang='lat' dir='ltr'><strong>vesicam</strong></span> <span class='ocrx_word' id='word_1_78' title='bbox 1966 1434 2134 1488; x_wconf 81' lang='lat' dir='ltr'><strong>edidit</strong></span> <span class='ocrx_word' id='word_1_79' title='bbox 2166 1450 2178 1484; x_wconf 88' lang='lat'><strong>:</strong></span> 
     </span>
    </p>
   </div>
   <div class='ocr_carea' id='block_1_12' title="bbox 592 1523 2177 1594">
    <p class='ocr_par' dir='ltr' id='par_1_12' title="bbox 592 1523 2177 1594">
     <span class='ocr_line' id='line_1_12' title="bbox 592 1523 2177 1594; baseline 0.001 -18"><span class='ocrx_word' id='word_1_80' title='bbox 592 1524 782 1594; x_wconf 80' lang='lat' dir='ltr'><strong>Aq’uila</strong></span> <span class='ocrx_word' id='word_1_81' title='bbox 810 1523 1001 1590; x_wconf 79' lang='grc' dir='ltr'><strong>σιτίον,</strong></span> <span class='ocrx_word' id='word_1_82' title='bbox 1031 1524 1082 1577; x_wconf 93' lang='lat' dir='ltr'><strong>id</strong></span> <span class='ocrx_word' id='word_1_83' title='bbox 1131 1532 1214 1578; x_wconf 89' lang='lat' dir='ltr'><strong>est</strong></span> <span class='ocrx_word' id='word_1_84' title='bbox 1243 1524 1529 1588; x_wconf 90' lang='lat' dir='ltr'><strong>cibarium,</strong></span> <span class='ocrx_word' id='word_1_85' title='bbox 1563 1524 1688 1592; x_wconf 96' lang='lat' dir='ltr'><strong>quia</strong></span> <span class='ocrx_word' id='word_1_86' title='bbox 1716 1524 1770 1576; x_wconf 90' lang='lat' dir='ltr'><strong>in</strong></span> <span class='ocrx_word' id='word_1_87' title='bbox 1796 1524 1990 1577; x_wconf 89' lang='lat' dir='ltr'><strong>avibus</strong></span> <span class='ocrx_word' id='word_1_88' title='bbox 2024 1524 2177 1577; x_wconf 89' lang='lat' dir='ltr'><strong>inﬂa-</strong></span> 
     </span>
    </p>
   </div>
   <div class='ocr_carea' id='block_1_13' title="bbox 596 1614 2177 1685">
    <p class='ocr_par' dir='ltr' id='par_1_13' title="bbox 596 1614 2177 1685">
     <span class='ocr_line' id='line_1_13' title="bbox 596 1614 2177 1685; baseline 0 -16"><span class='ocrx_word' id='word_1_89' title='bbox 596 1616 929 1685; x_wconf 90' lang='lat' dir='ltr'><strong>tiouiaptum</strong></span> <span class='ocrx_word' id='word_1_90' title='bbox 961 1632 1056 1670; x_wconf 89' lang='lat' dir='ltr'><strong>vas</strong></span> <span class='ocrx_word' id='word_1_91' title='bbox 1082 1616 1499 1685; x_wconf 87' lang='lat' dir='ltr'><strong>suscipiensque</strong></span> <span class='ocrx_word' id='word_1_92' title='bbox 1534 1614 1833 1684; x_wconf 88' lang='lat' dir='ltr'><strong>superﬂua,</strong></span> <span class='ocrx_word' id='word_1_93' title='bbox 1861 1616 2037 1670; x_wconf 86' lang='lat' dir='ltr'><strong>vesica</strong></span> <span class='ocrx_word' id='word_1_94' title='bbox 2074 1625 2177 1670; x_wconf 92' lang='lat' dir='ltr'><strong>est.</strong></span> 
     </span>
    </p>
   </div>
   <div class='ocr_carea' id='block_1_14' title="bbox 592 1708 2182 1780">
    <p class='ocr_par' dir='ltr' id='par_1_14' title="bbox 592 1708 2182 1780">
     <span class='ocr_line' id='line_1_14' title="bbox 592 1708 2182 1780; baseline 0.001 -18"><span class='ocrx_word' id='word_1_95' title='bbox 592 1708 711 1762; x_wconf 82' lang='lat' dir='ltr'><strong>Non</strong></span> <span class='ocrx_word' id='word_1_96' title='bbox 744 1724 874 1780; x_wconf 83' lang='lat' dir='ltr'><strong>ergo</strong></span> <span class='ocrx_word' id='word_1_97' title='bbox 903 1709 1164 1777; x_wconf 77' lang='lat' dir='ltr'><strong>permittit</strong></span> <span class='ocrx_word' id='word_1_98' title='bbox 1194 1708 1392 1771; x_wconf 91' lang='lat' dir='ltr'><strong>inﬂari,</strong></span> <span class='ocrx_word' id='word_1_99' title='bbox 1426 1718 1481 1762; x_wconf 92' lang='lat' dir='ltr'><strong>et</strong></span> <span class='ocrx_word' id='word_1_100' title='bbox 1528 1709 1648 1761; x_wconf 88' lang='lat' dir='ltr'><strong>ideo</strong></span> <span class='ocrx_word' id='word_1_101' title='bbox 1678 1709 1879 1762; x_wconf 80' lang='lat' dir='ltr'><strong>auferri</strong></span> <span class='ocrx_word' id='word_1_102' title='bbox 1922 1709 2182 1779; x_wconf 67' lang='lat' dir='ltr'><strong>pramrpit</strong></span> 
     </span>
    </p>
   </div>
   <div class='ocr_carea' id='block_1_15' title="bbox 596 1802 2175 1871">
    <p class='ocr_par' dir='ltr' id='par_1_15' title="bbox 596 1802 2175 1871">
     <span class='ocr_line' id='line_1_15' title="bbox 596 1802 2175 1871; baseline 0.001 -18"><span class='ocrx_word' id='word_1_103' title='bbox 596 1802 860 1856; x_wconf 88' lang='lat' dir='ltr'><strong>vesicam.</strong></span> <span class='ocrx_word' id='word_1_104' title='bbox 893 1802 998 1856; x_wconf 84' lang='lat' dir='ltr'><strong>Sed</strong></span> <span class='ocrx_word' id='word_1_105' title='bbox 1034 1817 1136 1855; x_wconf 89' lang='lat' dir='ltr'><strong>nec</strong></span> <span class='ocrx_word' id='word_1_106' title='bbox 1166 1802 1370 1870; x_wconf 85' lang='lat' dir='ltr'><strong>majora</strong></span> <span class='ocrx_word' id='word_1_107' title='bbox 1411 1802 1566 1856; x_wconf 91' lang='lat' dir='ltr'><strong>nobis</strong></span> <span class='ocrx_word' id='word_1_108' title='bbox 1595 1818 1838 1871; x_wconf 78' lang='lat' dir='ltr'><strong>qmerere</strong></span> <span class='ocrx_word' id='word_1_109' title='bbox 1868 1802 2175 1856; x_wconf 87' lang='lat' dir='ltr'><strong>velaltiora.</strong></span> 
     </span>
    </p>
   </div>
   <div class='ocr_carea' id='block_1_16' title="bbox 594 1894 2175 1963">
    <p class='ocr_par' dir='ltr' id='par_1_16' title="bbox 594 1894 2175 1963">
     <span class='ocr_line' id='line_1_16' title="bbox 594 1894 2175 1963; baseline -0.001 -15"><span class='ocrx_word' id='word_1_110' title='bbox 594 1895 795 1948; x_wconf 80' lang='lat' dir='ltr'><strong>Altiora</strong></span> <span class='ocrx_word' id='word_1_111' title='bbox 822 1895 964 1947; x_wconf 87' lang='lat' dir='ltr'><strong>enim</strong></span> <span class='ocrx_word' id='word_1_112' title='bbox 995 1904 1064 1956; x_wconf 89' lang='lat' dir='ltr'><strong>te,</strong></span> <span class='ocrx_word' id='word_1_113' title='bbox 1100 1895 1192 1955; x_wconf 89' lang='lat' dir='ltr'><strong>ait,</strong></span> <span class='ocrx_word' id='word_1_114' title='bbox 1237 1910 1298 1946; x_wconf 87' lang='lat' dir='ltr'><strong>ne</strong></span> <span class='ocrx_word' id='word_1_115' title='bbox 1358 1896 1647 1963; x_wconf 71' lang='lat' dir='ltr'><strong>quwsieris,</strong></span> <span class='ocrx_word' id='word_1_116' title='bbox 1684 1904 1731 1947; x_wconf 88' lang='lat' dir='ltr'><strong>ct</strong></span> <span class='ocrx_word' id='word_1_117' title='bbox 1764 1894 2073 1947; x_wconf 75' lang='lat' dir='ltr'><strong>sublimiora</strong></span> <span class='ocrx_word' id='word_1_118' title='bbox 2128 1904 2175 1947; x_wconf 91' lang='lat' dir='ltr'><strong>te</strong></span> 
     </span>
    </p>
   </div>
   <div class='ocr_carea' id='block_1_17' title="bbox 596 1984 2176 2056">
    <p class='ocr_par' dir='ltr' id='par_1_17' title="bbox 596 1984 2176 2056">
     <span class='ocr_line' id='line_1_17' title="bbox 596 1984 2176 2056; baseline 0 -17"><span class='ocrx_word' id='word_1_119' title='bbox 596 2002 661 2039; x_wconf 86' lang='lat' dir='ltr'><strong>ne</strong></span> <span class='ocrx_word' id='word_1_120' title='bbox 688 1996 954 2039; x_wconf 80' lang='lat' dir='ltr'><strong>scrutatus</strong></span> <span class='ocrx_word' id='word_1_121' title='bbox 988 1986 1148 2056; x_wconf 75' lang='lat' dir='ltr'><strong>fueris</strong></span> <span class='ocrx_word' id='word_1_122' title='bbox 1171 1987 1235 2039; x_wconf 68' lang='grc'><strong>⁸⁵.</strong></span> <span class='ocrx_word' id='word_1_123' title='bbox 1264 1984 1417 2038; x_wconf 88' lang='lat' dir='ltr'><strong>Unde</strong></span> <span class='ocrx_word' id='word_1_124' title='bbox 1445 1996 1497 2039; x_wconf 90' lang='lat' dir='ltr'><strong>et</strong></span> <span class='ocrx_word' id='word_1_125' title='bbox 1539 1988 1751 2055; x_wconf 86' lang='lat' dir='ltr'><strong>plumas</strong></span> <span class='ocrx_word' id='word_1_126' title='bbox 1781 1986 1847 2039; x_wconf 88' lang='lat' dir='ltr'><strong>ab</strong></span> <span class='ocrx_word' id='word_1_127' title='bbox 1881 1986 2055 2041; x_wconf 86' lang='lat' dir='ltr'><strong>hostia</strong></span> <span class='ocrx_word' id='word_1_128' title='bbox 2090 2001 2176 2039; x_wconf 77' lang='lat' dir='ltr'><strong>se-</strong></span> 
     </span>
    </p>
   </div>
   <div class='ocr_carea' id='block_1_18' title="bbox 595 2077 2173 2148">
    <p class='ocr_par' dir='ltr' id='par_1_18' title="bbox 595 2077 2173 2148">
     <span class='ocr_line' id='line_1_18' title="bbox 595 2077 2173 2148; baseline 0.001 -17"><span class='ocrx_word' id='word_1_129' title='bbox 595 2078 825 2147; x_wconf 85' lang='lat' dir='ltr'><strong>paravit,</strong></span> <span class='ocrx_word' id='word_1_130' title='bbox 889 2086 942 2130; x_wconf 91' lang='lat' dir='ltr'><strong>et</strong></span> <span class='ocrx_word' id='word_1_131' title='bbox 1013 2077 1244 2146; x_wconf 87' lang='lat' dir='ltr'><strong>projecit</strong></span> <span class='ocrx_word' id='word_1_132' title='bbox 1316 2085 1535 2147; x_wconf 87' lang='lat' dir='ltr'><strong>pr0plcr</strong></span> <span class='ocrx_word' id='word_1_133' title='bbox 1602 2078 1770 2131; x_wconf 88' lang='lat' dir='ltr'><strong>altare</strong></span> <span class='ocrx_word' id='word_1_134' title='bbox 1819 2077 1885 2130; x_wconf 86' lang='lat' dir='ltr'><strong>ad</strong></span> <span class='ocrx_word' id='word_1_135' title='bbox 1961 2078 2173 2148; x_wconf 82' lang='lat' dir='ltr'><strong>plagam</strong></span> 
     </span>
    </p>
   </div>
   <div class='ocr_carea' id='block_1_19' title="bbox 595 2169 2174 2238">
    <p class='ocr_par' dir='ltr' id='par_1_19' title="bbox 595 2169 2174 2238">
     <span class='ocr_line' id='line_1_19' title="bbox 595 2169 2174 2238; baseline 0.001 -15"><span class='ocrx_word' id='word_1_136' title='bbox 595 2171 937 2232; x_wconf 82' lang='lat' dir='ltr'><strong>orientalem,</strong></span> <span class='ocrx_word' id='word_1_137' title='bbox 1009 2171 1060 2222; x_wconf 90' lang='lat' dir='ltr'><strong>in</strong></span> <span class='ocrx_word' id='word_1_138' title='bbox 1111 2169 1230 2223; x_wconf 90' lang='lat' dir='ltr'><strong>loco</strong></span> <span class='ocrx_word' id='word_1_139' title='bbox 1271 2169 1323 2222; x_wconf 91' lang='lat' dir='ltr'><strong>in</strong></span> <span class='ocrx_word' id='word_1_140' title='bbox 1373 2185 1481 2238; x_wconf 87' lang='lat' dir='ltr'><strong>quo</strong></span> <span class='ocrx_word' id='word_1_141' title='bbox 1524 2169 1735 2224; x_wconf 88' lang='lat' dir='ltr'><strong>cineres</strong></span> <span class='ocrx_word' id='word_1_142' title='bbox 1802 2170 2007 2224; x_wconf 78' lang='lat' dir='ltr'><strong>eﬂundi</strong></span> <span class='ocrx_word' id='word_1_143' title='bbox 2084 2184 2174 2224; x_wconf 89' lang='lat' dir='ltr'><strong>so-</strong></span> 
     </span>
    </p>
   </div>
   <div class='ocr_carea' id='block_1_20' title="bbox 595 2262 2174 2330">
    <p class='ocr_par' dir='ltr' id='par_1_20' title="bbox 595 2262 2174 2330">
     <span class='ocr_line' id='line_1_20' title="bbox 595 2262 2174 2330; baseline 0.001 -15"><span class='ocrx_word' id='word_1_144' title='bbox 595 2263 727 2317; x_wconf 87' lang='lat' dir='ltr'><strong>lent.</strong></span> <span class='ocrx_word' id='word_1_145' title='bbox 754 2262 833 2315; x_wconf 88' lang='lat' dir='ltr'><strong>Ad</strong></span> <span class='ocrx_word' id='word_1_146' title='bbox 864 2262 1129 2315; x_wconf 88' lang='lat' dir='ltr'><strong>orientem</strong></span> <span class='ocrx_word' id='word_1_147' title='bbox 1153 2262 1395 2330; x_wconf 87' lang='lat' dir='ltr'><strong>quidem,</strong></span> <span class='ocrx_word' id='word_1_148' title='bbox 1422 2262 1545 2330; x_wconf 85' lang='lat' dir='ltr'><strong>quia</strong></span> <span class='ocrx_word' id='word_1_149' title='bbox 1565 2263 1841 2330; x_wconf 72' lang='lat' dir='ltr'><strong>inquisitio</strong></span> <span class='ocrx_word' id='word_1_150' title='bbox 1862 2262 2174 2316; x_wconf 89' lang='lat' dir='ltr'><strong>sublimium</strong></span> 
     </span>
    </p>
   </div>
   <div class='ocr_carea' id='block_1_21' title="bbox 595 2353 2171 2423">
    <p class='ocr_par' dir='ltr' id='par_1_21' title="bbox 595 2353 2171 2423">
     <span class='ocr_line' id='line_1_21' title="bbox 595 2353 2171 2423; baseline 0.001 -14"><span class='ocrx_word' id='word_1_151' title='bbox 595 2370 776 2409; x_wconf 88' lang='lat' dir='ltr'><strong>rerum</strong></span> <span class='ocrx_word' id='word_1_152' title='bbox 800 2355 1016 2407; x_wconf 89' lang='lat' dir='ltr'><strong>videtur</strong></span> <span class='ocrx_word' id='word_1_153' title='bbox 1043 2368 1183 2406; x_wconf 89' lang='lat' dir='ltr'><strong>esse.</strong></span> <span class='ocrx_word' id='word_1_154' title='bbox 1224 2353 1384 2406; x_wconf 79' lang='lat' dir='ltr'><strong>Extra</strong></span> <span class='ocrx_word' id='word_1_155' title='bbox 1407 2354 1574 2407; x_wconf 87' lang='lat' dir='ltr'><strong>altare</strong></span> <span class='ocrx_word' id='word_1_156' title='bbox 1627 2364 1829 2419; x_wconf 89' lang='lat' dir='ltr'><strong>autem,</strong></span> <span class='ocrx_word' id='word_1_157' title='bbox 1880 2354 2008 2423; x_wconf 90' lang='lat' dir='ltr'><strong>quia</strong></span> <span class='ocrx_word' id='word_1_158' title='bbox 2063 2371 2171 2410; x_wconf 91' lang='lat' dir='ltr'><strong>non</strong></span> 
     </span>
    </p>
   </div>
   <div class='ocr_carea' id='block_1_22' title="bbox 594 2445 2175 2515">
    <p class='ocr_par' dir='ltr' id='par_1_22' title="bbox 594 2445 2175 2515">
     <span class='ocr_line' id='line_1_22' title="bbox 594 2445 2175 2515; baseline -0.001 -16"><span class='ocrx_word' id='word_1_159' title='bbox 594 2448 984 2507; x_wconf 89' lang='lat' dir='ltr'><strong>necessariam,</strong></span> <span class='ocrx_word' id='word_1_160' title='bbox 1018 2446 1111 2500; x_wconf 91' lang='lat' dir='ltr'><strong>sed</strong></span> <span class='ocrx_word' id='word_1_161' title='bbox 1139 2445 1466 2515; x_wconf 88' lang='lat' dir='ltr'><strong>superﬂuam</strong></span> <span class='ocrx_word' id='word_1_162' title='bbox 1499 2455 1661 2515; x_wconf 86' lang='lat' dir='ltr'><strong>atque</strong></span> <span class='ocrx_word' id='word_1_163' title='bbox 1714 2446 1930 2499; x_wconf 76' lang='lat' dir='ltr'><strong>noxiam</strong></span> <span class='ocrx_word' id='word_1_164' title='bbox 1962 2456 2175 2500; x_wconf 89' lang='lat' dir='ltr'><strong>scruta-</strong></span> 
     </span>
    </p>
   </div>
   <div class='ocr_carea' id='block_1_23' title="bbox 595 2539 2173 2610">
    <p class='ocr_par' dir='ltr' id='par_1_23' title="bbox 595 2539 2173 2610">
     <span class='ocr_line' id='line_1_23' title="bbox 595 2539 2173 2610; baseline -0.001 -17"><span class='ocrx_word' id='word_1_165' title='bbox 595 2540 800 2594; x_wconf 90' lang='lat' dir='ltr'><strong>tionem</strong></span> <span class='ocrx_word' id='word_1_166' title='bbox 831 2539 1095 2610; x_wconf 84' lang='lat' dir='ltr'><strong>possidet.</strong></span> <span class='ocrx_word' id='word_1_167' title='bbox 1148 2539 1206 2592; x_wconf 92' lang='lat' dir='ltr'><strong>ln</strong></span> <span class='ocrx_word' id='word_1_168' title='bbox 1268 2539 1448 2593; x_wconf 91' lang='lat' dir='ltr'><strong>locum</strong></span> <span class='ocrx_word' id='word_1_169' title='bbox 1476 2549 1656 2594; x_wconf 90' lang='lat' dir='ltr'><strong>autem</strong></span> <span class='ocrx_word' id='word_1_170' title='bbox 1699 2539 1856 2609; x_wconf 86' lang='lat' dir='ltr'><strong>jubet</strong></span> <span class='ocrx_word' id='word_1_171' title='bbox 1899 2540 2173 2602; x_wconf 88' lang='lat' dir='ltr'><strong>cinerum,</strong></span> 
     </span>
    </p>
   </div>
   <div class='ocr_carea' id='block_1_24' title="bbox 593 2628 2175 2703">
    <p class='ocr_par' dir='ltr' id='par_1_24' title="bbox 593 2628 2175 2703">
     <span class='ocr_line' id='line_1_24' title="bbox 593 2628 2175 2703; baseline -0.003 -16"><span class='ocrx_word' id='word_1_172' title='bbox 593 2641 817 2703; x_wconf 84' lang='lat' dir='ltr'><strong>propter</strong></span> <span class='ocrx_word' id='word_1_173' title='bbox 840 2628 1214 2697; x_wconf 33' lang='lat' dir='ltr'><strong>naturam,‘de</strong></span> <span class='ocrx_word' id='word_1_174' title='bbox 1239 2646 1345 2700; x_wconf 89' lang='lat' dir='ltr'><strong>qua</strong></span> <span class='ocrx_word' id='word_1_175' title='bbox 1377 2631 1649 2685; x_wconf 85' lang='lat' dir='ltr'><strong>Abraham</strong></span> <span class='ocrx_word' id='word_1_176' title='bbox 1697 2631 1830 2685; x_wconf 87' lang='lat' dir='ltr'><strong>dicit</strong></span> <span class='ocrx_word' id='word_1_177' title='bbox 1857 2650 1868 2684; x_wconf 90' lang='lat'><strong>:</strong></span> <span class='ocrx_word' id='word_1_178' title='bbox 1900 2629 2012 2700; x_wconf 83' lang='lat' dir='ltr'><strong>Ego</strong></span> <span class='ocrx_word' id='word_1_179' title='bbox 2058 2646 2175 2683; x_wconf 86' lang='lat' dir='ltr'><strong>sum</strong></span> 
     </span>
    </p>
   </div>
   <div class='ocr_carea' id='block_1_25' title="bbox 593 2724 2173 2795">
    <p class='ocr_par' dir='ltr' id='par_1_25' title="bbox 593 2724 2173 2795">
     <span class='ocr_line' id='line_1_25' title="bbox 593 2724 2173 2795; baseline -0.003 -13"><span class='ocrx_word' id='word_1_180' title='bbox 593 2727 760 2783; x_wconf 83' lang='lat' dir='ltr'><strong>nulvis</strong></span> <span class='ocrx_word' id='word_1_181' title='bbox 774 2737 818 2779; x_wconf 89' lang='lat' dir='ltr'><strong>et</strong></span> <span class='ocrx_word' id='word_1_182' title='bbox 833 2726 963 2779; x_wconf 89' lang='lat' dir='ltr'><strong>ciuis</strong></span> <span class='ocrx_word' id='word_1_183' title='bbox 973 2726 1039 2779; x_wconf 69' lang='grc'><strong>⁸⁸.</strong></span> <span class='ocrx_word' id='word_1_184' title='bbox 1056 2724 1195 2795; x_wconf 87' lang='lat' dir='ltr'><strong>Ergo</strong></span> <span class='ocrx_word' id='word_1_185' title='bbox 1208 2740 1301 2794; x_wconf 89' lang='lat' dir='ltr'><strong>per</strong></span> <span class='ocrx_word' id='word_1_186' title='bbox 1319 2725 1497 2779; x_wconf 89' lang='lat' dir='ltr'><strong>locum</strong></span> <span class='ocrx_word' id='word_1_187' title='bbox 1515 2725 1760 2778; x_wconf 89' lang='lat' dir='ltr'><strong>cinerum</strong></span> <span class='ocrx_word' id='word_1_188' title='bbox 1776 2724 2085 2793; x_wconf 62' lang='lat' dir='ltr'><strong>praedictam</strong></span> <span class='ocrx_word' id='word_1_189' title='bbox 2100 2724 2173 2778; x_wconf 84' lang='lat' dir='ltr'><strong>in-</strong></span> 
     </span>
    </p>
   </div>
   <div class='ocr_carea' id='block_1_26' title="bbox 592 2816 2175 2886">
    <p class='ocr_par' dir='ltr' id='par_1_26' title="bbox 592 2816 2175 2886">
     <span class='ocr_line' id='line_1_26' title="bbox 592 2816 2175 2886; baseline -0.001 -15"><span class='ocrx_word' id='word_1_190' title='bbox 592 2818 867 2872; x_wconf 86' lang='lat' dir='ltr'><strong>ﬂationem</strong></span> <span class='ocrx_word' id='word_1_191' title='bbox 884 2817 1161 2881; x_wconf 70' lang='lat' dir='ltr'><strong>redarguit</strong></span> <span class='ocrx_word' id='word_1_192' title='bbox 1179 2816 1473 2886; x_wconf 86' lang='lat' dir='ltr'><strong>legislator,</strong></span> <span class='ocrx_word' id='word_1_193' title='bbox 1496 2825 1683 2885; x_wconf 88' lang='lat' dir='ltr'><strong>utpote</strong></span> <span class='ocrx_word' id='word_1_194' title='bbox 1700 2831 1821 2884; x_wconf 70' lang='lat' dir='ltr'><strong>qua:</strong></span> <span class='ocrx_word' id='word_1_195' title='bbox 1836 2816 1998 2886; x_wconf 84' lang='lat' dir='ltr'><strong>digna</strong></span> <span class='ocrx_word' id='word_1_196' title='bbox 2012 2820 2085 2870; x_wconf 89' lang='lat' dir='ltr'><strong>sit</strong></span> <span class='ocrx_word' id='word_1_197' title='bbox 2098 2816 2175 2870; x_wconf 88' lang='lat' dir='ltr'><strong>ci-</strong></span> 
     </span>
    </p>
   </div>
   <div class='ocr_carea' id='block_1_27' title="bbox 593 2908 2173 2984">
    <p class='ocr_par' dir='ltr' id='par_1_27' title="bbox 593 2908 2173 2984">
     <span class='ocr_line' id='line_1_27' title="bbox 593 2908 2173 2984; baseline -0.003 -17"><span class='ocrx_word' id='word_1_198' title='bbox 593 2927 743 2977; x_wconf 86' lang='lat' dir='ltr'><strong>nere;</strong></span> <span class='ocrx_word' id='word_1_199' title='bbox 767 2912 907 2984; x_wconf 79' lang='lat' dir='ltr'><strong>quod</strong></span> <span class='ocrx_word' id='word_1_200' title='bbox 926 2920 1105 2965; x_wconf 87' lang='lat' dir='ltr'><strong>autem</strong></span> <span class='ocrx_word' id='word_1_201' title='bbox 1123 2910 1305 2963; x_wconf 86' lang='lat' dir='ltr'><strong>cinere</strong></span> <span class='ocrx_word' id='word_1_202' title='bbox 1322 2910 1544 2978; x_wconf 87' lang='lat' dir='ltr'><strong>dignum</strong></span> <span class='ocrx_word' id='word_1_203' title='bbox 1567 2918 1670 2973; x_wconf 90' lang='lat' dir='ltr'><strong>est,</strong></span> <span class='ocrx_word' id='word_1_204' title='bbox 1686 2908 1938 2963; x_wconf 79' lang='lat' dir='ltr'><strong>deorsum</strong></span> <span class='ocrx_word' id='word_1_205' title='bbox 1961 2909 2013 2962; x_wconf 91' lang='lat' dir='ltr'><strong>in</strong></span> <span class='ocrx_word' id='word_1_206' title='bbox 2031 2918 2173 2963; x_wconf 89' lang='lat' dir='ltr'><strong>terra</strong></span> 
     </span>
    </p>
   </div>
   <div class='ocr_carea' id='block_1_28' title="bbox 593 2998 2169 3068">
    <p class='ocr_par' dir='ltr' id='par_1_28' title="bbox 593 2998 2169 3068">
     <span class='ocr_line' id='line_1_28' title="bbox 593 2998 2169 3068; baseline -0.001 -13"><span class='ocrx_word' id='word_1_207' title='bbox 593 3012 796 3061; x_wconf 87' lang='lat' dir='ltr'><strong>manet,</strong></span> <span class='ocrx_word' id='word_1_208' title='bbox 821 3010 876 3055; x_wconf 92' lang='lat' dir='ltr'><strong>et</strong></span> <span class='ocrx_word' id='word_1_209' title='bbox 892 3002 945 3055; x_wconf 89' lang='lat' dir='ltr'><strong>in</strong></span> <span class='ocrx_word' id='word_1_210' title='bbox 964 3001 1159 3055; x_wconf 77' lang='lat' dir='ltr'><strong>cmlum</strong></span> <span class='ocrx_word' id='word_1_211' title='bbox 1177 3000 1469 3053; x_wconf 88' lang='lat' dir='ltr'><strong>ascendere</strong></span> <span class='ocrx_word' id='word_1_212' title='bbox 1485 3015 1590 3052; x_wconf 89' lang='lat' dir='ltr'><strong>non</strong></span> <span class='ocrx_word' id='word_1_213' title='bbox 1608 3008 1802 3068; x_wconf 87' lang='lat' dir='ltr'><strong>potest.</strong></span> <span class='ocrx_word' id='word_1_214' title='bbox 1831 2998 2032 3054; x_wconf 79' lang='lat' dir='ltr'><strong>Deinde</strong></span> <span class='ocrx_word' id='word_1_215' title='bbox 2055 3000 2131 3055; x_wconf 87' lang='lat' dir='ltr'><strong>ait</strong></span> <span class='ocrx_word' id='word_1_216' title='bbox 2156 3018 2169 3054; x_wconf 90' lang='lat'><strong>:</strong></span> 
     </span>
    </p>
   </div>
   <div class='ocr_carea' id='block_1_29' title="bbox 666 3090 2174 3163">
    <p class='ocr_par' dir='ltr' id='par_1_29' title="bbox 666 3090 2174 3163">
     <span class='ocr_line' id='line_1_29' title="bbox 666 3090 2174 3163; baseline -0.001 -17"><span class='ocrx_word' id='word_1_217' title='bbox 666 3093 1072 3163; x_wconf 77' lang='lat' dir='ltr'><strong>Confringetque</strong></span> <span class='ocrx_word' id='word_1_218' title='bbox 1120 3090 1344 3144; x_wconf 84' lang='lat' dir='ltr'><strong>ascellas</strong></span> <span class='ocrx_word' id='word_1_219' title='bbox 1394 3091 1529 3159; x_wconf 82' lang='lat' dir='ltr'><strong>ejus,</strong></span> <span class='ocrx_word' id='word_1_220' title='bbox 1586 3102 1635 3144; x_wconf 88' lang='lat' dir='ltr'><strong>et</strong></span> <span class='ocrx_word' id='word_1_221' title='bbox 1693 3108 1794 3144; x_wconf 89' lang='lat' dir='ltr'><strong>non</strong></span> <span class='ocrx_word' id='word_1_222' title='bbox 1837 3092 2056 3157; x_wconf 86' lang='lat' dir='ltr'><strong>secabit,</strong></span> <span class='ocrx_word' id='word_1_223' title='bbox 2082 3108 2174 3145; x_wconf 90' lang='lat' dir='ltr'><strong>nec</strong></span> 
     </span>
    </p>
   </div>
   <div class='ocr_carea' id='block_1_30' title="bbox 592 3182 2170 3255">
    <p class='ocr_par' dir='ltr' id='par_1_30' title="bbox 592 3182 2170 3255">
     <span class='ocr_line' id='line_1_30' title="bbox 592 3182 2170 3255; baseline 0.001 -18"><span class='ocrx_word' id='word_1_224' title='bbox 592 3187 733 3255; x_wconf 80' lang='lat' dir='ltr'><strong>ferro</strong></span> <span class='ocrx_word' id='word_1_225' title='bbox 749 3184 960 3237; x_wconf 83' lang='lat' dir='ltr'><strong>dividet.</strong></span> <span class='ocrx_word' id='word_1_226' title='bbox 996 3182 1317 3237; x_wconf 88' lang='lat' dir='ltr'><strong>Necessarie</strong></span> <span class='ocrx_word' id='word_1_227' title='bbox 1337 3183 1662 3253; x_wconf 88' lang='lat' dir='ltr'><strong>pr.ecipiens</strong></span> <span class='ocrx_word' id='word_1_228' title='bbox 1694 3194 1986 3254; x_wconf 88' lang='lat' dir='ltr'><strong>utrumque</strong></span> <span class='ocrx_word' id='word_1_229' title='bbox 2006 3201 2017 3233; x_wconf 77' lang='grc' dir='ltr'>ε</span> <span class='ocrx_word' id='word_1_230' title='bbox 2036 3200 2170 3239; x_wconf 91' lang='lat' dir='ltr'><strong>con-</strong></span> 
     </span>
    </p>
   </div>
   <div class='ocr_carea' id='block_1_31' title="bbox 593 3272 2170 3344">
    <p class='ocr_par' dir='ltr' id='par_1_31' title="bbox 593 3272 2170 3344">
     <span class='ocr_line' id='line_1_31' title="bbox 593 3272 2170 3344; baseline 0 -15"><span class='ocrx_word' id='word_1_231' title='bbox 593 3275 841 3344; x_wconf 72' lang='lat' dir='ltr'><strong>fringens</strong></span> <span class='ocrx_word' id='word_1_232' title='bbox 876 3272 1169 3343; x_wconf 83' lang='lat' dir='ltr'><strong>siquidem,</strong></span> <span class='ocrx_word' id='word_1_233' title='bbox 1206 3273 1329 3342; x_wconf 88' lang='lat' dir='ltr'><strong>quia</strong></span> <span class='ocrx_word' id='word_1_234' title='bbox 1354 3280 1567 3341; x_wconf 80' lang='lat' dir='ltr'><strong>Oportet</strong></span> <span class='ocrx_word' id='word_1_235' title='bbox 1600 3275 1841 3329; x_wconf 91' lang='lat' dir='ltr'><strong>membra</strong></span> <span class='ocrx_word' id='word_1_236' title='bbox 1887 3284 2170 3329; x_wconf 88' lang='lat' dir='ltr'><strong>conterere</strong></span> 
     </span>
    </p>
   </div>
   <div class='ocr_carea' id='block_1_32' title="bbox 591 3354 2187 3433">
    <p class='ocr_par' dir='ltr' id='par_1_32' title="bbox 591 3354 2187 3433">
     <span class='ocr_line' id='line_1_32' title="bbox 591 3354 2187 3433; baseline 0.002 -18"><span class='ocrx_word' id='word_1_237' title='bbox 591 3370 753 3431; x_wconf 89' lang='lat' dir='ltr'><strong>atque</strong></span> <span class='ocrx_word' id='word_1_238' title='bbox 780 3362 1155 3431; x_wconf 84' lang='lat' dir='ltr'><strong>aﬂligereeum</strong></span> <span class='ocrx_word' id='word_1_239' title='bbox 1211 3362 1300 3430; x_wconf 87' lang='lat' dir='ltr'><strong>qui</strong></span> <span class='ocrx_word' id='word_1_240' title='bbox 1356 3362 1461 3415; x_wconf 87' lang='lat' dir='ltr'><strong>Deo</strong></span> <span class='ocrx_word' id='word_1_241' title='bbox 1486 3362 1808 3416; x_wconf 89' lang='lat' dir='ltr'><strong>sacriﬁcium</strong></span> <span class='ocrx_word' id='word_1_242' title='bbox 1834 3363 1950 3417; x_wconf 85' lang='lat' dir='ltr'><strong>ﬁeri</strong></span> <span class='ocrx_word' id='word_1_243' title='bbox 2000 3354 2187 3433; x_wconf 33' lang='lat' dir='ltr'><strong>cupit.’</strong></span> 
     </span>
    </p>
   </div>
   <div class='ocr_carea' id='block_1_33' title="bbox 592 3453 2172 3520">
    <p class='ocr_par' dir='ltr' id='par_1_33' title="bbox 592 3453 2172 3520">
     <span class='ocr_line' id='line_1_33' title="bbox 592 3453 2172 3520; baseline 0.001 -13"><span class='ocrx_word' id='word_1_244' title='bbox 592 3453 712 3507; x_wconf 84' lang='lat' dir='ltr'><strong>Non</strong></span> <span class='ocrx_word' id='word_1_245' title='bbox 747 3453 951 3506; x_wconf 88' lang='lat' dir='ltr'><strong>secabit</strong></span> <span class='ocrx_word' id='word_1_246' title='bbox 982 3461 1189 3515; x_wconf 88' lang='lat' dir='ltr'><strong>autem,</strong></span> <span class='ocrx_word' id='word_1_247' title='bbox 1236 3468 1337 3506; x_wconf 87' lang='lat' dir='ltr'><strong>nec</strong></span> <span class='ocrx_word' id='word_1_248' title='bbox 1394 3454 1540 3508; x_wconf 81' lang='lat' dir='ltr'><strong>l‘erro</strong></span> <span class='ocrx_word' id='word_1_249' title='bbox 1605 3454 1830 3520; x_wconf 88' lang='lat' dir='ltr'><strong>dividet,</strong></span> <span class='ocrx_word' id='word_1_250' title='bbox 1857 3470 1959 3509; x_wconf 90' lang='lat' dir='ltr'><strong>nec</strong></span> <span class='ocrx_word' id='word_1_251' title='bbox 2010 3456 2172 3509; x_wconf 79' lang='lat' dir='ltr'><strong>faciet</strong></span> 
     </span>
    </p>
   </div>
   <div class='ocr_carea' id='block_1_34' title="bbox 590 3544 2171 3614">
    <p class='ocr_par' dir='ltr' id='par_1_34' title="bbox 590 3544 2171 3614">
     <span class='ocr_line' id='line_1_34' title="bbox 590 3544 2171 3614; baseline 0.002 -18"><span class='ocrx_word' id='word_1_252' title='bbox 590 3559 748 3597; x_wconf 88' lang='lat' dir='ltr'><strong>avem</strong></span> <span class='ocrx_word' id='word_1_253' title='bbox 794 3544 935 3597; x_wconf 87' lang='lat' dir='ltr'><strong>sicut</strong></span> <span class='ocrx_word' id='word_1_254' title='bbox 997 3544 1188 3597; x_wconf 81' lang='lat' dir='ltr'><strong>bovem</strong></span> <span class='ocrx_word' id='word_1_255' title='bbox 1246 3553 1512 3598; x_wconf 84' lang='lat' dir='ltr'><strong>autovem</strong></span> <span class='ocrx_word' id='word_1_256' title='bbox 1558 3560 1655 3614; x_wconf 91' lang='lat' dir='ltr'><strong>per</strong></span> <span class='ocrx_word' id='word_1_257' title='bbox 1711 3545 2024 3600; x_wconf 86' lang='lat' dir='ltr'><strong>divisiones.</strong></span> <span class='ocrx_word' id='word_1_258' title='bbox 2056 3544 2171 3599; x_wconf 82' lang='lat' dir='ltr'><strong>Hoc</strong></span> 
     </span>
    </p>
   </div>
   <div class='ocr_carea' id='block_1_35' title="bbox 590 3634 2167 3705">
    <p class='ocr_par' dir='ltr' id='par_1_35' title="bbox 590 3634 2167 3705">
     <span class='ocr_line' id='line_1_35' title="bbox 590 3634 2167 3705; baseline 0.003 -18"><span class='ocrx_word' id='word_1_259' title='bbox 590 3636 793 3705; x_wconf 88' lang='lat' dir='ltr'><strong>quippe</strong></span> <span class='ocrx_word' id='word_1_260' title='bbox 817 3644 869 3688; x_wconf 88' lang='lat' dir='ltr'><strong>et</strong></span> <span class='ocrx_word' id='word_1_261' title='bbox 922 3634 1192 3688; x_wconf 84' lang='lat' dir='ltr'><strong>Abraham</strong></span> <span class='ocrx_word' id='word_1_262' title='bbox 1266 3636 1318 3689; x_wconf 90' lang='lat' dir='ltr'><strong>in</strong></span> <span class='ocrx_word' id='word_1_263' title='bbox 1380 3651 1479 3689; x_wconf 89' lang='lat' dir='ltr'><strong>suo</strong></span> <span class='ocrx_word' id='word_1_264' title='bbox 1542 3637 1807 3693; x_wconf 82' lang='lat' dir='ltr'><strong>sacriﬁcio</strong></span> <span class='ocrx_word' id='word_1_265' title='bbox 1852 3638 2167 3702; x_wconf 88' lang='lat' dir='ltr'><strong>custodivit,</strong></span> 
     </span>
    </p>
   </div>
   <div class='ocr_carea' id='block_1_36' title="bbox 591 3728 2170 3797">
    <p class='ocr_par' dir='ltr' id='par_1_36' title="bbox 591 3728 2170 3797">
     <span class='ocr_line' id='line_1_36' title="bbox 591 3728 2170 3797; baseline 0.003 -16"><span class='ocrx_word' id='word_1_266' title='bbox 591 3728 808 3797; x_wconf 66' lang='lat' dir='ltr'><strong>(litando</strong></span> <span class='ocrx_word' id='word_1_267' title='bbox 844 3728 1199 3793; x_wconf 87' lang='lat' dir='ltr'><strong>Deojubente</strong></span> <span class='ocrx_word' id='word_1_268' title='bbox 1257 3745 1478 3783; x_wconf 85' lang='lat' dir='ltr'><strong>vaccam</strong></span> <span class='ocrx_word' id='word_1_269' title='bbox 1507 3730 1741 3795; x_wconf 89' lang='lat' dir='ltr'><strong>trimam,</strong></span> <span class='ocrx_word' id='word_1_270' title='bbox 1807 3731 2060 3786; x_wconf 85' lang='lat' dir='ltr'><strong>similiter</strong></span> <span class='ocrx_word' id='word_1_271' title='bbox 2115 3742 2170 3786; x_wconf 89' lang='lat' dir='ltr'><strong>et</strong></span> 
     </span>
    </p>
   </div>
   <div class='ocr_carea' id='block_1_37' title="bbox 590 3821 2168 3889">
    <p class='ocr_par' dir='ltr' id='par_1_37' title="bbox 590 3821 2168 3889">
     <span class='ocr_line' id='line_1_37' title="bbox 590 3821 2168 3889; baseline 0.001 -14"><span class='ocrx_word' id='word_1_272' title='bbox 590 3836 828 3889; x_wconf 79' lang='lat' dir='ltr'><strong>Capram,</strong></span> <span class='ocrx_word' id='word_1_273' title='bbox 852 3829 907 3873; x_wconf 90' lang='lat' dir='ltr'><strong>et</strong></span> <span class='ocrx_word' id='word_1_274' title='bbox 931 3821 1153 3874; x_wconf 87' lang='lat' dir='ltr'><strong>arietem</strong></span> <span class='ocrx_word' id='word_1_275' title='bbox 1182 3821 1472 3885; x_wconf 87' lang='lat' dir='ltr'><strong>tricnnem,</strong></span> <span class='ocrx_word' id='word_1_276' title='bbox 1497 3832 1551 3875; x_wconf 88' lang='lat' dir='ltr'><strong>et</strong></span> <span class='ocrx_word' id='word_1_277' title='bbox 1579 3832 1846 3877; x_wconf 88' lang='lat' dir='ltr'><strong>turturem</strong></span> <span class='ocrx_word' id='word_1_278' title='bbox 1876 3832 1929 3877; x_wconf 91' lang='lat' dir='ltr'><strong>et</strong></span> <span class='ocrx_word' id='word_1_279' title='bbox 1957 3824 2168 3879; x_wconf 85' lang='lat' dir='ltr'><strong>colum-</strong></span> 
     </span>
    </p>
   </div>
   <div class='ocr_carea' id='block_1_38' title="bbox 591 3912 2168 3979">
    <p class='ocr_par' dir='ltr' id='par_1_38' title="bbox 591 3912 2168 3979">
     <span class='ocr_line' id='line_1_38' title="bbox 591 3912 2168 3979; baseline 0 -14"><span class='ocrx_word' id='word_1_280' title='bbox 591 3916 712 3966; x_wconf 88' lang='lat' dir='ltr'><strong>bam</strong></span> <span class='ocrx_word' id='word_1_281' title='bbox 738 3912 972 3977; x_wconf 89' lang='lat' dir='ltr'><strong>obtulit;</strong></span> <span class='ocrx_word' id='word_1_282' title='bbox 1001 3912 1077 3965; x_wconf 89' lang='lat' dir='ltr'><strong>ait</strong></span> <span class='ocrx_word' id='word_1_283' title='bbox 1108 3912 1253 3965; x_wconf 85' lang='lat' dir='ltr'><strong>enim</strong></span> <span class='ocrx_word' id='word_1_284' title='bbox 1289 3929 1302 3963; x_wconf 91' lang='lat'>:</span> <span class='ocrx_word' id='word_1_285' title='bbox 1337 3913 1544 3979; x_wconf 81' lang='lat' dir='ltr'><strong>Accepit</strong></span> <span class='ocrx_word' id='word_1_286' title='bbox 1565 3914 1660 3965; x_wconf 88' lang='lat' dir='ltr'><strong>sibi</strong></span> <span class='ocrx_word' id='word_1_287' title='bbox 1705 3915 1814 3965; x_wconf 76' lang='lat' dir='ltr'><strong>hwc</strong></span> <span class='ocrx_word' id='word_1_288' title='bbox 1864 3914 2063 3977; x_wconf 88' lang='lat' dir='ltr'><strong>omnia,</strong></span> <span class='ocrx_word' id='word_1_289' title='bbox 2120 3922 2168 3966; x_wconf 89' lang='lat' dir='ltr'><strong>et</strong></span> 
     </span>
    </p>
   </div>
   <div class='ocr_carea' id='block_1_39' title="bbox 588 4002 2169 4074">
    <p class='ocr_par' dir='ltr' id='par_1_39' title="bbox 588 4002 2169 4074">
     <span class='ocr_line' id='line_1_39' title="bbox 588 4002 2169 4074; baseline 0.001 -17"><span class='ocrx_word' id='word_1_290' title='bbox 588 4005 762 4057; x_wconf 74' lang='lat' dir='ltr'><strong>divisit</strong></span> <span class='ocrx_word' id='word_1_291' title='bbox 793 4020 852 4055; x_wconf 89' lang='lat' dir='ltr'><strong>ea</strong></span> <span class='ocrx_word' id='word_1_292' title='bbox 881 4020 971 4071; x_wconf 85' lang='lat' dir='ltr'><strong>per</strong></span> <span class='ocrx_word' id='word_1_293' title='bbox 992 4004 1220 4055; x_wconf 86' lang='lat' dir='ltr'><strong>medium</strong></span> <span class='ocrx_word' id='word_1_294' title='bbox 1268 4002 1597 4066; x_wconf 83' lang='lat' dir='ltr'><strong>altrinsecus,</strong></span> <span class='ocrx_word' id='word_1_295' title='bbox 1622 4012 1670 4056; x_wconf 90' lang='lat' dir='ltr'><strong>et</strong></span> <span class='ocrx_word' id='word_1_296' title='bbox 1720 4012 1898 4056; x_wconf 90' lang='lat' dir='ltr'><strong>contra</strong></span> <span class='ocrx_word' id='word_1_297' title='bbox 1926 4020 1981 4057; x_wconf 89' lang='lat' dir='ltr'><strong>se</strong></span> <span class='ocrx_word' id='word_1_298' title='bbox 2009 4021 2169 4074; x_wconf 73' lang='lat' dir='ltr'><strong>expo-</strong></span> 
     </span>
    </p>
   </div>
   <div class='ocr_carea' id='block_1_40' title="bbox 586 4096 2169 4159">
    <p class='ocr_par' dir='ltr' id='par_1_40' title="bbox 586 4096 2169 4159">
     <span class='ocr_line' id='line_1_40' title="bbox 586 4096 2169 4159; baseline 0.003 -11"><span class='ocrx_word' id='word_1_299' title='bbox 586 4099 712 4159; x_wconf 88' lang='lat' dir='ltr'><strong>suit,</strong></span> <span class='ocrx_word' id='word_1_300' title='bbox 745 4114 864 4150; x_wconf 85' lang='lat' dir='ltr'><strong>aves</strong></span> <span class='ocrx_word' id='word_1_301' title='bbox 894 4107 1066 4149; x_wconf 86' lang='lat' dir='ltr'><strong>autem</strong></span> <span class='ocrx_word' id='word_1_302' title='bbox 1098 4113 1196 4148; x_wconf 88' lang='lat' dir='ltr'><strong>non</strong></span> <span class='ocrx_word' id='word_1_303' title='bbox 1215 4097 1387 4149; x_wconf 86' lang='lat' dir='ltr'><strong>divisit</strong></span> <span class='ocrx_word' id='word_1_304' title='bbox 1414 4098 1478 4149; x_wconf 77' lang='grc'><strong>⁵⁸.</strong></span> <span class='ocrx_word' id='word_1_305' title='bbox 1528 4096 1828 4151; x_wconf 85' lang='lat' dir='ltr'><strong>Prudenter</strong></span> <span class='ocrx_word' id='word_1_306' title='bbox 1851 4107 2031 4152; x_wconf 90' lang='lat' dir='ltr'><strong>autem</strong></span> <span class='ocrx_word' id='word_1_307' title='bbox 2064 4099 2169 4153; x_wconf 93' lang='lat' dir='ltr'><strong>hoc</strong></span> 
     </span>
    </p>
   </div>
   <div class='ocr_carea' id='block_1_41' title="bbox 587 4190 2165 4261">
    <p class='ocr_par' dir='ltr' id='par_1_41' title="bbox 587 4190 2165 4261">
     <span class='ocr_line' id='line_1_41' title="bbox 587 4190 2165 4261; baseline -0.001 -17"><span class='ocrx_word' id='word_1_308' title='bbox 587 4191 901 4252; x_wconf 84' lang='lat' dir='ltr'><strong>custodivit,</strong></span> <span class='ocrx_word' id='word_1_309' title='bbox 960 4199 1119 4257; x_wconf 88' lang='lat' dir='ltr'><strong>atque</strong></span> <span class='ocrx_word' id='word_1_310' title='bbox 1170 4190 1471 4243; x_wconf 86' lang='lat' dir='ltr'><strong>secundum</strong></span> <span class='ocrx_word' id='word_1_311' title='bbox 1528 4190 1858 4244; x_wconf 85' lang='lat' dir='ltr'><strong>intellectum</strong></span> <span class='ocrx_word' id='word_1_312' title='bbox 1912 4192 2165 4261; x_wconf 60' lang='lat' dir='ltr'><strong>praecepti</strong></span> 
     </span>
    </p>
   </div>
   <div class='ocr_carea' id='block_1_42' title="bbox 590 4280 2167 4350">
    <p class='ocr_par' dir='ltr' id='par_1_42' title="bbox 590 4280 2167 4350">
     <span class='ocr_line' id='line_1_42' title="bbox 590 4280 2167 4350; baseline 0.003 -17"><span class='ocrx_word' id='word_1_313' title='bbox 590 4296 736 4333; x_wconf 88' lang='lat' dir='ltr'><strong>nunc</strong></span> <span class='ocrx_word' id='word_1_314' title='bbox 764 4282 815 4333; x_wconf 91' lang='lat' dir='ltr'><strong>in</strong></span> <span class='ocrx_word' id='word_1_315' title='bbox 851 4281 1021 4350; x_wconf 83' lang='lat' dir='ltr'><strong>legem</strong></span> <span class='ocrx_word' id='word_1_316' title='bbox 1047 4281 1158 4333; x_wconf 90' lang='lat' dir='ltr'><strong>dat.</strong></span> <span class='ocrx_word' id='word_1_317' title='bbox 1208 4280 1664 4350; x_wconf 83' lang='lat' dir='ltr'><strong>Contemplationi</strong></span> <span class='ocrx_word' id='word_1_318' title='bbox 1723 4282 1867 4335; x_wconf 91' lang='lat' dir='ltr'><strong>enim</strong></span> <span class='ocrx_word' id='word_1_319' title='bbox 1893 4282 2167 4338; x_wconf 65' lang='lat' dir='ltr'><strong>inhaerens</strong></span> 
     </span>
    </p>
   </div>
   <div class='ocr_carea' id='block_1_43' title="bbox 591 4372 2166 4443">
    <p class='ocr_par' dir='ltr' id='par_1_43' title="bbox 591 4372 2166 4443">
     <span class='ocr_line' id='line_1_43' title="bbox 591 4372 2166 4443; baseline 0.002 -17"><span class='ocrx_word' id='word_1_320' title='bbox 591 4372 777 4435; x_wconf 91' lang='lat' dir='ltr'><strong>homo,</strong></span> <span class='ocrx_word' id='word_1_321' title='bbox 812 4372 1057 4441; x_wconf 91' lang='lat' dir='ltr'><strong>nihilque</strong></span> <span class='ocrx_word' id='word_1_322' title='bbox 1096 4373 1303 4427; x_wconf 86' lang='lat' dir='ltr'><strong>habens</strong></span> <span class='ocrx_word' id='word_1_323' title='bbox 1370 4384 1672 4431; x_wconf 89' lang='lat' dir='ltr'><strong>terrenum.</strong></span> <span class='ocrx_word' id='word_1_324' title='bbox 1708 4375 1801 4427; x_wconf 87' lang='lat' dir='ltr'><strong>sed</strong></span> <span class='ocrx_word' id='word_1_325' title='bbox 1865 4375 1957 4443; x_wconf 91' lang='lat' dir='ltr'><strong>qui</strong></span> <span class='ocrx_word' id='word_1_326' title='bbox 2023 4384 2166 4429; x_wconf 87' lang='lat' dir='ltr'><strong>totus</strong></span> 
     </span>
    </p>
   </div>
   <div class='ocr_carea' id='block_1_44' title="bbox 583 4461 2167 4531">
    <p class='ocr_par' dir='ltr' id='par_1_44' title="bbox 583 4461 2167 4531">
     <span class='ocr_line' id='line_1_44' title="bbox 583 4461 2167 4531; baseline 0.001 -16"><span class='ocrx_word' id='word_1_327' title='bbox 583 4462 903 4531; x_wconf 87' lang='lat' dir='ltr'><strong>jamdudum</strong></span> <span class='ocrx_word' id='word_1_328' title='bbox 919 4462 1156 4516; x_wconf 72' lang='lat' dir='ltr'><strong>ctelestis</strong></span> <span class='ocrx_word' id='word_1_329' title='bbox 1187 4462 1604 4521; x_wconf 89' lang='lat' dir='ltr'><strong>est,adversans</strong></span> <span class='ocrx_word' id='word_1_330' title='bbox 1632 4461 1826 4515; x_wconf 72' lang='lat' dir='ltr'><strong>anima:</strong></span> <span class='ocrx_word' id='word_1_331' title='bbox 1858 4478 1967 4515; x_wconf 90' lang='lat' dir='ltr'><strong>non</strong></span> <span class='ocrx_word' id='word_1_332' title='bbox 2004 4462 2167 4516; x_wconf 87' lang='lat' dir='ltr'><strong>habet</strong></span> 
     </span>
    </p>
   </div>
   <div class='ocr_carea' id='block_1_45' title="bbox 1783 400 2636 465">
    <p class='ocr_par' dir='ltr' id='par_1_45' title="bbox 1783 400 2636 465">
     <span class='ocr_line' id='line_1_45' title="bbox 1783 400 2636 465; baseline 0.001 -3"><span class='ocrx_word' id='word_1_333' title='bbox 1783 400 2142 462; x_wconf 84' lang='lat' dir='ltr'><strong>HESYCHII</strong></span> <span class='ocrx_word' id='word_1_334' title='bbox 2182 401 2636 465; x_wconf 78' lang='lat' dir='ltr'><strong>PRESBYTER]</strong></span> 
     </span>
    </p>
   </div>
   <div class='ocr_carea' id='block_1_46' title="bbox 592 510 2258 583">
    <p class='ocr_par' dir='ltr' id='par_1_46' title="bbox 592 510 2258 583">
     <span class='ocr_line' id='line_1_46' title="bbox 592 510 2258 583; baseline -0.002 -15"><span class='ocrx_word' id='word_1_335' title='bbox 592 513 773 568; x_wconf 72' lang='lat' dir='ltr'><strong>aulam</strong></span> <span class='ocrx_word' id='word_1_336' title='bbox 799 520 979 567; x_wconf 87' lang='lat' dir='ltr'><strong>autem</strong></span> <span class='ocrx_word' id='word_1_337' title='bbox 1000 510 1238 583; x_wconf 77' lang='lat' dir='ltr'><strong>gutturis</strong></span> <span class='ocrx_word' id='word_1_338' title='bbox 1285 519 1341 564; x_wconf 91' lang='lat' dir='ltr'><strong>et</strong></span> <span class='ocrx_word' id='word_1_339' title='bbox 1390 510 1605 581; x_wconf 87' lang='lat' dir='ltr'><strong>plumas</strong></span> <span class='ocrx_word' id='word_1_340' title='bbox 1651 511 1842 579; x_wconf 89' lang='lat' dir='ltr'><strong>projici</strong></span> <span class='ocrx_word' id='word_1_341' title='bbox 1886 512 2070 581; x_wconf 89' lang='lat' dir='ltr'><strong>jussit,</strong></span> <span class='ocrx_word' id='word_1_342' title='bbox 2130 511 2182 565; x_wconf 89' lang='lat' dir='ltr'><strong>id</strong></span> <span class='ocrx_word' id='word_1_343' title='bbox 2212 518 2258 573; x_wconf 78' lang='grc' dir='ltr'>Α</span> 
     </span>
    </p>
   </div>
   <div class='ocr_carea' id='block_1_47' title="bbox 3768 396 3861 459">
    <p class='ocr_par' dir='ltr' id='par_1_47' title="bbox 3768 396 3861 459">
     <span class='ocr_line' id='line_1_47' title="bbox 3768 396 3861 459; baseline 0 0"><span class='ocrx_word' id='word_1_344' title='bbox 3768 396 3861 459; x_wconf 66' lang='grc'><strong>801</strong></span> 
     </span>
    </p>
   </div>
   <div class='ocr_carea' id='block_1_48' title="bbox 2905 572 3249 631">
    <p class='ocr_par' dir='ltr' id='par_1_48' title="bbox 2905 572 3249 631">
     <span class='ocr_line' id='line_1_48' title="bbox 2905 572 3249 631; baseline 0.003 -2"><span class='ocrx_word' id='word_1_345' title='bbox 2905 572 3139 630; x_wconf 85' lang='lat' dir='ltr'><strong>CAPUT</strong></span> <span class='ocrx_word' id='word_1_346' title='bbox 3182 574 3249 631; x_wconf 91' lang='grc'><strong>11.</strong></span> 
     </span>
    </p>
   </div>
   <div class='ocr_carea' id='block_1_49' title="bbox 2358 687 3863 745">
    <p class='ocr_par' dir='ltr' id='par_1_49' title="bbox 2358 687 3863 745">
     <span class='ocr_line' id='line_1_49' title="bbox 2358 687 3863 745; baseline 0.003 -5"><span class='ocrx_word' id='word_1_347' title='bbox 2358 688 2524 742; x_wconf 67' lang='lat' dir='ltr'><strong>Vnus.</strong></span> <span class='ocrx_word' id='word_1_348' title='bbox 2560 687 2677 742; x_wconf 80' lang='grc'><strong>1-5.</strong></span> <span class='ocrx_word' id='word_1_349' title='bbox 2735 706 2753 742; x_wconf 74' lang='lat' dir='ltr'><strong>t</strong></span> <span class='ocrx_word' id='word_1_350' title='bbox 2814 687 3008 743; x_wconf 87' lang='lat' dir='ltr'><strong>Anima</strong></span> <span class='ocrx_word' id='word_1_351' title='bbox 3057 704 3182 745; x_wconf 90' lang='lat' dir='ltr'><strong>cum</strong></span> <span class='ocrx_word' id='word_1_352' title='bbox 3214 689 3474 744; x_wconf 82' lang='lat' dir='ltr'><strong>obtulerit</strong></span> <span class='ocrx_word' id='word_1_353' title='bbox 3545 688 3863 745; x_wconf 83' lang='lat' dir='ltr'><strong>oblationem</strong></span> 
     </span>
    </p>
   </div>
   <div class='ocr_carea' id='block_1_50' title="bbox 2282 779 3866 851">
    <p class='ocr_par' dir='ltr' id='par_1_50' title="bbox 2282 779 3866 851">
     <span class='ocr_line' id='line_1_50' title="bbox 2282 779 3866 851; baseline 0 -16"><span class='ocrx_word' id='word_1_354' title='bbox 2282 780 2532 851; x_wconf 87' lang='lat' dir='ltr'><strong>sacriﬁcii</strong></span> <span class='ocrx_word' id='word_1_355' title='bbox 2566 779 2817 843; x_wconf 90' lang='lat' dir='ltr'><strong>Domino,</strong></span> <span class='ocrx_word' id='word_1_356' title='bbox 2847 780 3023 835; x_wconf 87' lang='lat' dir='ltr'><strong>simila</strong></span> <span class='ocrx_word' id='word_1_357' title='bbox 3040 781 3142 836; x_wconf 89' lang='lat' dir='ltr'><strong>erit</strong></span> <span class='ocrx_word' id='word_1_358' title='bbox 3171 782 3289 851; x_wconf 88' lang='lat' dir='ltr'><strong>ejus</strong></span> <span class='ocrx_word' id='word_1_359' title='bbox 3308 781 3537 843; x_wconf 88' lang='lat' dir='ltr'><strong>oblatio,</strong></span> <span class='ocrx_word' id='word_1_360' title='bbox 3574 780 3866 850; x_wconf 81' lang='lat' dir='ltr'><strong>fundetque</strong></span> 
     </span>
    </p>
   </div>
   <div class='ocr_carea' id='block_1_51' title="bbox 2284 869 3868 940">
    <p class='ocr_par' dir='ltr' id='par_1_51' title="bbox 2284 869 3868 940">
     <span class='ocr_line' id='line_1_51' title="bbox 2284 869 3868 940; baseline 0.002 -17"><span class='ocrx_word' id='word_1_361' title='bbox 2284 885 2451 939; x_wconf 90' lang='lat' dir='ltr'><strong>super</strong></span> <span class='ocrx_word' id='word_1_362' title='bbox 2474 884 2593 924; x_wconf 89' lang='lat' dir='ltr'><strong>eam</strong></span> <span class='ocrx_word' id='word_1_363' title='bbox 2620 869 2824 933; x_wconf 86' lang='lat' dir='ltr'><strong>oleum,</strong></span> <span class='ocrx_word' id='word_1_364' title='bbox 2855 880 2911 925; x_wconf 90' lang='lat' dir='ltr'><strong>et</strong></span> <span class='ocrx_word' id='word_1_365' title='bbox 2931 880 3099 940; x_wconf 90' lang='lat' dir='ltr'><strong>ponet</strong></span> <span class='ocrx_word' id='word_1_366' title='bbox 3132 872 3278 937; x_wconf 90' lang='lat' dir='ltr'><strong>thus,</strong></span> <span class='ocrx_word' id='word_1_367' title='bbox 3310 886 3373 925; x_wconf 88' lang='lat' dir='ltr'><strong>ac</strong></span> <span class='ocrx_word' id='word_1_368' title='bbox 3402 872 3614 925; x_wconf 80' lang='lat' dir='ltr'><strong>deferet</strong></span> <span class='ocrx_word' id='word_1_369' title='bbox 3642 873 3710 926; x_wconf 82' lang='lat' dir='ltr'><strong>sd</strong></span> <span class='ocrx_word' id='word_1_370' title='bbox 3738 873 3868 927; x_wconf 86' lang='lat' dir='ltr'><strong>ﬁlios</strong></span> 
     </span>
    </p>
   </div>
   <div class='ocr_carea' id='block_1_52' title="bbox 2283 962 3863 1034">
    <p class='ocr_par' dir='ltr' id='par_1_52' title="bbox 2283 962 3863 1034">
     <span class='ocr_line' id='line_1_52' title="bbox 2283 962 3863 1034; baseline 0.001 -19"><span class='ocrx_word' id='word_1_371' title='bbox 2283 962 2464 1016; x_wconf 83' lang='lat' dir='ltr'><strong>Aaron</strong></span> <span class='ocrx_word' id='word_1_372' title='bbox 2518 964 2840 1019; x_wconf 84' lang='lat' dir='ltr'><strong>sacerdotis.</strong></span> <span class='ocrx_word' id='word_1_373' title='bbox 2902 964 3148 1029; x_wconf 81' lang='lat' dir='ltr'><strong>Quorum</strong></span> <span class='ocrx_word' id='word_1_374' title='bbox 3194 979 3339 1017; x_wconf 89' lang='lat' dir='ltr'><strong>unus</strong></span> <span class='ocrx_word' id='word_1_375' title='bbox 3386 964 3541 1017; x_wconf 90' lang='lat' dir='ltr'><strong>tollet</strong></span> <span class='ocrx_word' id='word_1_376' title='bbox 3606 965 3863 1034; x_wconf 85' lang='lat' dir='ltr'><strong>pugillum</strong></span> 
     </span>
    </p>
   </div>
   <div class='ocr_carea' id='block_1_53' title="bbox 2283 1053 3867 1125">
    <p class='ocr_par' dir='ltr' id='par_1_53' title="bbox 2283 1053 3867 1125">
     <span class='ocr_line' id='line_1_53' title="bbox 2283 1053 3867 1125; baseline 0.001 -19"><span class='ocrx_word' id='word_1_377' title='bbox 2283 1053 2503 1124; x_wconf 89' lang='lat' dir='ltr'><strong>plenum</strong></span> <span class='ocrx_word' id='word_1_378' title='bbox 2538 1054 2728 1109; x_wconf 68' lang='lat' dir='ltr'><strong>simila:</strong></span> <span class='ocrx_word' id='word_1_379' title='bbox 2752 1063 2808 1108; x_wconf 92' lang='lat' dir='ltr'><strong>et</strong></span> <span class='ocrx_word' id='word_1_380' title='bbox 2836 1054 2937 1108; x_wconf 83' lang='lat' dir='ltr'><strong>olei</strong></span> <span class='ocrx_word' id='word_1_381' title='bbox 2968 1069 3033 1109; x_wconf 87' lang='lat' dir='ltr'><strong>ac</strong></span> <span class='ocrx_word' id='word_1_382' title='bbox 3070 1064 3242 1107; x_wconf 91' lang='lat' dir='ltr'><strong>totum</strong></span> <span class='ocrx_word' id='word_1_383' title='bbox 3277 1055 3429 1119; x_wconf 88' lang='lat' dir='ltr'><strong>thus,</strong></span> <span class='ocrx_word' id='word_1_384' title='bbox 3460 1064 3517 1108; x_wconf 91' lang='lat' dir='ltr'><strong>et</strong></span> <span class='ocrx_word' id='word_1_385' title='bbox 3550 1066 3720 1125; x_wconf 87' lang='lat' dir='ltr'><strong>ponet</strong></span> <span class='ocrx_word' id='word_1_386' title='bbox 3754 1070 3867 1108; x_wconf 82' lang='lat' dir='ltr'><strong>me-</strong></span> 
     </span>
    </p>
   </div>
   <div class='ocr_carea' id='block_1_54' title="bbox 2284 1146 3867 1216">
    <p class='ocr_par' dir='ltr' id='par_1_54' title="bbox 2284 1146 3867 1216">
     <span class='ocr_line' id='line_1_54' title="bbox 2284 1146 3867 1216; baseline -0.002 -17"><span class='ocrx_word' id='word_1_387' title='bbox 2284 1146 2510 1200; x_wconf 88' lang='lat' dir='ltr'><strong>moriale</strong></span> <span class='ocrx_word' id='word_1_388' title='bbox 2533 1161 2700 1216; x_wconf 89' lang='lat' dir='ltr'><strong>super</strong></span> <span class='ocrx_word' id='word_1_389' title='bbox 2729 1147 2899 1200; x_wconf 89' lang='lat' dir='ltr'><strong>altare</strong></span> <span class='ocrx_word' id='word_1_390' title='bbox 2950 1146 3003 1199; x_wconf 91' lang='lat' dir='ltr'><strong>in</strong></span> <span class='ocrx_word' id='word_1_391' title='bbox 3065 1146 3290 1200; x_wconf 90' lang='lat' dir='ltr'><strong>odorem</strong></span> <span class='ocrx_word' id='word_1_392' title='bbox 3333 1148 3722 1201; x_wconf 84' lang='lat' dir='ltr'><strong>suavissimum</strong></span> <span class='ocrx_word' id='word_1_393' title='bbox 3766 1146 3867 1198; x_wconf 89' lang='lat' dir='ltr'><strong>Do-</strong></span> 
     </span>
    </p>
   </div>
   <div class='ocr_carea' id='block_1_55' title="bbox 2282 1232 3868 1303">
    <p class='ocr_par' dir='ltr' id='par_1_55' title="bbox 2282 1232 3868 1303">
     <span class='ocr_line' id='line_1_55' title="bbox 2282 1232 3868 1303; baseline 0 -16"><span class='ocrx_word' id='word_1_394' title='bbox 2282 1234 2453 1287; x_wconf 90' lang='lat' dir='ltr'><strong>mino.</strong></span> <span class='ocrx_word' id='word_1_395' title='bbox 2487 1232 2641 1300; x_wconf 88' lang='lat' dir='ltr'><strong>Quod</strong></span> <span class='ocrx_word' id='word_1_396' title='bbox 2664 1241 2845 1288; x_wconf 89' lang='lat' dir='ltr'><strong>autem</strong></span> <span class='ocrx_word' id='word_1_397' title='bbox 2880 1234 3151 1303; x_wconf 83' lang='lat' dir='ltr'><strong>reliquum</strong></span> <span class='ocrx_word' id='word_1_398' title='bbox 3182 1234 3346 1288; x_wconf 79' lang='lat' dir='ltr'><strong>fuerit</strong></span> <span class='ocrx_word' id='word_1_399' title='bbox 3370 1235 3438 1289; x_wconf 90' lang='lat' dir='ltr'><strong>de</strong></span> <span class='ocrx_word' id='word_1_400' title='bbox 3463 1234 3868 1299; x_wconf 80' lang='lat' dir='ltr'><strong>sacriﬁcio,erit</strong></span> 
     </span>
    </p>
   </div>
   <div class='ocr_carea' id='block_1_56' title="bbox 2281 1322 3865 1394">
    <p class='ocr_par' dir='ltr' id='par_1_56' title="bbox 2281 1322 3865 1394">
     <span class='ocr_line' id='line_1_56' title="bbox 2281 1322 3865 1394; baseline 0 -16"><span class='ocrx_word' id='word_1_401' title='bbox 2281 1324 2461 1378; x_wconf 86' lang='lat' dir='ltr'><strong>Aaron</strong></span> <span class='ocrx_word' id='word_1_402' title='bbox 2482 1334 2536 1379; x_wconf 89' lang='lat' dir='ltr'><strong>et</strong></span> <span class='ocrx_word' id='word_1_403' title='bbox 2555 1322 2788 1379; x_wconf 91' lang='lat' dir='ltr'><strong>ﬁliorum</strong></span> <span class='ocrx_word' id='word_1_404' title='bbox 2820 1324 2939 1394; x_wconf 83' lang='lat' dir='ltr'><strong>ejus</strong></span> <span class='ocrx_word' id='word_1_405' title='bbox 2986 1324 3245 1379; x_wconf 82' lang='lat' dir='ltr'><strong>Sanctum</strong></span> <span class='ocrx_word' id='word_1_406' title='bbox 3286 1335 3602 1380; x_wconf 87' lang='lat' dir='ltr'><strong>sanctorum</strong></span> <span class='ocrx_word' id='word_1_407' title='bbox 3628 1326 3695 1381; x_wconf 90' lang='lat' dir='ltr'><strong>de</strong></span> <span class='ocrx_word' id='word_1_408' title='bbox 3720 1325 3865 1381; x_wconf 85' lang='lat' dir='ltr'><strong>obla-</strong></span> 
     </span>
    </p>
   </div>
   <div class='ocr_carea' id='block_1_57' title="bbox 2283 1416 2836 1472">
    <p class='ocr_par' dir='ltr' id='par_1_57' title="bbox 2283 1416 2836 1472">
     <span class='ocr_line' id='line_1_57' title="bbox 2283 1416 2836 1472; baseline -0.004 -2"><span class='ocrx_word' id='word_1_409' title='bbox 2283 1416 2523 1471; x_wconf 87' lang='lat' dir='ltr'><strong>tionibus</strong></span> <span class='ocrx_word' id='word_1_410' title='bbox 2547 1417 2785 1472; x_wconf 90' lang='lat' dir='ltr'><strong>Domini.</strong></span> <span class='ocrx_word' id='word_1_411' title='bbox 2818 1436 2836 1468; x_wconf 76' lang='grc' dir='ltr'><strong>ι</strong></span> 
     </span>
    </p>
   </div>
   <div class='ocr_carea' id='block_1_58' title="bbox 2352 1508 3864 1581">
    <p class='ocr_par' dir='ltr' id='par_1_58' title="bbox 2352 1508 3864 1581">
     <span class='ocr_line' id='line_1_58' title="bbox 2352 1508 3864 1581; baseline 0.001 -18"><span class='ocrx_word' id='word_1_412' title='bbox 2352 1508 2487 1574; x_wconf 85' lang='lat' dir='ltr'><strong>Quia</strong></span> <span class='ocrx_word' id='word_1_413' title='bbox 2519 1511 2756 1564; x_wconf 89' lang='lat' dir='ltr'><strong>animam</strong></span> <span class='ocrx_word' id='word_1_414' title='bbox 2788 1519 2961 1565; x_wconf 89' lang='lat' dir='ltr'><strong>totum</strong></span> <span class='ocrx_word' id='word_1_415' title='bbox 2996 1510 3274 1565; x_wconf 85' lang='lat' dir='ltr'><strong>hominem</strong></span> <span class='ocrx_word' id='word_1_416' title='bbox 3316 1512 3572 1581; x_wconf 79' lang='lat' dir='ltr'><strong>appellat,</strong></span> <span class='ocrx_word' id='word_1_417' title='bbox 3638 1510 3864 1566; x_wconf 57' lang='lat' dir='ltr'><strong>maane-</strong></span> 
     </span>
    </p>
   </div>
   <div class='ocr_carea' id='block_1_59' title="bbox 2280 1601 3864 1672">
    <p class='ocr_par' dir='ltr' id='par_1_59' title="bbox 2280 1601 3864 1672">
     <span class='ocr_line' id='line_1_59' title="bbox 2280 1601 3864 1672; baseline 0.001 -18"><span class='ocrx_word' id='word_1_418' title='bbox 2280 1611 2422 1655; x_wconf 84' lang='lat' dir='ltr'><strong>stum</strong></span> <span class='ocrx_word' id='word_1_419' title='bbox 2454 1612 2539 1656; x_wconf 86' lang='lat' dir='ltr'><strong>est</strong></span> <span class='ocrx_word' id='word_1_420' title='bbox 2570 1618 2635 1655; x_wconf 82' lang='lat' dir='ltr'><strong>ex</strong></span> <span class='ocrx_word' id='word_1_421' title='bbox 2662 1602 2767 1657; x_wconf 83' lang='lat' dir='ltr'><strong>hoc</strong></span> <span class='ocrx_word' id='word_1_422' title='bbox 2784 1602 2929 1672; x_wconf 85' lang='lat' dir='ltr'><strong>quod</strong></span> <span class='ocrx_word' id='word_1_423' title='bbox 2970 1603 3045 1657; x_wconf 87' lang='lat' dir='ltr'><strong>ait</strong></span> <span class='ocrx_word' id='word_1_424' title='bbox 3077 1622 3089 1657; x_wconf 93' lang='lat'>:</span> <span class='ocrx_word' id='word_1_425' title='bbox 3128 1601 3317 1657; x_wconf 81' lang='lat' dir='ltr'><strong>Simila</strong></span> <span class='ocrx_word' id='word_1_426' title='bbox 3350 1604 3447 1656; x_wconf 85' lang='lat' dir='ltr'><strong>erit</strong></span> <span class='ocrx_word' id='word_1_427' title='bbox 3487 1604 3602 1672; x_wconf 85' lang='lat' dir='ltr'><strong>ejus</strong></span> <span class='ocrx_word' id='word_1_428' title='bbox 3637 1605 3864 1656; x_wconf 85' lang='lat' dir='ltr'><strong>oblatio:</strong></span> 
     </span>
    </p>
   </div>
   <div class='ocr_carea' id='block_1_60' title="bbox 2282 1694 3862 1767">
    <p class='ocr_par' dir='ltr' id='par_1_60' title="bbox 2282 1694 3862 1767">
     <span class='ocr_line' id='line_1_60' title="bbox 2282 1694 3862 1767; baseline 0.001 -20"><span class='ocrx_word' id='word_1_429' title='bbox 2282 1694 2336 1748; x_wconf 92' lang='lat' dir='ltr'><strong>in</strong></span> <span class='ocrx_word' id='word_1_430' title='bbox 2362 1704 2532 1750; x_wconf 90' lang='lat' dir='ltr'><strong>totum</strong></span> <span class='ocrx_word' id='word_1_431' title='bbox 2560 1697 2798 1751; x_wconf 88' lang='lat' dir='ltr'><strong>animam</strong></span> <span class='ocrx_word' id='word_1_432' title='bbox 2844 1698 3043 1751; x_wconf 87' lang='lat' dir='ltr'><strong>iterare</strong></span> <span class='ocrx_word' id='word_1_433' title='bbox 3066 1697 3257 1751; x_wconf 91' lang='lat' dir='ltr'><strong>volens</strong></span> <span class='ocrx_word' id='word_1_434' title='bbox 3288 1697 3391 1751; x_wconf 90' lang='lat' dir='ltr'><strong>hoc</strong></span> <span class='ocrx_word' id='word_1_435' title='bbox 3422 1698 3567 1767; x_wconf 89' lang='lat' dir='ltr'><strong>quod</strong></span> <span class='ocrx_word' id='word_1_436' title='bbox 3626 1696 3862 1751; x_wconf 83' lang='lat' dir='ltr'><strong>ﬂendum</strong></span> 
     </span>
    </p>
   </div>
   <div class='ocr_carea' id='block_1_61' title="bbox 2282 1789 3863 1859">
    <p class='ocr_par' dir='ltr' id='par_1_61' title="bbox 2282 1789 3863 1859">
     <span class='ocr_line' id='line_1_61' title="bbox 2282 1789 3863 1859; baseline 0.001 -18"><span class='ocrx_word' id='word_1_437' title='bbox 2282 1798 2419 1851; x_wconf 88' lang='lat' dir='ltr'><strong>erat,</strong></span> <span class='ocrx_word' id='word_1_438' title='bbox 2455 1789 2653 1844; x_wconf 91' lang='lat' dir='ltr'><strong>deinde</strong></span> <span class='ocrx_word' id='word_1_439' title='bbox 2680 1798 2734 1845; x_wconf 90' lang='lat' dir='ltr'><strong>et</strong></span> <span class='ocrx_word' id='word_1_440' title='bbox 2763 1790 2997 1844; x_wconf 87' lang='lat' dir='ltr'><strong>similam</strong></span> <span class='ocrx_word' id='word_1_441' title='bbox 3032 1789 3217 1844; x_wconf 84' lang='lat' dir='ltr'><strong>oﬂerri</strong></span> <span class='ocrx_word' id='word_1_442' title='bbox 3252 1791 3515 1859; x_wconf 71' lang='lat' dir='ltr'><strong>praecipit.</strong></span> <span class='ocrx_word' id='word_1_443' title='bbox 3546 1792 3738 1843; x_wconf 79' lang='lat' dir='ltr'><strong>Anima</strong></span> <span class='ocrx_word' id='word_1_444' title='bbox 3767 1806 3863 1842; x_wconf 82' lang='lat' dir='ltr'><strong>au-</strong></span> 
     </span>
    </p>
   </div>
   <div class='ocr_carea' id='block_1_62' title="bbox 2212 1876 3860 1952">
    <p class='ocr_par' dir='ltr' id='par_1_62' title="bbox 2212 1876 3860 1952">
     <span class='ocr_line' id='line_1_62' title="bbox 2212 1876 3860 1952; baseline 0.002 -21"><span class='ocrx_word' id='word_1_445' title='bbox 2212 1876 2250 1931; x_wconf 83' lang='lat' dir='ltr'>B</span> <span class='ocrx_word' id='word_1_446' title='bbox 2282 1889 2387 1933; x_wconf 87' lang='lat' dir='ltr'><strong>tem</strong></span> <span class='ocrx_word' id='word_1_447' title='bbox 2421 1880 2535 1949; x_wconf 87' lang='lat' dir='ltr'><strong>ipsa</strong></span> <span class='ocrx_word' id='word_1_448' title='bbox 2566 1896 2663 1950; x_wconf 90' lang='lat' dir='ltr'><strong>per</strong></span> <span class='ocrx_word' id='word_1_449' title='bbox 2690 1898 2748 1936; x_wconf 92' lang='lat' dir='ltr'><strong>se</strong></span> <span class='ocrx_word' id='word_1_450' title='bbox 2776 1884 3051 1951; x_wconf 85' lang='lat' dir='ltr'><strong>quomodo</strong></span> <span class='ocrx_word' id='word_1_451' title='bbox 3076 1882 3684 1947; x_wconf 80' lang='lat' dir='ltr'><strong>deferretoblationem,</strong></span> <span class='ocrx_word' id='word_1_452' title='bbox 3704 1898 3860 1952; x_wconf 78' lang='lat' dir='ltr'><strong>quam</strong></span> 
     </span>
    </p>
   </div>
   <div class='ocr_carea' id='block_1_63' title="bbox 2278 1973 3862 2044">
    <p class='ocr_par' dir='ltr' id='par_1_63' title="bbox 2278 1973 3862 2044">
     <span class='ocr_line' id='line_1_63' title="bbox 2278 1973 3862 2044; baseline 0.003 -20"><span class='ocrx_word' id='word_1_453' title='bbox 2278 1988 2501 2027; x_wconf 89' lang='lat' dir='ltr'><strong>necesse</strong></span> <span class='ocrx_word' id='word_1_454' title='bbox 2530 1973 2764 2028; x_wconf 88' lang='lat' dir='ltr'><strong>habebat</strong></span> <span class='ocrx_word' id='word_1_455' title='bbox 2790 1975 3114 2044; x_wconf 84' lang='lat' dir='ltr'><strong>deprecans,</strong></span> <span class='ocrx_word' id='word_1_456' title='bbox 3168 1985 3222 2029; x_wconf 91' lang='lat' dir='ltr'><strong>et</strong></span> <span class='ocrx_word' id='word_1_457' title='bbox 3262 1975 3329 2029; x_wconf 87' lang='lat' dir='ltr'><strong>ad</strong></span> <span class='ocrx_word' id='word_1_458' title='bbox 3390 1976 3492 2030; x_wconf 86' lang='lat' dir='ltr'><strong>hoc</strong></span> <span class='ocrx_word' id='word_1_459' title='bbox 3528 1976 3714 2043; x_wconf 86' lang='lat' dir='ltr'><strong>utique</strong></span> <span class='ocrx_word' id='word_1_460' title='bbox 3769 1991 3862 2028; x_wconf 81' lang='lat' dir='ltr'><strong>ne-</strong></span> 
     </span>
    </p>
   </div>
   <div class='ocr_carea' id='block_1_64' title="bbox 2278 2062 3857 2136">
    <p class='ocr_par' dir='ltr' id='par_1_64' title="bbox 2278 2062 3857 2136">
     <span class='ocr_line' id='line_1_64' title="bbox 2278 2062 3857 2136; baseline 0.002 -20"><span class='ocrx_word' id='word_1_461' title='bbox 2278 2062 2573 2116; x_wconf 88' lang='lat' dir='ltr'><strong>cessarium</strong></span> <span class='ocrx_word' id='word_1_462' title='bbox 2606 2063 2834 2117; x_wconf 87' lang='lat' dir='ltr'><strong>haberet</strong></span> <span class='ocrx_word' id='word_1_463' title='bbox 2866 2066 3234 2119; x_wconf 89' lang='lat' dir='ltr'><strong>ministerium</strong></span> <span class='ocrx_word' id='word_1_464' title='bbox 3270 2067 3556 2136; x_wconf 85' lang='lat' dir='ltr'><strong>corporis?</strong></span> <span class='ocrx_word' id='word_1_465' title='bbox 3619 2066 3726 2119; x_wconf 92' lang='lat' dir='ltr'><strong>Sed</strong></span> <span class='ocrx_word' id='word_1_466' title='bbox 3763 2082 3857 2119; x_wconf 83' lang='lat' dir='ltr'><strong>au-</strong></span> 
     </span>
    </p>
   </div>
   <div class='ocr_carea' id='block_1_65' title="bbox 2278 2154 3861 2227">
    <p class='ocr_par' dir='ltr' id='par_1_65' title="bbox 2278 2154 3861 2227">
     <span class='ocr_line' id='line_1_65' title="bbox 2278 2154 3861 2227; baseline 0.003 -21"><span class='ocrx_word' id='word_1_467' title='bbox 2278 2154 2563 2224; x_wconf 71' lang='lat' dir='ltr'><strong>ribusquze</strong></span> <span class='ocrx_word' id='word_1_468' title='bbox 2593 2155 2794 2209; x_wconf 83' lang='lat' dir='ltr'><strong>divinis</strong></span> <span class='ocrx_word' id='word_1_469' title='bbox 2826 2168 2952 2210; x_wconf 90' lang='lat' dir='ltr'><strong>sunt</strong></span> <span class='ocrx_word' id='word_1_470' title='bbox 2996 2157 3313 2212; x_wconf 72' lang='lat' dir='ltr'><strong>assuefact-.1:</strong></span> <span class='ocrx_word' id='word_1_471' title='bbox 3371 2158 3692 2227; x_wconf 87' lang='lat' dir='ltr'><strong>Scripturis,</strong></span> <span class='ocrx_word' id='word_1_472' title='bbox 3729 2160 3861 2212; x_wconf 86' lang='lat' dir='ltr'><strong>nihil</strong></span> 
     </span>
    </p>
   </div>
   <div class='ocr_carea' id='block_1_66' title="bbox 2277 2246 3855 2317">
    <p class='ocr_par' dir='ltr' id='par_1_66' title="bbox 2277 2246 3855 2317">
     <span class='ocr_line' id='line_1_66' title="bbox 2277 2246 3855 2317; baseline 0.004 -19"><span class='ocrx_word' id='word_1_473' title='bbox 2277 2246 2533 2300; x_wconf 82' lang='lat' dir='ltr'><strong>novitatis</strong></span> <span class='ocrx_word' id='word_1_474' title='bbox 2567 2248 2651 2301; x_wconf 91' lang='lat' dir='ltr'><strong>hic</strong></span> <span class='ocrx_word' id='word_1_475' title='bbox 2684 2249 2879 2303; x_wconf 89' lang='lat' dir='ltr'><strong>asserit</strong></span> <span class='ocrx_word' id='word_1_476' title='bbox 2902 2265 3102 2305; x_wconf 91' lang='lat' dir='ltr'><strong>sermo.</strong></span> <span class='ocrx_word' id='word_1_477' title='bbox 3159 2250 3291 2303; x_wconf 81' lang='lat' dir='ltr'><strong>Nam</strong></span> <span class='ocrx_word' id='word_1_478' title='bbox 3334 2259 3390 2305; x_wconf 91' lang='lat' dir='ltr'><strong>et</strong></span> <span class='ocrx_word' id='word_1_479' title='bbox 3445 2252 3595 2317; x_wconf 81' lang='lat' dir='ltr'><strong>alibi,</strong></span> <span class='ocrx_word' id='word_1_480' title='bbox 3620 2253 3855 2306; x_wconf 85' lang='lat' dir='ltr'><strong>animam</strong></span> 
     </span>
    </p>
   </div>
   <div class='ocr_carea' id='block_1_67' title="bbox 2277 2344 3855 2416">
    <p class='ocr_par' dir='ltr' id='par_1_67' title="bbox 2277 2344 3855 2416">
     <span class='ocr_line' id='line_1_67' title="bbox 2277 2344 3855 2416; baseline 0.006 -25"><span class='ocrx_word' id='word_1_481' title='bbox 2277 2354 2374 2409; x_wconf 91' lang='lat' dir='ltr'><strong>per</strong></span> <span class='ocrx_word' id='word_1_482' title='bbox 2402 2354 2477 2405; x_wconf 87' lang='lat' dir='ltr'><strong>se,</strong></span> <span class='ocrx_word' id='word_1_483' title='bbox 2514 2355 2692 2395; x_wconf 89' lang='lat' dir='ltr'><strong>mores</strong></span> <span class='ocrx_word' id='word_1_484' title='bbox 2723 2358 2852 2395; x_wconf 89' lang='lat' dir='ltr'><strong>vero</strong></span> <span class='ocrx_word' id='word_1_485' title='bbox 2872 2353 3042 2397; x_wconf 91' lang='lat' dir='ltr'><strong>totum</strong></span> <span class='ocrx_word' id='word_1_486' title='bbox 3077 2344 3357 2399; x_wconf 88' lang='lat' dir='ltr'><strong>hominem</strong></span> <span class='ocrx_word' id='word_1_487' title='bbox 3380 2346 3714 2416; x_wconf 76' lang='lat' dir='ltr'><strong>appellavit;</strong></span> <span class='ocrx_word' id='word_1_488' title='bbox 3743 2349 3855 2400; x_wconf 85' lang='lat' dir='ltr'><strong>vel-</strong></span> 
     </span>
    </p>
   </div>
   <div class='ocr_carea' id='block_1_68' title="bbox 2279 2432 3854 2509">
    <p class='ocr_par' dir='ltr' id='par_1_68' title="bbox 2279 2432 3854 2509">
     <span class='ocr_line' id='line_1_68' title="bbox 2279 2432 3854 2509; baseline 0.005 -25"><span class='ocrx_word' id='word_1_489' title='bbox 2279 2432 2354 2485; x_wconf 91' lang='lat' dir='ltr'><strong>uti</strong></span> <span class='ocrx_word' id='word_1_490' title='bbox 2392 2448 2513 2486; x_wconf 88' lang='lat' dir='ltr'><strong>cum</strong></span> <span class='ocrx_word' id='word_1_491' title='bbox 2542 2448 2730 2488; x_wconf 90' lang='lat' dir='ltr'><strong>eorum</strong></span> <span class='ocrx_word' id='word_1_492' title='bbox 2775 2436 2865 2505; x_wconf 91' lang='lat' dir='ltr'><strong>qui</strong></span> <span class='ocrx_word' id='word_1_493' title='bbox 2899 2438 2952 2491; x_wconf 90' lang='lat' dir='ltr'><strong>in</strong></span> <span class='ocrx_word' id='word_1_494' title='bbox 3021 2437 3252 2509; x_wconf 62' lang='lat' dir='ltr'><strong>Egypto</strong></span> <span class='ocrx_word' id='word_1_495' title='bbox 3305 2440 3709 2494; x_wconf 73' lang='lat' dir='ltr'><strong>descenderunt</strong></span> <span class='ocrx_word' id='word_1_496' title='bbox 3757 2456 3854 2493; x_wconf 88' lang='lat' dir='ltr'><strong>nn-</strong></span> 
     </span>
    </p>
   </div>
   <div class='ocr_carea' id='block_1_69' title="bbox 2278 2527 3856 2604">
    <p class='ocr_par' dir='ltr' id='par_1_69' title="bbox 2278 2527 3856 2604">
     <span class='ocr_line' id='line_1_69' title="bbox 2278 2527 3856 2604; baseline 0.004 -26"><span class='ocrx_word' id='word_1_497' title='bbox 2278 2541 2485 2579; x_wconf 89' lang='lat' dir='ltr'><strong>merum</strong></span> <span class='ocrx_word' id='word_1_498' title='bbox 2515 2527 2788 2598; x_wconf 79' lang='lat' dir='ltr'><strong>digerens,</strong></span> <span class='ocrx_word' id='word_1_499' title='bbox 2818 2531 2893 2584; x_wconf 89' lang='lat' dir='ltr'><strong>ait</strong></span> <span class='ocrx_word' id='word_1_500' title='bbox 2920 2548 2930 2583; x_wconf 94' lang='lat'><strong>:</strong></span> <span class='ocrx_word' id='word_1_501' title='bbox 2957 2529 3169 2585; x_wconf 77' lang='lat' dir='ltr'><strong>Cunclw</strong></span> <span class='ocrx_word' id='word_1_502' title='bbox 3216 2534 3410 2587; x_wconf 79' lang='lat' dir='ltr'><strong>anima:</strong></span> <span class='ocrx_word' id='word_1_503' title='bbox 3450 2550 3567 2604; x_wconf 78' lang='lat' dir='ltr'><strong>qurc</strong></span> <span class='ocrx_word' id='word_1_504' title='bbox 3610 2535 3856 2603; x_wconf 71' lang='lat' dir='ltr'><strong>ingressa</strong></span> 
     </span>
    </p>
   </div>
   <div class='ocr_carea' id='block_1_70' title="bbox 2275 2618 3852 2697">
    <p class='ocr_par' dir='ltr' id='par_1_70' title="bbox 2275 2618 3852 2697">
     <span class='ocr_line' id='line_1_70' title="bbox 2275 2618 3852 2697; baseline 0.007 -28"><span class='ocrx_word' id='word_1_505' title='bbox 2275 2627 2395 2670; x_wconf 88' lang='lat' dir='ltr'><strong>sunt</strong></span> <span class='ocrx_word' id='word_1_506' title='bbox 2419 2635 2536 2672; x_wconf 87' lang='lat' dir='ltr'><strong>cum</strong></span> <span class='ocrx_word' id='word_1_507' title='bbox 2558 2618 2723 2674; x_wconf 85' lang='lat' dir='ltr'><strong>Jacob</strong></span> <span class='ocrx_word' id='word_1_508' title='bbox 2757 2623 2808 2674; x_wconf 88' lang='lat' dir='ltr'><strong>in</strong></span> <span class='ocrx_word' id='word_1_509' title='bbox 2834 2622 3147 2693; x_wconf 60' lang='lat' dir='ltr'><strong>zEggptunt,</strong></span> <span class='ocrx_word' id='word_1_510' title='bbox 3180 2634 3227 2678; x_wconf 88' lang='lat' dir='ltr'><strong>et</strong></span> <span class='ocrx_word' id='word_1_511' title='bbox 3259 2628 3450 2695; x_wconf 83' lang='lat' dir='ltr'><strong>egressi</strong></span> <span class='ocrx_word' id='word_1_512' title='bbox 3474 2627 3536 2679; x_wconf 86' lang='lat' dir='ltr'><strong>de</strong></span> <span class='ocrx_word' id='word_1_513' title='bbox 3571 2628 3852 2697; x_wconf 76' lang='lat' dir='ltr'><strong>femoribus</strong></span> 
     </span>
    </p>
   </div>
   <div class='ocr_carea' id='block_1_71' title="bbox 2276 2710 3853 2788">
    <p class='ocr_par' dir='ltr' id='par_1_71' title="bbox 2276 2710 3853 2788">
     <span class='ocr_line' id='line_1_71' title="bbox 2276 2710 3853 2788; baseline 0.006 -25"><span class='ocrx_word' id='word_1_514' title='bbox 2276 2710 2412 2779; x_wconf 85' lang='lat' dir='ltr'><strong>ejus,</strong></span> <span class='ocrx_word' id='word_1_515' title='bbox 2442 2712 2637 2783; x_wconf 88' lang='lat' dir='ltr'><strong>absque</strong></span> <span class='ocrx_word' id='word_1_516' title='bbox 2666 2715 2913 2769; x_wconf 78' lang='lat' dir='ltr'><strong>uxoribus</strong></span> <span class='ocrx_word' id='word_1_517' title='bbox 2930 2717 3185 2781; x_wconf 79' lang='lat' dir='ltr'><strong>ﬁliorum,</strong></span> <span class='ocrx_word' id='word_1_518' title='bbox 3218 2720 3553 2788; x_wconf 82' lang='lat' dir='ltr'><strong>septuaginta</strong></span> <span class='ocrx_word' id='word_1_519' title='bbox 3582 2721 3645 2773; x_wconf 74' lang='lat'><strong>“.</strong></span> <span class='ocrx_word' id='word_1_520' title='bbox 3671 2720 3777 2773; x_wconf 82' lang='lat' dir='ltr'><strong>Sed</strong></span> <span class='ocrx_word' id='word_1_521' title='bbox 3804 2730 3853 2772; x_wconf 81' lang='lat' dir='ltr'><strong>et</strong></span> 
     </span>
    </p>
   </div>
   <div class='ocr_carea' id='block_1_72' title="bbox 2275 2803 3850 2880">
    <p class='ocr_par' dir='ltr' id='par_1_72' title="bbox 2275 2803 3850 2880">
     <span class='ocr_line' id='line_1_72' title="bbox 2275 2803 3850 2880; baseline 0.005 -24"><span class='ocrx_word' id='word_1_522' title='bbox 2275 2803 2472 2868; x_wconf 88' lang='lat' dir='ltr'><strong>Lucas,</strong></span> <span class='ocrx_word' id='word_1_523' title='bbox 2504 2821 2628 2859; x_wconf 92' lang='lat' dir='ltr'><strong>cum</strong></span> <span class='ocrx_word' id='word_1_524' title='bbox 2656 2806 2805 2861; x_wconf 84' lang='lat' dir='ltr'><strong>Pauli</strong></span> <span class='ocrx_word' id='word_1_525' title='bbox 2840 2809 3111 2880; x_wconf 82' lang='lat' dir='ltr'><strong>navigium</strong></span> <span class='ocrx_word' id='word_1_526' title='bbox 3138 2807 3367 2863; x_wconf 82' lang='lat' dir='ltr'><strong>Romam</strong></span> <span class='ocrx_word' id='word_1_527' title='bbox 3418 2812 3603 2865; x_wconf 81' lang='lat' dir='ltr'><strong>etmtis</strong></span> <span class='ocrx_word' id='word_1_528' title='bbox 3648 2813 3850 2867; x_wconf 83' lang='lat' dir='ltr'><strong>descri-</strong></span> 
     </span>
    </p>
   </div>
   <div class='ocr_carea' id='block_1_73' title="bbox 2276 2894 3851 2959">
    <p class='ocr_par' dir='ltr' id='par_1_73' title="bbox 2276 2894 3851 2959">
     <span class='ocr_line' id='line_1_73' title="bbox 2276 2894 3851 2959; baseline 0.006 -11"><span class='ocrx_word' id='word_1_529' title='bbox 2276 2894 2453 2959; x_wconf 88' lang='lat' dir='ltr'><strong>beret,</strong></span> <span class='ocrx_word' id='word_1_530' title='bbox 2482 2897 2555 2950; x_wconf 88' lang='lat' dir='ltr'><strong>ait</strong></span> <span class='ocrx_word' id='word_1_531' title='bbox 2589 2916 2601 2950; x_wconf 89' lang='lat'><strong>:</strong></span> <span class='ocrx_word' id='word_1_532' title='bbox 2639 2896 2871 2955; x_wconf 85' lang='lat' dir='ltr'><strong>Eramus</strong></span> <span class='ocrx_word' id='word_1_533' title='bbox 2895 2910 3071 2955; x_wconf 88' lang='lat' dir='ltr'><strong>autem</strong></span> <span class='ocrx_word' id='word_1_534' title='bbox 3100 2918 3277 2955; x_wconf 88' lang='lat' dir='ltr'><strong>omnes</strong></span> <span class='ocrx_word' id='word_1_535' title='bbox 3315 2904 3509 2956; x_wconf 78' lang='lat' dir='ltr'><strong>animte</strong></span> <span class='ocrx_word' id='word_1_536' title='bbox 3533 2905 3586 2955; x_wconf 88' lang='lat' dir='ltr'><strong>in</strong></span> <span class='ocrx_word' id='word_1_537' title='bbox 3619 2905 3851 2957; x_wconf 70' lang='lat' dir='ltr'><strong>noviciu-</strong></span> 
     </span>
    </p>
   </div>
   <div class='ocr_carea' id='block_1_74' title="bbox 2276 2976 3847 3057">
    <p class='ocr_par' dir='ltr' id='par_1_74' title="bbox 2276 2976 3847 3057">
     <span class='ocr_line' id='line_1_74' title="bbox 2276 2976 3847 3057; baseline 0.007 -22"><span class='ocrx_word' id='word_1_538' title='bbox 2276 2985 2410 3037; x_wconf 89' lang='lat' dir='ltr'><strong>centi</strong></span> <span class='ocrx_word' id='word_1_539' title='bbox 2436 2988 2769 3057; x_wconf 84' lang='lat' dir='ltr'><strong>septuaginta</strong></span> <span class='ocrx_word' id='word_1_540' title='bbox 2798 2999 2845 3041; x_wconf 89' lang='lat' dir='ltr'><strong>et</strong></span> <span class='ocrx_word' id='word_1_541' title='bbox 2874 2976 2985 3042; x_wconf 50' lang='lat' dir='ltr'><strong>sex.</strong></span> <span class='ocrx_word' id='word_1_542' title='bbox 3013 2990 3079 3043; x_wconf 65' lang='lat'><strong>‘9.</strong></span> <span class='ocrx_word' id='word_1_543' title='bbox 3122 2988 3447 3045; x_wconf 85' lang='lat' dir='ltr'><strong>Intuendum</strong></span> <span class='ocrx_word' id='word_1_544' title='bbox 3528 3002 3613 3045; x_wconf 89' lang='lat' dir='ltr'><strong>est</strong></span> <span class='ocrx_word' id='word_1_545' title='bbox 3669 3000 3847 3046; x_wconf 83' lang='lat' dir='ltr'><strong>autem</strong></span> 
     </span>
    </p>
   </div>
   <div class='ocr_carea' id='block_1_75' title="bbox 2276 3073 3848 3154">
    <p class='ocr_par' dir='ltr' id='par_1_75' title="bbox 2276 3073 3848 3154">
     <span class='ocr_line' id='line_1_75' title="bbox 2276 3073 3848 3154; baseline 0.006 -25"><span class='ocrx_word' id='word_1_546' title='bbox 2276 3092 2344 3130; x_wconf 91' lang='lat' dir='ltr'><strong>ne</strong></span> <span class='ocrx_word' id='word_1_547' title='bbox 2377 3076 2600 3132; x_wconf 84' lang='lat' dir='ltr'><strong>forsitan</strong></span> <span class='ocrx_word' id='word_1_548' title='bbox 2621 3080 2856 3134; x_wconf 89' lang='lat' dir='ltr'><strong>animam</strong></span> <span class='ocrx_word' id='word_1_549' title='bbox 2906 3082 2963 3136; x_wconf 90' lang='lat' dir='ltr'><strong>in</strong></span> <span class='ocrx_word' id='word_1_550' title='bbox 3022 3083 3126 3137; x_wconf 90' lang='lat' dir='ltr'><strong>hoc</strong></span> <span class='ocrx_word' id='word_1_551' title='bbox 3165 3084 3287 3138; x_wconf 91' lang='lat' dir='ltr'><strong>loco</strong></span> <span class='ocrx_word' id='word_1_552' title='bbox 3320 3073 3597 3154; x_wconf 49' lang='lat' dir='ltr'><strong>.gentilem</strong></span> <span class='ocrx_word' id='word_1_553' title='bbox 3629 3086 3848 3140; x_wconf 75' lang='lat' dir='ltr'><strong>dixisset</strong></span> 
     </span>
    </p>
   </div>
   <div class='ocr_carea' id='block_1_76' title="bbox 2279 3169 3849 3249">
    <p class='ocr_par' dir='ltr' id='par_1_76' title="bbox 2279 3169 3849 3249">
     <span class='ocr_line' id='line_1_76' title="bbox 2279 3169 3849 3249; baseline 0.006 -27"><span class='ocrx_word' id='word_1_554' title='bbox 2279 3169 2556 3225; x_wconf 88' lang='lat' dir='ltr'><strong>hominem</strong></span> <span class='ocrx_word' id='word_1_555' title='bbox 2585 3190 2597 3226; x_wconf 94' lang='lat'>:</span> <span class='ocrx_word' id='word_1_556' title='bbox 2626 3174 2753 3242; x_wconf 89' lang='lat' dir='ltr'><strong>quia</strong></span> <span class='ocrx_word' id='word_1_557' title='bbox 2788 3174 2930 3228; x_wconf 89' lang='lat' dir='ltr'><strong>enim</strong></span> <span class='ocrx_word' id='word_1_558' title='bbox 2979 3175 3232 3243; x_wconf 79' lang='lat' dir='ltr'><strong>superius</strong></span> <span class='ocrx_word' id='word_1_559' title='bbox 3290 3176 3413 3231; x_wconf 89' lang='lat' dir='ltr'><strong>ﬁliis</strong></span> <span class='ocrx_word' id='word_1_560' title='bbox 3448 3177 3611 3231; x_wconf 86' lang='lat' dir='ltr'><strong>Israel</strong></span> <span class='ocrx_word' id='word_1_561' title='bbox 3640 3195 3706 3231; x_wconf 86' lang='lat' dir='ltr'><strong>ea</strong></span> <span class='ocrx_word' id='word_1_562' title='bbox 3734 3196 3849 3249; x_wconf 67' lang='lat' dir='ltr'><strong>quae</strong></span> 
     </span>
    </p>
   </div>
   <div class='ocr_carea' id='block_1_77' title="bbox 2278 3261 3847 3339">
    <p class='ocr_par' dir='ltr' id='par_1_77' title="bbox 2278 3261 3847 3339">
     <span class='ocr_line' id='line_1_77' title="bbox 2278 3261 3847 3339; baseline 0.006 -27"><span class='ocrx_word' id='word_1_563' title='bbox 2278 3270 2406 3314; x_wconf 89' lang='lat' dir='ltr'><strong>sunt</strong></span> <span class='ocrx_word' id='word_1_564' title='bbox 2456 3261 2509 3314; x_wconf 91' lang='lat' dir='ltr'><strong>in</strong></span> <span class='ocrx_word' id='word_1_565' title='bbox 2550 3264 2814 3333; x_wconf 82' lang='lat' dir='ltr'><strong>sanguine</strong></span> <span class='ocrx_word' id='word_1_566' title='bbox 2867 3266 3132 3320; x_wconf 89' lang='lat' dir='ltr'><strong>sacriﬁcia</strong></span> <span class='ocrx_word' id='word_1_567' title='bbox 3183 3267 3321 3321; x_wconf 82' lang='lat' dir='ltr'><strong>dixit</strong></span> <span class='ocrx_word' id='word_1_568' title='bbox 3367 3285 3380 3320; x_wconf 90' lang='lat'>:</span> <span class='ocrx_word' id='word_1_569' title='bbox 3437 3268 3695 3339; x_wconf 83' lang='lat' dir='ltr'><strong>Loquere,</strong></span> <span class='ocrx_word' id='word_1_570' title='bbox 3757 3271 3847 3332; x_wconf 87' lang='lat' dir='ltr'><strong>ait,</strong></span> 
     </span>
    </p>
   </div>
   <div class='ocr_carea' id='block_1_78' title="bbox 2270 3351 3847 3428">
    <p class='ocr_par' dir='ltr' id='par_1_78' title="bbox 2270 3351 3847 3428">
     <span class='ocr_line' id='line_1_78' title="bbox 2270 3351 3847 3428; baseline 0.008 -25"><span class='ocrx_word' id='word_1_571' title='bbox 2270 3351 2397 3419; x_wconf 74' lang='lat' dir='ltr'><strong>ﬁliis</strong></span> <span class='ocrx_word' id='word_1_572' title='bbox 2442 3352 2612 3407; x_wconf 84' lang='lat' dir='ltr'><strong>Israel</strong></span> <span class='ocrx_word' id='word_1_573' title='bbox 2641 3370 2659 3407; x_wconf 87' lang='lat'><strong><em>:</em></strong></span> <span class='ocrx_word' id='word_1_574' title='bbox 2723 3359 2894 3410; x_wconf 82' lang='lat' dir='ltr'><strong>Homo</strong></span> <span class='ocrx_word' id='word_1_575' title='bbox 2944 3360 3034 3428; x_wconf 88' lang='lat' dir='ltr'><strong>qui</strong></span> <span class='ocrx_word' id='word_1_576' title='bbox 3065 3359 3307 3413; x_wconf 87' lang='lat' dir='ltr'><strong>obtulerit</strong></span> <span class='ocrx_word' id='word_1_577' title='bbox 3344 3378 3407 3413; x_wconf 77' lang='lat' dir='ltr'><strong>ea:</strong></span> <span class='ocrx_word' id='word_1_578' title='bbox 3436 3362 3577 3413; x_wconf 77' lang='lat' dir='ltr'><strong>vobis</strong></span> <span class='ocrx_word' id='word_1_579' title='bbox 3627 3363 3847 3415; x_wconf 74' lang='lat' dir='ltr'><strong>hostium</strong></span> 
     </span>
    </p>
   </div>
   <div class='ocr_carea' id='block_1_79' title="bbox 2273 3444 3849 3525">
    <p class='ocr_par' dir='ltr' id='par_1_79' title="bbox 2273 3444 3849 3525">
     <span class='ocr_line' id='line_1_79' title="bbox 2273 3444 3849 3525; baseline 0.008 -28"><span class='ocrx_word' id='word_1_580' title='bbox 2273 3444 2518 3512; x_wconf 87' lang='lat' dir='ltr'><strong>Domino,</strong></span> <span class='ocrx_word' id='word_1_581' title='bbox 2548 3450 2611 3502; x_wconf 87' lang='lat' dir='ltr'><strong>de</strong></span> <span class='ocrx_word' id='word_1_582' title='bbox 2641 3452 2935 3517; x_wconf 84' lang='lat' dir='ltr'><strong>pecoribus,</strong></span> <span class='ocrx_word' id='word_1_583' title='bbox 2966 3453 3019 3505; x_wconf 83' lang='lat' dir='ltr'><strong>id</strong></span> <span class='ocrx_word' id='word_1_584' title='bbox 3050 3461 3122 3505; x_wconf 89' lang='lat' dir='ltr'><strong>est</strong></span> <span class='ocrx_word' id='word_1_585' title='bbox 3159 3454 3222 3506; x_wconf 84' lang='lat' dir='ltr'><strong>de</strong></span> <span class='ocrx_word' id='word_1_586' title='bbox 3243 3454 3402 3508; x_wconf 87' lang='lat' dir='ltr'><strong>bobus</strong></span> <span class='ocrx_word' id='word_1_587' title='bbox 3436 3466 3484 3508; x_wconf 89' lang='lat' dir='ltr'><strong>et</strong></span> <span class='ocrx_word' id='word_1_588' title='bbox 3512 3457 3690 3509; x_wconf 83' lang='lat' dir='ltr'><strong>oribus</strong></span> <span class='ocrx_word' id='word_1_589' title='bbox 3721 3458 3849 3525; x_wconf 60' lang='grc' dir='ltr'><strong>οβε-</strong></span> 
     </span>
    </p>
   </div>
   <div class='ocr_carea' id='block_1_80' title="bbox 2273 3541 3846 3617">
    <p class='ocr_par' dir='ltr' id='par_1_80' title="bbox 2273 3541 3846 3617">
     <span class='ocr_line' id='line_1_80' title="bbox 2273 3541 3846 3617; baseline 0.008 -26"><span class='ocrx_word' id='word_1_590' title='bbox 2273 3550 2347 3592; x_wconf 86' lang='lat' dir='ltr'><strong>ret</strong></span> <span class='ocrx_word' id='word_1_591' title='bbox 2368 3541 2641 3606; x_wconf 83' lang='lat' dir='ltr'><strong>victimas;</strong></span> <span class='ocrx_word' id='word_1_592' title='bbox 2668 3542 2755 3597; x_wconf 90' lang='lat' dir='ltr'><strong>hic</strong></span> <span class='ocrx_word' id='word_1_593' title='bbox 2782 3543 2909 3597; x_wconf 89' lang='lat' dir='ltr'><strong>illud</strong></span> <span class='ocrx_word' id='word_1_594' title='bbox 2954 3545 3095 3614; x_wconf 89' lang='lat' dir='ltr'><strong>quod</strong></span> <span class='ocrx_word' id='word_1_595' title='bbox 3164 3556 3315 3600; x_wconf 82' lang='lat' dir='ltr'><strong>extra</strong></span> <span class='ocrx_word' id='word_1_596' title='bbox 3366 3550 3687 3617; x_wconf 87' lang='lat' dir='ltr'><strong>sanguinem</strong></span> <span class='ocrx_word' id='word_1_597' title='bbox 3746 3560 3846 3615; x_wconf 82' lang='lat' dir='ltr'><strong>est.</strong></span> 
     </span>
    </p>
   </div>
   <div class='ocr_carea' id='block_1_81' title="bbox 2271 3631 3843 3703">
    <p class='ocr_par' dir='ltr' id='par_1_81' title="bbox 2271 3631 3843 3703">
     <span class='ocr_line' id='line_1_81' title="bbox 2271 3631 3843 3703; baseline 0.005 -20"><span class='ocrx_word' id='word_1_598' title='bbox 2271 3631 2598 3685; x_wconf 89' lang='lat' dir='ltr'><strong>sacriﬁcium</strong></span> <span class='ocrx_word' id='word_1_599' title='bbox 2625 3633 2817 3687; x_wconf 81' lang='lat' dir='ltr'><strong>similae</strong></span> <span class='ocrx_word' id='word_1_600' title='bbox 2850 3635 3171 3703; x_wconf 68' lang='lat' dir='ltr'><strong>praecipiens</strong></span> <span class='ocrx_word' id='word_1_601' title='bbox 3209 3637 3541 3700; x_wconf 87' lang='lat' dir='ltr'><strong>necessarie,</strong></span> <span class='ocrx_word' id='word_1_602' title='bbox 3570 3653 3677 3692; x_wconf 91' lang='lat' dir='ltr'><strong>non</strong></span> <span class='ocrx_word' id='word_1_603' title='bbox 3695 3640 3843 3702; x_wconf 72' lang='lat' dir='ltr'><strong>dixit,</strong></span> 
     </span>
    </p>
   </div>
   <div class='ocr_carea' id='block_1_82' title="bbox 2272 3722 3843 3795">
    <p class='ocr_par' dir='ltr' id='par_1_82' title="bbox 2272 3722 3843 3795">
     <span class='ocr_line' id='line_1_82' title="bbox 2272 3722 3843 3795; baseline 0.004 -20"><span class='ocrx_word' id='word_1_604' title='bbox 2272 3722 2446 3777; x_wconf 91' lang='lat' dir='ltr'><strong>llomo</strong></span> <span class='ocrx_word' id='word_1_605' title='bbox 2469 3726 2727 3795; x_wconf 55' lang='lat' dir='ltr'><strong>exIvobis,</strong></span> <span class='ocrx_word' id='word_1_606' title='bbox 2745 3726 2861 3792; x_wconf 90' lang='lat' dir='ltr'><strong>sed,</strong></span> <span class='ocrx_word' id='word_1_607' title='bbox 2882 3727 3073 3779; x_wconf 82' lang='lat' dir='ltr'><strong>Anima</strong></span> <span class='ocrx_word' id='word_1_608' title='bbox 3100 3743 3216 3780; x_wconf 86' lang='lat' dir='ltr'><strong>cum</strong></span> <span class='ocrx_word' id='word_1_609' title='bbox 3238 3728 3483 3781; x_wconf 87' lang='lat' dir='ltr'><strong>obtulerit</strong></span> <span class='ocrx_word' id='word_1_610' title='bbox 3508 3730 3843 3795; x_wconf 75' lang='lat' dir='ltr'><strong>oblationem,</strong></span> 
     </span>
    </p>
   </div>
   <div class='ocr_carea' id='block_1_83' title="bbox 2269 3814 3845 3889">
    <p class='ocr_par' dir='ltr' id='par_1_83' title="bbox 2269 3814 3845 3889">
     <span class='ocr_line' id='line_1_83' title="bbox 2269 3814 3845 3889; baseline 0.006 -23"><span class='ocrx_word' id='word_1_611' title='bbox 2269 3814 2504 3868; x_wconf 89' lang='lat' dir='ltr'><strong>animam</strong></span> <span class='ocrx_word' id='word_1_612' title='bbox 2536 3817 2792 3889; x_wconf 37' lang='lat' dir='ltr'><strong>gen‘tilem</strong></span> <span class='ocrx_word' id='word_1_613' title='bbox 2819 3818 3131 3882; x_wconf 88' lang='lat' dir='ltr'><strong>nominans,</strong></span> <span class='ocrx_word' id='word_1_614' title='bbox 3180 3818 3307 3887; x_wconf 87' lang='lat' dir='ltr'><strong>quia</strong></span> <span class='ocrx_word' id='word_1_615' title='bbox 3370 3820 3638 3875; x_wconf 77' lang='lat' dir='ltr'><strong>animales</strong></span> <span class='ocrx_word' id='word_1_616' title='bbox 3696 3834 3845 3876; x_wconf 87' lang='lat' dir='ltr'><strong>erant</strong></span> 
     </span>
    </p>
   </div>
   <div class='ocr_carea' id='block_1_84' title="bbox 2271 3906 3845 3983">
    <p class='ocr_par' dir='ltr' id='par_1_84' title="bbox 2271 3906 3845 3983">
     <span class='ocr_line' id='line_1_84' title="bbox 2271 3906 3845 3983; baseline 0.007 -25"><span class='ocrx_word' id='word_1_617' title='bbox 2271 3906 2443 3975; x_wconf 88' lang='lat' dir='ltr'><strong>prius,</strong></span> <span class='ocrx_word' id='word_1_618' title='bbox 2477 3908 2643 3977; x_wconf 91' lang='lat' dir='ltr'><strong>ctqui</strong></span> <span class='ocrx_word' id='word_1_619' title='bbox 2669 3925 2775 3963; x_wconf 92' lang='lat' dir='ltr'><strong>non</strong></span> <span class='ocrx_word' id='word_1_620' title='bbox 2801 3910 3109 3978; x_wconf 82' lang='lat' dir='ltr'><strong>potuissent</strong></span> <span class='ocrx_word' id='word_1_621' title='bbox 3150 3911 3452 3981; x_wconf 82' lang='lat' dir='ltr'><strong>intelligere</strong></span> <span class='ocrx_word' id='word_1_622' title='bbox 3485 3930 3546 3967; x_wconf 88' lang='lat' dir='ltr'><strong>ea</strong></span> <span class='ocrx_word' id='word_1_623' title='bbox 3579 3931 3699 3983; x_wconf 68' lang='lat' dir='ltr'><strong>qua:</strong></span> <span class='ocrx_word' id='word_1_624' title='bbox 3723 3926 3845 3969; x_wconf 85' lang='lat' dir='ltr'><strong>sunt</strong></span> 
     </span>
    </p>
   </div>
   <div class='ocr_carea' id='block_1_85' title="bbox 2270 3999 3845 4071">
    <p class='ocr_par' dir='ltr' id='par_1_85' title="bbox 2270 3999 3845 4071">
     <span class='ocr_line' id='line_1_85' title="bbox 2270 3999 3845 4071; baseline 0.007 -19"><span class='ocrx_word' id='word_1_625' title='bbox 2270 3999 2515 4067; x_wconf 84' lang='lat' dir='ltr'><strong>spiritus;</strong></span> <span class='ocrx_word' id='word_1_626' title='bbox 2537 4009 2907 4055; x_wconf 83' lang='lat' dir='ltr'><strong>verumtamen</strong></span> <span class='ocrx_word' id='word_1_627' title='bbox 2923 4011 3186 4057; x_wconf 84' lang='lat' dir='ltr'><strong>vocantur</strong></span> <span class='ocrx_word' id='word_1_628' title='bbox 3204 4004 3271 4055; x_wconf 89' lang='lat' dir='ltr'><strong>ad</strong></span> <span class='ocrx_word' id='word_1_629' title='bbox 3297 4004 3650 4071; x_wconf 89' lang='lat' dir='ltr'><strong>oblationem,</strong></span> <span class='ocrx_word' id='word_1_630' title='bbox 3673 4010 3845 4063; x_wconf 87' lang='lat' dir='ltr'><strong>mise-</strong></span> 
     </span>
    </p>
   </div>
   <div class='ocr_carea' id='block_1_86' title="bbox 2270 4092 3839 4166">
    <p class='ocr_par' dir='ltr' id='par_1_86' title="bbox 2270 4092 3839 4166">
     <span class='ocr_line' id='line_1_86' title="bbox 2270 4092 3839 4166; baseline 0.006 -22"><span class='ocrx_word' id='word_1_631' title='bbox 2270 4100 2424 4145; x_wconf 88' lang='lat' dir='ltr'><strong>rante</strong></span> <span class='ocrx_word' id='word_1_632' title='bbox 2480 4092 2745 4162; x_wconf 86' lang='lat' dir='ltr'><strong>cosjusto</strong></span> <span class='ocrx_word' id='word_1_633' title='bbox 2785 4094 2915 4154; x_wconf 83' lang='lat' dir='ltr'><strong>Deo.</strong></span> <span class='ocrx_word' id='word_1_634' title='bbox 2972 4104 3133 4164; x_wconf 87' lang='lat' dir='ltr'><strong>atque</strong></span> <span class='ocrx_word' id='word_1_635' title='bbox 3180 4113 3279 4166; x_wconf 86' lang='lat' dir='ltr'><strong>per</strong></span> <span class='ocrx_word' id='word_1_636' title='bbox 3323 4100 3839 4154; x_wconf 86' lang='lat' dir='ltr'><strong>condescensionem</strong></span> 
     </span>
    </p>
   </div>
   <div class='ocr_carea' id='block_1_87' title="bbox 2270 4184 3839 4254">
    <p class='ocr_par' dir='ltr' id='par_1_87' title="bbox 2270 4184 3839 4254">
     <span class='ocr_line' id='line_1_87' title="bbox 2270 4184 3839 4254; baseline 0.005 -17"><span class='ocrx_word' id='word_1_637' title='bbox 2270 4184 2537 4238; x_wconf 78' lang='lat' dir='ltr'><strong>salvante.</strong></span> <span class='ocrx_word' id='word_1_638' title='bbox 2567 4184 2640 4239; x_wconf 93' lang='lat' dir='ltr'><strong>De</strong></span> <span class='ocrx_word' id='word_1_639' title='bbox 2664 4202 2773 4254; x_wconf 91' lang='lat' dir='ltr'><strong>quo</strong></span> <span class='ocrx_word' id='word_1_640' title='bbox 2800 4196 2855 4240; x_wconf 90' lang='lat' dir='ltr'><strong>et</strong></span> <span class='ocrx_word' id='word_1_641' title='bbox 2892 4186 3146 4240; x_wconf 89' lang='lat' dir='ltr'><strong>Salomon</strong></span> <span class='ocrx_word' id='word_1_642' title='bbox 3193 4188 3323 4242; x_wconf 86' lang='lat' dir='ltr'><strong>dicit</strong></span> <span class='ocrx_word' id='word_1_643' title='bbox 3382 4189 3436 4242; x_wconf 90' lang='lat' dir='ltr'><strong>in</strong></span> <span class='ocrx_word' id='word_1_644' title='bbox 3488 4189 3839 4246; x_wconf 87' lang='lat' dir='ltr'><strong>Proverbiis:</strong></span> 
     </span>
    </p>
   </div>
   <div class='ocr_carea' id='block_1_88' title="bbox 2266 4269 3841 4343">
    <p class='ocr_par' dir='ltr' id='par_1_88' title="bbox 2266 4269 3841 4343">
     <span class='ocr_line' id='line_1_88' title="bbox 2266 4269 3841 4343; baseline 0.008 -21"><span class='ocrx_word' id='word_1_645' title='bbox 2266 4269 2448 4323; x_wconf 84' lang='lat' dir='ltr'><strong>Justus</strong></span> <span class='ocrx_word' id='word_1_646' title='bbox 2487 4274 2761 4325; x_wconf 89' lang='lat' dir='ltr'><strong>miseretur</strong></span> <span class='ocrx_word' id='word_1_647' title='bbox 2787 4275 3364 4343; x_wconf 84' lang='lat' dir='ltr'><strong>animasjumentorum</strong></span> <span class='ocrx_word' id='word_1_648' title='bbox 3392 4295 3611 4333; x_wconf 84' lang='lat' dir='ltr'><strong>suorum</strong></span> <span class='ocrx_word' id='word_1_649' title='bbox 3640 4283 3706 4333; x_wconf 78' lang='grc' dir='ltr'><strong>το.</strong></span> <span class='ocrx_word' id='word_1_650' title='bbox 3734 4281 3841 4335; x_wconf 87' lang='lat' dir='ltr'><strong>llu-</strong></span> 
     </span>
    </p>
   </div>
   <div class='ocr_carea' id='block_1_89' title="bbox 2264 4362 3841 4438">
    <p class='ocr_par' dir='ltr' id='par_1_89' title="bbox 2264 4362 3841 4438">
     <span class='ocr_line' id='line_1_89' title="bbox 2264 4362 3841 4438; baseline 0.008 -24"><span class='ocrx_word' id='word_1_651' title='bbox 2264 4362 2354 4432; x_wconf 91' lang='lat' dir='ltr'><strong>jus</strong></span> <span class='ocrx_word' id='word_1_652' title='bbox 2387 4378 2514 4433; x_wconf 89' lang='lat' dir='ltr'><strong>ergo</strong></span> <span class='ocrx_word' id='word_1_653' title='bbox 2544 4364 2632 4431; x_wconf 88' lang='lat' dir='ltr'><strong>qui</strong></span> <span class='ocrx_word' id='word_1_654' title='bbox 2661 4376 2783 4435; x_wconf 82' lang='lat' dir='ltr'><strong>eget</strong></span> <span class='ocrx_word' id='word_1_655' title='bbox 2815 4367 3020 4421; x_wconf 89' lang='lat' dir='ltr'><strong>divitiis</strong></span> <span class='ocrx_word' id='word_1_656' title='bbox 3072 4386 3193 4438; x_wconf 78' lang='lat' dir='ltr'><strong>qua:</strong></span> <span class='ocrx_word' id='word_1_657' title='bbox 3244 4383 3373 4426; x_wconf 88' lang='lat' dir='ltr'><strong>sunt</strong></span> <span class='ocrx_word' id='word_1_658' title='bbox 3420 4376 3713 4438; x_wconf 91' lang='lat' dir='ltr'><strong>virtutum,</strong></span> <span class='ocrx_word' id='word_1_659' title='bbox 3746 4377 3841 4429; x_wconf 85' lang='lat' dir='ltr'><strong>erit</strong></span> 
     </span>
    </p>
   </div>
   <div class='ocr_carea' id='block_1_90' title="bbox 2268 4456 3838 4535">
    <p class='ocr_par' dir='ltr' id='par_1_90' title="bbox 2268 4456 3838 4535">
     <span class='ocr_line' id='line_1_90' title="bbox 2268 4456 3838 4535; baseline 0.01 -27"><span class='ocrx_word' id='word_1_660' title='bbox 2268 4456 2470 4509; x_wconf 90' lang='lat' dir='ltr'><strong>oblatio</strong></span> <span class='ocrx_word' id='word_1_661' title='bbox 2502 4456 2699 4511; x_wconf 89' lang='lat' dir='ltr'><strong>simila.</strong></span> <span class='ocrx_word' id='word_1_662' title='bbox 2728 4458 2892 4513; x_wconf 90' lang='lat' dir='ltr'><strong>Paulo</strong></span> <span class='ocrx_word' id='word_1_663' title='bbox 2907 4470 3027 4529; x_wconf 90' lang='lat' dir='ltr'><strong>post</strong></span> <span class='ocrx_word' id='word_1_664' title='bbox 3043 4461 3211 4525; x_wconf 87' lang='lat' dir='ltr'><strong>enim,</strong></span> <span class='ocrx_word' id='word_1_665' title='bbox 3236 4480 3359 4516; x_wconf 90' lang='lat' dir='ltr'><strong>cum</strong></span> <span class='ocrx_word' id='word_1_666' title='bbox 3380 4480 3476 4533; x_wconf 90' lang='lat' dir='ltr'><strong>pro</strong></span> <span class='ocrx_word' id='word_1_667' title='bbox 3499 4469 3741 4535; x_wconf 84' lang='lat' dir='ltr'><strong>peccatis</strong></span> <span class='ocrx_word' id='word_1_668' title='bbox 3760 4484 3838 4522; x_wconf 82' lang='lat' dir='ltr'><strong>sa-</strong></span> 
     </span>
    </p>
   </div>
   <div class='ocr_carea' id='block_1_91' title="bbox 589 4548 3853 4626">
    <p class='ocr_par' dir='ltr' id='par_1_91' title="bbox 589 4548 3853 4626">
     <span class='ocr_line' id='line_1_91' title="bbox 589 4548 3853 4626; baseline 0.007 -31"><span class='ocrx_word' id='word_1_669' title='bbox 589 4571 787 4624; x_wconf 60' lang='lat' dir='ltr'><strong>c(,rpus</strong></span> <span class='ocrx_word' id='word_1_670' title='bbox 825 4573 837 4608; x_wconf 70' lang='grc' dir='ltr'>ε</span> <span class='ocrx_word' id='word_1_671' title='bbox 872 4555 1136 4626; x_wconf 67' lang='grc' dir='ltr'><strong>ίηιυειηυιῃ</strong></span> <span class='ocrx_word' id='word_1_672' title='bbox 1174 4554 1373 4624; x_wconf 68' lang='lat' dir='ltr'><strong>quippe</strong></span> <span class='ocrx_word' id='word_1_673' title='bbox 1398 4554 1517 4623; x_wconf 74' lang='lat' dir='ltr'><strong>ejus</strong></span> <span class='ocrx_word' id='word_1_674' title='bbox 1546 4569 1744 4623; x_wconf 77' lang='lat' dir='ltr'><strong>corpus</strong></span> <span class='ocrx_word' id='word_1_675' title='bbox 1770 4561 1824 4607; x_wconf 70' lang='lat' dir='ltr'><strong>et</strong></span> <span class='ocrx_word' id='word_1_676' title='bbox 1845 4555 2025 4608; x_wconf 71' lang='lat' dir='ltr'><strong>anima</strong></span> <span class='ocrx_word' id='word_1_677' title='bbox 2057 4564 2158 4615; x_wconf 72' lang='lat' dir='ltr'><strong>est,</strong></span> <span class='ocrx_word' id='word_1_678' title='bbox 2196 4559 2237 4612; x_wconf 77' lang='grc' dir='ltr'>υ</span> <span class='ocrx_word' id='word_1_679' title='bbox 2267 4548 2469 4603; x_wconf 88' lang='lat' dir='ltr'><strong>criﬁcia</strong></span> <span class='ocrx_word' id='word_1_680' title='bbox 2492 4550 2753 4619; x_wconf 88' lang='lat' dir='ltr'><strong>disponit,</strong></span> <span class='ocrx_word' id='word_1_681' title='bbox 2784 4568 2907 4606; x_wconf 89' lang='lat' dir='ltr'><strong>eum</strong></span> <span class='ocrx_word' id='word_1_682' title='bbox 2944 4554 3036 4623; x_wconf 89' lang='lat' dir='ltr'><strong>qui</strong></span> <span class='ocrx_word' id='word_1_683' title='bbox 3082 4570 3186 4609; x_wconf 91' lang='lat' dir='ltr'><strong>nec</strong></span> <span class='ocrx_word' id='word_1_684' title='bbox 3215 4571 3373 4610; x_wconf 89' lang='lat' dir='ltr'><strong>ovem</strong></span> <span class='ocrx_word' id='word_1_685' title='bbox 3422 4558 3589 4614; x_wconf 86' lang='lat' dir='ltr'><strong>habet</strong></span> <span class='ocrx_word' id='word_1_686' title='bbox 3612 4578 3715 4617; x_wconf 89' lang='lat' dir='ltr'><strong>nec</strong></span> <span class='ocrx_word' id='word_1_687' title='bbox 3757 4548 3853 4617; x_wconf 45' lang='grc' dir='ltr'>ρειαί</span> 
     </span>
    </p>
   </div>
   <div class='ocr_carea' id='block_1_92' title="bbox 586 4646 2167 4716">
    <p class='ocr_par' dir='ltr' id='par_1_92' title="bbox 586 4646 2167 4716">
     <span class='ocr_line' id='line_1_92' title="bbox 586 4646 2167 4716; baseline -0.001 -16"><span class='ocrx_word' id='word_1_688' title='bbox 586 4648 680 4702; x_wconf 82' lang='lat' dir='ltr'><strong>sed</strong></span> <span class='ocrx_word' id='word_1_689' title='bbox 715 4655 770 4701; x_wconf 88' lang='lat' dir='ltr'><strong>et</strong></span> <span class='ocrx_word' id='word_1_690' title='bbox 798 4648 1044 4715; x_wconf 78' lang='lat' dir='ltr'><strong>spiritus,</strong></span> <span class='ocrx_word' id='word_1_691' title='bbox 1078 4650 1376 4702; x_wconf 87' lang='lat' dir='ltr'><strong>secundum</strong></span> <span class='ocrx_word' id='word_1_692' title='bbox 1404 4647 1545 4716; x_wconf 82' lang='lat' dir='ltr'><strong>quod</strong></span> <span class='ocrx_word' id='word_1_693' title='bbox 1582 4647 1714 4700; x_wconf 78' lang='lat' dir='ltr'><strong>dixit</strong></span> <span class='ocrx_word' id='word_1_694' title='bbox 1770 4646 1968 4700; x_wconf 88' lang='lat' dir='ltr'><strong>Paulus</strong></span> <span class='ocrx_word' id='word_1_695' title='bbox 1997 4664 2010 4699; x_wconf 88' lang='lat'>:</span> <span class='ocrx_word' id='word_1_696' title='bbox 2042 4646 2167 4699; x_wconf 87' lang='lat' dir='ltr'><strong>Sine</strong></span> 
     </span>
    </p>
   </div>
   <div class='ocr_carea' id='block_1_93' title="bbox 587 4737 2168 4811">
    <p class='ocr_par' dir='ltr' id='par_1_93' title="bbox 587 4737 2168 4811">
     <span class='ocr_line' id='line_1_93' title="bbox 587 4737 2168 4811; baseline -0.003 -18"><span class='ocrx_word' id='word_1_697' title='bbox 587 4739 796 4811; x_wconf 86' lang='lat' dir='ltr'><strong>querela</strong></span> <span class='ocrx_word' id='word_1_698' title='bbox 817 4740 869 4792; x_wconf 88' lang='lat' dir='ltr'><strong>in</strong></span> <span class='ocrx_word' id='word_1_699' title='bbox 888 4740 1166 4793; x_wconf 84' lang='lat' dir='ltr'><strong>adventum</strong></span> <span class='ocrx_word' id='word_1_700' title='bbox 1196 4740 1405 4793; x_wconf 83' lang='lat' dir='ltr'><strong>Domini</strong></span> <span class='ocrx_word' id='word_1_701' title='bbox 1427 4738 1796 4792; x_wconf 75' lang='lat' dir='ltr'><strong>custoditur&quot;.</strong></span> <span class='ocrx_word' id='word_1_702' title='bbox 1822 4737 1888 4790; x_wconf 87' lang='lat' dir='ltr'><strong>Et</strong></span> <span class='ocrx_word' id='word_1_703' title='bbox 1918 4746 2168 4806; x_wconf 86' lang='lat' dir='ltr'><strong>propter-</strong></span> 
     </span>
    </p>
   </div>
   <div class='ocr_carea' id='block_1_94' title="bbox 586 4829 2168 4902">
    <p class='ocr_par' dir='ltr' id='par_1_94' title="bbox 586 4829 2168 4902">
     <span class='ocr_line' id='line_1_94' title="bbox 586 4829 2168 4902; baseline -0.001 -15"><span class='ocrx_word' id='word_1_704' title='bbox 586 4850 648 4888; x_wconf 89' lang='lat' dir='ltr'><strong>ea</strong></span> <span class='ocrx_word' id='word_1_705' title='bbox 686 4831 959 4902; x_wconf 88' lang='lat' dir='ltr'><strong>superﬂua</strong></span> <span class='ocrx_word' id='word_1_706' title='bbox 1011 4833 1065 4886; x_wconf 91' lang='lat' dir='ltr'><strong>in</strong></span> <span class='ocrx_word' id='word_1_707' title='bbox 1106 4832 1187 4887; x_wconf 90' lang='lat' dir='ltr'><strong>eis</strong></span> <span class='ocrx_word' id='word_1_708' title='bbox 1246 4833 1615 4886; x_wconf 89' lang='lat' dir='ltr'><strong>membrorum</strong></span> <span class='ocrx_word' id='word_1_709' title='bbox 1661 4831 1859 4885; x_wconf 87' lang='lat' dir='ltr'><strong>divisio</strong></span> <span class='ocrx_word' id='word_1_710' title='bbox 1888 4840 1994 4889; x_wconf 88' lang='lat' dir='ltr'><strong>est.</strong></span> <span class='ocrx_word' id='word_1_711' title='bbox 2028 4829 2168 4885; x_wconf 89' lang='lat' dir='ltr'><strong>inte-</strong></span> 
     </span>
    </p>
   </div>
   <div class='ocr_carea' id='block_1_95' title="bbox 586 4922 2167 4995">
    <p class='ocr_par' dir='ltr' id='par_1_95' title="bbox 586 4922 2167 4995">
     <span class='ocr_line' id='line_1_95' title="bbox 586 4922 2167 4995; baseline -0.001 -17"><span class='ocrx_word' id='word_1_712' title='bbox 586 4940 741 4993; x_wconf 84' lang='lat' dir='ltr'><strong>grum</strong></span> <span class='ocrx_word' id='word_1_713' title='bbox 771 4924 916 4977; x_wconf 89' lang='lat' dir='ltr'><strong>enim</strong></span> <span class='ocrx_word' id='word_1_714' title='bbox 945 4938 1111 4993; x_wconf 85' lang='lat' dir='ltr'><strong>super</strong></span> <span class='ocrx_word' id='word_1_715' title='bbox 1144 4924 1480 4995; x_wconf 83' lang='lat' dir='ltr'><strong>intelligibile</strong></span> <span class='ocrx_word' id='word_1_716' title='bbox 1521 4924 1710 4987; x_wconf 88' lang='lat' dir='ltr'><strong>altare,</strong></span> <span class='ocrx_word' id='word_1_717' title='bbox 1738 4932 1791 4977; x_wconf 88' lang='lat' dir='ltr'><strong>et</strong></span> <span class='ocrx_word' id='word_1_718' title='bbox 1820 4938 1987 4992; x_wconf 87' lang='lat' dir='ltr'><strong>super</strong></span> <span class='ocrx_word' id='word_1_719' title='bbox 2020 4922 2167 4993; x_wconf 87' lang='lat' dir='ltr'><strong>ligna</strong></span> 
     </span>
    </p>
   </div>
   <div class='ocr_carea' id='block_1_96' title="bbox 585 5013 2163 5086">
    <p class='ocr_par' dir='ltr' id='par_1_96' title="bbox 585 5013 2163 5086">
     <span class='ocr_line' id='line_1_96' title="bbox 585 5013 2163 5086; baseline -0.003 -17"><span class='ocrx_word' id='word_1_720' title='bbox 585 5017 785 5086; x_wconf 88' lang='lat' dir='ltr'><strong>quibus</strong></span> <span class='ocrx_word' id='word_1_721' title='bbox 821 5014 1112 5083; x_wconf 88' lang='lat' dir='ltr'><strong>subjicitur</strong></span> <span class='ocrx_word' id='word_1_722' title='bbox 1142 5014 1304 5085; x_wconf 80' lang='lat' dir='ltr'><strong>ignis,</strong></span> <span class='ocrx_word' id='word_1_723' title='bbox 1338 5015 1565 5069; x_wconf 75' lang='lat' dir='ltr'><strong>oﬂ‘ertur</strong></span> <span class='ocrx_word' id='word_1_724' title='bbox 1589 5032 1599 5067; x_wconf 93' lang='lat'><strong>:</strong></span> <span class='ocrx_word' id='word_1_725' title='bbox 1627 5029 1805 5083; x_wconf 88' lang='lat' dir='ltr'><strong>neque</strong></span> <span class='ocrx_word' id='word_1_726' title='bbox 1831 5014 1974 5068; x_wconf 91' lang='lat' dir='ltr'><strong>enim</strong></span> <span class='ocrx_word' id='word_1_727' title='bbox 2007 5013 2163 5067; x_wconf 87' lang='lat' dir='ltr'><strong>aliter</strong></span> 
     </span>
    </p>
   </div>
   <div class='ocr_carea' id='block_1_97' title="bbox 586 5103 2161 5175">
    <p class='ocr_par' dir='ltr' id='par_1_97' title="bbox 586 5103 2161 5175">
     <span class='ocr_line' id='line_1_97' title="bbox 586 5103 2161 5175; baseline -0.004 -12"><span class='ocrx_word' id='word_1_728' title='bbox 586 5108 915 5164; x_wconf 88' lang='lat' dir='ltr'><strong>sacriﬁcium</strong></span> <span class='ocrx_word' id='word_1_729' title='bbox 966 5106 1300 5175; x_wconf 68' lang='lat' dir='ltr'><strong>acceptabile</strong></span> <span class='ocrx_word' id='word_1_730' title='bbox 1351 5106 1600 5169; x_wconf 87' lang='lat' dir='ltr'><strong>eﬂicitur,</strong></span> <span class='ocrx_word' id='word_1_731' title='bbox 1653 5104 1755 5158; x_wconf 91' lang='lat' dir='ltr'><strong>nisi</strong></span> <span class='ocrx_word' id='word_1_732' title='bbox 1814 5103 2161 5157; x_wconf 86' lang='lat' dir='ltr'><strong>meditatione</strong></span> 
     </span>
    </p>
   </div>
   <div class='ocr_carea' id='block_1_98' title="bbox 585 5196 2162 5270">
    <p class='ocr_par' dir='ltr' id='par_1_98' title="bbox 585 5196 2162 5270">
     <span class='ocr_line' id='line_1_98' title="bbox 585 5196 2162 5270; baseline -0.003 -17"><span class='ocrx_word' id='word_1_733' title='bbox 585 5200 842 5270; x_wconf 80' lang='lat' dir='ltr'><strong>spiritalis</strong></span> <span class='ocrx_word' id='word_1_734' title='bbox 868 5200 1022 5269; x_wconf 83' lang='lat' dir='ltr'><strong>legis,</strong></span> <span class='ocrx_word' id='word_1_735' title='bbox 1055 5208 1110 5253; x_wconf 91' lang='lat' dir='ltr'><strong>et</strong></span> <span class='ocrx_word' id='word_1_736' title='bbox 1148 5208 1275 5252; x_wconf 90' lang='lat' dir='ltr'><strong>tunc</strong></span> <span class='ocrx_word' id='word_1_737' title='bbox 1322 5198 1697 5251; x_wconf 87' lang='lat' dir='ltr'><strong>holocaustum</strong></span> <span class='ocrx_word' id='word_1_738' title='bbox 1728 5206 1782 5251; x_wconf 87' lang='lat' dir='ltr'><strong>et</strong></span> <span class='ocrx_word' id='word_1_739' title='bbox 1808 5196 2008 5249; x_wconf 86' lang='lat' dir='ltr'><strong>oblatio</strong></span> <span class='ocrx_word' id='word_1_740' title='bbox 2034 5212 2162 5249; x_wconf 88' lang='lat' dir='ltr'><strong>sua-</strong></span> 
     </span>
    </p>
   </div>
   <div class='ocr_carea' id='block_1_99' title="bbox 562 5288 2163 5357">
    <p class='ocr_par' dir='ltr' id='par_1_99' title="bbox 562 5288 2163 5357">
     <span class='ocr_line' id='line_1_99' title="bbox 562 5288 2163 5357; baseline -0.001 -13"><span class='ocrx_word' id='word_1_741' title='bbox 562 5291 789 5353; x_wconf 88' lang='lat' dir='ltr'><strong>_vissimi</strong></span> <span class='ocrx_word' id='word_1_742' title='bbox 813 5291 993 5345; x_wconf 77' lang='lat' dir='ltr'><strong>odoris</strong></span> <span class='ocrx_word' id='word_1_743' title='bbox 1024 5289 1255 5344; x_wconf 90' lang='lat' dir='ltr'><strong>Domino</strong></span> <span class='ocrx_word' id='word_1_744' title='bbox 1301 5289 1567 5357; x_wconf 88' lang='lat' dir='ltr'><strong>reperitur</strong></span> <span class='ocrx_word' id='word_1_745' title='bbox 1608 5289 1699 5356; x_wconf 90' lang='lat' dir='ltr'><strong>qui</strong></span> <span class='ocrx_word' id='word_1_746' title='bbox 1729 5302 1943 5357; x_wconf 89' lang='lat' dir='ltr'><strong>semper</strong></span> <span class='ocrx_word' id='word_1_747' title='bbox 1966 5288 2163 5342; x_wconf 90' lang='lat' dir='ltr'><strong>odora-</strong></span> 
     </span>
    </p>
   </div>
   <div class='ocr_carea' id='block_1_100' title="bbox 586 5376 2159 5451">
    <p class='ocr_par' dir='ltr' id='par_1_100' title="bbox 586 5376 2159 5451">
     <span class='ocr_line' id='line_1_100' title="bbox 586 5376 2159 5451; baseline -0.003 -15"><span class='ocrx_word' id='word_1_748' title='bbox 586 5392 675 5451; x_wconf 84' lang='lat' dir='ltr'><strong>tur</strong></span> <span class='ocrx_word' id='word_1_749' title='bbox 695 5376 1018 5436; x_wconf 78' lang='lat' dir='ltr'><strong>sacriﬁCium</strong></span> <span class='ocrx_word' id='word_1_750' title='bbox 1042 5392 1313 5441; x_wconf 87' lang='lat' dir='ltr'><strong>nostrum,</strong></span> <span class='ocrx_word' id='word_1_751' title='bbox 1336 5388 1389 5433; x_wconf 90' lang='lat' dir='ltr'><strong>et</strong></span> <span class='ocrx_word' id='word_1_752' title='bbox 1443 5377 1872 5446; x_wconf 87' lang='lat' dir='ltr'><strong>uniuscujusque</strong></span> <span class='ocrx_word' id='word_1_753' title='bbox 1913 5388 2159 5432; x_wconf 90' lang='lat' dir='ltr'><strong>nostrum</strong></span> 
     </span>
    </p>
   </div>
   <div class='ocr_carea' id='block_1_101' title="bbox 583 5466 2159 5539">
    <p class='ocr_par' dir='ltr' id='par_1_101' title="bbox 583 5466 2159 5539">
     <span class='ocr_line' id='line_1_101' title="bbox 583 5466 2159 5539; baseline -0.001 -13"><span class='ocrx_word' id='word_1_754' title='bbox 583 5474 750 5527; x_wconf 85' lang='lat' dir='ltr'><strong>vitam</strong></span> <span class='ocrx_word' id='word_1_755' title='bbox 784 5473 897 5526; x_wconf 85' lang='lat' dir='ltr'><strong>sive</strong></span> <span class='ocrx_word' id='word_1_756' title='bbox 948 5471 1417 5527; x_wconf 89' lang='lat' dir='ltr'><strong>conversationem</strong></span> <span class='ocrx_word' id='word_1_757' title='bbox 1452 5509 1466 5531; x_wconf 97' lang='lat'><strong>,</strong></span> <span class='ocrx_word' id='word_1_758' title='bbox 1522 5484 1592 5523; x_wconf 88' lang='lat' dir='ltr'><strong>an</strong></span> <span class='ocrx_word' id='word_1_759' title='bbox 1643 5469 1941 5522; x_wconf 88' lang='lat' dir='ltr'><strong>secundum</strong></span> <span class='ocrx_word' id='word_1_760' title='bbox 1989 5466 2159 5539; x_wconf 86' lang='lat' dir='ltr'><strong>legem</strong></span> 
     </span>
    </p>
   </div>
   <div class='ocr_carea' id='block_1_102' title="bbox 579 5564 1471 5635">
    <p class='ocr_par' dir='ltr' id='par_1_102' title="bbox 579 5564 1471 5635">
     <span class='ocr_line' id='line_1_102' title="bbox 579 5564 1471 5635; baseline -0.002 -20"><span class='ocrx_word' id='word_1_761' title='bbox 579 5580 701 5635; x_wconf 69' lang='lat' dir='ltr'><strong>quae</strong></span> <span class='ocrx_word' id='word_1_762' title='bbox 733 5564 801 5617; x_wconf 90' lang='lat' dir='ltr'><strong>ab</strong></span> <span class='ocrx_word' id='word_1_763' title='bbox 827 5580 893 5620; x_wconf 83' lang='lat' dir='ltr'><strong>eo</strong></span> <span class='ocrx_word' id='word_1_764' title='bbox 921 5565 1043 5619; x_wconf 85' lang='lat' dir='ltr'><strong>data</strong></span> <span class='ocrx_word' id='word_1_765' title='bbox 1061 5574 1165 5628; x_wconf 88' lang='lat' dir='ltr'><strong>est,</strong></span> <span class='ocrx_word' id='word_1_766' title='bbox 1192 5564 1471 5617; x_wconf 74' lang='lat' dir='ltr'><strong>oﬂeratur.</strong></span> 
     </span>
    </p>
   </div>
   <div class='ocr_carea' id='block_1_103' title="bbox 2267 4650 3837 4728">
    <p class='ocr_par' dir='ltr' id='par_1_103' title="bbox 2267 4650 3837 4728">
     <span class='ocr_line' id='line_1_103' title="bbox 2267 4650 3837 4728; baseline 0.011 -32"><span class='ocrx_word' id='word_1_767' title='bbox 2267 4654 2706 4714; x_wconf 87' lang='lat' dir='ltr'><strong>pram,turtures</strong></span> <span class='ocrx_word' id='word_1_768' title='bbox 2737 4657 2790 4701; x_wconf 91' lang='lat' dir='ltr'><strong>et</strong></span> <span class='ocrx_word' id='word_1_769' title='bbox 2839 4650 3013 4718; x_wconf 85' lang='lat' dir='ltr'><strong>pullos</strong></span> <span class='ocrx_word' id='word_1_770' title='bbox 3063 4651 3440 4707; x_wconf 88' lang='lat' dir='ltr'><strong>columbarum</strong></span> <span class='ocrx_word' id='word_1_771' title='bbox 3488 4657 3687 4711; x_wconf 77' lang='lat' dir='ltr'><strong>offerre</strong></span> <span class='ocrx_word' id='word_1_772' title='bbox 3711 4675 3837 4728; x_wconf 76' lang='lat' dir='ltr'><strong>pra:—</strong></span> 
     </span>
    </p>
   </div>
   <div class='ocr_carea' id='block_1_104' title="bbox 2264 4737 3835 4806">
    <p class='ocr_par' dir='ltr' id='par_1_104' title="bbox 2264 4737 3835 4806">
     <span class='ocr_line' id='line_1_104' title="bbox 2264 4737 3835 4806; baseline 0.008 -17"><span class='ocrx_word' id='word_1_773' title='bbox 2264 4737 2410 4806; x_wconf 78' lang='lat' dir='ltr'><strong>(epit</strong></span> <span class='ocrx_word' id='word_1_774' title='bbox 2438 4754 2456 4805; x_wconf 81' lang='lat'><strong>;</strong></span> <span class='ocrx_word' id='word_1_775' title='bbox 2486 4739 2578 4806; x_wconf 91' lang='lat' dir='ltr'><strong>qui</strong></span> <span class='ocrx_word' id='word_1_776' title='bbox 2613 4749 2795 4793; x_wconf 90' lang='lat' dir='ltr'><strong>autem</strong></span> <span class='ocrx_word' id='word_1_777' title='bbox 2832 4756 2930 4794; x_wconf 85' lang='lat' dir='ltr'><strong>nec</strong></span> <span class='ocrx_word' id='word_1_778' title='bbox 2964 4742 3065 4796; x_wconf 92' lang='lat' dir='ltr'><strong>hoc</strong></span> <span class='ocrx_word' id='word_1_779' title='bbox 3098 4743 3282 4803; x_wconf 86' lang='lat' dir='ltr'><strong>habet,</strong></span> <span class='ocrx_word' id='word_1_780' title='bbox 3319 4745 3554 4801; x_wconf 90' lang='lat' dir='ltr'><strong>similam</strong></span> <span class='ocrx_word' id='word_1_781' title='bbox 3582 4764 3708 4803; x_wconf 87' lang='lat' dir='ltr'><strong>eum</strong></span> <span class='ocrx_word' id='word_1_782' title='bbox 3725 4765 3835 4803; x_wconf 83' lang='lat' dir='ltr'><strong>san-</strong></span> 
     </span>
    </p>
   </div>
   <div class='ocr_carea' id='block_1_105' title="bbox 2264 4829 3833 4911">
    <p class='ocr_par' dir='ltr' id='par_1_105' title="bbox 2264 4829 3833 4911">
     <span class='ocr_line' id='line_1_105' title="bbox 2264 4829 3833 4911; baseline 0.009 -30"><span class='ocrx_word' id='word_1_783' title='bbox 2264 4830 2336 4882; x_wconf 87' lang='lat' dir='ltr'><strong>cit</strong></span> <span class='ocrx_word' id='word_1_784' title='bbox 2364 4829 2580 4885; x_wconf 72' lang='lat' dir='ltr'><strong>oﬂ‘errc.</strong></span> <span class='ocrx_word' id='word_1_785' title='bbox 2615 4830 2730 4885; x_wconf 87' lang='lat' dir='ltr'><strong>Non</strong></span> <span class='ocrx_word' id='word_1_786' title='bbox 2764 4833 3039 4903; x_wconf 88' lang='lat' dir='ltr'><strong>enimjam</strong></span> <span class='ocrx_word' id='word_1_787' title='bbox 3067 4851 3129 4889; x_wconf 81' lang='lat' dir='ltr'><strong>ex</strong></span> <span class='ocrx_word' id='word_1_788' title='bbox 3166 4837 3448 4905; x_wconf 88' lang='lat' dir='ltr'><strong>operibus,</strong></span> <span class='ocrx_word' id='word_1_789' title='bbox 3484 4850 3674 4910; x_wconf 89' lang='lat' dir='ltr'><strong>utpote</strong></span> <span class='ocrx_word' id='word_1_790' title='bbox 3708 4858 3833 4911; x_wconf 84' lang='lat' dir='ltr'><strong>pau-</strong></span> 
     </span>
    </p>
   </div>
   <div class='ocr_carea' id='block_1_106' title="bbox 2266 4921 3827 4995">
    <p class='ocr_par' dir='ltr' id='par_1_106' title="bbox 2266 4921 3827 4995">
     <span class='ocr_line' id='line_1_106' title="bbox 2266 4921 3827 4995; baseline 0.005 -25"><span class='ocrx_word' id='word_1_791' title='bbox 2266 4935 2361 4988; x_wconf 81' lang='lat' dir='ltr'><strong>per</strong></span> <span class='ocrx_word' id='word_1_792' title='bbox 2390 4921 2698 4985; x_wconf 87' lang='lat' dir='ltr'><strong>virtutibus,</strong></span> <span class='ocrx_word' id='word_1_793' title='bbox 2730 4922 2821 4976; x_wconf 88' lang='lat' dir='ltr'><strong>sed</strong></span> <span class='ocrx_word' id='word_1_794' title='bbox 2879 4924 2989 4977; x_wconf 86' lang='lat' dir='ltr'><strong>sola</strong></span> <span class='ocrx_word' id='word_1_795' title='bbox 3045 4924 3136 4977; x_wconf 87' lang='lat' dir='ltr'><strong>Dei</strong></span> <span class='ocrx_word' id='word_1_796' title='bbox 3198 4926 3510 4995; x_wconf 80' lang='lat' dir='ltr'><strong>cognitione</strong></span> <span class='ocrx_word' id='word_1_797' title='bbox 3553 4930 3827 4982; x_wconf 82' lang='lat' dir='ltr'><strong>salvator:</strong></span> 
     </span>
    </p>
   </div>
   <div class='ocr_carea' id='block_1_107' title="bbox 2265 5011 3830 5087">
    <p class='ocr_par' dir='ltr' id='par_1_107' title="bbox 2265 5011 3830 5087">
     <span class='ocr_line' id='line_1_107' title="bbox 2265 5011 3830 5087; baseline 0.005 -24"><span class='ocrx_word' id='word_1_798' title='bbox 2265 5028 2385 5080; x_wconf 77' lang='lat' dir='ltr'><strong>qua:</strong></span> <span class='ocrx_word' id='word_1_799' title='bbox 2408 5011 2461 5063; x_wconf 91' lang='lat' dir='ltr'><strong>in</strong></span> <span class='ocrx_word' id='word_1_800' title='bbox 2509 5012 2627 5083; x_wconf 88' lang='lat' dir='ltr'><strong>lege</strong></span> <span class='ocrx_word' id='word_1_801' title='bbox 2656 5014 2828 5067; x_wconf 88' lang='lat' dir='ltr'><strong>simila</strong></span> <span class='ocrx_word' id='word_1_802' title='bbox 2852 5059 2868 5079; x_wconf 83' lang='grc'><em>,</em></span> <span class='ocrx_word' id='word_1_803' title='bbox 2903 5016 2956 5069; x_wconf 91' lang='lat' dir='ltr'><strong>in</strong></span> <span class='ocrx_word' id='word_1_804' title='bbox 3015 5014 3306 5087; x_wconf 80' lang='lat' dir='ltr'><strong>Evangelio</strong></span> <span class='ocrx_word' id='word_1_805' title='bbox 3336 5029 3517 5072; x_wconf 88' lang='lat' dir='ltr'><strong>autem</strong></span> <span class='ocrx_word' id='word_1_806' title='bbox 3547 5020 3715 5073; x_wconf 80' lang='lat' dir='ltr'><strong>farina</strong></span> <span class='ocrx_word' id='word_1_807' title='bbox 3744 5034 3830 5072; x_wconf 85' lang='lat' dir='ltr'><strong>no-</strong></span> 
     </span>
    </p>
   </div>
   <div class='ocr_carea' id='block_1_108' title="bbox 2260 5105 3827 5181">
    <p class='ocr_par' dir='ltr' id='par_1_108' title="bbox 2260 5105 3827 5181">
     <span class='ocr_line' id='line_1_108' title="bbox 2260 5105 3827 5181; baseline 0.006 -25"><span class='ocrx_word' id='word_1_808' title='bbox 2260 5105 2536 5171; x_wconf 88' lang='lat' dir='ltr'><strong>minatur;</strong></span> <span class='ocrx_word' id='word_1_809' title='bbox 2570 5105 2642 5159; x_wconf 89' lang='lat' dir='ltr'><strong>ait</strong></span> <span class='ocrx_word' id='word_1_810' title='bbox 2666 5106 2811 5160; x_wconf 90' lang='lat' dir='ltr'><strong>enim</strong></span> <span class='ocrx_word' id='word_1_811' title='bbox 2844 5108 3107 5162; x_wconf 85' lang='lat' dir='ltr'><strong>Dominus</strong></span> <span class='ocrx_word' id='word_1_812' title='bbox 3142 5126 3155 5162; x_wconf 91' lang='lat'><strong>:</strong></span> <span class='ocrx_word' id='word_1_813' title='bbox 3186 5109 3371 5164; x_wconf 86' lang='lat' dir='ltr'><strong>Simile</strong></span> <span class='ocrx_word' id='word_1_814' title='bbox 3401 5122 3477 5164; x_wconf 80' lang='lat' dir='ltr'><strong>est</strong></span> <span class='ocrx_word' id='word_1_815' title='bbox 3506 5127 3827 5181; x_wconf 69' lang='lat' dir='ltr'><strong>regnantem-</strong></span> 
     </span>
    </p>
   </div>
   <div class='ocr_carea' id='block_1_109' title="bbox 2263 5192 3824 5267">
    <p class='ocr_par' dir='ltr' id='par_1_109' title="bbox 2263 5192 3824 5267">
     <span class='ocr_line' id='line_1_109' title="bbox 2263 5192 3824 5267; baseline 0.003 -22"><span class='ocrx_word' id='word_1_816' title='bbox 2263 5192 2429 5247; x_wconf 89' lang='lat' dir='ltr'><strong>lorum</strong></span> <span class='ocrx_word' id='word_1_817' title='bbox 2463 5196 2735 5265; x_wconf 72' lang='lat' dir='ltr'><strong>fermento,</strong></span> <span class='ocrx_word' id='word_1_818' title='bbox 2769 5199 2905 5263; x_wconf 85' lang='lat' dir='ltr'><strong>quod</strong></span> <span class='ocrx_word' id='word_1_819' title='bbox 2931 5199 3122 5267; x_wconf 71' lang='lat' dir='ltr'><strong>accipit</strong></span> <span class='ocrx_word' id='word_1_820' title='bbox 3177 5198 3387 5262; x_wconf 87' lang='lat' dir='ltr'><strong>mulier,</strong></span> <span class='ocrx_word' id='word_1_821' title='bbox 3422 5210 3472 5253; x_wconf 83' lang='lat' dir='ltr'><strong>et</strong></span> <span class='ocrx_word' id='word_1_822' title='bbox 3494 5200 3751 5253; x_wconf 83' lang='lat' dir='ltr'><strong>abscondit</strong></span> <span class='ocrx_word' id='word_1_823' title='bbox 3776 5199 3824 5249; x_wconf 82' lang='lat' dir='ltr'><strong>itt</strong></span> 
     </span>
    </p>
   </div>
   <div class='ocr_carea' id='block_1_110' title="bbox 2262 5288 3833 5359">
    <p class='ocr_par' dir='ltr' id='par_1_110' title="bbox 2262 5288 3833 5359">
     <span class='ocr_line' id='line_1_110' title="bbox 2262 5288 3833 5359; baseline 0.003 -21"><span class='ocrx_word' id='word_1_824' title='bbox 2262 5288 2581 5357; x_wconf 75' lang='lat' dir='ltr'><strong>farinazsata</strong></span> <span class='ocrx_word' id='word_1_825' title='bbox 2616 5288 2740 5347; x_wconf 68' lang='lat' dir='ltr'><strong>(ria.</strong></span> <span class='ocrx_word' id='word_1_826' title='bbox 2775 5305 2937 5359; x_wconf 84' lang='lat' dir='ltr'><strong>usque</strong></span> <span class='ocrx_word' id='word_1_827' title='bbox 2969 5290 3095 5343; x_wconf 89' lang='lat' dir='ltr'><strong>dum</strong></span> <span class='ocrx_word' id='word_1_828' title='bbox 3141 5292 3551 5359; x_wconf 75' lang='lat' dir='ltr'><strong>{erntentaretur</strong></span> <span class='ocrx_word' id='word_1_829' title='bbox 3580 5302 3735 5344; x_wconf 83' lang='lat' dir='ltr'><strong>totum</strong></span> <span class='ocrx_word' id='word_1_830' title='bbox 3760 5289 3833 5351; x_wconf 77' lang='lat'><strong>&quot;,‘</strong></span> 
     </span>
    </p>
   </div>
   <div class='ocr_carea' id='block_1_111' title="bbox 2264 5376 3819 5449">
    <p class='ocr_par' dir='ltr' id='par_1_111' title="bbox 2264 5376 3819 5449">
     <span class='ocr_line' id='line_1_111' title="bbox 2264 5376 3819 5449; baseline 0.001 -20"><span class='ocrx_word' id='word_1_831' title='bbox 2264 5376 2561 5431; x_wconf 66' lang='lat' dir='ltr'><strong>lécclesiam</strong></span> <span class='ocrx_word' id='word_1_832' title='bbox 2592 5377 2924 5448; x_wconf 86' lang='lat' dir='ltr'><strong>signiﬁcans,</strong></span> <span class='ocrx_word' id='word_1_833' title='bbox 2976 5396 3096 5449; x_wconf 66' lang='lat' dir='ltr'><strong>quae</strong></span> <span class='ocrx_word' id='word_1_834' title='bbox 3125 5380 3179 5433; x_wconf 90' lang='lat' dir='ltr'><strong>in</strong></span> <span class='ocrx_word' id='word_1_835' title='bbox 3246 5379 3531 5436; x_wconf 85' lang='lat' dir='ltr'><strong>Trinitatis</strong></span> <span class='ocrx_word' id='word_1_836' title='bbox 3554 5383 3711 5436; x_wconf 89' lang='lat' dir='ltr'><strong>verbo</strong></span> <span class='ocrx_word' id='word_1_837' title='bbox 3730 5380 3819 5433; x_wconf 79' lang='lat' dir='ltr'><strong>fer-</strong></span> 
     </span>
    </p>
   </div>
   <div class='ocr_carea' id='block_1_112' title="bbox 2264 5469 3814 5540">
    <p class='ocr_par' dir='ltr' id='par_1_112' title="bbox 2264 5469 3814 5540">
     <span class='ocr_line' id='line_1_112' title="bbox 2264 5469 3814 5540; baseline -0.001 -18"><span class='ocrx_word' id='word_1_838' title='bbox 2264 5469 2775 5540; x_wconf 74' lang='lat' dir='ltr'><strong>rncntattheologiae</strong></span> <span class='ocrx_word' id='word_1_839' title='bbox 2802 5471 3138 5537; x_wconf 86' lang='lat' dir='ltr'><strong>mysterium.</strong></span> <span class='ocrx_word' id='word_1_840' title='bbox 3178 5470 3299 5525; x_wconf 66' lang='lat' dir='ltr'><strong>llaec</strong></span> <span class='ocrx_word' id='word_1_841' title='bbox 3347 5474 3521 5526; x_wconf 87' lang='lat' dir='ltr'><strong>simila</strong></span> <span class='ocrx_word' id='word_1_842' title='bbox 3539 5471 3814 5527; x_wconf 85' lang='lat' dir='ltr'><strong>secundum</strong></span> 
     </span>
    </p>
   </div>
   <div class='ocr_carea' id='block_1_113' title="bbox 2265 5560 3812 5640">
    <p class='ocr_par' dir='ltr' id='par_1_113' title="bbox 2265 5560 3812 5640">
     <span class='ocr_line' id='line_1_113' title="bbox 2265 5560 3812 5640; baseline 0 -27"><span class='ocrx_word' id='word_1_843' title='bbox 2265 5561 2438 5632; x_wconf 87' lang='lat' dir='ltr'><strong>legem</strong></span> <span class='ocrx_word' id='word_1_844' title='bbox 2470 5560 2686 5627; x_wconf 85' lang='lat' dir='ltr'><strong>dicitur,</strong></span> <span class='ocrx_word' id='word_1_845' title='bbox 2726 5562 2867 5615; x_wconf 88' lang='lat' dir='ltr'><strong>unde</strong></span> <span class='ocrx_word' id='word_1_846' title='bbox 2898 5570 2953 5640; x_wconf 70' lang='lat' dir='ltr'><strong>et</strong></span> <span class='ocrx_word' id='word_1_847' title='bbox 2994 5572 3103 5618; x_wconf 86' lang='lat' dir='ltr'><strong>tres</strong></span> <span class='ocrx_word' id='word_1_848' title='bbox 3150 5564 3390 5620; x_wconf 88' lang='lat' dir='ltr'><strong>decimas</strong></span> <span class='ocrx_word' id='word_1_849' title='bbox 3412 5566 3598 5620; x_wconf 82' lang='lat' dir='ltr'><strong>simila:</strong></span> <span class='ocrx_word' id='word_1_850' title='bbox 3637 5563 3812 5618; x_wconf 79' lang='lat' dir='ltr'><strong>oﬂcrre</strong></span> 
     </span>
    </p>
   </div>
   <div class='ocr_carea' id='block_1_114' title="bbox 674 5780 3807 5853">
    <p class='ocr_par' dir='ltr' id='par_1_114' title="bbox 674 5780 3807 5853">
     <span class='ocr_line' id='line_1_114' title="bbox 674 5780 3807 5853; baseline -0.001 -12"><span class='ocrx_word' id='word_1_851' title='bbox 674 5790 713 5819; x_wconf 82' lang='lat'>“</span> <span class='ocrx_word' id='word_1_852' title='bbox 743 5789 758 5841; x_wconf 92' lang='lat' dir='ltr'><strong>l</strong></span> <span class='ocrx_word' id='word_1_853' title='bbox 788 5788 915 5842; x_wconf 80' lang='lat' dir='ltr'><strong>Cor.</strong></span> <span class='ocrx_word' id='word_1_854' title='bbox 950 5805 1069 5849; x_wconf 81' lang='lat' dir='ltr'><strong>\‘lll,</strong></span> <span class='ocrx_word' id='word_1_855' title='bbox 1106 5787 1154 5843; x_wconf 83' lang='grc'><strong>1.</strong></span> <span class='ocrx_word' id='word_1_856' title='bbox 1263 5789 1306 5818; x_wconf 84' lang='lat'>“</span> <span class='ocrx_word' id='word_1_857' title='bbox 1346 5787 1479 5841; x_wconf 79' lang='lat' dir='ltr'><strong>ibid.</strong></span> <span class='ocrx_word' id='word_1_858' title='bbox 1525 5786 1581 5841; x_wconf 72' lang='lat'><strong>2.</strong></span> <span class='ocrx_word' id='word_1_859' title='bbox 1658 5786 1703 5816; x_wconf 78' lang='grc'><strong>⁸³</strong></span> <span class='ocrx_word' id='word_1_860' title='bbox 1734 5784 1946 5839; x_wconf 85' lang='lat' dir='ltr'><strong>Coloss.</strong></span> <span class='ocrx_word' id='word_1_861' title='bbox 1981 5800 2041 5843; x_wconf 82' lang='grc' dir='ltr'>ιι,</span> <span class='ocrx_word' id='word_1_862' title='bbox 2071 5784 2122 5837; x_wconf 71' lang='grc'><strong>1.</strong></span> <span class='ocrx_word' id='word_1_863' title='bbox 2226 5783 2270 5813; x_wconf 62' lang='grc'><strong>⁸⁸</strong></span> <span class='ocrx_word' id='word_1_864' title='bbox 2304 5783 2469 5839; x_wconf 77' lang='lat' dir='ltr'><strong>Eccii.</strong></span> <span class='ocrx_word' id='word_1_865' title='bbox 2504 5801 2585 5849; x_wconf 83' lang='lat' dir='ltr'><strong>tu,</strong></span> <span class='ocrx_word' id='word_1_866' title='bbox 2615 5784 2707 5838; x_wconf 74' lang='lat'><strong>9.9..</strong></span> <span class='ocrx_word' id='word_1_867' title='bbox 2785 5786 2829 5816; x_wconf 77' lang='grc'><strong>⁸⁵</strong></span> <span class='ocrx_word' id='word_1_868' title='bbox 2852 5784 2986 5841; x_wconf 86' lang='lat' dir='ltr'><strong>Gen.</strong></span> <span class='ocrx_word' id='word_1_869' title='bbox 3021 5801 3178 5849; x_wconf 81' lang='lat' dir='ltr'><strong>xvm,</strong></span> <span class='ocrx_word' id='word_1_870' title='bbox 3210 5787 3301 5840; x_wconf 72' lang='lat'><strong>27.</strong></span> <span class='ocrx_word' id='word_1_871' title='bbox 3380 5788 3422 5819; x_wconf 74' lang='lat'><strong>&quot;</strong></span> <span class='ocrx_word' id='word_1_872' title='bbox 3456 5786 3589 5845; x_wconf 79' lang='lat' dir='ltr'><strong>Gen.</strong></span> <span class='ocrx_word' id='word_1_873' title='bbox 3620 5780 3698 5853; x_wconf 65' lang='lat' dir='ltr'><strong>xv,</strong></span> <span class='ocrx_word' id='word_1_874' title='bbox 3732 5785 3807 5841; x_wconf 87' lang='lat' dir='ltr'><strong>l0.</strong></span> 
     </span>
    </p>
   </div>
   <div class='ocr_carea' id='block_1_115' title="bbox 577 5859 1086 5925">
    <p class='ocr_par' dir='ltr' id='par_1_115' title="bbox 577 5859 1086 5925">
     <span class='ocr_line' id='line_1_115' title="bbox 577 5859 1086 5925; baseline 0 -11"><span class='ocrx_word' id='word_1_875' title='bbox 577 5860 620 5891; x_wconf 84' lang='grc'><strong>⁸⁷</strong></span> <span class='ocrx_word' id='word_1_876' title='bbox 648 5860 663 5914; x_wconf 93' lang='lat' dir='ltr'><strong>l</strong></span> <span class='ocrx_word' id='word_1_877' title='bbox 697 5859 961 5925; x_wconf 80' lang='lat' dir='ltr'><strong>Thcss.v,</strong></span> <span class='ocrx_word' id='word_1_878' title='bbox 994 5860 1086 5914; x_wconf 71' lang='lat'><strong>25.</strong></span> 
     </span>
    </p>
   </div>
   <div class='ocr_carea' id='block_1_116' title="bbox 1164 5853 3295 5939">
    <p class='ocr_par' dir='ltr' id='par_1_116' title="bbox 1164 5853 3295 5939">
     <span class='ocr_line' id='line_1_116' title="bbox 1164 5853 3295 5939; baseline 0.001 -28"><span class='ocrx_word' id='word_1_879' title='bbox 1164 5858 1208 5891; x_wconf 79' lang='grc'><strong>⁸⁸</strong></span> <span class='ocrx_word' id='word_1_880' title='bbox 1230 5857 1399 5913; x_wconf 78' lang='lat' dir='ltr'><strong>Exod.</strong></span> <span class='ocrx_word' id='word_1_881' title='bbox 1430 5858 1534 5924; x_wconf 83' lang='lat' dir='ltr'><strong>t,5.</strong></span> <span class='ocrx_word' id='word_1_882' title='bbox 1613 5856 1655 5889; x_wconf 79' lang='grc'><strong>⁸³</strong></span> <span class='ocrx_word' id='word_1_883' title='bbox 1692 5859 1813 5910; x_wconf 71' lang='lat' dir='ltr'><strong>Art.</strong></span> <span class='ocrx_word' id='word_1_884' title='bbox 1850 5872 2017 5920; x_wconf 73' lang='lat' dir='ltr'><strong>xxvn,</strong></span> <span class='ocrx_word' id='word_1_885' title='bbox 2048 5855 2137 5910; x_wconf 77' lang='grc'><strong>57.</strong></span> <span class='ocrx_word' id='word_1_886' title='bbox 2214 5855 2257 5885; x_wconf 78' lang='grc' dir='ltr'><strong>’θ</strong></span> <span class='ocrx_word' id='word_1_887' title='bbox 2296 5856 2451 5908; x_wconf 77' lang='lat' dir='ltr'><strong>Prov.</strong></span> <span class='ocrx_word' id='word_1_888' title='bbox 2487 5873 2582 5919; x_wconf 80' lang='lat' dir='ltr'><strong>xu,</strong></span> <span class='ocrx_word' id='word_1_889' title='bbox 2624 5857 2708 5939; x_wconf 72' lang='grc'><strong>10.</strong></span> <span class='ocrx_word' id='word_1_890' title='bbox 2752 5853 2819 5939; x_wconf 60' lang='lat'><strong>_&quot;&#39;</strong></span> <span class='ocrx_word' id='word_1_891' title='bbox 2846 5856 3032 5910; x_wconf 75' lang='lat' dir='ltr'><strong>Matth.</strong></span> <span class='ocrx_word' id='word_1_892' title='bbox 3063 5874 3179 5920; x_wconf 83' lang='lat' dir='ltr'><strong>xm,</strong></span> <span class='ocrx_word' id='word_1_893' title='bbox 3208 5860 3295 5913; x_wconf 77' lang='lat'><strong>35.</strong></span> 
     </span>
    </p>
   </div>
  </div>
