  <div class='ocr_page' id='page_1' title='image "/cluster/home/n/w/nwhite01/storage/ocr_20150623/93/hvd.32044019208040/410.png"; bbox 0 0 4046 6416; ppageno 0'>
   <div class='ocr_carea' id='block_1_1' title="bbox 233 468 368 532">
    <p class='ocr_par' dir='ltr' id='par_1_1' title="bbox 233 468 368 532">
     <span class='ocr_line' id='line_1_1' title="bbox 233 468 368 532; baseline 0 0"><span class='ocrx_word' id='word_1_1' title='bbox 233 468 368 532; x_wconf 75' lang='grc'><strong>’895</strong></span> 
     </span>
    </p>
   </div>
   <div class='ocr_carea' id='block_1_2' title="bbox 1422 435 2365 510">
    <p class='ocr_par' dir='ltr' id='par_1_2' title="bbox 1422 435 2365 510">
     <span class='ocr_line' id='line_1_2' title="bbox 1422 435 2365 510; baseline -0.015 0"><span class='ocrx_word' id='word_1_2' title='bbox 1422 449 1499 510; x_wconf 80' lang='lat' dir='ltr'><strong>IN</strong></span> <span class='ocrx_word' id='word_1_3' title='bbox 1539 441 1977 509; x_wconf 81' lang='lat' dir='ltr'><strong>LEVITICUM.</strong></span> <span class='ocrx_word' id='word_1_4' title='bbox 2023 463 2093 476; x_wconf 89' lang='grc'>-·</span> <span class='ocrx_word' id='word_1_5' title='bbox 2133 437 2280 498; x_wconf 85' lang='lat' dir='ltr'><strong>LIB.</strong></span> <span class='ocrx_word' id='word_1_6' title='bbox 2315 435 2365 496; x_wconf 87' lang='grc' dir='ltr'><strong>Ι.</strong></span> 
     </span>
    </p>
   </div>
   <div class='ocr_carea' id='block_1_3' title="bbox 3414 419 3522 484">
    <p class='ocr_par' dir='ltr' id='par_1_3' title="bbox 3414 419 3522 484">
     <span class='ocr_line' id='line_1_3' title="bbox 3414 419 3522 484; baseline -0.019 -2"><span class='ocrx_word' id='word_1_7' title='bbox 3414 419 3522 484; x_wconf 65' lang='grc' dir='ltr'><strong>8ηὸ</strong></span> 
     </span>
    </p>
   </div>
   <div class='ocr_carea' id='block_1_4' title="bbox 253 533 3589 646">
    <p class='ocr_par' dir='ltr' id='par_1_4' title="bbox 253 533 3589 646">
     <span class='ocr_line' id='line_1_4' title="bbox 253 533 3589 646; baseline -0.015 -12"><span class='ocrx_word' id='word_1_8' title='bbox 253 579 327 633; x_wconf 88' lang='lat' dir='ltr'><strong>ad</strong></span> <span class='ocrx_word' id='word_1_9' title='bbox 347 573 714 646; x_wconf 77' lang='lat' dir='ltr'><strong>expiationem</strong></span> <span class='ocrx_word' id='word_1_10' title='bbox 746 570 931 640; x_wconf 73' lang='lat' dir='ltr'><strong>lepras,</strong></span> <span class='ocrx_word' id='word_1_11' title='bbox 958 567 1010 622; x_wconf 87' lang='lat' dir='ltr'><strong>id</strong></span> <span class='ocrx_word' id='word_1_12' title='bbox 1033 573 1118 622; x_wconf 88' lang='lat' dir='ltr'><strong>est</strong></span> <span class='ocrx_word' id='word_1_13' title='bbox 1159 564 1226 619; x_wconf 93' lang='lat' dir='ltr'><strong>ad</strong></span> <span class='ocrx_word' id='word_1_14' title='bbox 1276 562 1658 617; x_wconf 84' lang='lat' dir='ltr'><strong>remissionem</strong></span> <span class='ocrx_word' id='word_1_15' title='bbox 1699 559 1838 628; x_wconf 74' lang='lat' dir='ltr'><strong>‘pec-</strong></span> <span class='ocrx_word' id='word_1_16' title='bbox 1868 563 1911 615; x_wconf 78' lang='grc' dir='ltr'>Α</span> <span class='ocrx_word' id='word_1_17' title='bbox 1945 551 2239 646; x_wconf 43' lang='grc' dir='ltr'><strong>ΙιΧΧΣ-ηοῐι</strong></span> <span class='ocrx_word' id='word_1_18' title='bbox 2272 545 2474 646; x_wconf 76' lang='lat' dir='ltr'><strong>dicitur</strong></span> <span class='ocrx_word' id='word_1_19' title='bbox 2512 550 2572 597; x_wconf 92' lang='lat' dir='ltr'><strong>ut</strong></span> <span class='ocrx_word' id='word_1_20' title='bbox 2600 538 2862 646; x_wconf 60' lang='lat' dir='ltr'><strong>absolute</strong></span> <span class='ocrx_word' id='word_1_21' title='bbox 2893 533 3523 646; x_wconf 44' lang='lat' dir='ltr'><strong>ederentemsigniﬁea-</strong></span> <span class='ocrx_word' id='word_1_22' title='bbox 3585 589 3589 592; x_wconf 61' lang='grc'><em>,</em></span> 
     </span>
    </p>
   </div>
   <div class='ocr_carea' id='block_1_5' title="bbox 251 651 1834 736">
    <p class='ocr_par' dir='ltr' id='par_1_5' title="bbox 251 651 1834 736">
     <span class='ocr_line' id='line_1_5' title="bbox 251 651 1834 736; baseline -0.014 -10"><span class='ocrx_word' id='word_1_23' title='bbox 251 670 390 736; x_wconf 88' lang='lat' dir='ltr'><strong>cati,</strong></span> <span class='ocrx_word' id='word_1_24' title='bbox 415 667 558 722; x_wconf 88' lang='lat' dir='ltr'><strong>Deus</strong></span> <span class='ocrx_word' id='word_1_25' title='bbox 593 663 758 736; x_wconf 80' lang='lat' dir='ltr'><strong>Moysi</strong></span> <span class='ocrx_word' id='word_1_26' title='bbox 791 659 1068 733; x_wconf 70' lang='lat' dir='ltr'><strong>praecepit.</strong></span> <span class='ocrx_word' id='word_1_27' title='bbox 1122 656 1194 712; x_wconf 89' lang='lat' dir='ltr'><strong>Ut</strong></span> <span class='ocrx_word' id='word_1_28' title='bbox 1225 670 1354 726; x_wconf 88' lang='lat' dir='ltr'><strong>ergo</strong></span> <span class='ocrx_word' id='word_1_29' title='bbox 1374 655 1552 709; x_wconf 86' lang='lat' dir='ltr'><strong>adhuc</strong></span> <span class='ocrx_word' id='word_1_30' title='bbox 1577 651 1834 714; x_wconf 86' lang='lat' dir='ltr'><strong>crassior,</strong></span> 
     </span>
    </p>
   </div>
   <div class='ocr_carea' id='block_1_6' title="bbox 253 743 1840 831">
    <p class='ocr_par' dir='ltr' id='par_1_6' title="bbox 253 743 1840 831">
     <span class='ocr_line' id='line_1_6' title="bbox 253 743 1840 831; baseline -0.014 -14"><span class='ocrx_word' id='word_1_31' title='bbox 253 771 454 831; x_wconf 67' lang='lat' dir='ltr'><strong>etquae</strong></span> <span class='ocrx_word' id='word_1_32' title='bbox 505 756 740 812; x_wconf 81' lang='lat' dir='ltr'><strong>necdum</strong></span> <span class='ocrx_word' id='word_1_33' title='bbox 764 753 924 824; x_wconf 90' lang='lat' dir='ltr'><strong>plena</strong></span> <span class='ocrx_word' id='word_1_34' title='bbox 955 751 1008 804; x_wconf 91' lang='lat' dir='ltr'><strong>in</strong></span> <span class='ocrx_word' id='word_1_35' title='bbox 1055 751 1173 820; x_wconf 88' lang='lat' dir='ltr'><strong>lege</strong></span> <span class='ocrx_word' id='word_1_36' title='bbox 1227 747 1411 803; x_wconf 91' lang='lat' dir='ltr'><strong>divina</strong></span> <span class='ocrx_word' id='word_1_37' title='bbox 1463 743 1699 816; x_wconf 73' lang='lat' dir='ltr'><strong>cognitio</strong></span> <span class='ocrx_word' id='word_1_38' title='bbox 1742 755 1840 795; x_wconf 90' lang='lat' dir='ltr'><strong>ne-</strong></span> 
     </span>
    </p>
   </div>
   <div class='ocr_carea' id='block_1_7' title="bbox 254 833 1841 916">
    <p class='ocr_par' dir='ltr' id='par_1_7' title="bbox 254 833 1841 916">
     <span class='ocr_line' id='line_1_7' title="bbox 254 833 1841 916; baseline -0.013 -8"><span class='ocrx_word' id='word_1_39' title='bbox 254 848 689 909; x_wconf 85' lang='lat' dir='ltr'><strong>cessariesimila</strong></span> <span class='ocrx_word' id='word_1_40' title='bbox 717 846 1040 916; x_wconf 89' lang='lat' dir='ltr'><strong>appellatur,</strong></span> <span class='ocrx_word' id='word_1_41' title='bbox 1067 843 1122 896; x_wconf 89' lang='lat' dir='ltr'><strong>in</strong></span> <span class='ocrx_word' id='word_1_42' title='bbox 1178 839 1488 910; x_wconf 85' lang='lat' dir='ltr'><strong>Evangeliis</strong></span> <span class='ocrx_word' id='word_1_43' title='bbox 1529 846 1713 891; x_wconf 90' lang='lat' dir='ltr'><strong>autem</strong></span> <span class='ocrx_word' id='word_1_44' title='bbox 1761 833 1841 889; x_wconf 83' lang='lat' dir='ltr'><strong>fa-</strong></span> 
     </span>
    </p>
   </div>
   <div class='ocr_carea' id='block_1_8' title="bbox 259 925 1841 1007">
    <p class='ocr_par' dir='ltr' id='par_1_8' title="bbox 259 925 1841 1007">
     <span class='ocr_line' id='line_1_8' title="bbox 259 925 1841 1007; baseline -0.013 -9"><span class='ocrx_word' id='word_1_45' title='bbox 259 944 404 1007; x_wconf 87' lang='lat' dir='ltr'><strong>rina,</strong></span> <span class='ocrx_word' id='word_1_46' title='bbox 428 949 489 995; x_wconf 91' lang='lat' dir='ltr'><strong>ut</strong></span> <span class='ocrx_word' id='word_1_47' title='bbox 515 938 828 995; x_wconf 88' lang='lat' dir='ltr'><strong>subtiliores</strong></span> <span class='ocrx_word' id='word_1_48' title='bbox 870 935 1126 990; x_wconf 74' lang='lat' dir='ltr'><strong>videlicet.</strong></span> <span class='ocrx_word' id='word_1_49' title='bbox 1175 929 1598 986; x_wconf 89' lang='lat' dir='ltr'><strong>etsublimiores</strong></span> <span class='ocrx_word' id='word_1_50' title='bbox 1645 941 1677 980; x_wconf 92' lang='lat' dir='ltr'><strong>a</strong></span> <span class='ocrx_word' id='word_1_51' title='bbox 1722 925 1841 996; x_wconf 83' lang='lat' dir='ltr'><strong>lege</strong></span> 
     </span>
    </p>
   </div>
   <div class='ocr_carea' id='block_1_9' title="bbox 255 1019 1841 1096">
    <p class='ocr_par' dir='ltr' id='par_1_9' title="bbox 255 1019 1841 1096">
     <span class='ocr_line' id='line_1_9' title="bbox 255 1019 1841 1096; baseline -0.014 -5"><span class='ocrx_word' id='word_1_52' title='bbox 255 1035 572 1091; x_wconf 90' lang='lat' dir='ltr'><strong>intellectus</strong></span> <span class='ocrx_word' id='word_1_53' title='bbox 599 1031 844 1092; x_wconf 83' lang='lat' dir='ltr'><strong>habens,</strong></span> <span class='ocrx_word' id='word_1_54' title='bbox 884 1029 989 1082; x_wconf 87' lang='lat' dir='ltr'><strong>hoc</strong></span> <span class='ocrx_word' id='word_1_55' title='bbox 1030 1025 1240 1096; x_wconf 80' lang='lat' dir='ltr'><strong>Moyses</strong></span> <span class='ocrx_word' id='word_1_56' title='bbox 1277 1022 1513 1076; x_wconf 91' lang='lat' dir='ltr'><strong>innuens</strong></span> <span class='ocrx_word' id='word_1_57' title='bbox 1543 1019 1690 1091; x_wconf 86' lang='lat' dir='ltr'><strong>(quia</strong></span> <span class='ocrx_word' id='word_1_58' title='bbox 1731 1025 1841 1070; x_wconf 91' lang='lat' dir='ltr'><strong>tam</strong></span> 
     </span>
    </p>
   </div>
   <div class='ocr_carea' id='block_1_10' title="bbox 258 1109 1840 1193">
    <p class='ocr_par' dir='ltr' id='par_1_10' title="bbox 258 1109 1840 1193">
     <span class='ocr_line' id='line_1_10' title="bbox 258 1109 1840 1193; baseline -0.013 -11"><span class='ocrx_word' id='word_1_59' title='bbox 258 1127 442 1182; x_wconf 78' lang='lat' dir='ltr'><strong>farina</strong></span> <span class='ocrx_word' id='word_1_60' title='bbox 481 1137 642 1193; x_wconf 90' lang='lat' dir='ltr'><strong>quam</strong></span> <span class='ocrx_word' id='word_1_61' title='bbox 672 1121 873 1184; x_wconf 84' lang='lat' dir='ltr'><strong>simila,</strong></span> <span class='ocrx_word' id='word_1_62' title='bbox 906 1127 1132 1189; x_wconf 76' lang='lat' dir='ltr'><strong>propter</strong></span> <span class='ocrx_word' id='word_1_63' title='bbox 1161 1114 1449 1186; x_wconf 66' lang='lat' dir='ltr'><strong>prtedictas</strong></span> <span class='ocrx_word' id='word_1_64' title='bbox 1514 1124 1708 1166; x_wconf 84' lang='lat' dir='ltr'><strong>causas</strong></span> <span class='ocrx_word' id='word_1_65' title='bbox 1758 1109 1840 1164; x_wconf 91' lang='lat' dir='ltr'><strong>di-</strong></span> 
     </span>
    </p>
   </div>
   <div class='ocr_carea' id='block_1_11' title="bbox 261 1199 1843 1280">
    <p class='ocr_par' dir='ltr' id='par_1_11' title="bbox 261 1199 1843 1280">
     <span class='ocr_line' id='line_1_11' title="bbox 261 1199 1843 1280; baseline -0.01 -12"><span class='ocrx_word' id='word_1_66' title='bbox 261 1215 394 1268; x_wconf 83' lang='lat' dir='ltr'><strong>vina</strong></span> <span class='ocrx_word' id='word_1_67' title='bbox 449 1213 678 1268; x_wconf 90' lang='lat' dir='ltr'><strong>scientia</strong></span> <span class='ocrx_word' id='word_1_68' title='bbox 733 1218 949 1280; x_wconf 90' lang='lat' dir='ltr'><strong>poterat</strong></span> <span class='ocrx_word' id='word_1_69' title='bbox 1005 1204 1157 1278; x_wconf 90' lang='lat' dir='ltr'><strong>dici,)</strong></span> <span class='ocrx_word' id='word_1_70' title='bbox 1192 1220 1316 1259; x_wconf 91' lang='lat' dir='ltr'><strong>cum</strong></span> <span class='ocrx_word' id='word_1_71' title='bbox 1381 1208 1680 1273; x_wconf 89' lang='lat' dir='ltr'><strong>apparente</strong></span> <span class='ocrx_word' id='word_1_72' title='bbox 1733 1199 1843 1253; x_wconf 87' lang='lat' dir='ltr'><strong>Deo</strong></span> 
     </span>
    </p>
   </div>
   <div class='ocr_carea' id='block_1_12' title="bbox 259 1293 1860 1366">
    <p class='ocr_par' dir='ltr' id='par_1_12' title="bbox 259 1293 1860 1366">
     <span class='ocr_line' id='line_1_12' title="bbox 259 1293 1860 1366; baseline -0.009 -7"><span class='ocrx_word' id='word_1_73' title='bbox 259 1307 495 1361; x_wconf 73' lang='lat' dir='ltr'><strong>Abrahae</strong></span> <span class='ocrx_word' id='word_1_74' title='bbox 523 1305 588 1360; x_wconf 91' lang='lat' dir='ltr'><strong>ad</strong></span> <span class='ocrx_word' id='word_1_75' title='bbox 623 1305 803 1358; x_wconf 89' lang='lat' dir='ltr'><strong>ilicem</strong></span> <span class='ocrx_word' id='word_1_76' title='bbox 831 1301 1110 1364; x_wconf 63' lang='lat' dir='ltr'><strong>Mambrae,</strong></span> <span class='ocrx_word' id='word_1_77' title='bbox 1167 1297 1456 1352; x_wconf 87' lang='lat' dir='ltr'><strong>Trinitatis</strong></span> <span class='ocrx_word' id='word_1_78' title='bbox 1521 1293 1860 1366; x_wconf 46' lang='lat' dir='ltr'><strong>mysterium.</strong></span> 
     </span>
    </p>
   </div>
   <div class='ocr_carea' id='block_1_13' title="bbox 262 1386 1843 1470">
    <p class='ocr_par' dir='ltr' id='par_1_13' title="bbox 262 1386 1843 1470">
     <span class='ocr_line' id='line_1_13' title="bbox 262 1386 1843 1470; baseline -0.009 -17"><span class='ocrx_word' id='word_1_79' title='bbox 262 1398 616 1470; x_wconf 87' lang='lat' dir='ltr'><strong>signiﬁcaret,</strong></span> <span class='ocrx_word' id='word_1_80' title='bbox 643 1395 903 1450; x_wconf 88' lang='lat' dir='ltr'><strong>describit</strong></span> <span class='ocrx_word' id='word_1_81' title='bbox 921 1409 1044 1448; x_wconf 91' lang='lat' dir='ltr'><strong>eum</strong></span> <span class='ocrx_word' id='word_1_82' title='bbox 1099 1390 1248 1446; x_wconf 74' lang='lat' dir='ltr'><strong>Sara:</strong></span> <span class='ocrx_word' id='word_1_83' title='bbox 1274 1390 1547 1445; x_wconf 90' lang='lat' dir='ltr'><strong>dicentem</strong></span> <span class='ocrx_word' id='word_1_84' title='bbox 1582 1405 1596 1440; x_wconf 87' lang='lat'><strong>:</strong></span> <span class='ocrx_word' id='word_1_85' title='bbox 1630 1386 1843 1441; x_wconf 88' lang='lat' dir='ltr'><strong>Festina</strong></span> 
     </span>
    </p>
   </div>
   <div class='ocr_carea' id='block_1_14' title="bbox 264 1478 1845 1544">
    <p class='ocr_par' dir='ltr' id='par_1_14' title="bbox 264 1478 1845 1544">
     <span class='ocr_line' id='line_1_14' title="bbox 264 1478 1845 1544; baseline -0.008 -1"><span class='ocrx_word' id='word_1_86' title='bbox 264 1500 314 1544; x_wconf 89' lang='lat' dir='ltr'><strong>et</strong></span> <span class='ocrx_word' id='word_1_87' title='bbox 335 1489 611 1544; x_wconf 72' lang='lat' dir='ltr'><strong>commisce</strong></span> <span class='ocrx_word' id='word_1_88' title='bbox 633 1487 737 1540; x_wconf 85' lang='lat' dir='ltr'><strong>tria</strong></span> <span class='ocrx_word' id='word_1_89' title='bbox 766 1495 884 1540; x_wconf 90' lang='lat' dir='ltr'><strong>sata</strong></span> <span class='ocrx_word' id='word_1_90' title='bbox 909 1485 1098 1540; x_wconf 69' lang='lat' dir='ltr'><strong>simila:</strong></span> <span class='ocrx_word' id='word_1_91' title='bbox 1133 1485 1201 1538; x_wconf 77' lang='grc' dir='ltr'><strong>τ’.</strong></span> <span class='ocrx_word' id='word_1_92' title='bbox 1227 1482 1379 1538; x_wconf 87' lang='lat' dir='ltr'><strong>Licet</strong></span> <span class='ocrx_word' id='word_1_93' title='bbox 1407 1489 1589 1535; x_wconf 89' lang='lat' dir='ltr'><strong>autem</strong></span> <span class='ocrx_word' id='word_1_94' title='bbox 1617 1478 1711 1532; x_wconf 92' lang='lat' dir='ltr'><strong>Dei</strong></span> <span class='ocrx_word' id='word_1_95' title='bbox 1748 1493 1845 1532; x_wconf 91' lang='lat' dir='ltr'><strong>co-</strong></span> 
     </span>
    </p>
   </div>
   <div class='ocr_carea' id='block_1_15' title="bbox 262 1569 1845 1653">
    <p class='ocr_par' dir='ltr' id='par_1_15' title="bbox 262 1569 1845 1653">
     <span class='ocr_line' id='line_1_15' title="bbox 262 1569 1845 1653; baseline -0.008 -18"><span class='ocrx_word' id='word_1_96' title='bbox 262 1581 443 1653; x_wconf 86' lang='lat' dir='ltr'><strong>gnitio</strong></span> <span class='ocrx_word' id='word_1_97' title='bbox 473 1579 663 1634; x_wconf 90' lang='lat' dir='ltr'><strong>salutis</strong></span> <span class='ocrx_word' id='word_1_98' title='bbox 693 1578 936 1648; x_wconf 86' lang='lat' dir='ltr'><strong>gentium</strong></span> <span class='ocrx_word' id='word_1_99' title='bbox 965 1575 1295 1647; x_wconf 87' lang='lat' dir='ltr'><strong>principium</strong></span> <span class='ocrx_word' id='word_1_100' title='bbox 1320 1573 1410 1636; x_wconf 89' lang='lat' dir='ltr'><strong>sit,</strong></span> <span class='ocrx_word' id='word_1_101' title='bbox 1447 1569 1845 1642; x_wconf 87' lang='lat' dir='ltr'><strong>superfundere</strong></span> 
     </span>
    </p>
   </div>
   <div class='ocr_carea' id='block_1_16' title="bbox 259 1671 1845 1745">
    <p class='ocr_par' dir='ltr' id='par_1_16' title="bbox 259 1671 1845 1745">
     <span class='ocr_line' id='line_1_16' title="bbox 259 1671 1845 1745; baseline -0.008 -9"><span class='ocrx_word' id='word_1_102' title='bbox 259 1692 451 1736; x_wconf 84' lang='lat' dir='ltr'><strong>tamen</strong></span> <span class='ocrx_word' id='word_1_103' title='bbox 482 1679 670 1734; x_wconf 69' lang='lat' dir='ltr'><strong>similae</strong></span> <span class='ocrx_word' id='word_1_104' title='bbox 693 1678 874 1732; x_wconf 89' lang='lat' dir='ltr'><strong>oleum</strong></span> <span class='ocrx_word' id='word_1_105' title='bbox 901 1720 916 1745; x_wconf 91' lang='lat'><strong>,</strong></span> <span class='ocrx_word' id='word_1_106' title='bbox 950 1685 1007 1732; x_wconf 90' lang='lat' dir='ltr'><strong>et</strong></span> <span class='ocrx_word' id='word_1_107' title='bbox 1039 1677 1164 1731; x_wconf 91' lang='lat' dir='ltr'><strong>thus</strong></span> <span class='ocrx_word' id='word_1_108' title='bbox 1191 1688 1558 1744; x_wconf 88' lang='lat' dir='ltr'><strong>superponere</strong></span> <span class='ocrx_word' id='word_1_109' title='bbox 1585 1686 1724 1741; x_wconf 89' lang='lat' dir='ltr'><strong>opus</strong></span> <span class='ocrx_word' id='word_1_110' title='bbox 1745 1671 1845 1725; x_wconf 87' lang='lat' dir='ltr'><strong>ha-</strong></span> 
     </span>
    </p>
   </div>
   <div class='ocr_carea' id='block_1_17' title="bbox 261 1764 1846 1840">
    <p class='ocr_par' dir='ltr' id='par_1_17' title="bbox 261 1764 1846 1840">
     <span class='ocr_line' id='line_1_17' title="bbox 261 1764 1846 1840; baseline -0.006 -14"><span class='ocrx_word' id='word_1_111' title='bbox 261 1774 484 1833; x_wconf 87' lang='lat' dir='ltr'><strong>bemus,</strong></span> <span class='ocrx_word' id='word_1_112' title='bbox 525 1780 586 1825; x_wconf 92' lang='lat' dir='ltr'><strong>ut</strong></span> <span class='ocrx_word' id='word_1_113' title='bbox 643 1770 872 1840; x_wconf 78' lang='lat' dir='ltr'><strong>gratiam</strong></span> <span class='ocrx_word' id='word_1_114' title='bbox 933 1769 1028 1822; x_wconf 91' lang='lat' dir='ltr'><strong>Dei</strong></span> <span class='ocrx_word' id='word_1_115' title='bbox 1099 1765 1458 1836; x_wconf 89' lang='lat' dir='ltr'><strong>eleemosynis</strong></span> <span class='ocrx_word' id='word_1_116' title='bbox 1507 1764 1846 1832; x_wconf 90' lang='lat' dir='ltr'><strong>orationique</strong></span> 
     </span>
    </p>
   </div>
   <div class='ocr_carea' id='block_1_18' title="bbox 259 1856 1845 1927">
    <p class='ocr_par' dir='ltr' id='par_1_18' title="bbox 259 1856 1845 1927">
     <span class='ocr_line' id='line_1_18' title="bbox 259 1856 1845 1927; baseline -0.006 -9"><span class='ocrx_word' id='word_1_117' title='bbox 259 1863 766 1918; x_wconf 82' lang='lat' dir='ltr'><strong>commisceamus:</strong></span> <span class='ocrx_word' id='word_1_118' title='bbox 803 1861 920 1915; x_wconf 82' lang='lat' dir='ltr'><strong>haec</strong></span> <span class='ocrx_word' id='word_1_119' title='bbox 945 1859 1090 1914; x_wconf 89' lang='lat' dir='ltr'><strong>enim</strong></span> <span class='ocrx_word' id='word_1_120' title='bbox 1132 1859 1292 1913; x_wconf 91' lang='lat' dir='ltr'><strong>nobis</strong></span> <span class='ocrx_word' id='word_1_121' title='bbox 1318 1867 1551 1927; x_wconf 90' lang='lat' dir='ltr'><strong>possunt</strong></span> <span class='ocrx_word' id='word_1_122' title='bbox 1600 1856 1667 1910; x_wconf 91' lang='lat' dir='ltr'><strong>de</strong></span> <span class='ocrx_word' id='word_1_123' title='bbox 1706 1856 1845 1910; x_wconf 87' lang='lat' dir='ltr'><strong>coelo</strong></span> 
     </span>
    </p>
   </div>
   <div class='ocr_carea' id='block_1_19' title="bbox 261 1943 1847 2020">
    <p class='ocr_par' dir='ltr' id='par_1_19' title="bbox 261 1943 1847 2020">
     <span class='ocr_line' id='line_1_19' title="bbox 261 1943 1847 2020; baseline -0.004 -15"><span class='ocrx_word' id='word_1_124' title='bbox 261 1952 367 2007; x_wconf 83' lang='lat' dir='ltr'><strong>Dei</strong></span> <span class='ocrx_word' id='word_1_125' title='bbox 397 1952 677 2007; x_wconf 88' lang='lat' dir='ltr'><strong>scientiam</strong></span> <span class='ocrx_word' id='word_1_126' title='bbox 708 1949 1015 2020; x_wconf 80' lang='lat' dir='ltr'><strong>proﬂigare.</strong></span> <span class='ocrx_word' id='word_1_127' title='bbox 1087 1947 1181 2002; x_wconf 84' lang='lat' dir='ltr'><strong>His</strong></span> <span class='ocrx_word' id='word_1_128' title='bbox 1212 1957 1393 2002; x_wconf 89' lang='lat' dir='ltr'><strong>autem</strong></span> <span class='ocrx_word' id='word_1_129' title='bbox 1425 1947 1581 2002; x_wconf 89' lang='lat' dir='ltr'><strong>testis</strong></span> <span class='ocrx_word' id='word_1_130' title='bbox 1601 1954 1685 2000; x_wconf 90' lang='lat' dir='ltr'><strong>est</strong></span> <span class='ocrx_word' id='word_1_131' title='bbox 1713 1943 1847 1999; x_wconf 86' lang='lat' dir='ltr'><strong>Cor-</strong></span> 
     </span>
    </p>
   </div>
   <div class='ocr_carea' id='block_1_20' title="bbox 259 2035 1840 2110">
    <p class='ocr_par' dir='ltr' id='par_1_20' title="bbox 259 2035 1840 2110">
     <span class='ocr_line' id='line_1_20' title="bbox 259 2035 1840 2110; baseline -0.007 -13"><span class='ocrx_word' id='word_1_132' title='bbox 259 2044 469 2106; x_wconf 88' lang='lat' dir='ltr'><strong>nelius,</strong></span> <span class='ocrx_word' id='word_1_133' title='bbox 493 2042 558 2096; x_wconf 92' lang='lat' dir='ltr'><strong>ad</strong></span> <span class='ocrx_word' id='word_1_134' title='bbox 587 2057 749 2110; x_wconf 89' lang='lat' dir='ltr'><strong>quem</strong></span> <span class='ocrx_word' id='word_1_135' title='bbox 781 2041 1125 2096; x_wconf 87' lang='lat' dir='ltr'><strong>descendens</strong></span> <span class='ocrx_word' id='word_1_136' title='bbox 1163 2038 1232 2094; x_wconf 92' lang='lat' dir='ltr'><strong>de</strong></span> <span class='ocrx_word' id='word_1_137' title='bbox 1258 2038 1396 2093; x_wconf 87' lang='lat' dir='ltr'><strong>coelo</strong></span> <span class='ocrx_word' id='word_1_138' title='bbox 1420 2037 1644 2108; x_wconf 86' lang='lat' dir='ltr'><strong>angelus</strong></span> <span class='ocrx_word' id='word_1_139' title='bbox 1666 2035 1801 2090; x_wconf 82' lang='lat' dir='ltr'><strong>dixit</strong></span> <span class='ocrx_word' id='word_1_140' title='bbox 1827 2052 1840 2086; x_wconf 91' lang='lat'>:</span> 
     </span>
    </p>
   </div>
   <div class='ocr_carea' id='block_1_21' title="bbox 259 2127 1848 2200">
    <p class='ocr_par' dir='ltr' id='par_1_21' title="bbox 259 2127 1848 2200">
     <span class='ocr_line' id='line_1_21' title="bbox 259 2127 1848 2200; baseline -0.005 -13"><span class='ocrx_word' id='word_1_141' title='bbox 259 2133 502 2197; x_wconf 77' lang='lat' dir='ltr'><strong>Corneli,</strong></span> <span class='ocrx_word' id='word_1_142' title='bbox 534 2133 795 2186; x_wconf 85' lang='lat' dir='ltr'><strong>orationes</strong></span> <span class='ocrx_word' id='word_1_143' title='bbox 824 2141 928 2186; x_wconf 76' lang='lat' dir='ltr'><strong>tua:</strong></span> <span class='ocrx_word' id='word_1_144' title='bbox 953 2141 1003 2184; x_wconf 91' lang='lat' dir='ltr'><strong>et</strong></span> <span class='ocrx_word' id='word_1_145' title='bbox 1042 2131 1380 2200; x_wconf 76' lang='lat' dir='ltr'><strong>eleemosyna:</strong></span> <span class='ocrx_word' id='word_1_146' title='bbox 1397 2130 1739 2182; x_wconf 84' lang='lat' dir='ltr'><strong>ascenderunt</strong></span> <span class='ocrx_word' id='word_1_147' title='bbox 1778 2127 1848 2179; x_wconf 89' lang='lat' dir='ltr'><strong>ad</strong></span> 
     </span>
    </p>
   </div>
   <div class='ocr_carea' id='block_1_22' title="bbox 262 2219 1856 2291">
    <p class='ocr_par' dir='ltr' id='par_1_22' title="bbox 262 2219 1856 2291">
     <span class='ocr_line' id='line_1_22' title="bbox 262 2219 1856 2291; baseline -0.004 -13"><span class='ocrx_word' id='word_1_148' title='bbox 262 2225 573 2291; x_wconf 87' lang='lat' dir='ltr'><strong>Dominum,</strong></span> <span class='ocrx_word' id='word_1_149' title='bbox 606 2237 655 2278; x_wconf 90' lang='lat' dir='ltr'><strong>et</strong></span> <span class='ocrx_word' id='word_1_150' title='bbox 677 2241 814 2277; x_wconf 85' lang='lat' dir='ltr'><strong>nunc</strong></span> <span class='ocrx_word' id='word_1_151' title='bbox 841 2225 986 2277; x_wconf 86' lang='lat' dir='ltr'><strong>mitte</strong></span> <span class='ocrx_word' id='word_1_152' title='bbox 1007 2224 1144 2276; x_wconf 81' lang='lat' dir='ltr'><strong>viros</strong></span> <span class='ocrx_word' id='word_1_153' title='bbox 1176 2223 1230 2274; x_wconf 88' lang='lat' dir='ltr'><strong>in</strong></span> <span class='ocrx_word' id='word_1_154' title='bbox 1248 2220 1434 2290; x_wconf 84' lang='lat' dir='ltr'><strong>Joppe,</strong></span> <span class='ocrx_word' id='word_1_155' title='bbox 1467 2221 1666 2274; x_wconf 77' lang='lat' dir='ltr'><strong>accersi</strong></span> <span class='ocrx_word' id='word_1_156' title='bbox 1697 2219 1767 2272; x_wconf 86' lang='lat' dir='ltr'><strong>ad</strong></span> <span class='ocrx_word' id='word_1_157' title='bbox 1802 2220 1856 2272; x_wconf 79' lang='lat' dir='ltr'><strong>te</strong></span> 
     </span>
    </p>
   </div>
   <div class='ocr_carea' id='block_1_23' title="bbox 259 2311 1850 2385">
    <p class='ocr_par' dir='ltr' id='par_1_23' title="bbox 259 2311 1850 2385">
     <span class='ocr_line' id='line_1_23' title="bbox 259 2311 1850 2385; baseline -0.003 -16"><span class='ocrx_word' id='word_1_158' title='bbox 259 2313 551 2378; x_wconf 77' lang='lat' dir='ltr'><strong>Simonem,</strong></span> <span class='ocrx_word' id='word_1_159' title='bbox 580 2315 669 2382; x_wconf 90' lang='lat' dir='ltr'><strong>qui</strong></span> <span class='ocrx_word' id='word_1_160' title='bbox 698 2315 1101 2385; x_wconf 85' lang='lat' dir='ltr'><strong>cognominatur</strong></span> <span class='ocrx_word' id='word_1_161' title='bbox 1123 2312 1393 2365; x_wconf 76' lang='lat' dir='ltr'><strong>Petrus”.</strong></span> <span class='ocrx_word' id='word_1_162' title='bbox 1425 2311 1544 2381; x_wconf 92' lang='lat' dir='ltr'><strong>Ipse</strong></span> <span class='ocrx_word' id='word_1_163' title='bbox 1575 2311 1722 2365; x_wconf 90' lang='lat' dir='ltr'><strong>enim</strong></span> <span class='ocrx_word' id='word_1_164' title='bbox 1752 2325 1850 2364; x_wconf 79' lang='lat' dir='ltr'><strong>ve-</strong></span> 
     </span>
    </p>
   </div>
   <div class='ocr_carea' id='block_1_24' title="bbox 265 2403 1852 2470">
    <p class='ocr_par' dir='ltr' id='par_1_24' title="bbox 265 2403 1852 2470">
     <span class='ocr_line' id='line_1_24' title="bbox 265 2403 1852 2470; baseline -0.002 -9"><span class='ocrx_word' id='word_1_165' title='bbox 265 2423 388 2461; x_wconf 84' lang='lat' dir='ltr'><strong>ram</strong></span> <span class='ocrx_word' id='word_1_166' title='bbox 409 2407 690 2462; x_wconf 87' lang='lat' dir='ltr'><strong>scientiam</strong></span> <span class='ocrx_word' id='word_1_167' title='bbox 743 2405 998 2462; x_wconf 77' lang='lat' dir='ltr'><strong>Cornelio</strong></span> <span class='ocrx_word' id='word_1_168' title='bbox 1045 2405 1346 2460; x_wconf 86' lang='lat' dir='ltr'><strong>traditurus</strong></span> <span class='ocrx_word' id='word_1_169' title='bbox 1370 2413 1509 2459; x_wconf 88' lang='lat' dir='ltr'><strong>erat.</strong></span> <span class='ocrx_word' id='word_1_170' title='bbox 1568 2403 1852 2470; x_wconf 85' lang='lat' dir='ltr'><strong>Quomodo</strong></span> 
     </span>
    </p>
   </div>
   <div class='ocr_carea' id='block_1_25' title="bbox 263 2497 1848 2566">
    <p class='ocr_par' dir='ltr' id='par_1_25' title="bbox 263 2497 1848 2566">
     <span class='ocr_line' id='line_1_25' title="bbox 263 2497 1848 2566; baseline -0.001 -15"><span class='ocrx_word' id='word_1_171' title='bbox 263 2510 452 2552; x_wconf 82' lang='lat' dir='ltr'><strong>autem</strong></span> <span class='ocrx_word' id='word_1_172' title='bbox 474 2498 528 2551; x_wconf 91' lang='lat' dir='ltr'><strong>in</strong></span> <span class='ocrx_word' id='word_1_173' title='bbox 560 2499 720 2552; x_wconf 88' lang='lat' dir='ltr'><strong>thure</strong></span> <span class='ocrx_word' id='word_1_174' title='bbox 736 2497 1029 2566; x_wconf 85' lang='lat' dir='ltr'><strong>accipiatur</strong></span> <span class='ocrx_word' id='word_1_175' title='bbox 1060 2497 1255 2560; x_wconf 87' lang='lat' dir='ltr'><strong>oratio,</strong></span> <span class='ocrx_word' id='word_1_176' title='bbox 1285 2511 1539 2566; x_wconf 60' lang='lat' dir='ltr'><strong>quaerens</strong></span> <span class='ocrx_word' id='word_1_177' title='bbox 1572 2497 1691 2566; x_wconf 84' lang='lat' dir='ltr'><strong>ejus</strong></span> <span class='ocrx_word' id='word_1_178' title='bbox 1743 2497 1848 2550; x_wconf 89' lang='lat' dir='ltr'><strong>vim</strong></span> 
     </span>
    </p>
   </div>
   <div class='ocr_carea' id='block_1_26' title="bbox 264 2587 1855 2660">
    <p class='ocr_par' dir='ltr' id='par_1_26' title="bbox 264 2587 1855 2660">
     <span class='ocr_line' id='line_1_26' title="bbox 264 2587 1855 2660; baseline -0.003 -15"><span class='ocrx_word' id='word_1_179' title='bbox 264 2599 748 2660; x_wconf 88' lang='lat' dir='ltr'><strong>perscrutansque,</strong></span> <span class='ocrx_word' id='word_1_180' title='bbox 780 2589 1082 2660; x_wconf 84' lang='lat' dir='ltr'><strong>cognoscis.</strong></span> <span class='ocrx_word' id='word_1_181' title='bbox 1118 2588 1204 2642; x_wconf 89' lang='lat' dir='ltr'><strong>Uti</strong></span> <span class='ocrx_word' id='word_1_182' title='bbox 1239 2587 1441 2658; x_wconf 90' lang='lat' dir='ltr'><strong>quippe</strong></span> <span class='ocrx_word' id='word_1_183' title='bbox 1467 2602 1532 2642; x_wconf 91' lang='lat' dir='ltr'><strong>eo</strong></span> <span class='ocrx_word' id='word_1_184' title='bbox 1557 2597 1744 2642; x_wconf 91' lang='lat' dir='ltr'><strong>contra</strong></span> <span class='ocrx_word' id='word_1_185' title='bbox 1777 2587 1855 2640; x_wconf 83' lang='lat' dir='ltr'><strong>in-</strong></span> 
     </span>
    </p>
   </div>
   <div class='ocr_carea' id='block_1_27' title="bbox 263 2679 1852 2752">
    <p class='ocr_par' dir='ltr' id='par_1_27' title="bbox 263 2679 1852 2752">
     <span class='ocr_line' id='line_1_27' title="bbox 263 2679 1852 2752; baseline -0.003 -15"><span class='ocrx_word' id='word_1_186' title='bbox 263 2682 502 2737; x_wconf 80' lang='lat' dir='ltr'><strong>teriores</strong></span> <span class='ocrx_word' id='word_1_187' title='bbox 519 2682 800 2752; x_wconf 84' lang='lat' dir='ltr'><strong>passiones</strong></span> <span class='ocrx_word' id='word_1_188' title='bbox 833 2681 1028 2736; x_wconf 88' lang='lat' dir='ltr'><strong>medici</strong></span> <span class='ocrx_word' id='word_1_189' title='bbox 1051 2680 1254 2745; x_wconf 86' lang='lat' dir='ltr'><strong>solent,</strong></span> <span class='ocrx_word' id='word_1_190' title='bbox 1282 2680 1674 2748; x_wconf 87' lang='lat' dir='ltr'><strong>oculorumque</strong></span> <span class='ocrx_word' id='word_1_191' title='bbox 1694 2679 1852 2750; x_wconf 79' lang='lat' dir='ltr'><strong>aegri-</strong></span> 
     </span>
    </p>
   </div>
   <div class='ocr_carea' id='block_1_28' title="bbox 263 2773 1854 2843">
    <p class='ocr_par' dir='ltr' id='par_1_28' title="bbox 263 2773 1854 2843">
     <span class='ocr_line' id='line_1_28' title="bbox 263 2773 1854 2843; baseline -0.002 -13"><span class='ocrx_word' id='word_1_192' title='bbox 263 2774 478 2832; x_wconf 86' lang='lat' dir='ltr'><strong>tudinis</strong></span> <span class='ocrx_word' id='word_1_193' title='bbox 504 2790 695 2830; x_wconf 90' lang='lat' dir='ltr'><strong>curare</strong></span> <span class='ocrx_word' id='word_1_194' title='bbox 733 2774 979 2837; x_wconf 85' lang='lat' dir='ltr'><strong>vulnera,</strong></span> <span class='ocrx_word' id='word_1_195' title='bbox 1016 2783 1072 2828; x_wconf 91' lang='lat' dir='ltr'><strong>et</strong></span> <span class='ocrx_word' id='word_1_196' title='bbox 1109 2773 1289 2843; x_wconf 88' lang='lat' dir='ltr'><strong>siquis</strong></span> <span class='ocrx_word' id='word_1_197' title='bbox 1317 2774 1617 2828; x_wconf 87' lang='lat' dir='ltr'><strong>incendens</strong></span> <span class='ocrx_word' id='word_1_198' title='bbox 1646 2774 1854 2827; x_wconf 84' lang='lat' dir='ltr'><strong>fumum</strong></span> 
     </span>
    </p>
   </div>
   <div class='ocr_carea' id='block_1_29' title="bbox 261 2865 1855 2938">
    <p class='ocr_par' dir='ltr' id='par_1_29' title="bbox 261 2865 1855 2938">
     <span class='ocr_line' id='line_1_29' title="bbox 261 2865 1855 2938; baseline -0.003 -14"><span class='ocrx_word' id='word_1_199' title='bbox 261 2868 394 2938; x_wconf 87' lang='lat' dir='ltr'><strong>ejus</strong></span> <span class='ocrx_word' id='word_1_200' title='bbox 427 2867 706 2937; x_wconf 84' lang='lat' dir='ltr'><strong>suscipiat,</strong></span> <span class='ocrx_word' id='word_1_201' title='bbox 744 2867 1024 2937; x_wconf 90' lang='lat' dir='ltr'><strong>restringit</strong></span> <span class='ocrx_word' id='word_1_202' title='bbox 1076 2867 1482 2921; x_wconf 84' lang='lat' dir='ltr'><strong>accedentesex</strong></span> <span class='ocrx_word' id='word_1_203' title='bbox 1539 2865 1855 2920; x_wconf 89' lang='lat' dir='ltr'><strong>inﬁrmitate</strong></span> 
     </span>
    </p>
   </div>
   <div class='ocr_carea' id='block_1_30' title="bbox 264 2956 1856 3031">
    <p class='ocr_par' dir='ltr' id='par_1_30' title="bbox 264 2956 1856 3031">
     <span class='ocr_line' id='line_1_30' title="bbox 264 2956 1856 3031; baseline -0.001 -19"><span class='ocrx_word' id='word_1_204' title='bbox 264 2958 545 3031; x_wconf 82' lang='lat' dir='ltr'><strong>lacrymas</strong></span> <span class='ocrx_word' id='word_1_205' title='bbox 576 2976 592 3013; x_wconf 89' lang='lat'><strong>:</strong></span> <span class='ocrx_word' id='word_1_206' title='bbox 634 2959 739 3013; x_wconf 82' lang='lat' dir='ltr'><strong>hoc</strong></span> <span class='ocrx_word' id='word_1_207' title='bbox 771 2958 964 3012; x_wconf 90' lang='lat' dir='ltr'><strong>eodem</strong></span> <span class='ocrx_word' id='word_1_208' title='bbox 998 2958 1161 3012; x_wconf 88' lang='lat' dir='ltr'><strong>modo</strong></span> <span class='ocrx_word' id='word_1_209' title='bbox 1188 2957 1365 3012; x_wconf 91' lang='lat' dir='ltr'><strong>oratio</strong></span> <span class='ocrx_word' id='word_1_210' title='bbox 1388 2972 1604 3026; x_wconf 88' lang='lat' dir='ltr'><strong>quoque</strong></span> <span class='ocrx_word' id='word_1_211' title='bbox 1629 2956 1856 3026; x_wconf 90' lang='lat' dir='ltr'><strong>plurima</strong></span> 
     </span>
    </p>
   </div>
   <div class='ocr_carea' id='block_1_31' title="bbox 264 3047 1860 3118">
    <p class='ocr_par' dir='ltr' id='par_1_31' title="bbox 264 3047 1860 3118">
     <span class='ocr_line' id='line_1_31' title="bbox 264 3047 1860 3118; baseline -0.001 -15"><span class='ocrx_word' id='word_1_212' title='bbox 264 3059 535 3118; x_wconf 83' lang='lat' dir='ltr'><strong>aperatur</strong></span> <span class='ocrx_word' id='word_1_213' title='bbox 568 3066 582 3103; x_wconf 74' lang='grc' dir='ltr'>ε</span> <span class='ocrx_word' id='word_1_214' title='bbox 620 3050 734 3104; x_wconf 59' lang='lat' dir='ltr'><strong>hac</strong></span> <span class='ocrx_word' id='word_1_215' title='bbox 765 3048 970 3118; x_wconf 90' lang='lat' dir='ltr'><strong>quippe</strong></span> <span class='ocrx_word' id='word_1_216' title='bbox 1002 3049 1236 3102; x_wconf 85' lang='lat' dir='ltr'><strong>maxime</strong></span> <span class='ocrx_word' id='word_1_217' title='bbox 1267 3047 1461 3103; x_wconf 70' lang='lat' dir='ltr'><strong>animae</strong></span> <span class='ocrx_word' id='word_1_218' title='bbox 1479 3047 1759 3117; x_wconf 89' lang='lat' dir='ltr'><strong>passiones</strong></span> <span class='ocrx_word' id='word_1_219' title='bbox 1775 3063 1860 3103; x_wconf 88' lang='lat' dir='ltr'><strong>sa-</strong></span> 
     </span>
    </p>
   </div>
   <div class='ocr_carea' id='block_1_32' title="bbox 263 3142 1860 3210">
    <p class='ocr_par' dir='ltr' id='par_1_32' title="bbox 263 3142 1860 3210">
     <span class='ocr_line' id='line_1_32' title="bbox 263 3142 1860 3210; baseline -0.003 -10"><span class='ocrx_word' id='word_1_220' title='bbox 263 3154 390 3210; x_wconf 86' lang='lat' dir='ltr'><strong>nat,</strong></span> <span class='ocrx_word' id='word_1_221' title='bbox 481 3145 599 3200; x_wconf 66' lang='lat' dir='ltr'><strong>haec</strong></span> <span class='ocrx_word' id='word_1_222' title='bbox 648 3145 814 3198; x_wconf 81' lang='lat' dir='ltr'><strong>etiam</strong></span> <span class='ocrx_word' id='word_1_223' title='bbox 861 3143 1283 3210; x_wconf 83' lang='lat' dir='ltr'><strong>intelligibilium</strong></span> <span class='ocrx_word' id='word_1_224' title='bbox 1353 3142 1636 3195; x_wconf 86' lang='lat' dir='ltr'><strong>oculorum</strong></span> <span class='ocrx_word' id='word_1_225' title='bbox 1704 3151 1860 3196; x_wconf 83' lang='lat' dir='ltr'><strong>curat</strong></span> 
     </span>
    </p>
   </div>
   <div class='ocr_carea' id='block_1_33' title="bbox 243 3235 1855 3307">
    <p class='ocr_par' dir='ltr' id='par_1_33' title="bbox 243 3235 1855 3307">
     <span class='ocr_line' id='line_1_33' title="bbox 243 3235 1855 3307; baseline -0.003 -13"><span class='ocrx_word' id='word_1_226' title='bbox 243 3240 527 3305; x_wconf 69' lang='lat' dir='ltr'><strong>&#39;vulnera,</strong></span> <span class='ocrx_word' id='word_1_227' title='bbox 553 3239 844 3294; x_wconf 89' lang='lat' dir='ltr'><strong>absolvens</strong></span> <span class='ocrx_word' id='word_1_228' title='bbox 880 3239 946 3292; x_wconf 91' lang='lat' dir='ltr'><strong>ab</strong></span> <span class='ocrx_word' id='word_1_229' title='bbox 1001 3235 1308 3307; x_wconf 79' lang='lat' dir='ltr'><strong>ignorantia</strong></span> <span class='ocrx_word' id='word_1_230' title='bbox 1340 3243 1503 3304; x_wconf 89' lang='lat' dir='ltr'><strong>atque</strong></span> <span class='ocrx_word' id='word_1_231' title='bbox 1519 3250 1584 3289; x_wconf 81' lang='lat' dir='ltr'><strong>ex</strong></span> <span class='ocrx_word' id='word_1_232' title='bbox 1612 3250 1675 3289; x_wconf 91' lang='lat' dir='ltr'><strong>ea</strong></span> <span class='ocrx_word' id='word_1_233' title='bbox 1736 3250 1855 3304; x_wconf 68' lang='lat' dir='ltr'><strong>quae</strong></span> 
     </span>
    </p>
   </div>
   <div class='ocr_carea' id='block_1_34' title="bbox 265 3326 1850 3400">
    <p class='ocr_par' dir='ltr' id='par_1_34' title="bbox 265 3326 1850 3400">
     <span class='ocr_line' id='line_1_34' title="bbox 265 3326 1850 3400; baseline -0.003 -17"><span class='ocrx_word' id='word_1_234' title='bbox 265 3345 408 3383; x_wconf 80' lang='lat' dir='ltr'><strong>vere</strong></span> <span class='ocrx_word' id='word_1_235' title='bbox 433 3338 516 3383; x_wconf 91' lang='lat' dir='ltr'><strong>est</strong></span> <span class='ocrx_word' id='word_1_236' title='bbox 542 3329 824 3400; x_wconf 65' lang='lat' dir='ltr'><strong>aegritudo,</strong></span> <span class='ocrx_word' id='word_1_237' title='bbox 859 3328 913 3382; x_wconf 88' lang='lat' dir='ltr'><strong>id</strong></span> <span class='ocrx_word' id='word_1_238' title='bbox 941 3335 1025 3380; x_wconf 92' lang='lat' dir='ltr'><strong>est</strong></span> <span class='ocrx_word' id='word_1_239' title='bbox 1058 3341 1125 3380; x_wconf 80' lang='lat' dir='ltr'><strong>ex</strong></span> <span class='ocrx_word' id='word_1_240' title='bbox 1145 3336 1369 3396; x_wconf 90' lang='lat' dir='ltr'><strong>peccato</strong></span> <span class='ocrx_word' id='word_1_241' title='bbox 1398 3326 1661 3395; x_wconf 84' lang='lat' dir='ltr'><strong>lacrymas</strong></span> <span class='ocrx_word' id='word_1_242' title='bbox 1684 3340 1850 3379; x_wconf 55' lang='lat' dir='ltr'><strong>acce-</strong></span> 
     </span>
    </p>
   </div>
   <div class='ocr_carea' id='block_1_35' title="bbox 263 3417 1854 3488">
    <p class='ocr_par' dir='ltr' id='par_1_35' title="bbox 263 3417 1854 3488">
     <span class='ocr_line' id='line_1_35' title="bbox 263 3417 1854 3488; baseline -0.003 -12"><span class='ocrx_word' id='word_1_243' title='bbox 263 3423 470 3476; x_wconf 85' lang='lat' dir='ltr'><strong>dentes</strong></span> <span class='ocrx_word' id='word_1_244' title='bbox 494 3420 686 3474; x_wconf 87' lang='lat' dir='ltr'><strong>salvat.</strong></span> <span class='ocrx_word' id='word_1_245' title='bbox 710 3419 1023 3487; x_wconf 79' lang='lat' dir='ltr'><strong>Inﬁrmatur</strong></span> <span class='ocrx_word' id='word_1_246' title='bbox 1083 3418 1227 3472; x_wconf 91' lang='lat' dir='ltr'><strong>enim</strong></span> <span class='ocrx_word' id='word_1_247' title='bbox 1285 3418 1401 3488; x_wconf 82' lang='lat' dir='ltr'><strong>quis</strong></span> <span class='ocrx_word' id='word_1_248' title='bbox 1453 3418 1510 3469; x_wconf 89' lang='lat' dir='ltr'><strong>in</strong></span> <span class='ocrx_word' id='word_1_249' title='bbox 1572 3417 1734 3481; x_wconf 82' lang='lat' dir='ltr'><strong>vobis,</strong></span> <span class='ocrx_word' id='word_1_250' title='bbox 1777 3419 1854 3471; x_wconf 90' lang='lat' dir='ltr'><strong>ait</strong></span> 
     </span>
    </p>
   </div>
   <div class='ocr_carea' id='block_1_36' title="bbox 263 3511 1849 3582">
    <p class='ocr_par' dir='ltr' id='par_1_36' title="bbox 263 3511 1849 3582">
     <span class='ocr_line' id='line_1_36' title="bbox 263 3511 1849 3582; baseline -0.004 -14"><span class='ocrx_word' id='word_1_251' title='bbox 263 3511 532 3574; x_wconf 84' lang='lat' dir='ltr'><strong>Jacobus,</strong></span> <span class='ocrx_word' id='word_1_252' title='bbox 565 3520 800 3564; x_wconf 81' lang='lat' dir='ltr'><strong>convocet</strong></span> <span class='ocrx_word' id='word_1_253' title='bbox 839 3511 1186 3582; x_wconf 83' lang='lat' dir='ltr'><strong>presbyteros,</strong></span> <span class='ocrx_word' id='word_1_254' title='bbox 1239 3520 1286 3563; x_wconf 90' lang='lat' dir='ltr'><strong>et</strong></span> <span class='ocrx_word' id='word_1_255' title='bbox 1313 3521 1458 3563; x_wconf 88' lang='lat' dir='ltr'><strong>orent</strong></span> <span class='ocrx_word' id='word_1_256' title='bbox 1511 3526 1668 3578; x_wconf 86' lang='lat' dir='ltr'><strong>super</strong></span> <span class='ocrx_word' id='word_1_257' title='bbox 1711 3526 1849 3573; x_wconf 90' lang='lat' dir='ltr'><strong>eum,</strong></span> 
     </span>
    </p>
   </div>
   <div class='ocr_carea' id='block_1_37' title="bbox 265 3601 1854 3674">
    <p class='ocr_par' dir='ltr' id='par_1_37' title="bbox 265 3601 1854 3674">
     <span class='ocr_line' id='line_1_37' title="bbox 265 3601 1854 3674; baseline -0.002 -17"><span class='ocrx_word' id='word_1_258' title='bbox 265 3613 526 3674; x_wconf 72' lang='lat' dir='ltr'><strong>augentes</strong></span> <span class='ocrx_word' id='word_1_259' title='bbox 556 3619 674 3656; x_wconf 89' lang='lat' dir='ltr'><strong>eum</strong></span> <span class='ocrx_word' id='word_1_260' title='bbox 716 3602 827 3656; x_wconf 90' lang='lat' dir='ltr'><strong>oleo</strong></span> <span class='ocrx_word' id='word_1_261' title='bbox 855 3604 910 3655; x_wconf 90' lang='lat' dir='ltr'><strong>in</strong></span> <span class='ocrx_word' id='word_1_262' title='bbox 941 3604 1150 3656; x_wconf 80' lang='lat' dir='ltr'><strong>nomine</strong></span> <span class='ocrx_word' id='word_1_263' title='bbox 1187 3601 1432 3666; x_wconf 88' lang='lat' dir='ltr'><strong>Domini;</strong></span> <span class='ocrx_word' id='word_1_264' title='bbox 1463 3611 1511 3655; x_wconf 90' lang='lat' dir='ltr'><strong>et</strong></span> <span class='ocrx_word' id='word_1_265' title='bbox 1539 3602 1709 3654; x_wconf 87' lang='lat' dir='ltr'><strong>oratio</strong></span> <span class='ocrx_word' id='word_1_266' title='bbox 1732 3601 1854 3669; x_wconf 78' lang='lat' dir='ltr'><strong>fidei</strong></span> 
     </span>
    </p>
   </div>
   <div class='ocr_carea' id='block_1_38' title="bbox 265 3693 1855 3764">
    <p class='ocr_par' dir='ltr' id='par_1_38' title="bbox 265 3693 1855 3764">
     <span class='ocr_line' id='line_1_38' title="bbox 265 3693 1855 3764; baseline -0.003 -13"><span class='ocrx_word' id='word_1_267' title='bbox 265 3697 502 3751; x_wconf 76' lang='lat' dir='ltr'><strong>salvabit</strong></span> <span class='ocrx_word' id='word_1_268' title='bbox 530 3695 818 3764; x_wconf 76' lang='lat' dir='ltr'><strong>inﬁrmum,</strong></span> <span class='ocrx_word' id='word_1_269' title='bbox 844 3705 892 3749; x_wconf 91' lang='lat' dir='ltr'><strong>et</strong></span> <span class='ocrx_word' id='word_1_270' title='bbox 922 3694 1169 3748; x_wconf 87' lang='lat' dir='ltr'><strong>allevabit</strong></span> <span class='ocrx_word' id='word_1_271' title='bbox 1195 3711 1312 3748; x_wconf 90' lang='lat' dir='ltr'><strong>eum</strong></span> <span class='ocrx_word' id='word_1_272' title='bbox 1365 3693 1638 3758; x_wconf 87' lang='lat' dir='ltr'><strong>Dominus,</strong></span> <span class='ocrx_word' id='word_1_273' title='bbox 1661 3693 1776 3746; x_wconf 81' lang='lat' dir='ltr'><strong>etsi</strong></span> <span class='ocrx_word' id='word_1_274' title='bbox 1801 3694 1855 3747; x_wconf 88' lang='lat' dir='ltr'><strong>in</strong></span> 
     </span>
    </p>
   </div>
   <div class='ocr_carea' id='block_1_39' title="bbox 265 3788 1857 3862">
    <p class='ocr_par' dir='ltr' id='par_1_39' title="bbox 265 3788 1857 3862">
     <span class='ocr_line' id='line_1_39' title="bbox 265 3788 1857 3862; baseline -0.004 -15"><span class='ocrx_word' id='word_1_275' title='bbox 265 3793 509 3862; x_wconf 76' lang='lat' dir='ltr'><strong>peccatis</strong></span> <span class='ocrx_word' id='word_1_276' title='bbox 533 3794 622 3856; x_wconf 90' lang='lat' dir='ltr'><strong>sit,</strong></span> <span class='ocrx_word' id='word_1_277' title='bbox 643 3793 977 3846; x_wconf 85' lang='lat' dir='ltr'><strong>remittentur</strong></span> <span class='ocrx_word' id='word_1_278' title='bbox 1002 3792 1050 3844; x_wconf 89' lang='lat' dir='ltr'><strong>ei</strong></span> <span class='ocrx_word' id='word_1_279' title='bbox 1083 3792 1146 3845; x_wconf 66' lang='grc'><strong>⁷⁵.</strong></span> <span class='ocrx_word' id='word_1_280' title='bbox 1200 3789 1330 3845; x_wconf 82' lang='lat' dir='ltr'><strong>Post</strong></span> <span class='ocrx_word' id='word_1_281' title='bbox 1358 3790 1494 3855; x_wconf 66' lang='lat' dir='ltr'><strong>haec,</strong></span> <span class='ocrx_word' id='word_1_282' title='bbox 1521 3789 1721 3860; x_wconf 86' lang='lat' dir='ltr'><strong>pugillo</strong></span> <span class='ocrx_word' id='word_1_283' title='bbox 1752 3788 1857 3844; x_wconf 89' lang='lat' dir='ltr'><strong>tol-</strong></span> 
     </span>
    </p>
   </div>
   <div class='ocr_carea' id='block_1_40' title="bbox 266 3881 1859 3954">
    <p class='ocr_par' dir='ltr' id='par_1_40' title="bbox 266 3881 1859 3954">
     <span class='ocr_line' id='line_1_40' title="bbox 266 3881 1859 3954; baseline -0.003 -14"><span class='ocrx_word' id='word_1_284' title='bbox 266 3885 394 3940; x_wconf 82' lang='lat' dir='ltr'><strong>lere</strong></span> <span class='ocrx_word' id='word_1_285' title='bbox 427 3885 583 3954; x_wconf 86' lang='lat' dir='ltr'><strong>jubet</strong></span> <span class='ocrx_word' id='word_1_286' title='bbox 616 3884 869 3947; x_wconf 90' lang='lat' dir='ltr'><strong>similam,</strong></span> <span class='ocrx_word' id='word_1_287' title='bbox 909 3883 958 3937; x_wconf 92' lang='lat' dir='ltr'><strong>id</strong></span> <span class='ocrx_word' id='word_1_288' title='bbox 990 3893 1074 3937; x_wconf 90' lang='lat' dir='ltr'><strong>est</strong></span> <span class='ocrx_word' id='word_1_289' title='bbox 1135 3883 1240 3936; x_wconf 90' lang='lat' dir='ltr'><strong>ﬁde</strong></span> <span class='ocrx_word' id='word_1_290' title='bbox 1277 3882 1562 3937; x_wconf 89' lang='lat' dir='ltr'><strong>scientiam</strong></span> <span class='ocrx_word' id='word_1_291' title='bbox 1598 3881 1689 3935; x_wconf 90' lang='lat' dir='ltr'><strong>Dei</strong></span> <span class='ocrx_word' id='word_1_292' title='bbox 1716 3897 1859 3935; x_wconf 88' lang='lat' dir='ltr'><strong>com-</strong></span> 
     </span>
    </p>
   </div>
   <div class='ocr_carea' id='block_1_41' title="bbox 267 3973 1858 4047">
    <p class='ocr_par' dir='ltr' id='par_1_41' title="bbox 267 3973 1858 4047">
     <span class='ocr_line' id='line_1_41' title="bbox 267 3973 1858 4047; baseline -0.001 -19"><span class='ocrx_word' id='word_1_293' title='bbox 267 3977 653 4047; x_wconf 83' lang='lat' dir='ltr'><strong>prehendere;</strong></span> <span class='ocrx_word' id='word_1_294' title='bbox 703 3991 800 4046; x_wconf 90' lang='lat' dir='ltr'><strong>per</strong></span> <span class='ocrx_word' id='word_1_295' title='bbox 822 3976 1080 4046; x_wconf 85' lang='lat' dir='ltr'><strong>pugillum</strong></span> <span class='ocrx_word' id='word_1_296' title='bbox 1130 3975 1276 4029; x_wconf 90' lang='lat' dir='ltr'><strong>enim</strong></span> <span class='ocrx_word' id='word_1_297' title='bbox 1311 3973 1399 4028; x_wconf 91' lang='lat' dir='ltr'><strong>hic</strong></span> <span class='ocrx_word' id='word_1_298' title='bbox 1458 3973 1858 4043; x_wconf 79' lang='lat' dir='ltr'><strong>ﬁdemsigniﬁ-</strong></span> 
     </span>
    </p>
   </div>
   <div class='ocr_carea' id='block_1_42' title="bbox 270 4065 1858 4138">
    <p class='ocr_par' dir='ltr' id='par_1_42' title="bbox 270 4065 1858 4138">
     <span class='ocr_line' id='line_1_42' title="bbox 270 4065 1858 4138; baseline -0.003 -16"><span class='ocrx_word' id='word_1_299' title='bbox 270 4077 390 4131; x_wconf 88' lang='lat' dir='ltr'><strong>cat,</strong></span> <span class='ocrx_word' id='word_1_300' title='bbox 411 4075 704 4138; x_wconf 90' lang='lat' dir='ltr'><strong>aperteque</strong></span> <span class='ocrx_word' id='word_1_301' title='bbox 727 4067 967 4122; x_wconf 86' lang='lat' dir='ltr'><strong>ostendit</strong></span> <span class='ocrx_word' id='word_1_302' title='bbox 996 4067 1140 4120; x_wconf 89' lang='lat' dir='ltr'><strong>illam</strong></span> <span class='ocrx_word' id='word_1_303' title='bbox 1190 4065 1473 4121; x_wconf 86' lang='lat' dir='ltr'><strong>scientiam</strong></span> <span class='ocrx_word' id='word_1_304' title='bbox 1505 4105 1519 4130; x_wconf 92' lang='lat'><strong>,</strong></span> <span class='ocrx_word' id='word_1_305' title='bbox 1547 4065 1660 4119; x_wconf 90' lang='lat' dir='ltr'><strong>sive</strong></span> <span class='ocrx_word' id='word_1_306' title='bbox 1675 4065 1858 4136; x_wconf 89' lang='lat' dir='ltr'><strong>cogni-</strong></span> 
     </span>
    </p>
   </div>
   <div class='ocr_carea' id='block_1_43' title="bbox 269 4158 1862 4228">
    <p class='ocr_par' dir='ltr' id='par_1_43' title="bbox 269 4158 1862 4228">
     <span class='ocr_line' id='line_1_43' title="bbox 269 4158 1862 4228; baseline -0.001 -15"><span class='ocrx_word' id='word_1_307' title='bbox 269 4159 490 4213; x_wconf 79' lang='lat' dir='ltr'><strong>tionem</strong></span> <span class='ocrx_word' id='word_1_308' title='bbox 519 4159 612 4213; x_wconf 92' lang='lat' dir='ltr'><strong>Dei</strong></span> <span class='ocrx_word' id='word_1_309' title='bbox 649 4158 879 4213; x_wconf 90' lang='lat' dir='ltr'><strong>Domino</strong></span> <span class='ocrx_word' id='word_1_310' title='bbox 918 4167 1222 4228; x_wconf 89' lang='lat' dir='ltr'><strong>acceptam,</strong></span> <span class='ocrx_word' id='word_1_311' title='bbox 1266 4174 1426 4227; x_wconf 90' lang='lat' dir='ltr'><strong>quam</strong></span> <span class='ocrx_word' id='word_1_312' title='bbox 1453 4158 1584 4212; x_wconf 87' lang='lat' dir='ltr'><strong>ﬁdes</strong></span> <span class='ocrx_word' id='word_1_313' title='bbox 1610 4173 1862 4227; x_wconf 89' lang='lat' dir='ltr'><strong>compre-</strong></span> 
     </span>
    </p>
   </div>
   <div class='ocr_carea' id='block_1_44' title="bbox 273 4247 1860 4319">
    <p class='ocr_par' dir='ltr' id='par_1_44' title="bbox 273 4247 1860 4319">
     <span class='ocr_line' id='line_1_44' title="bbox 273 4247 1860 4319; baseline -0.001 -15"><span class='ocrx_word' id='word_1_314' title='bbox 273 4247 530 4304; x_wconf 81' lang='lat' dir='ltr'><strong>hendere</strong></span> <span class='ocrx_word' id='word_1_315' title='bbox 561 4256 740 4318; x_wconf 89' lang='lat' dir='ltr'><strong>potest</strong></span> <span class='ocrx_word' id='word_1_316' title='bbox 766 4265 780 4313; x_wconf 93' lang='lat'><strong>;</strong></span> <span class='ocrx_word' id='word_1_317' title='bbox 817 4257 873 4302; x_wconf 89' lang='lat' dir='ltr'><strong>et</strong></span> <span class='ocrx_word' id='word_1_318' title='bbox 901 4248 1364 4318; x_wconf 82' lang='lat' dir='ltr'><strong>quemadmodum</strong></span> <span class='ocrx_word' id='word_1_319' title='bbox 1399 4248 1488 4318; x_wconf 86' lang='lat' dir='ltr'><strong>qui</strong></span> <span class='ocrx_word' id='word_1_320' title='bbox 1522 4248 1722 4319; x_wconf 90' lang='lat' dir='ltr'><strong>pugillo</strong></span> <span class='ocrx_word' id='word_1_321' title='bbox 1741 4249 1860 4318; x_wconf 91' lang='lat' dir='ltr'><strong>plus</strong></span> 
     </span>
    </p>
   </div>
   <div class='ocr_carea' id='block_1_45' title="bbox 271 4326 1858 4410">
    <p class='ocr_par' dir='ltr' id='par_1_45' title="bbox 271 4326 1858 4410">
     <span class='ocr_line' id='line_1_45' title="bbox 271 4326 1858 4410; baseline 0.001 -16"><span class='ocrx_word' id='word_1_322' title='bbox 271 4341 402 4395; x_wconf 79' lang='lat' dir='ltr'><strong>vult</strong></span> <span class='ocrx_word' id='word_1_323' title='bbox 449 4326 936 4408; x_wconf 85' lang='lat' dir='ltr'><strong>comprehendere,</strong></span> <span class='ocrx_word' id='word_1_324' title='bbox 987 4339 1120 4393; x_wconf 88' lang='lat' dir='ltr'><strong>nihil</strong></span> <span class='ocrx_word' id='word_1_325' title='bbox 1175 4339 1408 4408; x_wconf 88' lang='lat' dir='ltr'><strong>proﬁcit,</strong></span> <span class='ocrx_word' id='word_1_326' title='bbox 1455 4347 1628 4393; x_wconf 86' lang='lat' dir='ltr'><strong>totum</strong></span> <span class='ocrx_word' id='word_1_327' title='bbox 1659 4341 1858 4410; x_wconf 88' lang='lat' dir='ltr'><strong>quippe</strong></span> 
     </span>
    </p>
   </div>
   <div class='ocr_carea' id='block_1_46' title="bbox 272 4429 1860 4499">
    <p class='ocr_par' dir='ltr' id='par_1_46' title="bbox 272 4429 1860 4499">
     <span class='ocr_line' id='line_1_46' title="bbox 272 4429 1860 4499; baseline -0.003 -12"><span class='ocrx_word' id='word_1_328' title='bbox 272 4431 530 4487; x_wconf 89' lang='lat' dir='ltr'><strong>decurrit</strong></span> <span class='ocrx_word' id='word_1_329' title='bbox 555 4439 606 4485; x_wconf 88' lang='lat' dir='ltr'><strong>et</strong></span> <span class='ocrx_word' id='word_1_330' title='bbox 639 4431 803 4494; x_wconf 86' lang='lat' dir='ltr'><strong>cadit,</strong></span> <span class='ocrx_word' id='word_1_331' title='bbox 841 4439 1002 4499; x_wconf 89' lang='lat' dir='ltr'><strong>atque</strong></span> <span class='ocrx_word' id='word_1_332' title='bbox 1056 4430 1321 4483; x_wconf 90' lang='lat' dir='ltr'><strong>inutiliter</strong></span> <span class='ocrx_word' id='word_1_333' title='bbox 1347 4429 1574 4492; x_wconf 85' lang='lat' dir='ltr'><strong>laborat,</strong></span> <span class='ocrx_word' id='word_1_334' title='bbox 1599 4429 1675 4484; x_wconf 92' lang='lat' dir='ltr'><strong>sic</strong></span> <span class='ocrx_word' id='word_1_335' title='bbox 1705 4446 1860 4482; x_wconf 82' lang='lat' dir='ltr'><strong>mcu-</strong></span> 
     </span>
    </p>
   </div>
   <div class='ocr_carea' id='block_1_47' title="bbox 273 4519 1856 4588">
    <p class='ocr_par' dir='ltr' id='par_1_47' title="bbox 273 4519 1856 4588">
     <span class='ocr_line' id='line_1_47' title="bbox 273 4519 1856 4588; baseline -0.004 -10"><span class='ocrx_word' id='word_1_336' title='bbox 273 4537 416 4578; x_wconf 83' lang='lat' dir='ltr'><strong>sura</strong></span> <span class='ocrx_word' id='word_1_337' title='bbox 449 4520 540 4576; x_wconf 88' lang='lat' dir='ltr'><strong>Dei</strong></span> <span class='ocrx_word' id='word_1_338' title='bbox 563 4523 806 4576; x_wconf 69' lang='lat' dir='ltr'><strong>scientia:</strong></span> <span class='ocrx_word' id='word_1_339' title='bbox 846 4521 979 4576; x_wconf 87' lang='lat' dir='ltr'><strong>ﬁdes</strong></span> <span class='ocrx_word' id='word_1_340' title='bbox 1030 4531 1134 4575; x_wconf 88' lang='lat' dir='ltr'><strong>est.</strong></span> <span class='ocrx_word' id='word_1_341' title='bbox 1185 4519 1405 4575; x_wconf 86' lang='lat' dir='ltr'><strong>Credere</strong></span> <span class='ocrx_word' id='word_1_342' title='bbox 1452 4521 1592 4572; x_wconf 88' lang='lat' dir='ltr'><strong>enim</strong></span> <span class='ocrx_word' id='word_1_343' title='bbox 1637 4529 1856 4588; x_wconf 87' lang='lat' dir='ltr'><strong>oportet,</strong></span> 
     </span>
    </p>
   </div>
   <div class='ocr_carea' id='block_1_48' title="bbox 1941 623 3524 709">
    <p class='ocr_par' dir='ltr' id='par_1_48' title="bbox 1941 623 3524 709">
     <span class='ocr_line' id='line_1_48' title="bbox 1941 623 3524 709; baseline -0.013 -14"><span class='ocrx_word' id='word_1_344' title='bbox 1941 649 2044 695; x_wconf 89' lang='lat' dir='ltr'><strong>ret.</strong></span> <span class='ocrx_word' id='word_1_345' title='bbox 2075 638 2132 692; x_wconf 90' lang='lat' dir='ltr'><strong>Si</strong></span> <span class='ocrx_word' id='word_1_346' title='bbox 2155 639 2302 709; x_wconf 89' lang='lat' dir='ltr'><strong>enim</strong></span> <span class='ocrx_word' id='word_1_347' title='bbox 2333 635 2400 690; x_wconf 92' lang='lat' dir='ltr'><strong>de</strong></span> <span class='ocrx_word' id='word_1_348' title='bbox 2426 631 2710 688; x_wconf 89' lang='lat' dir='ltr'><strong>sacerdote</strong></span> <span class='ocrx_word' id='word_1_349' title='bbox 2739 627 2986 688; x_wconf 75' lang='lat' dir='ltr'><strong>dixisset,</strong></span> <span class='ocrx_word' id='word_1_350' title='bbox 3015 625 3177 695; x_wconf 82' lang='lat' dir='ltr'><strong>plane</strong></span> <span class='ocrx_word' id='word_1_351' title='bbox 3200 623 3305 679; x_wconf 91' lang='lat' dir='ltr'><strong>hoc</strong></span> <span class='ocrx_word' id='word_1_352' title='bbox 3334 623 3524 692; x_wconf 82' lang='lat' dir='ltr'><strong>utique</strong></span> 
     </span>
    </p>
   </div>
   <div class='ocr_carea' id='block_1_49' title="bbox 1941 714 3524 792">
    <p class='ocr_par' dir='ltr' id='par_1_49' title="bbox 1941 714 3524 792">
     <span class='ocr_line' id='line_1_49' title="bbox 1941 714 3524 792; baseline -0.01 -5"><span class='ocrx_word' id='word_1_353' title='bbox 1941 733 2083 787; x_wconf 92' lang='lat' dir='ltr'><strong>sicut</strong></span> <span class='ocrx_word' id='word_1_354' title='bbox 2111 730 2166 784; x_wconf 92' lang='lat' dir='ltr'><strong>in</strong></span> <span class='ocrx_word' id='word_1_355' title='bbox 2194 726 2484 788; x_wconf 89' lang='lat' dir='ltr'><strong>sacriﬁcio,</strong></span> <span class='ocrx_word' id='word_1_356' title='bbox 2506 726 2574 779; x_wconf 89' lang='lat' dir='ltr'><strong>de</strong></span> <span class='ocrx_word' id='word_1_357' title='bbox 2596 728 2817 792; x_wconf 80' lang='lat' dir='ltr'><strong>peccato</strong></span> <span class='ocrx_word' id='word_1_358' title='bbox 2879 719 3148 774; x_wconf 88' lang='lat' dir='ltr'><strong>sancitum</strong></span> <span class='ocrx_word' id='word_1_359' title='bbox 3174 724 3340 782; x_wconf 88' lang='lat' dir='ltr'><strong>esset,</strong></span> <span class='ocrx_word' id='word_1_360' title='bbox 3377 714 3524 786; x_wconf 88' lang='lat' dir='ltr'><strong>quod</strong></span> 
     </span>
    </p>
   </div>
   <div class='ocr_carea' id='block_1_50' title="bbox 1942 809 3527 892">
    <p class='ocr_par' dir='ltr' id='par_1_50' title="bbox 1942 809 3527 892">
     <span class='ocr_line' id='line_1_50' title="bbox 1942 809 3527 892; baseline -0.011 -14"><span class='ocrx_word' id='word_1_361' title='bbox 1942 834 1997 878; x_wconf 91' lang='lat' dir='ltr'><strong>et</strong></span> <span class='ocrx_word' id='word_1_362' title='bbox 2019 823 2198 892; x_wconf 90' lang='lat' dir='ltr'><strong>ipsum</strong></span> <span class='ocrx_word' id='word_1_363' title='bbox 2230 820 2299 874; x_wconf 92' lang='lat' dir='ltr'><strong>de</strong></span> <span class='ocrx_word' id='word_1_364' title='bbox 2341 817 2516 872; x_wconf 91' lang='lat' dir='ltr'><strong>simila</strong></span> <span class='ocrx_word' id='word_1_365' title='bbox 2540 815 2722 877; x_wconf 87' lang='lat' dir='ltr'><strong>ﬁebat,</strong></span> <span class='ocrx_word' id='word_1_366' title='bbox 2749 812 2993 868; x_wconf 87' lang='lat' dir='ltr'><strong>adderet.</strong></span> <span class='ocrx_word' id='word_1_367' title='bbox 3025 811 3104 865; x_wconf 93' lang='lat' dir='ltr'><strong>lbi</strong></span> <span class='ocrx_word' id='word_1_368' title='bbox 3135 809 3284 864; x_wconf 89' lang='lat' dir='ltr'><strong>enim</strong></span> <span class='ocrx_word' id='word_1_369' title='bbox 3312 821 3527 863; x_wconf 84' lang='lat' dir='ltr'><strong>memo-</strong></span> 
     </span>
    </p>
   </div>
   <div class='ocr_carea' id='block_1_51' title="bbox 1942 899 3529 978">
    <p class='ocr_par' dir='ltr' id='par_1_51' title="bbox 1942 899 3529 978">
     <span class='ocr_line' id='line_1_51' title="bbox 1942 899 3529 978; baseline -0.011 -9"><span class='ocrx_word' id='word_1_370' title='bbox 1942 912 2075 969; x_wconf 90' lang='lat' dir='ltr'><strong>riale</strong></span> <span class='ocrx_word' id='word_1_371' title='bbox 2106 927 2227 969; x_wconf 88' lang='lat' dir='ltr'><strong>esse</strong></span> <span class='ocrx_word' id='word_1_372' title='bbox 2247 911 2362 966; x_wconf 84' lang='lat' dir='ltr'><strong>vult</strong></span> <span class='ocrx_word' id='word_1_373' title='bbox 2401 910 2503 964; x_wconf 90' lang='lat' dir='ltr'><strong>hoc</strong></span> <span class='ocrx_word' id='word_1_374' title='bbox 2523 908 2670 978; x_wconf 90' lang='lat' dir='ltr'><strong>quod</strong></span> <span class='ocrx_word' id='word_1_375' title='bbox 2705 906 2762 960; x_wconf 92' lang='lat' dir='ltr'><strong>in</strong></span> <span class='ocrx_word' id='word_1_376' title='bbox 2819 904 3022 974; x_wconf 83' lang='lat' dir='ltr'><strong>pugillo</strong></span> <span class='ocrx_word' id='word_1_377' title='bbox 3050 901 3347 957; x_wconf 91' lang='lat' dir='ltr'><strong>sacerdotis</strong></span> <span class='ocrx_word' id='word_1_378' title='bbox 3369 899 3529 954; x_wconf 81' lang='lat' dir='ltr'><strong>oﬁ‘er—</strong></span> 
     </span>
    </p>
   </div>
   <div class='ocr_carea' id='block_1_52' title="bbox 1945 989 3528 1070">
    <p class='ocr_par' dir='ltr' id='par_1_52' title="bbox 1945 989 3528 1070">
     <span class='ocr_line' id='line_1_52' title="bbox 1945 989 3528 1070; baseline -0.011 -8"><span class='ocrx_word' id='word_1_379' title='bbox 1945 1016 2035 1062; x_wconf 92' lang='lat' dir='ltr'><strong>tur</strong></span> <span class='ocrx_word' id='word_1_380' title='bbox 2061 1005 2171 1060; x_wconf 89' lang='lat' dir='ltr'><strong>Deo</strong></span> <span class='ocrx_word' id='word_1_381' title='bbox 2209 1002 2397 1057; x_wconf 87' lang='lat' dir='ltr'><strong>:aliud</strong></span> <span class='ocrx_word' id='word_1_382' title='bbox 2435 1001 2717 1070; x_wconf 89' lang='lat' dir='ltr'><strong>quidpiam</strong></span> <span class='ocrx_word' id='word_1_383' title='bbox 2743 997 3000 1053; x_wconf 86' lang='lat' dir='ltr'><strong>sanciens</strong></span> <span class='ocrx_word' id='word_1_384' title='bbox 3043 1003 3198 1049; x_wconf 77' lang='lat' dir='ltr'><strong>extra</strong></span> <span class='ocrx_word' id='word_1_385' title='bbox 3223 994 3328 1048; x_wconf 88' lang='lat' dir='ltr'><strong>hoc</strong></span> <span class='ocrx_word' id='word_1_386' title='bbox 3379 989 3528 1061; x_wconf 92' lang='lat' dir='ltr'><strong>quod</strong></span> 
     </span>
    </p>
   </div>
   <div class='ocr_carea' id='block_1_53' title="bbox 1942 1085 3591 1163">
    <p class='ocr_par' dir='ltr' id='par_1_53' title="bbox 1942 1085 3591 1163">
     <span class='ocr_line' id='line_1_53' title="bbox 1942 1085 3591 1163; baseline -0.008 -9"><span class='ocrx_word' id='word_1_387' title='bbox 1942 1115 2092 1154; x_wconf 92' lang='lat' dir='ltr'><strong>nunc</strong></span> <span class='ocrx_word' id='word_1_388' title='bbox 2122 1097 2348 1159; x_wconf 92' lang='lat' dir='ltr'><strong>dicitur,</strong></span> <span class='ocrx_word' id='word_1_389' title='bbox 2382 1095 2523 1149; x_wconf 91' lang='lat' dir='ltr'><strong>sicut</strong></span> <span class='ocrx_word' id='word_1_390' title='bbox 2554 1093 2720 1163; x_wconf 90' lang='lat' dir='ltr'><strong>paulo</strong></span> <span class='ocrx_word' id='word_1_391' title='bbox 2748 1090 3022 1162; x_wconf 90' lang='lat' dir='ltr'><strong>posterius</strong></span> <span class='ocrx_word' id='word_1_392' title='bbox 3042 1089 3414 1144; x_wconf 89' lang='lat' dir='ltr'><strong>ostendemus.</strong></span> <span class='ocrx_word' id='word_1_393' title='bbox 3431 1085 3529 1141; x_wconf 89' lang='lat' dir='ltr'><strong>llic</strong></span> <span class='ocrx_word' id='word_1_394' title='bbox 3588 1103 3591 1110; x_wconf 65' lang='grc' dir='ltr'><em>τ</em></span> 
     </span>
    </p>
   </div>
   <div class='ocr_carea' id='block_1_54' title="bbox 1946 1180 3529 1254">
    <p class='ocr_par' dir='ltr' id='par_1_54' title="bbox 1946 1180 3529 1254">
     <span class='ocr_line' id='line_1_54' title="bbox 1946 1180 3529 1254; baseline -0.008 -8"><span class='ocrx_word' id='word_1_395' title='bbox 1946 1207 2076 1247; x_wconf 89' lang='lat' dir='ltr'><strong>vero</strong></span> <span class='ocrx_word' id='word_1_396' title='bbox 2107 1206 2219 1245; x_wconf 90' lang='lat' dir='ltr'><strong>non</strong></span> <span class='ocrx_word' id='word_1_397' title='bbox 2249 1189 2323 1243; x_wconf 91' lang='lat' dir='ltr'><strong>ita</strong></span> <span class='ocrx_word' id='word_1_398' title='bbox 2345 1228 2361 1254; x_wconf 90' lang='lat'><strong>,</strong></span> <span class='ocrx_word' id='word_1_399' title='bbox 2393 1188 2490 1242; x_wconf 90' lang='lat' dir='ltr'><strong>sed</strong></span> <span class='ocrx_word' id='word_1_400' title='bbox 2539 1191 2778 1254; x_wconf 89' lang='lat' dir='ltr'><strong>sumpto,</strong></span> <span class='ocrx_word' id='word_1_401' title='bbox 2813 1183 3114 1238; x_wconf 86' lang='lat' dir='ltr'><strong>secundum</strong></span> <span class='ocrx_word' id='word_1_402' title='bbox 3145 1181 3289 1252; x_wconf 90' lang='lat' dir='ltr'><strong>quod</strong></span> <span class='ocrx_word' id='word_1_403' title='bbox 3323 1180 3529 1235; x_wconf 85' lang='lat' dir='ltr'><strong>dictum</strong></span> 
     </span>
    </p>
   </div>
   <div class='ocr_carea' id='block_1_55' title="bbox 1947 1272 3530 1352">
    <p class='ocr_par' dir='ltr' id='par_1_55' title="bbox 1947 1272 3530 1352">
     <span class='ocr_line' id='line_1_55' title="bbox 1947 1272 3530 1352; baseline -0.009 -11"><span class='ocrx_word' id='word_1_404' title='bbox 1947 1295 2048 1350; x_wconf 87' lang='lat' dir='ltr'><strong>est,</strong></span> <span class='ocrx_word' id='word_1_405' title='bbox 2085 1300 2153 1339; x_wconf 91' lang='lat' dir='ltr'><strong>eo</strong></span> <span class='ocrx_word' id='word_1_406' title='bbox 2222 1281 2368 1352; x_wconf 90' lang='lat' dir='ltr'><strong>quod</strong></span> <span class='ocrx_word' id='word_1_407' title='bbox 2420 1280 2615 1335; x_wconf 82' lang='lat' dir='ltr'><strong>oﬁeret</strong></span> <span class='ocrx_word' id='word_1_408' title='bbox 2666 1276 2921 1332; x_wconf 89' lang='lat' dir='ltr'><strong>sacerdos</strong></span> <span class='ocrx_word' id='word_1_409' title='bbox 2947 1275 3088 1347; x_wconf 88' lang='lat' dir='ltr'><strong>(esse</strong></span> <span class='ocrx_word' id='word_1_410' title='bbox 3139 1284 3321 1330; x_wconf 90' lang='lat' dir='ltr'><strong>autem</strong></span> <span class='ocrx_word' id='word_1_411' title='bbox 3384 1272 3530 1327; x_wconf 88' lang='lat' dir='ltr'><strong>hunc</strong></span> 
     </span>
    </p>
   </div>
   <div class='ocr_carea' id='block_1_56' title="bbox 1943 1364 3532 1442">
    <p class='ocr_par' dir='ltr' id='par_1_56' title="bbox 1943 1364 3532 1442">
     <span class='ocr_line' id='line_1_56' title="bbox 1943 1364 3532 1442; baseline -0.007 -12"><span class='ocrx_word' id='word_1_412' title='bbox 1943 1375 2130 1430; x_wconf 86' lang='lat' dir='ltr'><strong>Jesum</strong></span> <span class='ocrx_word' id='word_1_413' title='bbox 2163 1371 2446 1442; x_wconf 87' lang='lat' dir='ltr'><strong>didicisti),</strong></span> <span class='ocrx_word' id='word_1_414' title='bbox 2481 1368 2737 1425; x_wconf 88' lang='lat' dir='ltr'><strong>sacriﬁcii</strong></span> <span class='ocrx_word' id='word_1_415' title='bbox 2757 1367 3071 1422; x_wconf 89' lang='lat' dir='ltr'><strong>memoriale</strong></span> <span class='ocrx_word' id='word_1_416' title='bbox 3098 1367 3153 1421; x_wconf 91' lang='lat' dir='ltr'><strong>in</strong></span> <span class='ocrx_word' id='word_1_417' title='bbox 3168 1365 3378 1422; x_wconf 67' lang='lat' dir='ltr'><strong>caelesti</strong></span> <span class='ocrx_word' id='word_1_418' title='bbox 3402 1364 3532 1420; x_wconf 77' lang='lat' dir='ltr'><strong>oﬁ‘e-</strong></span> 
     </span>
    </p>
   </div>
   <div class='ocr_carea' id='block_1_57' title="bbox 1946 1455 3530 1528">
    <p class='ocr_par' dir='ltr' id='par_1_57' title="bbox 1946 1455 3530 1528">
     <span class='ocr_line' id='line_1_57' title="bbox 1946 1455 3530 1528; baseline -0.008 -6"><span class='ocrx_word' id='word_1_419' title='bbox 1946 1477 2029 1522; x_wconf 90' lang='lat' dir='ltr'><strong>ret</strong></span> <span class='ocrx_word' id='word_1_420' title='bbox 2055 1465 2231 1520; x_wconf 90' lang='lat' dir='ltr'><strong>altari.</strong></span> <span class='ocrx_word' id='word_1_421' title='bbox 2264 1461 2580 1518; x_wconf 85' lang='lat' dir='ltr'><strong>Memoriale</strong></span> <span class='ocrx_word' id='word_1_422' title='bbox 2633 1468 2819 1514; x_wconf 90' lang='lat' dir='ltr'><strong>autem</strong></span> <span class='ocrx_word' id='word_1_423' title='bbox 2849 1459 3181 1528; x_wconf 85' lang='lat' dir='ltr'><strong>cognitionis</strong></span> <span class='ocrx_word' id='word_1_424' title='bbox 3214 1457 3306 1512; x_wconf 90' lang='lat' dir='ltr'><strong>Dei</strong></span> <span class='ocrx_word' id='word_1_425' title='bbox 3351 1455 3530 1526; x_wconf 49' lang='lat' dir='ltr'><strong>perte.</strong></span> 
     </span>
    </p>
   </div>
   <div class='ocr_carea' id='block_1_58' title="bbox 1945 1549 3525 1624">
    <p class='ocr_par' dir='ltr' id='par_1_58' title="bbox 1945 1549 3525 1624">
     <span class='ocr_line' id='line_1_58' title="bbox 1945 1549 3525 1624; baseline -0.009 -9"><span class='ocrx_word' id='word_1_426' title='bbox 1945 1569 2030 1615; x_wconf 91' lang='lat' dir='ltr'><strong>cta</strong></span> <span class='ocrx_word' id='word_1_427' title='bbox 2087 1557 2318 1613; x_wconf 88' lang='lat' dir='ltr'><strong>scientia</strong></span> <span class='ocrx_word' id='word_1_428' title='bbox 2379 1564 2482 1619; x_wconf 91' lang='lat' dir='ltr'><strong>est,</strong></span> <span class='ocrx_word' id='word_1_429' title='bbox 2515 1553 2674 1622; x_wconf 83' lang='lat' dir='ltr'><strong>cujus</strong></span> <span class='ocrx_word' id='word_1_430' title='bbox 2725 1568 2943 1624; x_wconf 86' lang='lat' dir='ltr'><strong>semper</strong></span> <span class='ocrx_word' id='word_1_431' title='bbox 2972 1565 3255 1606; x_wconf 84' lang='lat' dir='ltr'><strong>memores</strong></span> <span class='ocrx_word' id='word_1_432' title='bbox 3302 1549 3525 1612; x_wconf 88' lang='lat' dir='ltr'><strong>erimus,</strong></span> 
     </span>
    </p>
   </div>
   <div class='ocr_carea' id='block_1_59' title="bbox 1945 1641 3530 1721">
    <p class='ocr_par' dir='ltr' id='par_1_59' title="bbox 1945 1641 3530 1721">
     <span class='ocr_line' id='line_1_59' title="bbox 1945 1641 3530 1721; baseline -0.007 -16"><span class='ocrx_word' id='word_1_433' title='bbox 1945 1651 2162 1721; x_wconf 90' lang='lat' dir='ltr'><strong>quando</strong></span> <span class='ocrx_word' id='word_1_434' title='bbox 2190 1650 2307 1719; x_wconf 90' lang='lat' dir='ltr'><strong>ejus</strong></span> <span class='ocrx_word' id='word_1_435' title='bbox 2329 1661 2556 1717; x_wconf 89' lang='lat' dir='ltr'><strong>capaces</strong></span> <span class='ocrx_word' id='word_1_436' title='bbox 2579 1645 2863 1708; x_wconf 84' lang='lat' dir='ltr'><strong>fuerimus,</strong></span> <span class='ocrx_word' id='word_1_437' title='bbox 2922 1660 3044 1714; x_wconf 71' lang='lat' dir='ltr'><strong>qua:</strong></span> <span class='ocrx_word' id='word_1_438' title='bbox 3102 1657 3381 1711; x_wconf 90' lang='lat' dir='ltr'><strong>nunquam</strong></span> <span class='ocrx_word' id='word_1_439' title='bbox 3437 1641 3530 1695; x_wconf 86' lang='lat' dir='ltr'><strong>de-</strong></span> 
     </span>
    </p>
   </div>
   <div class='ocr_carea' id='block_1_60' title="bbox 1947 1734 3528 1810">
    <p class='ocr_par' dir='ltr' id='par_1_60' title="bbox 1947 1734 3528 1810">
     <span class='ocr_line' id='line_1_60' title="bbox 1947 1734 3528 1810; baseline -0.006 -14"><span class='ocrx_word' id='word_1_440' title='bbox 1947 1743 2197 1806; x_wconf 89' lang='lat' dir='ltr'><strong>struitur,</strong></span> <span class='ocrx_word' id='word_1_441' title='bbox 2221 1756 2343 1810; x_wconf 68' lang='lat' dir='ltr'><strong>quae</strong></span> <span class='ocrx_word' id='word_1_442' title='bbox 2367 1755 2486 1794; x_wconf 88' lang='lat' dir='ltr'><strong>eam</strong></span> <span class='ocrx_word' id='word_1_443' title='bbox 2531 1754 2652 1808; x_wconf 63' lang='lat' dir='ltr'><strong>quae</strong></span> <span class='ocrx_word' id='word_1_444' title='bbox 2666 1753 2812 1792; x_wconf 88' lang='lat' dir='ltr'><strong>nunc</strong></span> <span class='ocrx_word' id='word_1_445' title='bbox 2828 1745 2931 1800; x_wconf 89' lang='lat' dir='ltr'><strong>est,</strong></span> <span class='ocrx_word' id='word_1_446' title='bbox 2979 1751 3090 1790; x_wconf 89' lang='lat' dir='ltr'><strong>non</strong></span> <span class='ocrx_word' id='word_1_447' title='bbox 3120 1744 3180 1790; x_wconf 90' lang='lat' dir='ltr'><strong>ut</strong></span> <span class='ocrx_word' id='word_1_448' title='bbox 3197 1734 3528 1790; x_wconf 86' lang='lat' dir='ltr'><strong>contrariam</strong></span> 
     </span>
    </p>
   </div>
   <div class='ocr_carea' id='block_1_61' title="bbox 1947 1828 3529 1900">
    <p class='ocr_par' dir='ltr' id='par_1_61' title="bbox 1947 1828 3529 1900">
     <span class='ocr_line' id='line_1_61' title="bbox 1947 1828 3529 1900; baseline -0.006 -12"><span class='ocrx_word' id='word_1_449' title='bbox 1947 1833 2200 1895; x_wconf 88' lang='lat' dir='ltr'><strong>destruit,</strong></span> <span class='ocrx_word' id='word_1_450' title='bbox 2225 1833 2326 1887; x_wconf 90' lang='lat' dir='ltr'><strong>sed</strong></span> <span class='ocrx_word' id='word_1_451' title='bbox 2358 1838 2566 1900; x_wconf 86' lang='lat' dir='ltr'><strong>partem</strong></span> <span class='ocrx_word' id='word_1_452' title='bbox 2595 1845 2713 1883; x_wconf 90' lang='lat' dir='ltr'><strong>eam</strong></span> <span class='ocrx_word' id='word_1_453' title='bbox 2766 1828 3044 1882; x_wconf 85' lang='lat' dir='ltr'><strong>minimam</strong></span> <span class='ocrx_word' id='word_1_454' title='bbox 3087 1842 3208 1881; x_wconf 89' lang='lat' dir='ltr'><strong>esse</strong></span> <span class='ocrx_word' id='word_1_455' title='bbox 3257 1842 3352 1895; x_wconf 87' lang='lat' dir='ltr'><strong>per</strong></span> <span class='ocrx_word' id='word_1_456' title='bbox 3376 1839 3529 1878; x_wconf 88' lang='lat' dir='ltr'><strong>suam</strong></span> 
     </span>
    </p>
   </div>
   <div class='ocr_carea' id='block_1_62' title="bbox 1948 1916 3524 1995">
    <p class='ocr_par' dir='ltr' id='par_1_62' title="bbox 1948 1916 3524 1995">
     <span class='ocr_line' id='line_1_62' title="bbox 1948 1916 3524 1995; baseline -0.009 -16"><span class='ocrx_word' id='word_1_457' title='bbox 1948 1923 2337 1995; x_wconf 87' lang='lat' dir='ltr'><strong>plenitudinem</strong></span> <span class='ocrx_word' id='word_1_458' title='bbox 2365 1928 2653 1980; x_wconf 81' lang='lat' dir='ltr'><strong>monstrat,</strong></span> <span class='ocrx_word' id='word_1_459' title='bbox 2675 1917 2978 1974; x_wconf 87' lang='lat' dir='ltr'><strong>secundum</strong></span> <span class='ocrx_word' id='word_1_460' title='bbox 3007 1916 3152 1986; x_wconf 91' lang='lat' dir='ltr'><strong>quod</strong></span> <span class='ocrx_word' id='word_1_461' title='bbox 3179 1916 3389 1969; x_wconf 90' lang='lat' dir='ltr'><strong>dictum</strong></span> <span class='ocrx_word' id='word_1_462' title='bbox 3407 1922 3524 1968; x_wconf 88' lang='lat' dir='ltr'><strong>est:</strong></span> 
     </span>
    </p>
   </div>
   <div class='ocr_carea' id='block_1_63' title="bbox 1949 2006 3532 2087">
    <p class='ocr_par' dir='ltr' id='par_1_63' title="bbox 1949 2006 3532 2087">
     <span class='ocr_line' id='line_1_63' title="bbox 1949 2006 3532 2087; baseline -0.008 -16"><span class='ocrx_word' id='word_1_463' title='bbox 1949 2017 2033 2070; x_wconf 77' lang='lat' dir='ltr'><strong>Ea:</strong></span> <span class='ocrx_word' id='word_1_464' title='bbox 2066 2025 2216 2087; x_wconf 86' lang='lat' dir='ltr'><strong>parte</strong></span> <span class='ocrx_word' id='word_1_465' title='bbox 2239 2014 2614 2085; x_wconf 76' lang='lat' dir='ltr'><strong>cognoscimus,</strong></span> <span class='ocrx_word' id='word_1_466' title='bbox 2649 2021 2697 2065; x_wconf 87' lang='lat' dir='ltr'><strong>et</strong></span> <span class='ocrx_word' id='word_1_467' title='bbox 2728 2027 2791 2066; x_wconf 81' lang='lat' dir='ltr'><strong>ea:</strong></span> <span class='ocrx_word' id='word_1_468' title='bbox 2821 2021 2971 2077; x_wconf 89' lang='lat' dir='ltr'><strong>parte</strong></span> <span class='ocrx_word' id='word_1_469' title='bbox 2994 2009 3380 2080; x_wconf 85' lang='lat' dir='ltr'><strong>prophetamus.</strong></span> <span class='ocrx_word' id='word_1_470' title='bbox 3399 2006 3532 2060; x_wconf 81' lang='lat' dir='ltr'><strong>Cum</strong></span> 
     </span>
    </p>
   </div>
   <div class='ocr_carea' id='block_1_64' title="bbox 1948 2100 3530 2178">
    <p class='ocr_par' dir='ltr' id='par_1_64' title="bbox 1948 2100 3530 2178">
     <span class='ocr_line' id='line_1_64' title="bbox 1948 2100 3530 2178; baseline -0.008 -15"><span class='ocrx_word' id='word_1_471' title='bbox 1948 2120 2125 2164; x_wconf 89' lang='lat' dir='ltr'><strong>autem</strong></span> <span class='ocrx_word' id='word_1_472' title='bbox 2151 2109 2347 2164; x_wconf 85' lang='lat' dir='ltr'><strong>venerit</strong></span> <span class='ocrx_word' id='word_1_473' title='bbox 2377 2107 2514 2178; x_wconf 87' lang='lat' dir='ltr'><strong>quod</strong></span> <span class='ocrx_word' id='word_1_474' title='bbox 2539 2107 2825 2176; x_wconf 77' lang='lat' dir='ltr'><strong>perfectura</strong></span> <span class='ocrx_word' id='word_1_475' title='bbox 2871 2113 2968 2168; x_wconf 84' lang='lat' dir='ltr'><strong>est,</strong></span> <span class='ocrx_word' id='word_1_476' title='bbox 3021 2100 3362 2156; x_wconf 87' lang='lat' dir='ltr'><strong>evacuabitur</strong></span> <span class='ocrx_word' id='word_1_477' title='bbox 3390 2100 3530 2168; x_wconf 79' lang='lat' dir='ltr'><strong>quod</strong></span> 
     </span>
    </p>
   </div>
   <div class='ocr_carea' id='block_1_65' title="bbox 1949 2190 3529 2272">
    <p class='ocr_par' dir='ltr' id='par_1_65' title="bbox 1949 2190 3529 2272">
     <span class='ocr_line' id='line_1_65' title="bbox 1949 2190 3529 2272; baseline -0.009 -15"><span class='ocrx_word' id='word_1_478' title='bbox 1949 2219 2012 2257; x_wconf 79' lang='lat' dir='ltr'><strong>ea:</strong></span> <span class='ocrx_word' id='word_1_479' title='bbox 2037 2213 2188 2272; x_wconf 87' lang='lat' dir='ltr'><strong>parte</strong></span> <span class='ocrx_word' id='word_1_480' title='bbox 2209 2210 2282 2256; x_wconf 89' lang='lat' dir='ltr'><strong>est</strong></span> <span class='ocrx_word' id='word_1_481' title='bbox 2300 2201 2365 2255; x_wconf 78' lang='grc' dir='ltr'><strong>⁸ο.</strong></span> <span class='ocrx_word' id='word_1_482' title='bbox 2402 2201 2466 2253; x_wconf 90' lang='lat' dir='ltr'><strong>Et</strong></span> <span class='ocrx_word' id='word_1_483' title='bbox 2498 2197 2774 2268; x_wconf 91' lang='lat' dir='ltr'><strong>quomodo</strong></span> <span class='ocrx_word' id='word_1_484' title='bbox 2830 2190 3210 2257; x_wconf 90' lang='lat' dir='ltr'><strong>evacuabitur,</strong></span> <span class='ocrx_word' id='word_1_485' title='bbox 3242 2195 3387 2246; x_wconf 89' lang='lat' dir='ltr'><strong>clare</strong></span> <span class='ocrx_word' id='word_1_486' title='bbox 3409 2206 3529 2267; x_wconf 79' lang='lat' dir='ltr'><strong>ma-</strong></span> 
     </span>
    </p>
   </div>
   <div class='ocr_carea' id='block_1_66' title="bbox 1950 2283 3530 2356">
    <p class='ocr_par' dir='ltr' id='par_1_66' title="bbox 1950 2283 3530 2356">
     <span class='ocr_line' id='line_1_66' title="bbox 1950 2283 3530 2356; baseline -0.009 -6"><span class='ocrx_word' id='word_1_487' title='bbox 1950 2296 2174 2350; x_wconf 82' lang='lat' dir='ltr'><strong>nifestat</strong></span> <span class='ocrx_word' id='word_1_488' title='bbox 2199 2294 2481 2348; x_wconf 83' lang='lat' dir='ltr'><strong>subdens:</strong></span> <span class='ocrx_word' id='word_1_489' title='bbox 2519 2291 2762 2344; x_wconf 80' lang='lat' dir='ltr'><strong>Videmus</strong></span> <span class='ocrx_word' id='word_1_490' title='bbox 2801 2305 2939 2341; x_wconf 85' lang='lat' dir='ltr'><strong>nunc</strong></span> <span class='ocrx_word' id='word_1_491' title='bbox 3002 2303 3094 2355; x_wconf 89' lang='lat' dir='ltr'><strong>per</strong></span> <span class='ocrx_word' id='word_1_492' title='bbox 3149 2283 3420 2356; x_wconf 81' lang='lat' dir='ltr'><strong>speculum</strong></span> <span class='ocrx_word' id='word_1_493' title='bbox 3471 2283 3530 2336; x_wconf 91' lang='lat' dir='ltr'><strong>in</strong></span> 
     </span>
    </p>
   </div>
   <div class='ocr_carea' id='block_1_67' title="bbox 1931 2374 3532 2457">
    <p class='ocr_par' dir='ltr' id='par_1_67' title="bbox 1931 2374 3532 2457">
     <span class='ocr_line' id='line_1_67' title="bbox 1931 2374 3532 2457; baseline -0.008 -17"><span class='ocrx_word' id='word_1_494' title='bbox 1931 2387 2257 2457; x_wconf 57' lang='lat' dir='ltr'><strong>&#39;wnigmate.</strong></span> <span class='ocrx_word' id='word_1_495' title='bbox 2287 2394 2410 2437; x_wconf 88' lang='lat' dir='ltr'><strong>tunc</strong></span> <span class='ocrx_word' id='word_1_496' title='bbox 2440 2393 2617 2436; x_wconf 86' lang='lat' dir='ltr'><strong>autem</strong></span> <span class='ocrx_word' id='word_1_497' title='bbox 2651 2382 2787 2452; x_wconf 80' lang='lat' dir='ltr'><strong>[acie</strong></span> <span class='ocrx_word' id='word_1_498' title='bbox 2820 2381 2890 2433; x_wconf 88' lang='lat' dir='ltr'><strong>ad</strong></span> <span class='ocrx_word' id='word_1_499' title='bbox 2920 2381 3130 2449; x_wconf 77' lang='lat' dir='ltr'><strong>faciem.</strong></span> <span class='ocrx_word' id='word_1_500' title='bbox 3173 2374 3532 2446; x_wconf 80' lang='lat' dir='ltr'><strong>Nunccogno-</strong></span> 
     </span>
    </p>
   </div>
   <div class='ocr_carea' id='block_1_68' title="bbox 1951 2467 3531 2546">
    <p class='ocr_par' dir='ltr' id='par_1_68' title="bbox 1951 2467 3531 2546">
     <span class='ocr_line' id='line_1_68' title="bbox 1951 2467 3531 2546; baseline -0.009 -13"><span class='ocrx_word' id='word_1_501' title='bbox 1951 2496 2038 2533; x_wconf 85' lang='lat' dir='ltr'><strong>sco</strong></span> <span class='ocrx_word' id='word_1_502' title='bbox 2067 2496 2128 2532; x_wconf 83' lang='lat' dir='ltr'><strong>ea:</strong></span> <span class='ocrx_word' id='word_1_503' title='bbox 2148 2486 2320 2546; x_wconf 86' lang='lat' dir='ltr'><strong>parte,</strong></span> <span class='ocrx_word' id='word_1_504' title='bbox 2351 2486 2472 2529; x_wconf 89' lang='lat' dir='ltr'><strong>tunc</strong></span> <span class='ocrx_word' id='word_1_505' title='bbox 2504 2489 2809 2544; x_wconf 78' lang='lat' dir='ltr'><strong>cognoscant</strong></span> <span class='ocrx_word' id='word_1_506' title='bbox 2837 2472 2973 2524; x_wconf 86' lang='lat' dir='ltr'><strong>sicut</strong></span> <span class='ocrx_word' id='word_1_507' title='bbox 3003 2479 3050 2523; x_wconf 85' lang='lat' dir='ltr'><strong>et</strong></span> <span class='ocrx_word' id='word_1_508' title='bbox 3071 2470 3304 2540; x_wconf 79' lang='lat' dir='ltr'><strong>cognitus</strong></span> <span class='ocrx_word' id='word_1_509' title='bbox 3334 2467 3531 2520; x_wconf 73' lang='lat' dir='ltr'><strong>sum“.</strong></span> 
     </span>
    </p>
   </div>
   <div class='ocr_carea' id='block_1_69' title="bbox 1956 2559 3534 2625">
    <p class='ocr_par' dir='ltr' id='par_1_69' title="bbox 1956 2559 3534 2625">
     <span class='ocr_line' id='line_1_69' title="bbox 1956 2559 3534 2625; baseline -0.006 -2"><span class='ocrx_word' id='word_1_510' title='bbox 1956 2569 2069 2625; x_wconf 90' lang='lat' dir='ltr'><strong>Hoc</strong></span> <span class='ocrx_word' id='word_1_511' title='bbox 2101 2570 2428 2625; x_wconf 88' lang='lat' dir='ltr'><strong>sacriﬁcium</strong></span> <span class='ocrx_word' id='word_1_512' title='bbox 2481 2567 2707 2622; x_wconf 88' lang='lat' dir='ltr'><strong>odorem</strong></span> <span class='ocrx_word' id='word_1_513' title='bbox 2776 2563 3161 2618; x_wconf 82' lang='lat' dir='ltr'><strong>suavissimum</strong></span> <span class='ocrx_word' id='word_1_514' title='bbox 3226 2559 3534 2614; x_wconf 87' lang='lat' dir='ltr'><strong>necessarie</strong></span> 
     </span>
    </p>
   </div>
   <div class='ocr_carea' id='block_1_70' title="bbox 1954 2651 3536 2733">
    <p class='ocr_par' dir='ltr' id='par_1_70' title="bbox 1954 2651 3536 2733">
     <span class='ocr_line' id='line_1_70' title="bbox 1954 2651 3536 2733; baseline -0.009 -15"><span class='ocrx_word' id='word_1_515' title='bbox 1954 2663 2185 2718; x_wconf 89' lang='lat' dir='ltr'><strong>Domino</strong></span> <span class='ocrx_word' id='word_1_516' title='bbox 2210 2662 2484 2733; x_wconf 71' lang='lat' dir='ltr'><strong>legislator</strong></span> <span class='ocrx_word' id='word_1_517' title='bbox 2503 2655 2826 2728; x_wconf 77' lang='lat' dir='ltr'><strong>appellavit.</strong></span> <span class='ocrx_word' id='word_1_518' title='bbox 2853 2655 3086 2710; x_wconf 83' lang='lat' dir='ltr'><strong>Odorem</strong></span> <span class='ocrx_word' id='word_1_519' title='bbox 3124 2653 3180 2705; x_wconf 91' lang='lat' dir='ltr'><strong>in</strong></span> <span class='ocrx_word' id='word_1_520' title='bbox 3199 2651 3427 2705; x_wconf 87' lang='lat' dir='ltr'><strong>Domino</strong></span> <span class='ocrx_word' id='word_1_521' title='bbox 3451 2657 3536 2704; x_wconf 90' lang='lat' dir='ltr'><strong>est</strong></span> 
     </span>
    </p>
   </div>
   <div class='ocr_carea' id='block_1_71' title="bbox 1955 2741 3539 2826">
    <p class='ocr_par' dir='ltr' id='par_1_71' title="bbox 1955 2741 3539 2826">
     <span class='ocr_line' id='line_1_71' title="bbox 1955 2741 3539 2826; baseline -0.008 -17"><span class='ocrx_word' id='word_1_522' title='bbox 1955 2753 2216 2826; x_wconf 84' lang='lat' dir='ltr'><strong>cognitio,</strong></span> <span class='ocrx_word' id='word_1_523' title='bbox 2240 2753 2355 2806; x_wconf 86' lang='lat' dir='ltr'><strong>sive</strong></span> <span class='ocrx_word' id='word_1_524' title='bbox 2386 2752 2613 2806; x_wconf 86' lang='lat' dir='ltr'><strong>scientia</strong></span> <span class='ocrx_word' id='word_1_525' title='bbox 2639 2748 2789 2818; x_wconf 87' lang='lat' dir='ltr'><strong>ejus;</strong></span> <span class='ocrx_word' id='word_1_526' title='bbox 2818 2755 2869 2800; x_wconf 90' lang='lat' dir='ltr'><strong>et</strong></span> <span class='ocrx_word' id='word_1_527' title='bbox 2900 2760 2969 2800; x_wconf 89' lang='lat' dir='ltr'><strong>ne</strong></span> <span class='ocrx_word' id='word_1_528' title='bbox 2987 2744 3091 2798; x_wconf 91' lang='lat' dir='ltr'><strong>hoc</strong></span> <span class='ocrx_word' id='word_1_529' title='bbox 3111 2743 3344 2807; x_wconf 85' lang='lat' dir='ltr'><strong>dubites,</strong></span> <span class='ocrx_word' id='word_1_530' title='bbox 3370 2741 3539 2796; x_wconf 86' lang='lat' dir='ltr'><strong>habes</strong></span> 
     </span>
    </p>
   </div>
   <div class='ocr_carea' id='block_1_72' title="bbox 1955 2832 3537 2913">
    <p class='ocr_par' dir='ltr' id='par_1_72' title="bbox 1955 2832 3537 2913">
     <span class='ocr_line' id='line_1_72' title="bbox 1955 2832 3537 2913; baseline -0.01 -12"><span class='ocrx_word' id='word_1_531' title='bbox 1955 2847 2021 2900; x_wconf 91' lang='lat' dir='ltr'><strong>ad</strong></span> <span class='ocrx_word' id='word_1_532' title='bbox 2049 2846 2152 2900; x_wconf 93' lang='lat' dir='ltr'><strong>hoc</strong></span> <span class='ocrx_word' id='word_1_533' title='bbox 2183 2857 2399 2913; x_wconf 91' lang='lat' dir='ltr'><strong>quoque</strong></span> <span class='ocrx_word' id='word_1_534' title='bbox 2425 2841 2652 2894; x_wconf 91' lang='lat' dir='ltr'><strong>Paulum</strong></span> <span class='ocrx_word' id='word_1_535' title='bbox 2699 2835 3110 2891; x_wconf 86' lang='lat' dir='ltr'><strong>vcracissimum</strong></span> <span class='ocrx_word' id='word_1_536' title='bbox 3146 2843 3338 2888; x_wconf 89' lang='lat' dir='ltr'><strong>testem</strong></span> <span class='ocrx_word' id='word_1_537' title='bbox 3375 2849 3389 2886; x_wconf 90' lang='lat'>:</span> <span class='ocrx_word' id='word_1_538' title='bbox 3427 2832 3537 2886; x_wconf 89' lang='lat' dir='ltr'><strong>Deo</strong></span> 
     </span>
    </p>
   </div>
   <div class='ocr_carea' id='block_1_73' title="bbox 1957 2927 3542 3007">
    <p class='ocr_par' dir='ltr' id='par_1_73' title="bbox 1957 2927 3542 3007">
     <span class='ocr_line' id='line_1_73' title="bbox 1957 2927 3542 3007; baseline -0.008 -16"><span class='ocrx_word' id='word_1_539' title='bbox 1957 2939 2096 2992; x_wconf 85' lang='lat' dir='ltr'><strong>enim</strong></span> <span class='ocrx_word' id='word_1_540' title='bbox 2134 2936 2359 3007; x_wconf 82' lang='lat' dir='ltr'><strong>gratias,</strong></span> <span class='ocrx_word' id='word_1_541' title='bbox 2392 2932 2586 3002; x_wconf 88' lang='lat' dir='ltr'><strong>inquit,</strong></span> <span class='ocrx_word' id='word_1_542' title='bbox 2618 2932 2707 3002; x_wconf 85' lang='lat' dir='ltr'><strong>qui</strong></span> <span class='ocrx_word' id='word_1_543' title='bbox 2754 2944 2957 2997; x_wconf 85' lang='lat' dir='ltr'><strong>semper</strong></span> <span class='ocrx_word' id='word_1_544' title='bbox 2979 2927 3267 2995; x_wconf 84' lang='lat' dir='ltr'><strong>triumphat</strong></span> <span class='ocrx_word' id='word_1_545' title='bbox 3303 2942 3397 2993; x_wconf 86' lang='lat' dir='ltr'><strong>per</strong></span> <span class='ocrx_word' id='word_1_546' title='bbox 3446 2940 3542 2979; x_wconf 84' lang='lat' dir='ltr'><strong>nos</strong></span> 
     </span>
    </p>
   </div>
   <div class='ocr_carea' id='block_1_74' title="bbox 1957 3017 3543 3089">
    <p class='ocr_par' dir='ltr' id='par_1_74' title="bbox 1957 3017 3543 3089">
     <span class='ocr_line' id='line_1_74' title="bbox 1957 3017 3543 3089; baseline -0.009 -7"><span class='ocrx_word' id='word_1_547' title='bbox 1957 3031 2014 3082; x_wconf 90' lang='lat' dir='ltr'><strong>in</strong></span> <span class='ocrx_word' id='word_1_548' title='bbox 2041 3028 2250 3083; x_wconf 86' lang='lat' dir='ltr'><strong>Christo</strong></span> <span class='ocrx_word' id='word_1_549' title='bbox 2273 3025 2417 3089; x_wconf 85' lang='lat' dir='ltr'><strong>Jesu,</strong></span> <span class='ocrx_word' id='word_1_550' title='bbox 2441 3035 2489 3076; x_wconf 90' lang='lat' dir='ltr'><strong>et</strong></span> <span class='ocrx_word' id='word_1_551' title='bbox 2521 3023 2728 3077; x_wconf 83' lang='lat' dir='ltr'><strong>odorem</strong></span> <span class='ocrx_word' id='word_1_552' title='bbox 2755 3020 2954 3074; x_wconf 75' lang='lat' dir='ltr'><strong>notitiw</strong></span> <span class='ocrx_word' id='word_1_553' title='bbox 2979 3033 3088 3072; x_wconf 70' lang='lat' dir='ltr'><strong>sure</strong></span> <span class='ocrx_word' id='word_1_554' title='bbox 3112 3017 3414 3087; x_wconf 78' lang='lat' dir='ltr'><strong>manifestat</strong></span> <span class='ocrx_word' id='word_1_555' title='bbox 3447 3028 3543 3082; x_wconf 83' lang='lat' dir='ltr'><strong>per</strong></span> 
     </span>
    </p>
   </div>
   <div class='ocr_carea' id='block_1_75' title="bbox 1959 3106 3540 3179">
    <p class='ocr_par' dir='ltr' id='par_1_75' title="bbox 1959 3106 3540 3179">
     <span class='ocr_line' id='line_1_75' title="bbox 1959 3106 3540 3179; baseline -0.009 -6"><span class='ocrx_word' id='word_1_556' title='bbox 1959 3137 2051 3174; x_wconf 87' lang='lat' dir='ltr'><strong>nos</strong></span> <span class='ocrx_word' id='word_1_557' title='bbox 2086 3120 2139 3172; x_wconf 90' lang='lat' dir='ltr'><strong>in</strong></span> <span class='ocrx_word' id='word_1_558' title='bbox 2161 3120 2302 3172; x_wconf 89' lang='lat' dir='ltr'><strong>omni</strong></span> <span class='ocrx_word' id='word_1_559' title='bbox 2345 3117 2454 3170; x_wconf 91' lang='lat' dir='ltr'><strong>loco</strong></span> <span class='ocrx_word' id='word_1_560' title='bbox 2479 3116 2544 3168; x_wconf 78' lang='grc'><strong>⁸⁸.</strong></span> <span class='ocrx_word' id='word_1_561' title='bbox 2572 3115 2706 3168; x_wconf 87' lang='lat' dir='ltr'><strong>Ecce</strong></span> <span class='ocrx_word' id='word_1_562' title='bbox 2740 3110 2957 3166; x_wconf 88' lang='lat' dir='ltr'><strong>interim</strong></span> <span class='ocrx_word' id='word_1_563' title='bbox 2989 3109 3285 3179; x_wconf 77' lang='lat' dir='ltr'><strong>cognovisti</strong></span> <span class='ocrx_word' id='word_1_564' title='bbox 3313 3106 3540 3160; x_wconf 90' lang='lat' dir='ltr'><strong>odorem</strong></span> 
     </span>
    </p>
   </div>
   <div class='ocr_carea' id='block_1_76' title="bbox 1883 3199 3545 3304">
    <p class='ocr_par' dir='ltr' id='par_1_76' title="bbox 1883 3199 3545 3304">
     <span class='ocr_line' id='line_1_76' title="bbox 1883 3199 3545 3304; baseline -0.009 -36"><span class='ocrx_word' id='word_1_565' title='bbox 1883 3246 1926 3304; x_wconf 66' lang='grc' dir='ltr'>ο</span> <span class='ocrx_word' id='word_1_566' title='bbox 1960 3213 2188 3268; x_wconf 60' lang='lat' dir='ltr'><strong>notitiae.</strong></span> <span class='ocrx_word' id='word_1_567' title='bbox 2212 3210 2318 3265; x_wconf 89' lang='lat' dir='ltr'><strong>Sed</strong></span> <span class='ocrx_word' id='word_1_568' title='bbox 2340 3218 2394 3263; x_wconf 87' lang='lat' dir='ltr'><strong>et</strong></span> <span class='ocrx_word' id='word_1_569' title='bbox 2430 3211 2629 3264; x_wconf 91' lang='lat' dir='ltr'><strong>bonum</strong></span> <span class='ocrx_word' id='word_1_570' title='bbox 2686 3207 2908 3262; x_wconf 89' lang='lat' dir='ltr'><strong>odorem</strong></span> <span class='ocrx_word' id='word_1_571' title='bbox 2966 3204 3021 3256; x_wconf 90' lang='lat' dir='ltr'><strong>in</strong></span> <span class='ocrx_word' id='word_1_572' title='bbox 3084 3199 3545 3270; x_wconf 87' lang='lat' dir='ltr'><strong>subsequentibus</strong></span> 
     </span>
    </p>
   </div>
   <div class='ocr_carea' id='block_1_77' title="bbox 1959 3291 3542 3367">
    <p class='ocr_par' dir='ltr' id='par_1_77' title="bbox 1959 3291 3542 3367">
     <span class='ocr_line' id='line_1_77' title="bbox 1959 3291 3542 3367; baseline -0.011 -8"><span class='ocrx_word' id='word_1_573' title='bbox 1959 3304 2084 3358; x_wconf 85' lang='lat' dir='ltr'><strong>audi</strong></span> <span class='ocrx_word' id='word_1_574' title='bbox 2130 3302 2305 3367; x_wconf 81' lang='lat' dir='ltr'><strong>:Quia</strong></span> <span class='ocrx_word' id='word_1_575' title='bbox 2335 3299 2526 3356; x_wconf 81' lang='lat' dir='ltr'><strong>Christi</strong></span> <span class='ocrx_word' id='word_1_576' title='bbox 2591 3301 2754 3351; x_wconf 85' lang='lat' dir='ltr'><strong>bonus</strong></span> <span class='ocrx_word' id='word_1_577' title='bbox 2783 3299 2911 3349; x_wconf 86' lang='lat' dir='ltr'><strong>odor</strong></span> <span class='ocrx_word' id='word_1_578' title='bbox 2975 3308 3177 3356; x_wconf 87' lang='lat' dir='ltr'><strong>sumus,</strong></span> <span class='ocrx_word' id='word_1_579' title='bbox 3208 3292 3264 3344; x_wconf 87' lang='lat' dir='ltr'><strong>in</strong></span> <span class='ocrx_word' id='word_1_580' title='bbox 3316 3291 3396 3344; x_wconf 85' lang='lat' dir='ltr'><strong>his</strong></span> <span class='ocrx_word' id='word_1_581' title='bbox 3453 3305 3542 3359; x_wconf 62' lang='lat' dir='ltr'><strong>quo.</strong></span> 
     </span>
    </p>
   </div>
   <div class='ocr_carea' id='block_1_78' title="bbox 1958 3383 3542 3461">
    <p class='ocr_par' dir='ltr' id='par_1_78' title="bbox 1958 3383 3542 3461">
     <span class='ocr_line' id='line_1_78' title="bbox 1958 3383 3542 3461; baseline -0.01 -10"><span class='ocrx_word' id='word_1_582' title='bbox 1958 3398 2091 3451; x_wconf 86' lang='lat' dir='ltr'><strong>salvi</strong></span> <span class='ocrx_word' id='word_1_583' title='bbox 2110 3405 2252 3460; x_wconf 82' lang='lat' dir='ltr'><strong>sunt,</strong></span> <span class='ocrx_word' id='word_1_584' title='bbox 2277 3404 2325 3448; x_wconf 91' lang='lat' dir='ltr'><strong>et</strong></span> <span class='ocrx_word' id='word_1_585' title='bbox 2357 3395 2410 3446; x_wconf 79' lang='lat' dir='ltr'><strong>in</strong></span> <span class='ocrx_word' id='word_1_586' title='bbox 2433 3393 2514 3446; x_wconf 87' lang='lat' dir='ltr'><strong>his</strong></span> <span class='ocrx_word' id='word_1_587' title='bbox 2547 3392 2636 3461; x_wconf 85' lang='lat' dir='ltr'><strong>qui</strong></span> <span class='ocrx_word' id='word_1_588' title='bbox 2675 3400 2891 3458; x_wconf 88' lang='lat' dir='ltr'><strong>pereunt</strong></span> <span class='ocrx_word' id='word_1_589' title='bbox 2919 3388 2986 3440; x_wconf 80' lang='grc'><strong>⁸³.</strong></span> <span class='ocrx_word' id='word_1_590' title='bbox 3055 3384 3260 3440; x_wconf 88' lang='lat' dir='ltr'><strong>Deinde</strong></span> <span class='ocrx_word' id='word_1_591' title='bbox 3300 3384 3433 3438; x_wconf 87' lang='lat' dir='ltr'><strong>dicit</strong></span> <span class='ocrx_word' id='word_1_592' title='bbox 3463 3383 3542 3436; x_wconf 80' lang='lat' dir='ltr'><strong>le-</strong></span> 
     </span>
    </p>
   </div>
   <div class='ocr_carea' id='block_1_79' title="bbox 1959 3493 2229 3565">
    <p class='ocr_par' dir='ltr' id='par_1_79' title="bbox 1959 3493 2229 3565">
     <span class='ocr_line' id='line_1_79' title="bbox 1959 3493 2229 3565; baseline -0.004 -20"><span class='ocrx_word' id='word_1_593' title='bbox 1959 3493 2179 3565; x_wconf 86' lang='lat' dir='ltr'><strong>gislator</strong></span> <span class='ocrx_word' id='word_1_594' title='bbox 2213 3507 2229 3544; x_wconf 83' lang='lat'><strong>:</strong></span> 
     </span>
    </p>
   </div>
   <div class='ocr_carea' id='block_1_80' title="bbox 2031 3570 3545 3648">
    <p class='ocr_par' dir='ltr' id='par_1_80' title="bbox 2031 3570 3545 3648">
     <span class='ocr_line' id='line_1_80' title="bbox 2031 3570 3545 3648; baseline -0.011 -11"><span class='ocrx_word' id='word_1_595' title='bbox 2031 3583 2181 3647; x_wconf 82' lang='lat' dir='ltr'><strong>Quod</strong></span> <span class='ocrx_word' id='word_1_596' title='bbox 2215 3590 2391 3635; x_wconf 87' lang='lat' dir='ltr'><strong>autem</strong></span> <span class='ocrx_word' id='word_1_597' title='bbox 2423 3578 2680 3648; x_wconf 89' lang='lat' dir='ltr'><strong>reliquum</strong></span> <span class='ocrx_word' id='word_1_598' title='bbox 2707 3575 2864 3645; x_wconf 80' lang='lat' dir='ltr'><strong>fuerit</strong></span> <span class='ocrx_word' id='word_1_599' title='bbox 2887 3574 2950 3628; x_wconf 88' lang='lat' dir='ltr'><strong>de</strong></span> <span class='ocrx_word' id='word_1_600' title='bbox 2978 3570 3237 3639; x_wconf 83' lang='lat' dir='ltr'><strong>sacriﬁcio</strong></span> <span class='ocrx_word' id='word_1_601' title='bbox 3255 3570 3545 3628; x_wconf 80' lang='lat' dir='ltr'><strong>eritAarcn</strong></span> 
     </span>
    </p>
   </div>
   <div class='ocr_carea' id='block_1_81' title="bbox 1963 3661 3546 3745">
    <p class='ocr_par' dir='ltr' id='par_1_81' title="bbox 1963 3661 3546 3745">
     <span class='ocr_line' id='line_1_81' title="bbox 1963 3661 3546 3745; baseline -0.008 -15"><span class='ocrx_word' id='word_1_602' title='bbox 1963 3687 2010 3731; x_wconf 88' lang='lat' dir='ltr'><strong>et</strong></span> <span class='ocrx_word' id='word_1_603' title='bbox 2045 3676 2274 3745; x_wconf 84' lang='lat' dir='ltr'><strong>ﬁliorum</strong></span> <span class='ocrx_word' id='word_1_604' title='bbox 2297 3673 2431 3742; x_wconf 86' lang='lat' dir='ltr'><strong>ejus,</strong></span> <span class='ocrx_word' id='word_1_605' title='bbox 2481 3678 2719 3724; x_wconf 84' lang='lat' dir='ltr'><strong>sanctum</strong></span> <span class='ocrx_word' id='word_1_606' title='bbox 2766 3676 3068 3720; x_wconf 90' lang='lat' dir='ltr'><strong>sanctorum</strong></span> <span class='ocrx_word' id='word_1_607' title='bbox 3110 3670 3172 3717; x_wconf 83' lang='lat' dir='ltr'><strong>de</strong></span> <span class='ocrx_word' id='word_1_608' title='bbox 3195 3661 3546 3718; x_wconf 82' lang='lat' dir='ltr'><strong>oblationibus</strong></span> 
     </span>
    </p>
   </div>
   <div class='ocr_carea' id='block_1_82' title="bbox 1965 3753 3548 3835">
    <p class='ocr_par' dir='ltr' id='par_1_82' title="bbox 1965 3753 3548 3835">
     <span class='ocr_line' id='line_1_82' title="bbox 1965 3753 3548 3835; baseline -0.011 -10"><span class='ocrx_word' id='word_1_609' title='bbox 1965 3769 2198 3824; x_wconf 87' lang='lat' dir='ltr'><strong>Domini.</strong></span> <span class='ocrx_word' id='word_1_610' title='bbox 2242 3767 2527 3835; x_wconf 81' lang='lat' dir='ltr'><strong>Reliquum</strong></span> <span class='ocrx_word' id='word_1_611' title='bbox 2551 3763 2626 3817; x_wconf 90' lang='lat' dir='ltr'><strong>ait</strong></span> <span class='ocrx_word' id='word_1_612' title='bbox 2654 3761 2722 3816; x_wconf 89' lang='lat' dir='ltr'><strong>de</strong></span> <span class='ocrx_word' id='word_1_613' title='bbox 2772 3760 2858 3814; x_wconf 90' lang='lat' dir='ltr'><strong>illa</strong></span> <span class='ocrx_word' id='word_1_614' title='bbox 2918 3757 3180 3828; x_wconf 80' lang='lat' dir='ltr'><strong>perfecta,</strong></span> <span class='ocrx_word' id='word_1_615' title='bbox 3207 3765 3262 3809; x_wconf 90' lang='lat' dir='ltr'><strong>et</strong></span> <span class='ocrx_word' id='word_1_616' title='bbox 3287 3755 3342 3809; x_wconf 92' lang='lat' dir='ltr'><strong>in</strong></span> <span class='ocrx_word' id='word_1_617' title='bbox 3391 3753 3548 3809; x_wconf 60' lang='lat' dir='ltr'><strong>caelis</strong></span> 
     </span>
    </p>
   </div>
   <div class='ocr_carea' id='block_1_83' title="bbox 1963 3846 3547 3927">
    <p class='ocr_par' dir='ltr' id='par_1_83' title="bbox 1963 3846 3547 3927">
     <span class='ocr_line' id='line_1_83' title="bbox 1963 3846 3547 3927; baseline -0.011 -9"><span class='ocrx_word' id='word_1_618' title='bbox 1963 3861 2286 3918; x_wconf 90' lang='lat' dir='ltr'><strong>abscondita</strong></span> <span class='ocrx_word' id='word_1_619' title='bbox 2308 3867 2470 3927; x_wconf 88' lang='lat' dir='ltr'><strong>atque</strong></span> <span class='ocrx_word' id='word_1_620' title='bbox 2511 3855 2746 3925; x_wconf 87' lang='lat' dir='ltr'><strong>reposita</strong></span> <span class='ocrx_word' id='word_1_621' title='bbox 2798 3852 2852 3905; x_wconf 90' lang='lat' dir='ltr'><strong>in</strong></span> <span class='ocrx_word' id='word_1_622' title='bbox 2885 3850 3104 3906; x_wconf 89' lang='lat' dir='ltr'><strong>Christo</strong></span> <span class='ocrx_word' id='word_1_623' title='bbox 3166 3848 3394 3902; x_wconf 90' lang='lat' dir='ltr'><strong>scientia</strong></span> <span class='ocrx_word' id='word_1_624' title='bbox 3429 3846 3547 3901; x_wconf 88' lang='lat' dir='ltr'><strong>sive</strong></span> 
     </span>
    </p>
   </div>
   <div class='ocr_carea' id='block_1_84' title="bbox 1966 3940 3548 4020">
    <p class='ocr_par' dir='ltr' id='par_1_84' title="bbox 1966 3940 3548 4020">
     <span class='ocr_line' id='line_1_84' title="bbox 1966 3940 3548 4020; baseline -0.011 -12"><span class='ocrx_word' id='word_1_625' title='bbox 1966 3953 2176 4008; x_wconf 85' lang='lat' dir='ltr'><strong>notitia.</strong></span> <span class='ocrx_word' id='word_1_626' title='bbox 2197 3953 2257 4006; x_wconf 89' lang='lat' dir='ltr'><strong>In</strong></span> <span class='ocrx_word' id='word_1_627' title='bbox 2289 3953 2400 4020; x_wconf 89' lang='lat' dir='ltr'><strong>ipso</strong></span> <span class='ocrx_word' id='word_1_628' title='bbox 2433 3949 2568 4003; x_wconf 88' lang='lat' dir='ltr'><strong>enim</strong></span> <span class='ocrx_word' id='word_1_629' title='bbox 2589 3956 2710 4001; x_wconf 86' lang='lat' dir='ltr'><strong>sunt</strong></span> <span class='ocrx_word' id='word_1_630' title='bbox 2745 3945 2978 3999; x_wconf 85' lang='lat' dir='ltr'><strong>thesauri</strong></span> <span class='ocrx_word' id='word_1_631' title='bbox 2995 3941 3269 4010; x_wconf 63' lang='lat' dir='ltr'><strong>sapientia:</strong></span> <span class='ocrx_word' id='word_1_632' title='bbox 3297 3949 3346 3994; x_wconf 88' lang='lat' dir='ltr'><strong>et</strong></span> <span class='ocrx_word' id='word_1_633' title='bbox 3375 3940 3548 3993; x_wconf 81' lang='lat' dir='ltr'><strong>scien-</strong></span> 
     </span>
    </p>
   </div>
   <div class='ocr_carea' id='block_1_85' title="bbox 1965 4031 3545 4102">
    <p class='ocr_par' dir='ltr' id='par_1_85' title="bbox 1965 4031 3545 4102">
     <span class='ocr_line' id='line_1_85' title="bbox 1965 4031 3545 4102; baseline -0.011 0"><span class='ocrx_word' id='word_1_634' title='bbox 1965 4051 2052 4102; x_wconf 73' lang='lat' dir='ltr'><strong>tia:</strong></span> <span class='ocrx_word' id='word_1_635' title='bbox 2076 4045 2362 4101; x_wconf 84' lang='lat' dir='ltr'><strong>absconditi</strong></span> <span class='ocrx_word' id='word_1_636' title='bbox 2393 4043 2458 4097; x_wconf 72' lang='grc'><strong>⁸⁸.</strong></span> <span class='ocrx_word' id='word_1_637' title='bbox 2495 4042 2755 4095; x_wconf 88' lang='lat' dir='ltr'><strong>Sanctum</strong></span> <span class='ocrx_word' id='word_1_638' title='bbox 2786 4047 3098 4092; x_wconf 87' lang='lat' dir='ltr'><strong>sanctorum</strong></span> <span class='ocrx_word' id='word_1_639' title='bbox 3119 4043 3202 4088; x_wconf 88' lang='lat' dir='ltr'><strong>est</strong></span> <span class='ocrx_word' id='word_1_640' title='bbox 3227 4034 3294 4087; x_wconf 89' lang='lat' dir='ltr'><strong>de</strong></span> <span class='ocrx_word' id='word_1_641' title='bbox 3314 4031 3545 4087; x_wconf 89' lang='lat' dir='ltr'><strong>oblatio-</strong></span> 
     </span>
    </p>
   </div>
   <div class='ocr_carea' id='block_1_86' title="bbox 1966 4124 3546 4204">
    <p class='ocr_par' dir='ltr' id='par_1_86' title="bbox 1966 4124 3546 4204">
     <span class='ocr_line' id='line_1_86' title="bbox 1966 4124 3546 4204; baseline -0.01 -9"><span class='ocrx_word' id='word_1_642' title='bbox 1966 4141 2129 4194; x_wconf 90' lang='lat' dir='ltr'><strong>nibus</strong></span> <span class='ocrx_word' id='word_1_643' title='bbox 2161 4137 2397 4198; x_wconf 88' lang='lat' dir='ltr'><strong>Domini,</strong></span> <span class='ocrx_word' id='word_1_644' title='bbox 2425 4133 2634 4204; x_wconf 88' lang='lat' dir='ltr'><strong>partilis</strong></span> <span class='ocrx_word' id='word_1_645' title='bbox 2655 4131 2800 4185; x_wconf 92' lang='lat' dir='ltr'><strong>enim</strong></span> <span class='ocrx_word' id='word_1_646' title='bbox 2824 4137 2908 4184; x_wconf 91' lang='lat' dir='ltr'><strong>est</strong></span> <span class='ocrx_word' id='word_1_647' title='bbox 2943 4127 3169 4182; x_wconf 89' lang='lat' dir='ltr'><strong>scientia</strong></span> <span class='ocrx_word' id='word_1_648' title='bbox 3195 4141 3316 4196; x_wconf 73' lang='lat' dir='ltr'><strong>quae</strong></span> <span class='ocrx_word' id='word_1_649' title='bbox 3340 4124 3546 4193; x_wconf 85' lang='lat' dir='ltr'><strong>reliqua</strong></span> 
     </span>
    </p>
   </div>
   <div class='ocr_carea' id='block_1_87' title="bbox 1966 4217 3544 4296">
    <p class='ocr_par' dir='ltr' id='par_1_87' title="bbox 1966 4217 3544 4296">
     <span class='ocr_line' id='line_1_87' title="bbox 1966 4217 3544 4296; baseline -0.009 -11"><span class='ocrx_word' id='word_1_650' title='bbox 1966 4240 2071 4296; x_wconf 88' lang='lat' dir='ltr'><strong>est,</strong></span> <span class='ocrx_word' id='word_1_651' title='bbox 2097 4244 2288 4284; x_wconf 84' lang='lat' dir='ltr'><strong>omnes</strong></span> <span class='ocrx_word' id='word_1_652' title='bbox 2324 4219 2502 4280; x_wconf 77' lang='lat' dir='ltr'><strong>tamen</strong></span> <span class='ocrx_word' id='word_1_653' title='bbox 2531 4225 2662 4278; x_wconf 89' lang='lat' dir='ltr'><strong>alias</strong></span> <span class='ocrx_word' id='word_1_654' title='bbox 2717 4236 3001 4292; x_wconf 81' lang='lat' dir='ltr'><strong>superans,</strong></span> <span class='ocrx_word' id='word_1_655' title='bbox 3044 4227 3098 4273; x_wconf 91' lang='lat' dir='ltr'><strong>et</strong></span> <span class='ocrx_word' id='word_1_656' title='bbox 3125 4218 3433 4288; x_wconf 88' lang='lat' dir='ltr'><strong>perducens</strong></span> <span class='ocrx_word' id='word_1_657' title='bbox 3477 4217 3544 4271; x_wconf 84' lang='lat' dir='ltr'><strong>ad</strong></span> 
     </span>
    </p>
   </div>
   <div class='ocr_carea' id='block_1_88' title="bbox 1965 4306 3544 4396">
    <p class='ocr_par' dir='ltr' id='par_1_88' title="bbox 1965 4306 3544 4396">
     <span class='ocr_line' id='line_1_88' title="bbox 1965 4306 3544 4396; baseline -0.013 -16"><span class='ocrx_word' id='word_1_658' title='bbox 1965 4318 2585 4396; x_wconf 78' lang='lat' dir='ltr'><strong>periectionern.Aaron</strong></span> <span class='ocrx_word' id='word_1_659' title='bbox 2643 4331 2771 4386; x_wconf 89' lang='lat' dir='ltr'><strong>ergo</strong></span> <span class='ocrx_word' id='word_1_660' title='bbox 2812 4322 2894 4368; x_wconf 80' lang='lat' dir='ltr'><strong>et-</strong></span> <span class='ocrx_word' id='word_1_661' title='bbox 2941 4312 3174 4366; x_wconf 88' lang='lat' dir='ltr'><strong>ﬁliorum</strong></span> <span class='ocrx_word' id='word_1_662' title='bbox 3234 4309 3354 4378; x_wconf 90' lang='lat' dir='ltr'><strong>ejus</strong></span> <span class='ocrx_word' id='word_1_663' title='bbox 3417 4306 3544 4361; x_wconf 75' lang='lat' dir='ltr'><strong>erit~</strong></span> 
     </span>
    </p>
   </div>
   <div class='ocr_carea' id='block_1_89' title="bbox 1967 4399 3544 4472">
    <p class='ocr_par' dir='ltr' id='par_1_89' title="bbox 1967 4399 3544 4472">
     <span class='ocr_line' id='line_1_89' title="bbox 1967 4399 3544 4472; baseline -0.011 0"><span class='ocrx_word' id='word_1_664' title='bbox 1967 4420 2147 4472; x_wconf 85' lang='lat' dir='ltr'><strong>Aaron</strong></span> <span class='ocrx_word' id='word_1_665' title='bbox 2176 4424 2356 4468; x_wconf 89' lang='lat' dir='ltr'><strong>autem</strong></span> <span class='ocrx_word' id='word_1_666' title='bbox 2390 4427 2518 4465; x_wconf 85' lang='lat' dir='ltr'><strong>arca</strong></span> <span class='ocrx_word' id='word_1_667' title='bbox 2579 4409 2664 4462; x_wconf 88' lang='lat' dir='ltr'><strong>vel</strong></span> <span class='ocrx_word' id='word_1_668' title='bbox 2707 4416 2988 4461; x_wconf 87' lang='lat' dir='ltr'><strong>montanus</strong></span> <span class='ocrx_word' id='word_1_669' title='bbox 3041 4405 3451 4471; x_wconf 86' lang='lat' dir='ltr'><strong>interpretatur,</strong></span> <span class='ocrx_word' id='word_1_670' title='bbox 3492 4399 3544 4454; x_wconf 88' lang='lat' dir='ltr'><strong>id</strong></span> 
     </span>
    </p>
   </div>
   <div class='ocr_carea' id='block_1_90' title="bbox 1974 4493 3546 4574">
    <p class='ocr_par' dir='ltr' id='par_1_90' title="bbox 1974 4493 3546 4574">
     <span class='ocr_line' id='line_1_90' title="bbox 1974 4493 3546 4574; baseline -0.012 -10"><span class='ocrx_word' id='word_1_671' title='bbox 1974 4519 2078 4574; x_wconf 90' lang='lat' dir='ltr'><strong>est,</strong></span> <span class='ocrx_word' id='word_1_672' title='bbox 2099 4509 2207 4561; x_wconf 87' lang='lat' dir='ltr'><strong>alta</strong></span> <span class='ocrx_word' id='word_1_673' title='bbox 2240 4506 2307 4560; x_wconf 90' lang='lat' dir='ltr'><strong>de</strong></span> <span class='ocrx_word' id='word_1_674' title='bbox 2334 4504 2442 4558; x_wconf 90' lang='lat' dir='ltr'><strong>Deo</strong></span> <span class='ocrx_word' id='word_1_675' title='bbox 2479 4501 2810 4570; x_wconf 81' lang='lat' dir='ltr'><strong>intelligens.</strong></span> <span class='ocrx_word' id='word_1_676' title='bbox 2838 4498 2963 4567; x_wconf 88' lang='lat' dir='ltr'><strong>quia</strong></span> <span class='ocrx_word' id='word_1_677' title='bbox 2985 4506 3040 4551; x_wconf 87' lang='lat' dir='ltr'><strong>et</strong></span> <span class='ocrx_word' id='word_1_678' title='bbox 3067 4511 3214 4554; x_wconf 88' lang='lat' dir='ltr'><strong>arca,</strong></span> <span class='ocrx_word' id='word_1_679' title='bbox 3241 4503 3425 4563; x_wconf 87' lang='lat' dir='ltr'><strong>utpote</strong></span> <span class='ocrx_word' id='word_1_680' title='bbox 3447 4493 3546 4546; x_wconf 77' lang='lat' dir='ltr'><strong>lia-</strong></span> 
     </span>
    </p>
   </div>
   <div class='ocr_carea' id='block_1_91' title="bbox 260 4585 3544 4683">
    <p class='ocr_par' dir='ltr' id='par_1_91' title="bbox 260 4585 3544 4683">
     <span class='ocr_line' id='line_1_91' title="bbox 260 4585 3544 4683; baseline -0.01 -15"><span class='ocrx_word' id='word_1_681' title='bbox 260 4614 435 4668; x_wconf 77' lang='lat' dir='ltr'><strong>sicut</strong></span> <span class='ocrx_word' id='word_1_682' title='bbox 456 4613 659 4667; x_wconf 87' lang='lat' dir='ltr'><strong>Paulus</strong></span> <span class='ocrx_word' id='word_1_683' title='bbox 685 4613 779 4674; x_wconf 92' lang='lat' dir='ltr'><strong>ait,</strong></span> <span class='ocrx_word' id='word_1_684' title='bbox 810 4614 900 4683; x_wconf 89' lang='lat' dir='ltr'><strong>qui</strong></span> <span class='ocrx_word' id='word_1_685' title='bbox 930 4613 1133 4666; x_wconf 88' lang='lat' dir='ltr'><strong>accedit</strong></span> <span class='ocrx_word' id='word_1_686' title='bbox 1175 4619 1246 4664; x_wconf 88' lang='lat' dir='ltr'><strong>ad</strong></span> <span class='ocrx_word' id='word_1_687' title='bbox 1294 4611 1484 4676; x_wconf 90' lang='lat' dir='ltr'><strong>Deum,</strong></span> <span class='ocrx_word' id='word_1_688' title='bbox 1541 4585 1677 4682; x_wconf 16' lang='lat' dir='ltr'><strong>quia:</strong></span> <span class='ocrx_word' id='word_1_689' title='bbox 1693 4622 1765 4664; x_wconf 85' lang='lat' dir='ltr'><strong>est</strong></span> <span class='ocrx_word' id='word_1_690' title='bbox 1798 4612 1862 4664; x_wconf 83' lang='grc'><strong>⁷³.</strong></span> <span class='ocrx_word' id='word_1_691' title='bbox 1899 4606 1946 4664; x_wconf 84' lang='grc'><strong>1)</strong></span> <span class='ocrx_word' id='word_1_692' title='bbox 1973 4605 2110 4659; x_wconf 88' lang='lat' dir='ltr'><strong>hens</strong></span> <span class='ocrx_word' id='word_1_693' title='bbox 2139 4601 2192 4654; x_wconf 88' lang='lat' dir='ltr'><strong>in</strong></span> <span class='ocrx_word' id='word_1_694' title='bbox 2225 4615 2283 4653; x_wconf 91' lang='lat' dir='ltr'><strong>se</strong></span> <span class='ocrx_word' id='word_1_695' title='bbox 2313 4597 2485 4667; x_wconf 86' lang='lat' dir='ltr'><strong>legem</strong></span> <span class='ocrx_word' id='word_1_696' title='bbox 2517 4592 2613 4647; x_wconf 89' lang='lat' dir='ltr'><strong>Dei</strong></span> <span class='ocrx_word' id='word_1_697' title='bbox 2631 4600 2686 4646; x_wconf 87' lang='lat' dir='ltr'><strong>et</strong></span> <span class='ocrx_word' id='word_1_698' title='bbox 2734 4591 2968 4660; x_wconf 88' lang='lat' dir='ltr'><strong>eloquia,</strong></span> <span class='ocrx_word' id='word_1_699' title='bbox 3005 4589 3201 4642; x_wconf 75' lang='lat' dir='ltr'><strong>oﬁcrre</strong></span> <span class='ocrx_word' id='word_1_700' title='bbox 3231 4585 3544 4656; x_wconf 76' lang='lat' dir='ltr'><strong>praedictum</strong></span> 
     </span>
    </p>
   </div>
   <div class='ocr_carea' id='block_1_92' title="bbox 280 4706 1866 4778">
    <p class='ocr_par' dir='ltr' id='par_1_92' title="bbox 280 4706 1866 4778">
     <span class='ocr_line' id='line_1_92' title="bbox 280 4706 1866 4778; baseline 0 -16"><span class='ocrx_word' id='word_1_701' title='bbox 280 4707 358 4762; x_wconf 79' lang='lat' dir='ltr'><strong>Et</strong></span> <span class='ocrx_word' id='word_1_702' title='bbox 384 4724 576 4762; x_wconf 86' lang='lat' dir='ltr'><strong>rursus</strong></span> <span class='ocrx_word' id='word_1_703' title='bbox 600 4725 612 4760; x_wconf 91' lang='lat'><strong>:</strong></span> <span class='ocrx_word' id='word_1_704' title='bbox 636 4706 762 4762; x_wconf 88' lang='lat' dir='ltr'><strong>Sine</strong></span> <span class='ocrx_word' id='word_1_705' title='bbox 792 4709 893 4777; x_wconf 83' lang='lat' dir='ltr'><strong>ﬁde</strong></span> <span class='ocrx_word' id='word_1_706' title='bbox 927 4707 1248 4778; x_wconf 84' lang='lat' dir='ltr'><strong>impossibile</strong></span> <span class='ocrx_word' id='word_1_707' title='bbox 1287 4716 1362 4761; x_wconf 80' lang='lat' dir='ltr'><strong>est</strong></span> <span class='ocrx_word' id='word_1_708' title='bbox 1400 4706 1608 4776; x_wconf 88' lang='lat' dir='ltr'><strong>placere</strong></span> <span class='ocrx_word' id='word_1_709' title='bbox 1663 4707 1770 4762; x_wconf 90' lang='lat' dir='ltr'><strong>Deo</strong></span> <span class='ocrx_word' id='word_1_710' title='bbox 1800 4708 1866 4762; x_wconf 77' lang='grc'><strong>⁷⁸.</strong></span> 
     </span>
    </p>
   </div>
   <div class='ocr_carea' id='block_1_93' title="bbox 281 4798 1872 4870">
    <p class='ocr_par' dir='ltr' id='par_1_93' title="bbox 281 4798 1872 4870">
     <span class='ocr_line' id='line_1_93' title="bbox 281 4798 1872 4870; baseline -0.003 -16"><span class='ocrx_word' id='word_1_711' title='bbox 281 4801 356 4854; x_wconf 82' lang='lat' dir='ltr'><strong>Et</strong></span> <span class='ocrx_word' id='word_1_712' title='bbox 383 4809 441 4854; x_wconf 93' lang='lat' dir='ltr'><strong>ut</strong></span> <span class='ocrx_word' id='word_1_713' title='bbox 467 4801 712 4855; x_wconf 89' lang='lat' dir='ltr'><strong>dicamus</strong></span> <span class='ocrx_word' id='word_1_714' title='bbox 743 4800 1182 4865; x_wconf 83' lang='lat' dir='ltr'><strong>breviter,omne</strong></span> <span class='ocrx_word' id='word_1_715' title='bbox 1216 4799 1354 4870; x_wconf 88' lang='lat' dir='ltr'><strong>quod</strong></span> <span class='ocrx_word' id='word_1_716' title='bbox 1403 4814 1506 4852; x_wconf 90' lang='lat' dir='ltr'><strong>non</strong></span> <span class='ocrx_word' id='word_1_717' title='bbox 1563 4807 1640 4852; x_wconf 87' lang='lat' dir='ltr'><strong>est</strong></span> <span class='ocrx_word' id='word_1_718' title='bbox 1677 4813 1740 4851; x_wconf 79' lang='lat' dir='ltr'><strong>ea:</strong></span> <span class='ocrx_word' id='word_1_719' title='bbox 1769 4798 1872 4865; x_wconf 85' lang='lat' dir='ltr'><strong>ﬁde</strong></span> 
     </span>
    </p>
   </div>
   <div class='ocr_carea' id='block_1_94' title="bbox 277 4887 1868 4960">
    <p class='ocr_par' dir='ltr' id='par_1_94' title="bbox 277 4887 1868 4960">
     <span class='ocr_line' id='line_1_94' title="bbox 277 4887 1868 4960; baseline 0 -18"><span class='ocrx_word' id='word_1_720' title='bbox 277 4901 566 4960; x_wconf 72' lang='lat' dir='ltr'><strong>peccatum</strong></span> <span class='ocrx_word' id='word_1_721' title='bbox 605 4899 719 4955; x_wconf 88' lang='lat' dir='ltr'><strong>est,</strong></span> <span class='ocrx_word' id='word_1_722' title='bbox 753 4890 894 4945; x_wconf 88' lang='lat' dir='ltr'><strong>sicut</strong></span> <span class='ocrx_word' id='word_1_723' title='bbox 925 4889 1067 4944; x_wconf 89' lang='lat' dir='ltr'><strong>idem</strong></span> <span class='ocrx_word' id='word_1_724' title='bbox 1117 4890 1182 4944; x_wconf 89' lang='lat' dir='ltr'><strong>ad</strong></span> <span class='ocrx_word' id='word_1_725' title='bbox 1243 4888 1518 4942; x_wconf 77' lang='lat' dir='ltr'><strong>Romanos</strong></span> <span class='ocrx_word' id='word_1_726' title='bbox 1557 4887 1774 4957; x_wconf 90' lang='lat' dir='ltr'><strong>scripsit</strong></span> <span class='ocrx_word' id='word_1_727' title='bbox 1802 4888 1868 4942; x_wconf 85' lang='grc'><strong>⁷⁷.</strong></span> 
     </span>
    </p>
   </div>
   <div class='ocr_carea' id='block_1_95' title="bbox 281 4975 1874 5049">
    <p class='ocr_par' dir='ltr' id='par_1_95' title="bbox 281 4975 1874 5049">
     <span class='ocr_line' id='line_1_95' title="bbox 281 4975 1874 5049; baseline -0.004 -15"><span class='ocrx_word' id='word_1_728' title='bbox 281 4980 438 5049; x_wconf 81' lang='lat' dir='ltr'><strong>Ergo</strong></span> <span class='ocrx_word' id='word_1_729' title='bbox 461 4993 568 5032; x_wconf 93' lang='lat' dir='ltr'><strong>non</strong></span> <span class='ocrx_word' id='word_1_730' title='bbox 605 4988 786 5048; x_wconf 90' lang='lat' dir='ltr'><strong>potest</strong></span> <span class='ocrx_word' id='word_1_731' title='bbox 808 4993 928 5033; x_wconf 89' lang='lat' dir='ltr'><strong>esse</strong></span> <span class='ocrx_word' id='word_1_732' title='bbox 978 4977 1297 5049; x_wconf 83' lang='lat' dir='ltr'><strong>gloriﬁcatio</strong></span> <span class='ocrx_word' id='word_1_733' title='bbox 1338 4977 1393 5031; x_wconf 91' lang='lat' dir='ltr'><strong>in</strong></span> <span class='ocrx_word' id='word_1_734' title='bbox 1426 4976 1761 5031; x_wconf 88' lang='lat' dir='ltr'><strong>inﬁdelitate.</strong></span> <span class='ocrx_word' id='word_1_735' title='bbox 1787 4975 1874 5029; x_wconf 91' lang='lat' dir='ltr'><strong>ln-</strong></span> 
     </span>
    </p>
   </div>
   <div class='ocr_carea' id='block_1_96' title="bbox 262 5063 1871 5135">
    <p class='ocr_par' dir='ltr' id='par_1_96' title="bbox 262 5063 1871 5135">
     <span class='ocr_line' id='line_1_96' title="bbox 262 5063 1871 5135; baseline -0.002 -15"><span class='ocrx_word' id='word_1_736' title='bbox 262 5067 462 5122; x_wconf 87' lang='lat' dir='ltr'><strong>-tende</strong></span> <span class='ocrx_word' id='word_1_737' title='bbox 490 5077 674 5120; x_wconf 89' lang='lat' dir='ltr'><strong>autem</strong></span> <span class='ocrx_word' id='word_1_738' title='bbox 693 5066 819 5135; x_wconf 88' lang='lat' dir='ltr'><strong>quia</strong></span> <span class='ocrx_word' id='word_1_739' title='bbox 846 5081 973 5120; x_wconf 92' lang='lat' dir='ltr'><strong>cum</strong></span> <span class='ocrx_word' id='word_1_740' title='bbox 1011 5067 1134 5120; x_wconf 88' lang='lat' dir='ltr'><strong>oleo</strong></span> <span class='ocrx_word' id='word_1_741' title='bbox 1185 5066 1344 5135; x_wconf 88' lang='lat' dir='ltr'><strong>jubet</strong></span> <span class='ocrx_word' id='word_1_742' title='bbox 1392 5065 1625 5119; x_wconf 91' lang='lat' dir='ltr'><strong>similam</strong></span> <span class='ocrx_word' id='word_1_743' title='bbox 1678 5063 1871 5134; x_wconf 85' lang='lat' dir='ltr'><strong>accipi,</strong></span> 
     </span>
    </p>
   </div>
   <div class='ocr_carea' id='block_1_97' title="bbox 283 5153 1878 5228">
    <p class='ocr_par' dir='ltr' id='par_1_97' title="bbox 283 5153 1878 5228">
     <span class='ocr_line' id='line_1_97' title="bbox 283 5153 1878 5228; baseline -0.003 -16"><span class='ocrx_word' id='word_1_744' title='bbox 283 5157 640 5228; x_wconf 82' lang='lat' dir='ltr'><strong>apertissime</strong></span> <span class='ocrx_word' id='word_1_745' title='bbox 671 5157 1072 5228; x_wconf 89' lang='lat' dir='ltr'><strong>eleemosynam</strong></span> <span class='ocrx_word' id='word_1_746' title='bbox 1119 5171 1224 5210; x_wconf 90' lang='lat' dir='ltr'><strong>nos</strong></span> <span class='ocrx_word' id='word_1_747' title='bbox 1272 5155 1452 5210; x_wconf 81' lang='lat' dir='ltr'><strong>facere</strong></span> <span class='ocrx_word' id='word_1_748' title='bbox 1490 5155 1697 5210; x_wconf 89' lang='lat' dir='ltr'><strong>volens.</strong></span> <span class='ocrx_word' id='word_1_749' title='bbox 1747 5153 1878 5209; x_wconf 85' lang='lat' dir='ltr'><strong>Date</strong></span> 
     </span>
    </p>
   </div>
   <div class='ocr_carea' id='block_1_98' title="bbox 282 5247 1877 5322">
    <p class='ocr_par' dir='ltr' id='par_1_98' title="bbox 282 5247 1877 5322">
     <span class='ocr_line' id='line_1_98' title="bbox 282 5247 1877 5322; baseline -0.003 -19"><span class='ocrx_word' id='word_1_750' title='bbox 282 5250 445 5305; x_wconf 86' lang='lat' dir='ltr'><strong>enim</strong></span> <span class='ocrx_word' id='word_1_751' title='bbox 475 5250 878 5322; x_wconf 78' lang='lat' dir='ltr'><strong>eleemosynam,</strong></span> <span class='ocrx_word' id='word_1_752' title='bbox 919 5249 1094 5317; x_wconf 91' lang='lat' dir='ltr'><strong>inquit</strong></span> <span class='ocrx_word' id='word_1_753' title='bbox 1123 5247 1408 5311; x_wconf 90' lang='lat' dir='ltr'><strong>Dominus,</strong></span> <span class='ocrx_word' id='word_1_754' title='bbox 1432 5257 1480 5302; x_wconf 90' lang='lat' dir='ltr'><strong>et</strong></span> <span class='ocrx_word' id='word_1_755' title='bbox 1539 5263 1653 5302; x_wconf 87' lang='lat' dir='ltr'><strong>ecce</strong></span> <span class='ocrx_word' id='word_1_756' title='bbox 1699 5247 1877 5300; x_wconf 84' lang='lat' dir='ltr'><strong>omnia</strong></span> 
     </span>
    </p>
   </div>
   <div class='ocr_carea' id='block_1_99' title="bbox 287 5338 1874 5396">
    <p class='ocr_par' dir='ltr' id='par_1_99' title="bbox 287 5338 1874 5396">
     <span class='ocr_line' id='line_1_99' title="bbox 287 5338 1874 5396; baseline -0.001 -2"><span class='ocrx_word' id='word_1_757' title='bbox 287 5342 496 5394; x_wconf 76' lang='lat' dir='ltr'><strong>munda</strong></span> <span class='ocrx_word' id='word_1_758' title='bbox 523 5341 922 5396; x_wconf 72' lang='lat' dir='ltr'><strong>eruntuobis&quot;.</strong></span> <span class='ocrx_word' id='word_1_759' title='bbox 979 5339 1142 5394; x_wconf 82' lang='lat' dir='ltr'><strong>Jubet</strong></span> <span class='ocrx_word' id='word_1_760' title='bbox 1188 5348 1370 5396; x_wconf 89' lang='lat' dir='ltr'><strong>autem</strong></span> <span class='ocrx_word' id='word_1_761' title='bbox 1423 5353 1586 5394; x_wconf 88' lang='lat' dir='ltr'><strong>omne</strong></span> <span class='ocrx_word' id='word_1_762' title='bbox 1635 5339 1762 5394; x_wconf 90' lang='lat' dir='ltr'><strong>thus</strong></span> <span class='ocrx_word' id='word_1_763' title='bbox 1820 5338 1874 5392; x_wconf 93' lang='lat' dir='ltr'><strong>in</strong></span> 
     </span>
    </p>
   </div>
   <div class='ocr_carea' id='block_1_100' title="bbox 286 5432 1875 5504">
    <p class='ocr_par' dir='ltr' id='par_1_100' title="bbox 286 5432 1875 5504">
     <span class='ocr_line' id='line_1_100' title="bbox 286 5432 1875 5504; baseline -0.002 -18"><span class='ocrx_word' id='word_1_764' title='bbox 286 5432 504 5504; x_wconf 64' lang='lat' dir='ltr'><strong>pugillo</strong></span> <span class='ocrx_word' id='word_1_765' title='bbox 519 5433 660 5488; x_wconf 90' lang='lat' dir='ltr'><strong>sumi</strong></span> <span class='ocrx_word' id='word_1_766' title='bbox 680 5450 692 5486; x_wconf 89' lang='lat'>:</span> <span class='ocrx_word' id='word_1_767' title='bbox 718 5448 900 5497; x_wconf 92' lang='lat' dir='ltr'><strong>omne,</strong></span> <span class='ocrx_word' id='word_1_768' title='bbox 919 5432 1121 5502; x_wconf 87' lang='lat' dir='ltr'><strong>quare?</strong></span> <span class='ocrx_word' id='word_1_769' title='bbox 1147 5433 1272 5502; x_wconf 92' lang='lat' dir='ltr'><strong>quia</strong></span> <span class='ocrx_word' id='word_1_770' title='bbox 1293 5445 1508 5501; x_wconf 90' lang='lat' dir='ltr'><strong>semper</strong></span> <span class='ocrx_word' id='word_1_771' title='bbox 1523 5440 1735 5500; x_wconf 88' lang='lat' dir='ltr'><strong>oportet</strong></span> <span class='ocrx_word' id='word_1_772' title='bbox 1756 5445 1875 5484; x_wconf 87' lang='lat' dir='ltr'><strong>ora-</strong></span> 
     </span>
    </p>
   </div>
   <div class='ocr_carea' id='block_1_101' title="bbox 287 5521 1874 5595">
    <p class='ocr_par' dir='ltr' id='par_1_101' title="bbox 287 5521 1874 5595">
     <span class='ocr_line' id='line_1_101' title="bbox 287 5521 1874 5595; baseline -0.001 -19"><span class='ocrx_word' id='word_1_773' title='bbox 287 5536 358 5578; x_wconf 73' lang='lat' dir='ltr'><strong>re</strong></span> <span class='ocrx_word' id='word_1_774' title='bbox 382 5563 399 5587; x_wconf 87' lang='lat'><strong>,</strong></span> <span class='ocrx_word' id='word_1_775' title='bbox 432 5533 486 5577; x_wconf 91' lang='lat' dir='ltr'><strong>et</strong></span> <span class='ocrx_word' id='word_1_776' title='bbox 519 5525 643 5578; x_wconf 89' lang='lat' dir='ltr'><strong>sine</strong></span> <span class='ocrx_word' id='word_1_777' title='bbox 664 5523 1069 5579; x_wconf 90' lang='lat' dir='ltr'><strong>intermissione</strong></span> <span class='ocrx_word' id='word_1_778' title='bbox 1097 5524 1297 5595; x_wconf 85' lang='lat' dir='ltr'><strong>gratias</strong></span> <span class='ocrx_word' id='word_1_779' title='bbox 1318 5536 1498 5594; x_wconf 85' lang='lat' dir='ltr'><strong>agere,</strong></span> <span class='ocrx_word' id='word_1_780' title='bbox 1514 5522 1654 5576; x_wconf 87' lang='lat' dir='ltr'><strong>sicut</strong></span> <span class='ocrx_word' id='word_1_781' title='bbox 1675 5521 1874 5577; x_wconf 88' lang='lat' dir='ltr'><strong>Paulus</strong></span> 
     </span>
    </p>
   </div>
   <div class='ocr_carea' id='block_1_102' title="bbox 291 5615 1873 5687">
    <p class='ocr_par' dir='ltr' id='par_1_102' title="bbox 291 5615 1873 5687">
     <span class='ocr_line' id='line_1_102' title="bbox 291 5615 1873 5687; baseline -0.003 -16"><span class='ocrx_word' id='word_1_782' title='bbox 291 5616 377 5671; x_wconf 79' lang='lat' dir='ltr'><strong>ait</strong></span> <span class='ocrx_word' id='word_1_783' title='bbox 396 5615 466 5669; x_wconf 65' lang='grc' dir='ltr'><strong>τ’.</strong></span> <span class='ocrx_word' id='word_1_784' title='bbox 486 5616 590 5671; x_wconf 78' lang='lat' dir='ltr'><strong>Sed</strong></span> <span class='ocrx_word' id='word_1_785' title='bbox 614 5617 740 5686; x_wconf 92' lang='lat' dir='ltr'><strong>quis</strong></span> <span class='ocrx_word' id='word_1_786' title='bbox 768 5627 852 5672; x_wconf 91' lang='lat' dir='ltr'><strong>est</strong></span> <span class='ocrx_word' id='word_1_787' title='bbox 874 5618 965 5687; x_wconf 90' lang='lat' dir='ltr'><strong>qui</strong></span> <span class='ocrx_word' id='word_1_788' title='bbox 1001 5617 1057 5671; x_wconf 91' lang='lat' dir='ltr'><strong>in</strong></span> <span class='ocrx_word' id='word_1_789' title='bbox 1105 5616 1307 5687; x_wconf 86' lang='lat' dir='ltr'><strong>pugillo</strong></span> <span class='ocrx_word' id='word_1_790' title='bbox 1347 5615 1524 5670; x_wconf 83' lang='lat' dir='ltr'><strong>tollit?</strong></span> <span class='ocrx_word' id='word_1_791' title='bbox 1573 5616 1873 5671; x_wconf 90' lang='lat' dir='ltr'><strong>secundum</strong></span> 
     </span>
    </p>
   </div>
   <div class='ocr_carea' id='block_1_103' title="bbox 1969 4693 2522 4760">
    <p class='ocr_par' dir='ltr' id='par_1_103' title="bbox 1969 4693 2522 4760">
     <span class='ocr_line' id='line_1_103' title="bbox 1969 4693 2522 4760; baseline -0.02 -9"><span class='ocrx_word' id='word_1_792' title='bbox 1969 4693 2294 4752; x_wconf 85' lang='lat' dir='ltr'><strong>sacriﬁcium</strong></span> <span class='ocrx_word' id='word_1_793' title='bbox 2322 4697 2522 4760; x_wconf 89' lang='lat' dir='ltr'><strong>potest.</strong></span> 
     </span>
    </p>
   </div>
   <div class='ocr_carea' id='block_1_104' title="bbox 2041 4767 3550 4843">
    <p class='ocr_par' dir='ltr' id='par_1_104' title="bbox 2041 4767 3550 4843">
     <span class='ocr_line' id='line_1_104' title="bbox 2041 4767 3550 4843; baseline -0.015 -1"><span class='ocrx_word' id='word_1_794' title='bbox 2041 4789 2205 4843; x_wconf 75' lang='lat' dir='ltr'><strong>Vsus.</strong></span> <span class='ocrx_word' id='word_1_795' title='bbox 2247 4783 2302 4836; x_wconf 66' lang='grc'><strong>4.</strong></span> <span class='ocrx_word' id='word_1_796' title='bbox 2336 4801 2353 4834; x_wconf 75' lang='grc' dir='ltr'>ι</span> <span class='ocrx_word' id='word_1_797' title='bbox 2391 4780 2528 4834; x_wconf 84' lang='lat' dir='ltr'><strong>Cum</strong></span> <span class='ocrx_word' id='word_1_798' title='bbox 2583 4785 2765 4832; x_wconf 89' lang='lat' dir='ltr'><strong>autem</strong></span> <span class='ocrx_word' id='word_1_799' title='bbox 2797 4771 3063 4828; x_wconf 89' lang='lat' dir='ltr'><strong>obtuleris</strong></span> <span class='ocrx_word' id='word_1_800' title='bbox 3100 4767 3426 4824; x_wconf 85' lang='lat' dir='ltr'><strong>sacriﬁcium</strong></span> <span class='ocrx_word' id='word_1_801' title='bbox 3451 4781 3550 4822; x_wconf 88' lang='lat' dir='ltr'><strong>co-</strong></span> 
     </span>
    </p>
   </div>
   <div class='ocr_carea' id='block_1_105' title="bbox 1973 4859 3548 4936">
    <p class='ocr_par' dir='ltr' id='par_1_105' title="bbox 1973 4859 3548 4936">
     <span class='ocr_line' id='line_1_105' title="bbox 1973 4859 3548 4936; baseline -0.015 -1"><span class='ocrx_word' id='word_1_802' title='bbox 1973 4891 2121 4935; x_wconf 90' lang='lat' dir='ltr'><strong>ctum</strong></span> <span class='ocrx_word' id='word_1_803' title='bbox 2153 4878 2207 4930; x_wconf 91' lang='lat' dir='ltr'><strong>in</strong></span> <span class='ocrx_word' id='word_1_804' title='bbox 2239 4876 2454 4930; x_wconf 87' lang='lat' dir='ltr'><strong>clibano</strong></span> <span class='ocrx_word' id='word_1_805' title='bbox 2500 4871 2568 4926; x_wconf 89' lang='lat' dir='ltr'><strong>de</strong></span> <span class='ocrx_word' id='word_1_806' title='bbox 2613 4868 2812 4931; x_wconf 88' lang='lat' dir='ltr'><strong>simila,</strong></span> <span class='ocrx_word' id='word_1_807' title='bbox 2867 4878 3035 4936; x_wconf 90' lang='lat' dir='ltr'><strong>panes</strong></span> <span class='ocrx_word' id='word_1_808' title='bbox 3085 4861 3292 4916; x_wconf 88' lang='lat' dir='ltr'><strong>scilicet</strong></span> <span class='ocrx_word' id='word_1_809' title='bbox 3346 4859 3548 4928; x_wconf 89' lang='lat' dir='ltr'><strong>absque</strong></span> 
     </span>
    </p>
   </div>
   <div class='ocr_carea' id='block_1_106' title="bbox 1973 4951 3548 5038">
    <p class='ocr_par' dir='ltr' id='par_1_106' title="bbox 1973 4951 3548 5038">
     <span class='ocr_line' id='line_1_106' title="bbox 1973 4951 3548 5038; baseline -0.014 -8"><span class='ocrx_word' id='word_1_810' title='bbox 1973 4976 2280 5036; x_wconf 85' lang='lat' dir='ltr'><strong>fermento,</strong></span> <span class='ocrx_word' id='word_1_811' title='bbox 2342 4980 2667 5038; x_wconf 89' lang='lat' dir='ltr'><strong>conspersos</strong></span> <span class='ocrx_word' id='word_1_812' title='bbox 2703 4963 2856 5027; x_wconf 92' lang='lat' dir='ltr'><strong>oleo,</strong></span> <span class='ocrx_word' id='word_1_813' title='bbox 2907 4969 2962 5014; x_wconf 92' lang='lat' dir='ltr'><strong>et</strong></span> <span class='ocrx_word' id='word_1_814' title='bbox 2996 4958 3185 5028; x_wconf 83' lang='lat' dir='ltr'><strong>lagana</strong></span> <span class='ocrx_word' id='word_1_815' title='bbox 3223 4969 3408 5026; x_wconf 84' lang='lat' dir='ltr'><strong>azyma</strong></span> <span class='ocrx_word' id='word_1_816' title='bbox 3429 4951 3548 5008; x_wconf 82' lang='lat' dir='ltr'><strong>oleo</strong></span> 
     </span>
    </p>
   </div>
   <div class='ocr_carea' id='block_1_107' title="bbox 1974 5070 2140 5123">
    <p class='ocr_par' dir='ltr' id='par_1_107' title="bbox 1974 5070 2140 5123">
     <span class='ocr_line' id='line_1_107' title="bbox 1974 5070 2140 5123; baseline -0.03 0"><span class='ocrx_word' id='word_1_817' title='bbox 1974 5070 2086 5123; x_wconf 91' lang='lat' dir='ltr'><strong>lita.</strong></span> <span class='ocrx_word' id='word_1_818' title='bbox 2121 5085 2140 5118; x_wconf 70' lang='grc' dir='ltr'><strong><em>ι</em></strong></span> 
     </span>
    </p>
   </div>
   <div class='ocr_carea' id='block_1_108' title="bbox 2045 5138 3549 5221">
    <p class='ocr_par' dir='ltr' id='par_1_108' title="bbox 2045 5138 3549 5221">
     <span class='ocr_line' id='line_1_108' title="bbox 2045 5138 3549 5221; baseline -0.016 -6"><span class='ocrx_word' id='word_1_819' title='bbox 2045 5154 2399 5214; x_wconf 79' lang='lat' dir='ltr'><strong>Adinirabilis</strong></span> <span class='ocrx_word' id='word_1_820' title='bbox 2434 5161 2519 5208; x_wconf 90' lang='lat' dir='ltr'><strong>est</strong></span> <span class='ocrx_word' id='word_1_821' title='bbox 2551 5149 2876 5221; x_wconf 88' lang='lat' dir='ltr'><strong>legislatoris</strong></span> <span class='ocrx_word' id='word_1_822' title='bbox 2921 5144 3176 5203; x_wconf 90' lang='lat' dir='ltr'><strong>intentio,</strong></span> <span class='ocrx_word' id='word_1_823' title='bbox 3219 5157 3318 5212; x_wconf 88' lang='lat' dir='ltr'><strong>per</strong></span> <span class='ocrx_word' id='word_1_824' title='bbox 3367 5138 3549 5195; x_wconf 75' lang='lat' dir='ltr'><strong>omnia</strong></span> 
     </span>
    </p>
   </div>
   <div class='ocr_carea' id='block_1_109' title="bbox 1978 5229 3550 5307">
    <p class='ocr_par' dir='ltr' id='par_1_109' title="bbox 1978 5229 3550 5307">
     <span class='ocr_line' id='line_1_109' title="bbox 1978 5229 3550 5307; baseline -0.012 -8"><span class='ocrx_word' id='word_1_825' title='bbox 1978 5244 2254 5299; x_wconf 85' lang='lat' dir='ltr'><strong>subtiliter</strong></span> <span class='ocrx_word' id='word_1_826' title='bbox 2282 5241 2544 5296; x_wconf 88' lang='lat' dir='ltr'><strong>incedens</strong></span> <span class='ocrx_word' id='word_1_827' title='bbox 2577 5255 2592 5292; x_wconf 85' lang='lat'><strong>:</strong></span> <span class='ocrx_word' id='word_1_828' title='bbox 2624 5237 2750 5307; x_wconf 90' lang='lat' dir='ltr'><strong>quia</strong></span> <span class='ocrx_word' id='word_1_829' title='bbox 2780 5235 2928 5290; x_wconf 87' lang='lat' dir='ltr'><strong>enim</strong></span> <span class='ocrx_word' id='word_1_830' title='bbox 2975 5231 3220 5288; x_wconf 65' lang='lat' dir='ltr'><strong>scientia</strong></span> <span class='ocrx_word' id='word_1_831' title='bbox 3267 5229 3385 5294; x_wconf 91' lang='lat' dir='ltr'><strong>Dei,</strong></span> <span class='ocrx_word' id='word_1_832' title='bbox 3436 5229 3550 5282; x_wconf 84' lang='lat' dir='ltr'><strong>sive</strong></span> 
     </span>
    </p>
   </div>
   <div class='ocr_carea' id='block_1_110' title="bbox 1975 5321 3548 5406">
    <p class='ocr_par' dir='ltr' id='par_1_110' title="bbox 1975 5321 3548 5406">
     <span class='ocr_line' id='line_1_110' title="bbox 1975 5321 3548 5406; baseline -0.011 -14"><span class='ocrx_word' id='word_1_833' title='bbox 1975 5337 2186 5392; x_wconf 74' lang='lat' dir='ltr'><strong>notitia:</strong></span> <span class='ocrx_word' id='word_1_834' title='bbox 2218 5335 2475 5406; x_wconf 89' lang='lat' dir='ltr'><strong>superius</strong></span> <span class='ocrx_word' id='word_1_835' title='bbox 2508 5331 2840 5387; x_wconf 87' lang='lat' dir='ltr'><strong>mentionem</strong></span> <span class='ocrx_word' id='word_1_836' title='bbox 2876 5328 3115 5391; x_wconf 83' lang='lat' dir='ltr'><strong>fecit,ne</strong></span> <span class='ocrx_word' id='word_1_837' title='bbox 3142 5325 3287 5379; x_wconf 80' lang='lat' dir='ltr'><strong>forte</strong></span> <span class='ocrx_word' id='word_1_838' title='bbox 3344 5321 3548 5393; x_wconf 84' lang='lat' dir='ltr'><strong>putaris</strong></span> 
     </span>
    </p>
   </div>
   <div class='ocr_carea' id='block_1_111' title="bbox 1971 5403 3566 5495">
    <p class='ocr_par' dir='ltr' id='par_1_111' title="bbox 1971 5403 3566 5495">
     <span class='ocr_line' id='line_1_111' title="bbox 1971 5403 3566 5495; baseline -0.013 -10"><span class='ocrx_word' id='word_1_839' title='bbox 1971 5439 2130 5484; x_wconf 78' lang='lat' dir='ltr'><strong>extra</strong></span> <span class='ocrx_word' id='word_1_840' title='bbox 2161 5444 2281 5483; x_wconf 93' lang='lat' dir='ltr'><strong>eam</strong></span> <span class='ocrx_word' id='word_1_841' title='bbox 2313 5441 2434 5482; x_wconf 91' lang='lat' dir='ltr'><strong>esse</strong></span> <span class='ocrx_word' id='word_1_842' title='bbox 2464 5421 2886 5495; x_wconf 85' lang='lat' dir='ltr'><strong>dispensationis</strong></span> <span class='ocrx_word' id='word_1_843' title='bbox 2905 5418 3195 5475; x_wconf 76' lang='lat' dir='ltr'><strong>Dominicae</strong></span> <span class='ocrx_word' id='word_1_844' title='bbox 3214 5403 3566 5486; x_wconf 60' lang='lat' dir='ltr'><strong>mysterium,’</strong></span> 
     </span>
    </p>
   </div>
   <div class='ocr_carea' id='block_1_112' title="bbox 1979 5502 3568 5590">
    <p class='ocr_par' dir='ltr' id='par_1_112' title="bbox 1979 5502 3568 5590">
     <span class='ocr_line' id='line_1_112' title="bbox 1979 5502 3568 5590; baseline -0.014 -13"><span class='ocrx_word' id='word_1_845' title='bbox 1979 5523 2108 5576; x_wconf 88' lang='lat' dir='ltr'><strong>vide</strong></span> <span class='ocrx_word' id='word_1_846' title='bbox 2139 5518 2414 5590; x_wconf 86' lang='lat' dir='ltr'><strong>quomodo</strong></span> <span class='ocrx_word' id='word_1_847' title='bbox 2461 5533 2561 5587; x_wconf 90' lang='lat' dir='ltr'><strong>per</strong></span> <span class='ocrx_word' id='word_1_848' title='bbox 2617 5514 2902 5586; x_wconf 71' lang='lat' dir='ltr'><strong>aenigmata</strong></span> <span class='ocrx_word' id='word_1_849' title='bbox 2963 5509 3209 5579; x_wconf 74' lang='lat' dir='ltr'><strong>exponit,</strong></span> <span class='ocrx_word' id='word_1_850' title='bbox 3262 5502 3568 5590; x_wconf 21' lang='lat' dir='ltr'><strong>nativitatis,</strong></span> 
     </span>
    </p>
   </div>
   <div class='ocr_carea' id='block_1_113' title="bbox 1983 5583 3565 5685">
    <p class='ocr_par' dir='ltr' id='par_1_113' title="bbox 1983 5583 3565 5685">
     <span class='ocr_line' id='line_1_113' title="bbox 1983 5583 3565 5685; baseline -0.014 -17"><span class='ocrx_word' id='word_1_851' title='bbox 1983 5615 2124 5685; x_wconf 88' lang='lat' dir='ltr'><strong>ejus,</strong></span> <span class='ocrx_word' id='word_1_852' title='bbox 2190 5612 2372 5667; x_wconf 89' lang='lat' dir='ltr'><strong>crucis</strong></span> <span class='ocrx_word' id='word_1_853' title='bbox 2419 5619 2476 5664; x_wconf 89' lang='lat' dir='ltr'><strong>et</strong></span> <span class='ocrx_word' id='word_1_854' title='bbox 2521 5604 2940 5663; x_wconf 72' lang='lat' dir='ltr'><strong>resurrectionis</strong></span> <span class='ocrx_word' id='word_1_855' title='bbox 2980 5602 3169 5656; x_wconf 86' lang='lat' dir='ltr'><strong>volens</strong></span> <span class='ocrx_word' id='word_1_856' title='bbox 3214 5583 3565 5670; x_wconf 27' lang='lat' dir='ltr'><strong>introdiicem‘</strong></span> 
     </span>
    </p>
   </div>
   <div class='ocr_carea' id='block_1_114' title="bbox 371 5812 1855 5903">
    <p class='ocr_par' dir='ltr' id='par_1_114' title="bbox 371 5832 1851 5903">
     <span class='ocr_line' id='line_1_114' title="bbox 371 5832 1851 5903; baseline -0.001 -14"><span class='ocrx_word' id='word_1_857' title='bbox 371 5835 422 5867; x_wconf 72' lang='grc' dir='ltr'><strong>τ’</strong></span> <span class='ocrx_word' id='word_1_858' title='bbox 448 5832 584 5890; x_wconf 84' lang='lat' dir='ltr'><strong>Gen.</strong></span> <span class='ocrx_word' id='word_1_859' title='bbox 615 5849 768 5903; x_wconf 81' lang='lat' dir='ltr'><strong>xvm,</strong></span> <span class='ocrx_word' id='word_1_860' title='bbox 800 5835 856 5892; x_wconf 80' lang='lat'><strong>6.</strong></span> <span class='ocrx_word' id='word_1_861' title='bbox 929 5837 977 5868; x_wconf 84' lang='lat'><strong>&quot;</strong></span> <span class='ocrx_word' id='word_1_862' title='bbox 1007 5841 1128 5891; x_wconf 85' lang='lat' dir='ltr'><strong>Act.</strong></span> <span class='ocrx_word' id='word_1_863' title='bbox 1165 5851 1220 5894; x_wconf 72' lang='grc' dir='ltr'><strong>ι.</strong></span> <span class='ocrx_word' id='word_1_864' title='bbox 1247 5835 1300 5899; x_wconf 77' lang='grc'>4,</span> <span class='ocrx_word' id='word_1_865' title='bbox 1331 5835 1384 5891; x_wconf 88' lang='lat'><strong>5.</strong></span> <span class='ocrx_word' id='word_1_866' title='bbox 1467 5834 1513 5867; x_wconf 72' lang='grc'><strong>⁷⁵</strong></span> <span class='ocrx_word' id='word_1_867' title='bbox 1541 5835 1656 5889; x_wconf 82' lang='lat' dir='ltr'><strong>Jac.</strong></span> <span class='ocrx_word' id='word_1_868' title='bbox 1689 5851 1740 5899; x_wconf 87' lang='lat' dir='ltr'><strong>v,</strong></span> <span class='ocrx_word' id='word_1_869' title='bbox 1765 5833 1851 5896; x_wconf 72' lang='grc' dir='ltr'><strong>Μ,</strong></span> 
     </span>
    </p>
   </div>
   <div class='ocr_carea' id='block_1_115' title="bbox 1954 5812 3556 5903">
    <p class='ocr_par' dir='ltr' id='par_1_115' title="bbox 1958 5812 3556 5903">
     <span class='ocr_line' id='line_1_115' title="bbox 1958 5812 3556 5903; baseline -0.01 -17"><span class='ocrx_word' id='word_1_870' title='bbox 1958 5873 1972 5886; x_wconf 91' lang='grc'><strong>.</strong></span> <span class='ocrx_word' id='word_1_871' title='bbox 2039 5833 2086 5903; x_wconf 59' lang='grc' dir='ltr'><strong>ξε</strong></span> <span class='ocrx_word' id='word_1_872' title='bbox 2105 5829 2383 5903; x_wconf 57' lang='lat' dir='ltr'><strong>ilebr._xj,</strong></span> <span class='ocrx_word' id='word_1_873' title='bbox 2425 5828 2478 5891; x_wconf 88' lang='lat'><strong>6,</strong></span> <span class='ocrx_word' id='word_1_874' title='bbox 2553 5823 3024 5903; x_wconf 31' lang='lat' dir='ltr'><strong>&quot;_‘_ibidA._.&quot;_&quot;_l_ion-i_.</strong></span> <span class='ocrx_word' id='word_1_875' title='bbox 3055 5817 3277 5903; x_wconf 36' lang='lat' dir='ltr'><strong>n.3,&quot;???</strong></span> <span class='ocrx_word' id='word_1_876' title='bbox 3331 5812 3556 5903; x_wconf 18' lang='lat' dir='ltr'><strong>A&#39;ﬁLla‘C-</strong></span> 
     </span>
    </p>
   </div>
   <div class='ocr_carea' id='block_1_116' title="bbox 300 5898 1855 5976">
    <p class='ocr_par' dir='ltr' id='par_1_116' title="bbox 300 5898 1849 5976">
     <span class='ocr_line' id='line_1_116' title="bbox 300 5898 1849 5976; baseline -0.002 -15"><span class='ocrx_word' id='word_1_877' title='bbox 300 5921 383 5973; x_wconf 83' lang='grc' dir='ltr'><strong>ιι,</strong></span> <span class='ocrx_word' id='word_1_878' title='bbox 413 5906 503 5961; x_wconf 77' lang='grc' dir='ltr'><strong>Μ.</strong></span> <span class='ocrx_word' id='word_1_879' title='bbox 579 5907 623 5940; x_wconf 72' lang='grc'><strong>⁷³</strong></span> <span class='ocrx_word' id='word_1_880' title='bbox 662 5906 682 5960; x_wconf 87' lang='grc'><strong>1</strong></span> <span class='ocrx_word' id='word_1_881' title='bbox 719 5898 919 5964; x_wconf 81' lang='lat' dir='ltr'><strong>Thess.</strong></span> <span class='ocrx_word' id='word_1_882' title='bbox 942 5925 995 5974; x_wconf 83' lang='lat' dir='ltr'><strong>v,</strong></span> <span class='ocrx_word' id='word_1_883' title='bbox 1022 5907 1108 5966; x_wconf 78' lang='lat' dir='ltr'><strong>i7.</strong></span> <span class='ocrx_word' id='word_1_884' title='bbox 1185 5906 1231 5938; x_wconf 81' lang='grc'><strong>⁸⁸</strong></span> <span class='ocrx_word' id='word_1_885' title='bbox 1259 5907 1279 5961; x_wconf 89' lang='lat' dir='ltr'><strong>l</strong></span> <span class='ocrx_word' id='word_1_886' title='bbox 1309 5906 1436 5962; x_wconf 80' lang='lat' dir='ltr'><strong>Cor.</strong></span> <span class='ocrx_word' id='word_1_887' title='bbox 1469 5903 1604 5970; x_wconf 76' lang='lat' dir='ltr'><strong>Xlll,</strong></span> <span class='ocrx_word' id='word_1_888' title='bbox 1630 5905 1682 5959; x_wconf 75' lang='lat'><strong>9.</strong></span> <span class='ocrx_word' id='word_1_889' title='bbox 1726 5898 1849 5976; x_wconf 13' lang='lat'><strong>7&quot;)</strong></span> 
     </span>
    </p>
   </div>
   <div class='ocr_carea' id='block_1_117' title="bbox 1954 5898 2642 5976">
    <p class='ocr_par' dir='ltr' id='par_1_117' title="bbox 1956 5898 2642 5965">
     <span class='ocr_line' id='line_1_117' title="bbox 1956 5898 2642 5965; baseline -0.006 -8"><span class='ocrx_word' id='word_1_890' title='bbox 1956 5942 1970 5958; x_wconf 92' lang='lat'><strong>.</strong></span> <span class='ocrx_word' id='word_1_891' title='bbox 2005 5901 2089 5956; x_wconf 71' lang='grc' dir='ltr'><strong>η.</strong></span> <span class='ocrx_word' id='word_1_892' title='bbox 2168 5902 2213 5933; x_wconf 73' lang='grc' dir='ltr'><strong>θ’</strong></span> <span class='ocrx_word' id='word_1_893' title='bbox 2246 5901 2289 5954; x_wconf 89' lang='lat' dir='ltr'><strong>ll</strong></span> <span class='ocrx_word' id='word_1_894' title='bbox 2314 5899 2439 5954; x_wconf 90' lang='lat' dir='ltr'><strong>Cor.</strong></span> <span class='ocrx_word' id='word_1_895' title='bbox 2461 5913 2522 5965; x_wconf 87' lang='grc' dir='ltr'><strong>ιι,</strong></span> <span class='ocrx_word' id='word_1_896' title='bbox 2557 5898 2642 5953; x_wconf 78' lang='grc' dir='ltr'><strong>Η.</strong></span> 
     </span>
    </p>
   </div>
   <div class='ocr_carea' id='block_1_118' title="bbox 2721 5883 3568 5954">
    <p class='ocr_par' dir='ltr' id='par_1_118' title="bbox 2721 5883 3568 5954">
     <span class='ocr_line' id='line_1_118' title="bbox 2721 5883 3568 5954; baseline -0.019 -2"><span class='ocrx_word' id='word_1_897' title='bbox 2721 5897 2766 5930; x_wconf 82' lang='grc'><strong>⁸³</strong></span> <span class='ocrx_word' id='word_1_898' title='bbox 2789 5895 2918 5952; x_wconf 86' lang='lat' dir='ltr'><strong>ibid.</strong></span> <span class='ocrx_word' id='word_1_899' title='bbox 2947 5893 3028 5948; x_wconf 81' lang='lat' dir='ltr'><strong>-l5.</strong></span> <span class='ocrx_word' id='word_1_900' title='bbox 3104 5889 3370 5945; x_wconf 70' lang='lat' dir='ltr'><strong>“Coloss.</strong></span> <span class='ocrx_word' id='word_1_901' title='bbox 3393 5883 3521 5954; x_wconf 76' lang='lat'><strong>11,3.</strong></span> <span class='ocrx_word' id='word_1_902' title='bbox 3560 5911 3568 5954; x_wconf 70' lang='grc' dir='ltr'><strong><em>ι</em></strong></span> 
     </span>
    </p>
   </div>
  </div>
