4046 6436
545 438 650 505 8'37

1741 435 2095 501 HESYCHII
2157 436 2537 500 PRESBYTE
2546 438 2626 501 Ri

3714 443 3824 507 888

549 550 936 609 narrationem.
964 550 1298 607 Sacriﬁcium
1358 560 1596 617 coctum,
1635 550 1835 607 Christi
1887 550 2124 621 appellat
2153 558 2197 610 Α
2226 548 2387 605 elisit
2417 568 2431 604 :
2459 548 2689 619 Eﬁ'wtdit
2718 565 2876 619 super
2913 567 3029 604 eam
3064 549 3275 612 oleum;
3315 548 3403 606 hic
3435 560 3647 613 autem.
3684 554 3823 622 quia

545 643 999 708 incarnationem,
1031 644 1099 698 ad
1132 645 1236 697 hoc
1282 644 1426 696 enim
1460 643 1777 700 incarnatus
1820 653 1906 697 est
1940 653 1998 697 ut
2022 643 2124 697 im-

546 739 864 793 molaretur.
895 737 1119 806 l’ropter
1140 736 1285 806 quod
1313 752 1460 799 eum,
1496 738 1708 807 Agnum
1740 737 1834 791 Dei
1868 739 1958 806 qui
1989 737 2125 789 tollit

547 839 765 898 peccata
789 830 972 882 mundi
986 828 1055 891 ⁸⁵,
1083 828 1326 882 Joannes
1356 827 1597 898 Baptista
1624 829 1939 898 appellavit.
1960 828 2125 882 Recte

547 938 676 994 ergo
705 920 1027 977 sacriﬁcium
1057 921 1111 974 in
1161 921 1265 976 hoc
1299 922 1437 985 loco,
1472 929 1531 976 ut
1553 920 1904 975 denuntiaret
1926 919 2125 973 nativi-

548 1021 714 1068 tatem
742 1014 880 1083 ejus,
909 1011 1108 1066 dicitur
1129 1020 1345 1065 coctum
1377 1011 1431 1064 in
1450 1011 1686 1071 clibano,
1720 1010 2125 1065 DeiCeniti-ici‘s

547 1102 801 1157 videlicet
826 1110 1004 1156 utero.
1044 1100 1138 1154 Illa
1168 1101 1314 1156 enim
1379 1101 1631 1155 clibanus
1680 1102 1989 1156 necessarie
2029 1117 2125 1155 no-

545 1194 803 1261 minatur,
839 1195 964 1263 quia
996 1201 1052 1247 et
1087 1208 1255 1263 panes
1308 1193 1595 1264 ignemque
1615 1194 1851 1263 desuper
1878 1193 2124 1248 clibanus

544 1287 794 1357 suscipit,
818 1287 961 1342 sicut
980 1294 1036 1340 et
1060 1285 1154 1341 Dei
1188 1284 1464 1350 Genitrix,
1498 1287 1736 1357 desuper
1755 1287 1878 1341 vitae
1904 1302 2121 1356 panem,

544 1366 642 1436 Dei
675 1380 926 1435 videlicet
949 1378 1183 1434 Verbum
1216 1379 1270 1433 in
1292 1394 1393 1432 suo
1412 1387 1587 1444 utero,
1620 1379 1908 1449 ignemque
1937 1394 2124 1434 susce-

544 1471 627 1541 pit
654 1471 957 1539 prtesentia:
982 1468 1239 1540 Spiritus.
1294 1467 1524 1538 Spiritus
1555 1470 1721 1535 enim,
1757 1470 1951 1540 inquit,
2006 1487 2125 1523 san-

545 1571 661 1616 ctus
692 1563 1014 1630 superveniet
1038 1562 1089 1615 in
1115 1570 1184 1627 te,
1220 1571 1269 1615 et
1294 1562 1459 1614 uirtus
1513 1560 1771 1615 Altissimi
1794 1560 2122 1613 obumbrabit

547 1656 651 1725 tibi,
671 1657 738 1710 “.
764 1655 921 1711 Hunc
954 1654 1184 1727 Moyses,
1208 1655 1427 1725 quando
1444 1655 1585 1709 Deus
1615 1655 1682 1709 ad
1712 1655 1981 1709 Abraham
2014 1654 2122 1708 dis-

544 1749 728 1820 posuit
774 1748 998 1804 seminis
1029 1756 1435 1812 testameutum,
1464 1747 1736 1801 clibanum
1769 1745 2120 1801 commenda-

545 1842 653 1908 vit;
672 1841 749 1894 ait
767 1842 938 1904 enim,
960 1839 1088 1908 quia
1118 1839 1375 1893 veniente
1397 1839 1510 1893 sole
1533 1839 1600 1893 ad
1626 1853 1901 1902 occasum,
1928 1837 2121 1907 (signi-

2230 642 2496 699 lucarnati
2554 643 2819 711 pietatem
2872 642 3161 714 signiﬁcat,
3237 659 3345 699 non
3405 648 3503 709 ait,
3576 645 3820 704 claudit

2226 733 2426 797 oleum,
2466 733 2582 797 sed,
2618 732 2795 787 Panes
2819 734 2874 787 in
2913 734 3024 788 oleo
3088 750 3389 804 conspersos
3429 738 3663 804 exponit.
3722 738 3820 793 llis

2226 822 2370 877 enim
2404 824 2584 879 verbis
2615 824 2938 895 signiﬁcavit
2987 825 3202 881 Domini
3263 827 3628 885 nativitatem.
3669 829 3817 887 Sub

2226 914 2582 981 sequentibus
2603 924 2785 970 autem
2821 925 2876 971 et
2906 917 3215 986 passionem
3236 917 3528 989 signiﬁcat.

2296 1007 2460 1063 Vsus.
2501 1010 2555 1073 5,
2586 1010 2638 1065 6.
2686 1028 2705 1062 ι
2744 1008 2801 1064 Si
2842 1010 3044 1065 oblatio
3086 1019 3177 1067 tua
3221 1012 3389 1067 fuerit
3428 1013 3498 1068 de
3536 1012 3819 1083 sartagine

2226 1101 2418 1156 simila:
2458 1118 2767 1172 conspersae
2810 1103 2950 1168 oleo,
2988 1113 3057 1159 et.
3086 1105 3294 1173 absque
3343 1104 3639 1171 fermento,
3671 1107 3819 1162 diri-

2223 1192 2320 1247 des
2348 1208 2466 1248 eam
2499 1194 2829 1258 minutatim,
2863 1195 3227 1266 eﬂ'undesquc
3259 1214 3425 1267 supra
3457 1200 3659 1255 oleum.
3699 1219 3722 1250 a

2298 1286 2637 1342 Sacriﬁcium
2652 1286 2720 1342 de
2750 1288 3025 1357 sartagine
3042 1288 3507 1358 dispensationem
3539 1291 3819 1359 passionis

2224 1377 2460 1446 appellat
2490 1378 2791 1448 Unigeuiti:
2823 1395 3040 1434 crucem
3073 1381 3357 1436 assimilari
3392 1376 3651 1452 sartagini
3681 1399 3818 1452 pro-

2225 1480 2408 1540 pterea
2430 1471 2837 1541 judicans,quia
2864 1483 3079 1543 sartago
3102 1472 3158 1526 in
3197 1483 3409 1527 tantum
3440 1475 3729 1539 estfortis,
3759 1486 3816 1530 ut

2225 1563 2566 1632 superposita
2600 1562 2864 1632 igui,ipsa
2900 1564 3122 1632 quidem
3150 1580 3260 1618 non
3304 1576 3681 1629 consumatur,
3708 1582 3817 1621 nec

2222 1656 2457 1725 aliquam
2478 1656 2883 1725 corruptionem
2910 1656 3180 1713 sustineat
3204 1666 3295 1716 aut
3315 1656 3766 1715 imminutionem
3796 1700 3813 1722 ,

2224 1748 2596 1817 superpositos
2610 1757 2791 1804 autem
2807 1748 2959 1807 cibos
2978 1764 3100 1805 mox
3117 1759 3174 1802 ut
3195 1749 3375 1820 ignem
3394 1751 3695 1820 tetigerint,
3728 1753 3815 1805 vel

2224 1842 2270 1896 si
2296 1841 2546 1896 duriores
2571 1840 2792 1904 iuerint,
2817 1855 2924 1896 non
2944 1841 3107 1911 longo
3144 1840 3435 1897 intervallo
3483 1852 3645 1911 aptos
3686 1843 3816 1897 esui

547 1931 673 1987 ﬁcat
699 1931 786 1985 hic
805 1931 966 1984 ﬁnem
1002 1929 1217 1999 mundi)
1244 1928 1458 1983 ﬂamma
1479 1930 1617 1984 facta
1650 1939 1751 1993 est,
1785 1936 1841 1983 et
1874 1944 2001 1983 ecce
2026 1944 2123 1998 ap—
2155 1910 2198 1968 Β
2228 1934 2423 1988 reddit.
2475 1933 2567 1988 Sic
2614 1942 2671 1987 et
2700 1932 2904 1988 Christi
2938 1910 3091 1997 crus,
3133 1931 3288 1987 fortis
3321 1910 3543 2004 quidem
3594 1943 3811 1989 tantum

549 2023 727 2093 paruit
747 2023 996 2077 clibanus
1020 2022 1220 2075 ardens
1240 2021 1307 2075 ⁸⁷.
1356 2022 1425 2075 Ει
1467 2021 1599 2090 quid
1640 2030 1724 2075 est
1759 2020 1893 2074 hoc?
1916 2019 2125 2074 addidit

545 2126 603 2170 et
625 2116 915 2186 fumigans,
936 2124 991 2169 et
1014 2114 1265 2169 transivit
1292 2130 1392 2185 per
1413 2114 1651 2171 medium
1670 2115 2027 2169 divisionum.
2060 2114 2121 2167 ln

546 2207 637 2261 die
696 2207 780 2261 illa
843 2206 1050 2278 pepigit
1093 2207 1355 2261 Dominus
1419 2207 1593 2262 foedus
1644 2222 1768 2261 cum
1827 2206 2118 2261 Abraham.

549 2297 776 2365 Quando
801 2299 945 2354 enim
990 2299 1229 2354 cmlcstis
1256 2299 1417 2369 ignis,
1487 2298 1720 2369 Spiritus
1759 2299 2030 2363 videlicet,
2068 2297 2121 2350 in

538 2391 760 2446 clibano
785 2391 923 2445 uteri
955 2390 1247 2447 Genitricis
1276 2390 1371 2446 Dei
1398 2392 1568 2457 venit,
1602 2404 1663 2446 ut
1690 2400 1830 2446 totas
1851 2392 2119 2447 accende-

550 2491 634 2535 ret
665 2481 849 2535 mundi
882 2490 1084 2551 partes,
1121 2489 1251 2535 tunc
1300 2490 1689 2536 testamentum
1754 2483 1897 2537 Deus
1948 2484 2122 2537 Abra-

549 2572 694 2635 ham,
716 2571 767 2625 id
794 2581 877 2625 est
909 2572 1159 2642 gentibus
1180 2572 1449 2641 disposuit
1487 2591 1501 2626 :
1534 2574 1807 2627 Abraham
1835 2573 1979 2627 enim
2022 2591 2122 2643 pa—

547 2674 626 2717 ter
655 2665 887 2734 gentium
938 2665 1278 2719 nominatur.
1307 2665 1362 2719 Si
1419 2681 1547 2737 ergo
1576 2682 1779 2721 munus
1808 2667 2006 2722 offeres
2037 2668 2123 2721 in-

545 2757 882 2811 carnationis
899 2755 1195 2827 Unigeniti,
1240 2773 1362 2827 quae
1390 2756 1448 2813 iu
1491 2770 1683 2814 ventre
1718 2759 1956 2830 Virginis
1982 2760 2123 2816 facta

541 2857 651 2913 est,
685 2864 792 2903 non
822 2850 979 2903 aliter
1002 2855 1289 2917 acceptum
1319 2857 1404 2903 est
1436 2848 1564 2911 Deo,
1608 2851 1711 2904 nisi
1774 2860 1991 2908 coctum
2054 2850 2123 2905 de

544 2942 742 3009 simila,
772 2941 823 2996 id
850 2957 919 2995 ex
954 2939 1047 2995 Dei
1072 2942 1298 2995 scientia
1330 2942 1415 2996 vel
1448 2943 1641 2997 notitia
1668 2943 1779 2997 ﬁat.
1804 2944 1957 2999 Unde
1975 2945 2121 2999 enim

546 3032 766 3087 aliunde
797 3032 864 3087 de
887 3033 988 3087 hac
1024 3050 1084 3088 re
1114 3034 1467 3099 locutionem,
1531 3034 1633 3088 nisi
1660 3035 1728 3090 ab
1759 3036 2020 3105 apostolis
2068 3045 2125 3090 et

548 3123 829 3194 prophetis
893 3127 1263 3195 sumpsimus?
1313 3128 1489 3181 Verba
1547 3142 1677 3197 ergo
1750 3128 2119 3198 apostolorum

545 3233 718 3290 panes
752 3220 958 3289 accipe,
983 3220 1376 3290 prophetarum
1428 3237 1559 3276 vero
1588 3222 1777 3292 lagano
1808 3238 1822 3274 :
1855 3230 2119 3292 quantum
2148 3256 2190 3314 ε

547 3311 693 3366 enim
726 3327 894 3381 panes
923 3329 952 3366 a
983 3311 1191 3383 lagonis
1252 3313 1318 3367 ad
1352 3312 1699 3367 nutriendum
1759 3322 1887 3368 sunt
1942 3313 2119 3383 aptio-

547 3419 659 3468 res,
696 3414 905 3460 tantum
922 3406 1086 3460 verba
1117 3406 1482 3475 apostolorum
1502 3406 1682 3461 verbis
1706 3406 2120 3477 prophetarum;

548 3496 765 3566 utrique
781 3507 960 3551 autem
987 3497 1191 3567 azymi,
1221 3498 1347 3567 quia
1380 3512 1444 3552 ex
1478 3497 1580 3551 alia
1609 3498 1852 3552 doctrina
1881 3497 2123 3551 fermen-

548 3598 663 3641 tum
700 3604 809 3642 non
846 3588 1069 3651 habent,
1099 3590 1245 3644 verbi
1296 3589 1466 3660 gratia
1525 3590 1803 3659 sapientiae
1825 3588 2122 3651 smcularis,

545 3679 693 3747 quod
736 3679 1277 3735 haereticisconvenit
1314 3680 1595 3735 accedere.
1634 3680 1699 3734 lli
1745 3680 1947 3750 quippe
1995 3695 2121 3734 cum

546 3769 815 3823 exteriora
848 3771 1199 3825 interioribus
1231 3773 1573 3842 conjungere
1599 3772 1871 3836 nituntur,
1900 3782 1955 3826 et
2008 3773 2123 3826 haec

544 3862 720 3932 magis
742 3861 847 3916 illis
882 3862 1149 3932 subjicere
1179 3873 1233 3918 et
1294 3862 1646 3927 fermentare,
1702 3881 1822 3934 quae
1896 3864 2128 3918 fermen-

550 3952 651 4007 tari
675 3953 983 4006 nullatenus
1001 3964 1245 4023 possunt,
1277 3955 1344 4008 ab
1366 3954 1569 4025 azymis
1600 3956 1945 4011 sermonibus
1976 3955 2125 4011 exci-

547 4045 916 4111 derunt;sed
976 4061 1104 4100 ecce
1155 4047 1525 4116 apostolorum
1578 4063 1747 4117 panes
1782 4048 1835 4101 iu
1862 4049 2003 4112 oleo,
2073 4058 2127 4102 et

546 4137 943 4207 prophetarum
976 4136 1164 4208 lagaua
1200 4140 1252 4192 in
1279 4140 1401 4193 oleo
1428 4140 1563 4194 ﬁunt
1591 4140 1962 4196 :concorditer
1979 4140 2123 4194 enim

546 4240 603 4285 et
636 4231 705 4285 ab
736 4231 862 4297 illis,
891 4231 1038 4287 etab
1094 4232 1215 4286 istis
1242 4235 1505 4303 scriptum
1539 4220 1643 4299 est,
1675 4236 1802 4304 quia
1831 4250 1930 4288 nos
1959 4234 2125 4287 mise—

549 4338 677 4377 rans
705 4322 955 4378 Christus
998 4324 1221 4379 advenit
1254 4343 1268 4390 ;
1332 4327 1427 4380 sed
1462 4327 1688 4395 apostoli
1757 4326 1971 4397 planius
2004 4344 2018 4392 ;
2051 4327 2127 4380 ait

542 4415 695 4469 enim
724 4415 923 4470 Paulus
957 4414 1446 4481 :Quemadmodum
1478 4419 1617 4471 enim
1672 4435 1760 4471 vos
1821 4420 1967 4488 prius
2028 4436 2127 4473 non

548 4506 844 4559 credidistis
867 4505 993 4569 Deo,
1031 4523 1166 4559 nunc
1194 4516 1374 4561 autem
1410 4508 1822 4561 misericordiam
1868 4508 2127 4562 consecuti

2228 2026 2350 2092 fuit,
2388 2036 2443 2081 ut
2492 2040 2713 2082 omnem
2766 2034 3069 2083 creaturam
3128 2025 3425 2095 subjiceret
3462 2024 3754 2080 [ἔτι]άῆιο
3795 2045 3811 2079 :

2227 2133 2448 2172 carnem
2492 2127 2673 2172 autem
2722 2119 2859 2187 ejus,
2901 2134 3024 2187 qua;
3065 2118 3131 2172 ad
3174 2118 3572 2173 comedendum
3625 2119 3812 2187 inepta

2224 2219 2497 2265 eratante
2542 2210 2873 2279 passionem,
2915 2211 3059 2281 (quis
3100 2210 3245 2263 enim
3275 2210 3564 2263 comedere
3615 2209 3811 2278 cupio

2226 2302 2321 2356 bat
2349 2316 2569 2357 carnem
2603 2300 2760 2371 Dei?)
2796 2311 2977 2371 aptam
3011 2301 3134 2355 cibo
3153 2310 3273 2369 post
3290 2300 3601 2370 passionem
3634 2299 3763 2355 fecit
3792 2319 3806 2354 :

2224 2389 2265 2444 si
2303 2387 2447 2443 enim
2496 2404 2607 2443 non
2656 2388 2847 2445 fuisset
2888 2389 3202 2454 cruciﬁxus,
3239 2389 3566 2444 sacriﬁcium
3606 2405 3808 2460 corpo-

2226 2480 2300 2533 ris
2333 2480 2452 2550 ejus
2483 2480 2706 2536 minime
2744 2482 3180 2537 comederemus.
3225 2481 3579 2537 Comedimus
3620 2491 3807 2536 autem

2224 2590 2371 2629 nunc
2414 2574 2621 2638 cibum,
2656 2582 2935 2631 sumentes
2979 2573 3100 2643 ejus
3147 2575 3467 2629 memoriam
3512 2575 3805 2642 passionis.

2227 2664 2374 2721 llanc
2408 2666 2742 2732 sartaginem
2779 2664 2921 2734 apud
2962 2664 3302 2719 Ezechielem
3334 2663 3599 2721 Dominus
3634 2666 3808 2736 signi-

2225 2756 2393 2813 ﬁcans
2422 2757 2495 2811 ait
2532 2774 2543 2809 :
2575 2756 2642 2811 Et
2678 2766 2756 2818 tu,
2793 2772 2939 2810 sume
2982 2756 3074 2809 tibi
3097 2757 3424 2825 sartaginem
3465 2758 3716 2827 ferream,
3756 2767 3806 2809 et

2222 2865 2381 2917 pones
2409 2864 2527 2905 eam
2560 2865 2771 2902 murum
2802 2850 3030 2919 ferreum
3075 2849 3214 2904 inter
3253 2860 3305 2903 te
3347 2860 3395 2903 et
3431 2850 3700 2905 ciuitatem
3734 2851 3805 2902 ⁸⁸.

2226 2940 2481 2996 Ferream
2524 2940 2746 3011 quidem
2789 2955 2909 2996 eam
2947 2948 3170 3009 propter
3208 2940 3522 3010 praedictam
3562 2942 3806 3011 appella—

2224 3032 2302 3088 vit
2342 3032 2737 3089 fortitudinem.
2786 3032 2934 3088 lnter
2966 3040 3020 3087 te
3052 3042 3236 3087 autem
3278 3042 3335 3086 et
3376 3033 3673 3097 civitatem,
3709 3034 3802 3095 ait,

2225 3122 2279 3176 id
2324 3131 2410 3177 est
2450 3121 2752 3179 Jerusalem
2786 3123 2952 3192 :quia
2988 3124 3225 3181 maxime
3265 3124 3369 3194 ipsi
3412 3125 3464 3179 in
3505 3141 3669 3182 cruce
3703 3125 3805 3182 Dav

2226 3214 2382 3277 mini,
2414 3213 2756 3269 oll‘endentes
2787 3223 2843 3271 et
2875 3214 3039 3271 illatis
3060 3215 3408 3285 passionibus
3434 3215 3505 3271 ab
3534 3214 3655 3283 ejus
3679 3224 3807 3273 sunt

2226 3306 2454 3362 scientia
2507 3306 2765 3376 separati.
2821 3305 3137 3371 Mysterium
3195 3296 3325 3375 ergo
3381 3305 3700 3375 passionum
3749 3307 3804 3361 in

2224 3400 2344 3453 oleo
2394 3399 2793 3470 conspergitur,
2842 3399 2969 3468 quia
3016 3398 3286 3453 miserans
3332 3412 3455 3460 nos.
3501 3411 3602 3467 pro
3648 3398 3806 3455 nobis

2224 3490 2488 3546 sustinuit
2527 3500 2781 3547 mortem.
2820 3488 2977 3555 Quod
3010 3498 3066 3544 et
3098 3489 3217 3545 sine
3262 3488 3536 3544 fermento
3571 3503 3717 3554 esse,
3753 3488 3803 3545 id

2224 3593 2309 3638 est
2346 3582 2610 3641 mundum
2661 3583 2730 3638 ab
2778 3582 3039 3639 exteriori
3084 3581 3200 3637 vult
3241 3596 3363 3637 esse
3402 3581 3673 3638 doctrina.
3716 3582 3804 3638 Ait

2223 3685 2404 3731 autem
2444 3693 2455 3727 :

2297 3769 2504 3823 Divides
2543 3786 2603 3821 ea
2650 3767 2973 3822 minutatim.
3007 3763 3078 3822 Ut
3108 3764 3159 3820 in
3190 3766 3477 3834 passiones
3514 3766 3656 3836 eius.
3683 3782 3803 3836 qua

2226 3876 2320 3929 per
2377 3870 2557 3929 partes
2607 3868 3035 3929 processerunt,
3090 3872 3400 3913 sermonem
3461 3857 3798 3925 dividamus,

2225 3952 2392 4005 veluti
2446 3952 2650 4022 alapis,
2701 3951 2966 4021 colaphis,
3000 3950 3213 4019 sputis,
3266 3949 3686 4020 oonﬁxioneque
3727 3952 3802 4007 la-

2228 4045 2378 4100 teris.

2299 4138 2545 4208 E/fundes
2595 4152 2756 4204 supra
2806 4135 2997 4188 oleum.
3050 4131 3157 4191 Sed
3209 4132 3673 4202 quemadmodum
3718 4133 3799 4191 ille

2226 4229 2655 4286 misericordiam
2705 4228 2758 4281 in
2801 4227 2962 4283 nobis
3009 4226 3237 4288 habens,
3274 4241 3374 4294 pro
3409 4225 3569 4281 nobis
3605 4234 3799 4283 semet-

2228 4323 2403 4392 ipsum
2443 4319 2663 4374 tradidit
2709 4317 2970 4387 passioni,
3018 4318 3096 4371 sic
3140 4325 3357 4386 oportet
3397 4325 3451 4370 et
3490 4333 3597 4373 nos
3626 4318 3800 4387 prosi-

2229 4415 2333 4469 mis
2377 4411 2649 4473 misereri,
2685 4410 2995 4479 passionem
3035 4408 3372 4464 Dominicam
3411 4409 3479 4463 ad
3512 4409 3676 4477 hujus
3712 4422 3798 4464 ac-

2231 4506 2500 4576 cipientes
2516 4504 2733 4573 pictatis
2745 4501 3075 4571 exemplum,
3094 4500 3239 4554 unde.
3261 4500 3366 4555 ait:
3384 4497 3798 4568 Elfundetsupra

545 4599 669 4651 estis
702 4614 795 4666 per
823 4599 1042 4655 istorum
1073 4598 1497 4663 inobedientiam,
1520 4600 1596 4652 sic
1618 4609 1669 4653 et
1698 4600 1786 4653 isti
1824 4616 1925 4653 non
1953 4602 2122 4655 credi—
2156 4596 2200 4653 D
2230 4602 2422 4665 oleum,
2452 4609 2511 4654 ut
2529 4607 2584 4651 et
2601 4597 2914 4653 nosviscera
2937 4593 3322 4652 misericordia:
3352 4592 3799 4649 Dominisemule-

546 4691 731 4744 derunt
758 4690 812 4742 in
839 4700 1009 4743 vestra
1032 4690 1412 4755 misericordia,
1442 4693 1674 4761 utetipsi
1706 4693 2124 4747 misericordiam

544 4792 949 4854 consequantur.
1005 4782 1275 4837 Conclusit
1330 4785 1468 4838 enim
1528 4784 1669 4838 Deus
1702 4787 1879 4839 omnia
1905 4786 1998 4840 sub
2018 4801 2127 4855 pec-

544 4884 683 4939 cato,
709 4883 765 4927 ut
793 4876 1033 4927 omnibus
1057 4876 1375 4929 misereatur
1417 4877 1484 4929 ⁸³.
1538 4875 1966 4931 hlisericordiam
2001 4877 2127 4932 ubi-

540 4980 652 5035 que
673 4966 908 5035 appellat
958 4966 1227 5021 adventus
1274 4966 1477 5023 Christi
1509 4970 1847 5034 mysterium,
1903 4977 2129 5039 propter

544 5055 691 5125 quod
724 5071 891 5124 panes
948 5056 1169 5126 quidem
1224 5056 1279 5111 in
1346 5058 1467 5114 oleo
1506 5060 1789 5129 conspersi
1847 5060 2124 5115 dicuntur.

544 5147 831 5218 Propheta:
856 5156 1039 5204 autem
1064 5166 1169 5205 non
1194 5151 1291 5215 sic,
1316 5153 1411 5207 sed
1441 5152 1591 5208 velut
1612 5151 1666 5211 in
1696 5153 1981 5224 aenigmate
2005 5169 2019 5218 ;
2044 5152 2129 5207 di-

543 5240 621 5294 cit
648 5242 796 5295 enim
825 5242 996 5297 David
1030 5258 1047 5298 :
1075 5243 1437 5299 Misericordia
1467 5255 1516 5297 et
1565 5245 1761 5298 veritas
1791 5245 2129 5298 obviaverunt

540 5333 721 5388 sibi”.
749 5332 810 5388 Et
840 5350 1029 5390 rursus
1061 5353 1073 5389 :
1100 5335 1323 5392 Ostende
1357 5336 1523 5399 nobis,
1554 5335 1799 5401 Domine,
1826 5336 2127 5390 misericor-

540 5425 691 5479 diam
716 5434 865 5479 luant
894 5437 943 5481 et
963 5428 1205 5482 salutare
1235 5437 1383 5481 tuum
1416 5429 1485 5481 da
1538 5428 1682 5481 nobis
1712 5428 1778 5481 ’°.
1829 5428 2122 5496 Propterea

536 5530 652 5571 non
676 5530 993 5587 conspersa,
1024 5519 1229 5574 sedlita
1251 5519 1373 5575 oleo
1400 5519 1592 5589 lagana
1622 5520 1981 5590 appellantur.
2016 5518 2122 5573 Sed

538 5617 597 5662 ct
615 5608 762 5663 illam
791 5611 1001 5666 custodi
1043 5612 1335 5665 verborum
1408 5611 1787 5675 subtilitatem,
1826 5612 2120 5683 quomodo,

542 5701 761 5767 quando
796 5703 910 5757 vult
942 5712 1000 5757 ut
1030 5718 1129 5757 nos
1157 5702 1531 5768 misereantur,
1596 5704 1726 5759 dicit
1781 5706 1848 5759 de
1910 5720 1977 5759 eo
2030 5702 2122 5771 qui

2226 4710 2385 4755 mur;
2418 4691 2494 4745 ait
2520 4689 2722 4759 quippe
2761 4706 2774 4744 :
2806 4688 2986 4741 Estote
3036 4684 3397 4739 misericordes
3423 4683 3563 4739 sicut
3580 4693 3629 4736 et
3650 4682 3799 4737 Pater

2224 4796 2390 4841 vester
2420 4782 2715 4836 misericors
2747 4789 2819 4834 est
2846 4778 2913 4831 θ’.
2946 4775 3083 4842 Quia
3114 4774 3260 4829 enim
3299 4774 3403 4829 hoc
3431 4773 3499 4830 de
3529 4772 3799 4829 Dominica

2225 4874 2572 4948 proposuerit
2632 4871 2887 4943 passione
2942 4867 3283 4937 capitulum,
3344 4864 3655 4935 designan
3711 4863 3799 4917 de—

2228 4975 2496 5023 monstrat
2548 4965 2661 5034 ipsa
2715 4978 3052 5018 sermonum.
3110 4959 3267 5025 Quod
3308 4958 3454 5013 enim
3508 4954 3800 5015 secundum

2229 5059 2371 5119 LXX
2397 5057 2624 5118 addidit,
2656 5054 2989 5123 Sacriﬁcium
3036 5063 3110 5107 est
3153 5053 3393 5115 Domino,
3429 5050 3537 5105 hoc
3581 5048 3673 5105 hic
3717 5046 3803 5102 ad-

2226 5150 2362 5205 dens
2398 5148 2755 5218 prmcipuum,
2801 5146 2945 5215 quod
2978 5160 3243 5215 nusquam
3279 5144 3335 5198 in
3395 5142 3801 5197 holocautomav-

2228 5243 2296 5296 tis
2340 5239 2640 5309 inscripsit,
2679 5247 2771 5292 aut.
2807 5237 2861 5291 in
2901 5237 3023 5291 aliis
3054 5253 3176 5306 (luat
3211 5234 3473 5306 praecepit
3503 5234 3796 5305 superius:

2229 5333 2317 5387 hic
2358 5338 2540 5385 autem
2590 5329 2845 5385 addidit:
2882 5329 3011 5398 quia
3049 5328 3324 5398 Unigeniti
3370 5326 3556 5397 passio
3600 5324 3797 5381 sacriﬁ-

2227 5424 2371 5477 cium
2427 5421 2540 5475 Deo
2586 5419 2729 5476 Patri
2782 5419 2962 5476 oblata
3014 5430 3131 5483 est,
3185 5419 3540 5487 semetipsum
3570 5415 3793 5477 Christo,

2230 5515 2689 5584 quemadmodum
2742 5516 2817 5569 ait
2876 5512 3106 5573 Paulus,
3152 5510 3420 5565 oﬁ‘erente
3450 5527 3462 5564 :
3493 5509 3571 5563 ait
3614 5508 3789 5563 enim:

2232 5605 2290 5663 Si
2317 5606 2455 5661 enim
2485 5606 2702 5675 sanguis
2748 5615 3023 5659 taurorum
3078 5614 3125 5657 et
3156 5604 3442 5663 hircorum,
3472 5610 3523 5655 et
3562 5598 3688 5653 ciuis
3720 5596 3788 5650 air

2235 5700 2359 5754 tutae
2382 5716 2626 5769 aspersus
2655 5698 3018 5766 coinqttinatos
3050 5694 3345 5762 sanctiﬁcat
3376 5694 3449 5746 ad
3473 5689 3783 5745 emundatio-

696 5835 853 5923 Ῐυξδη.
898 5840 1124 5923 t._29.“
1156 5841 1203 5923 _“
1252 5840 1380 5895 Luc.
1418 5843 1597 5923 1.].33.
1672 5842 1875 5898 "Gen.
1908 5858 2000 5910 xv,
2044 5841 2131 5896 l7.
2185 5840 2230 5872 ”
2268 5838 2427 5894 Rom.
2463 5838 2760 5905 x1,50-52.
2837 5838 2883 5871 ”
2911 5836 3055 5891 Psal.
3117 5848 3337 5901 Lxxxtv,
3394 5833 3450 5887 8.
3527 5824 3777 5923 "ibid.

546 5905 591 5940 ’ί
623 5908 821 5963 Ezech.
857 5924 929 5974 tv,
952 5910 1006 5964 5.
1081 5912 1125 5944 ⁹¹
1155 5910 1285 5965 Luc.
1312 5928 1385 5979 vr,
1418 5913 1503 5967 36.
