4046 6460
239 497 350 561 809

1405 500 1489 563 ΙΝ
1528 500 1968 565 LEVITICUM.
2008 529 2077 539 -
2117 504 2261 567 LIB.
2303 503 2355 565 Ῑ.

3408 511 3516 577 810

237 604 574 665 κειηταηιὶε,
598 612 796 673 quanto
814 603 982 675 magis
995 605 1213 677 sanguis
1234 604 1450 673 Christi,
1475 608 1566 678 qui
1592 624 1683 676 per
1706 606 1830 677 Spi-
1864 619 1906 672 Α
1937 617 1993 663 et
2025 608 2246 665 dedisse
2276 610 2397 665 viro
2433 610 2526 681 qui
2553 611 2785 669 vestitus
2813 623 2932 671 erat
2966 613 3149 682 lineis,
3178 616 3355 689 ipsum
3384 638 3519 679 vero

238 698 406 748 ritum
421 703 660 749 sanctum
675 695 1011 758 semetipsum
1028 696 1211 751 obtulit
1226 698 1627 752 immaculatum
1642 698 1829 753 Deo”?

317 783 481 838 Vnus.
524 782 678 837 7—lﬁ.
716 800 735 834 ς
769 782 866 838 Sin
896 792 1079 838 autem
1122 785 1191 840 de
1232 786 1493 841 craticula
1535 785 1699 840 fuerit
1745 800 1832 839 sa-

272 876 554 939 riﬁcium,
605 890 759 945 aeque
809 875 987 929 simila
1045 876 1167 931 oleo
1223 885 1635 948 cormpergetur,
1664 890 1830 946 quam

237 968 486 1022 offerens
535 966 770 1023 Domino
820 967 1000 1022 tradet
1049 968 1302 1023 manibus
1345 969 1646 1025 sacerdotis
1688 968 1829 1039 :qui

239 1075 373 1114 cum
413 1059 674 1115 obtulerit
712 1076 861 1121 eaut.
899 1061 1053 1116 tollet
1092 1062 1409 1116 memorialc
1440 1062 1509 1117 de
1542 1061 1828 1127 sacriﬁcio,

238 1163 303 1208 et
338 1153 581 1208 adolebit
626 1169 781 1224 super
834 1153 1008 1208 altare
1040 1156 1095 1207 in
1131 1154 1356 1212 odorem
1395 1148 1681 1211 suavitatis
1723 1154 1831 1209 Do-

240 1244 421 1300 mino.
469 1243 748 1314 Quidquid
798 1254 981 1299 autem
1032 1245 1301 1316 reliquum
1354 1256 1460 1311 est,
1499 1249 1606 1303 erit
1646 1248 1827 1302 Aaron

238 1346 304 1391 et
340 1336 574 1391 ﬁliorum
617 1337 760 1408 ejus,
801 1347 1053 1394 sanctum
1093 1348 1407 1395 sanctorum
1444 1341 1513 1397 de
1539 1340 1830 1396 oblationi-

242 1427 355 1483 bus
383 1428 618 1483 Domini.
651 1446 672 1480 ι

323 1518 535 1573 Similia
566 1518 849 1588 disputare
891 1528 947 1573 et
979 1517 1047 1573 de
1081 1518 1484 1574 resurrectione
1520 1518 1829 1590 disceptau-

244 1618 360 1663 tcm
403 1608 536 1673 vult,
569 1609 729 1678 cujus
757 1607 1077 1678 mysterium
1120 1608 1438 1664 craticulam
1484 1624 1595 1664 non
1630 1611 1830 1666 frustra

242 1699 561 1771 appellavit,
596 1700 692 1754 sed
726 1714 825 1770 per
854 1699 1172 1754 craticulam
1210 1710 1444 1755 mortem
1481 1702 1828 1771 signiﬁcavit.

244 1793 408 1849 Sicut
454 1804 638 1848 autem
685 1794 740 1847 iu
788 1793 1063 1862 sartagine
1105 1793 1443 1848 Dominicam
1475 1810 1697 1849 crucem
1735 1810 1830 1850 su-

242 1901 349 1957 pra
382 1885 718 1956 accepimus,
750 1885 821 1939 ita
855 1885 913 1938 in
950 1884 1209 1939 craticula
1250 1894 1504 1951 mortem,
1534 1887 1628 1941 sed
1662 1896 1717 1941 et
1743 1902 1830 1944 se-

1934 695 2264 766 dispersisse
2292 699 2605 756 incendium
2642 704 2707 753 ⁸⁸.
2740 703 2947 762 Docere
2982 716 3167 763 autem
3213 725 3316 767 nos
3357 710 3521 785 legis-

1932 786 2073 842 lator
2097 791 2292 847 volens
2309 792 2363 847 in
2394 794 2577 865 aliquo
2612 797 2872 867 praedicta
2896 801 3176 871 mysteria,
3197 806 3518 861 earumdem

1933 881 2203 937 rationem
2233 885 2625 943 sacriﬁciorum
2655 887 2740 944 his
2763 891 3087 961 recapitulat
3115 895 3319 964 verbis,
3345 895 3518 962 Quam

1932 974 2115 1043 offeres
2151 974 2397 1043 Domino,
2429 994 2592 1048 quam
2630 981 2819 1051 utique
2852 983 2920 1038 de
2947 985 3184 1049 clibano,
3220 997 3276 1042 et
3302 989 3370 1045 de
3399 1006 3519 1045 sar-

1934 1061 2139 1132 tagine,
2170 1071 2228 1118 et
2257 1064 2326 1120 de
2372 1067 2652 1133 craticula,
2690 1068 2746 1124 id
2792 1079 2879 1126 est
2928 1073 3229 1129 nativitatis
3275 1075 3514 1143 Domini,

1932 1160 1990 1205 et
2014 1153 2315 1222 passionis,
2342 1164 2401 1212 et
2439 1158 2631 1215 mortis
2660 1176 2675 1214 :
2711 1160 2766 1214 in
2794 1152 2881 1217 his
2908 1164 3054 1219 enim
3097 1166 3265 1223 totius
3291 1168 3515 1239 dispen-

1932 1244 2162 1301 sationis
2206 1248 2326 1318 ejus
2372 1265 2555 1307 sermo
2594 1253 2845 1322 expletus
2872 1265 3001 1312 est:
3038 1257 3090 1312 in
3138 1258 3227 1315 bis
3272 1277 3517 1317 resurre—

1930 1337 2135 1393 ctionis
2182 1354 2401 1412 quoque
2456 1343 2577 1414 ejus
2637 1346 2778 1401 ratio
2841 1349 3179 1415 continetur,
3237 1355 3360 1424 quia
3422 1357 3515 1428 qui

1931 1428 2237 1497 descendit,
2272 1432 2392 1502 ipse
2436 1444 2544 1499 est,
2586 1444 2643 1490 et
2685 1438 2777 1507 qui
2828 1441 3073 1497 ascendit
3116 1458 3281 1515 super
3322 1462 3515 1503 omnes

1932 1524 2123 1589 caelos,
2154 1534 2216 1580 nt
2248 1525 2500 1597 impleret
2527 1531 2708 1585 omnia
2738 1532 2808 1588 ”.

2007 1611 2205 1669 Tradet
2240 1616 2297 1669 in
2332 1618 2573 1673 manibus
2599 1623 2906 1678 sacerdotis.
2940 1625 3048 1696 lpsi
3076 1626 3328 1684 videlicet
3355 1629 3515 1685 Chri-

1932 1709 2038 1768 sto,
2071 1704 2165 1775 qui
2214 1716 2501 1778 postquam
2556 1713 3014 1784 appropinquavit
3061 1718 3219 1772 altari
3259 1721 3405 1789 quod
3458 1722 3513 1775 in

1932 1794 2085 1850 caelis
2112 1805 2215 1863 est,
2247 1800 2705 1871 appropinquavit
2745 1812 2929 1860 autem
2972 1822 3138 1863 carne
3180 1825 3280 1880 per
3313 1826 3512 1867 ascen-

1935 1881 2144 1938 sionem
2171 1903 2186 1940 :
2216 1901 2496 1956 nunquam
2524 1891 2669 1945 enim
2700 1904 2985 1963 separatur
3008 1911 3039 1950 a
3066 1898 3370 1955 divinitate.

242 1979 526 2049 pulturam
574 1977 925 2047 accipiamus.
960 1976 1093 2043 Qua:
1133 1976 1280 2030 enim
1328 1976 1472 2032 inter
1515 1978 1827 2036 craticulam
1860 1968 1905 2025 Β
2003 1974 2166 2031 Tollet
2187 1980 2494 2035 memoriale
2514 1982 2579 2037 de
2601 1986 2883 2054 sacriﬁcio.
2908 1986 3315 2047 Abundantium
3339 1993 3513 2048 scien-

240 2082 305 2126 et
340 2072 672 2143 sartaginem
699 2068 1006 2125 diﬁ'erentia
1034 2068 1126 2134 sit,
1152 2069 1289 2124 nulli
1316 2070 1539 2140 penitus
1568 2079 1655 2125 est
1681 2072 1834 2144 igno-

242 2174 365 2219 tum
403 2182 417 2218 :
450 2165 577 2235 quia
609 2171 826 2234 sartago
856 2177 1023 2233 super
1059 2162 1239 2233 ignem
1278 2178 1426 2218 nunc
1466 2164 1833 2219 exardescen-

243 2263 359 2309 tem
399 2264 455 2309 et
493 2269 839 2319 succensum,
871 2252 1134 2308 craticula
1170 2260 1355 2307 autem
1406 2252 1459 2307 in
1504 2252 1834 2309 carbonibus

242 2346 571 2401 ardentibus
621 2354 678 2400 et
708 2345 838 2399 olim
865 2344 1114 2399 accensis
1142 2344 1387 2413 ponitur.
1418 2342 1572 2398 Sicut
1600 2352 1657 2398 et
1688 2360 1834 2400 mors

247 2440 467 2494 Domini
495 2454 604 2493 non
631 2438 735 2492 fuit
768 2438 986 2491 initium
1012 2436 1232 2506 aliquod
1258 2435 1551 2506 passionis,
1586 2436 1679 2489 sed
1713 2451 1836 2504 pas-

241 2534 487 2595 sioutuu,
518 2546 639 2600 quae
676 2529 885 2599 pridem
927 2529 981 2583 in
1020 2543 1087 2582 eo
1127 2536 1368 2597 operatae
1397 2534 1548 2592 sunt,
1576 2524 1834 2580 fuitsub-

242 2623 524 2677 sisteutia.
560 2622 627 2674 Et
652 2621 815 2691 hujus
851 2633 983 2690 ergo
1009 2633 1209 2673 munus
1241 2635 1305 2673 ex
1340 2617 1538 2678 simila.
1571 2618 1624 2672 id
1658 2628 1833 2672 estex

243 2714 350 2769 Dei
390 2713 720 2784 cognitione,
755 2711 871 2766 sive
893 2711 1147 2774 scientia,
1173 2724 1294 2779 quae
1327 2709 1395 2764 de
1427 2717 1603 2763 morte
1643 2707 1833 2762 Domi-

241 2806 375 2861 nica
406 2814 512 2868 est,
553 2802 834 2875 perlicitur
862 2820 876 2856 :
907 2810 1127 2872 Oportet
1173 2803 1319 2856 enim
1351 2802 1635 2856 Christum
1679 2808 1734 2855 et
1775 2800 1831 2853 in

240 2906 429 2951 morte
467 2895 639 2950 Deum
669 2894 797 2959 dici,
828 2892 1189 2947 nihilominus
1228 2892 1590 2948 immortalem
1630 2891 1830 2963 praedi-

240 3000 375 3038 care
408 2999 537 3038 eum
586 2983 681 3054 qui
725 2994 951 3055 propter
988 2982 1273 3037 mortalem
1316 2998 1535 3037 carnem
1584 2992 1830 3037 mortuus

238 3082 356 3126 est.
396 3073 454 3127 lu
494 3072 618 3127 oleo
652 3083 835 3128 tamen
875 3086 1078 3127 munus
1108 3071 1215 3126 ﬁet.
1266 3070 1494 3142 Oportet
1519 3072 1720 3142 quippe
1760 3073 1830 3127 de

240 3164 535 3219 Dominica
572 3174 747 3220 morte
787 3174 843 3220 et
871 3165 1273 3219 resurrectione
1305 3164 1694 3235 disputantem,
1723 3167 1828 3218 mi-

241 3259 605 3313 sericordiam
640 3272 858 3327 quoque
901 3256 993 3310 Dei
1032 3256 1233 3311 addere
1276 3256 1562 3319 rationem,
1594 3272 1715 3325 quae
1743 3263 1828 3311 est

240 3351 454 3405 oleum.
490 3350 753 3405 Miserans
773 3349 1041 3419 siquidem
1074 3363 1246 3421 genus
1264 3348 1653 3414 bumanum,et
1682 3364 1832 3402 mor-

240 3452 362 3498 tem
402 3444 682 3507 sustinuit,
712 3451 768 3496 et
806 3442 1264 3496 resurrectionem
1293 3456 1324 3494 a
1353 3442 1584 3495 mortuis
1613 3440 1833 3510 dispen-

239 3534 415 3591 savit.
445 3533 503 3590 Si
533 3543 716 3590 autem
747 3533 929 3602 ignem
961 3532 1051 3604 qui
1082 3548 1248 3603 super
1275 3531 1552 3589 clibanum
1576 3541 1679 3597 est,
1701 3547 1831 3587 sau-

240 3636 400 3680 ctum
451 3640 573 3681 esse
611 3624 899 3696 Spiritum,
929 3635 984 3678 et
1012 3624 1135 3679 ideo
1161 3633 1377 3679 uterum
1407 3623 1699 3679 Genitricis
1736 3622 1829 3678 Dei

244 3720 535 3774 clibanum
564 3718 897 3790 signiﬁcasse
930 3718 1187 3784 diximus,
1219 3717 1272 3770 in
1306 3718 1579 3788 sartagine
1626 3726 1829 3780 autem,

241 3821 304 3866 et
349 3813 611 3865 craticula
651 3811 704 3864 in
752 3811 876 3881 igne
910 3825 1101 3864 rursus
1134 3808 1446 3879 passionem
1493 3817 1551 3863 et
1600 3816 1831 3863 mortem

243 3902 599 3971 interpretati
641 3916 855 3967 sumus,
883 3900 1201 3954 nullatenus
1232 3900 1349 3953 hate
1376 3898 1673 3964 discredas,
1714 3899 1833 3970 ipsa

241 3996 401 4050 enim
458 3995 554 4049 tibi
610 3993 947 4059 satisfacere,
994 4008 1115 4062 quae
1151 3993 1219 4047 de
1260 3992 1505 4062 utrisque
1552 3992 1829 4057 dicuntur,

239 4092 508 4159 possunt.
573 4086 711 4151 Quia
764 4086 818 4139 iu
871 4085 1087 4140 clibano
1140 4082 1360 4152 quidem
1411 4083 1553 4153 ignis
1598 4082 1834 4152 desuper

239 4180 518 4242 mittitur,
544 4180 612 4234 de
643 4179 782 4234 caelo
822 4192 1059 4247 namque
1102 4176 1434 4232 ministratio
1462 4176 1688 4247 spiritus
1726 4182 1831 4240 est,

239 4274 315 4328 de
365 4283 477 4341 quo
521 4270 783 4325 Dominus
836 4269 1052 4324 dicebat
1085 4286 1099 4323 :
1133 4268 1316 4339 Ignem
1365 4269 1480 4323 ueni
1526 4268 1732 4321 mittere
1776 4267 1833 4319 in

243 4374 456 4418 terram
486 4362 553 4416 “.
586 4361 653 4415 Et
676 4360 921 4415 Joannes
947 4360 1015 4415 de
1039 4359 1302 4413 Domino:
1335 4357 1457 4427 Ipse
1485 4374 1571 4411 vos
1592 4358 1834 4422 baptiza-

241 4456 321 4510 bit
354 4456 411 4507 in
433 4451 639 4522 Spiritu
667 4462 851 4507 sancto
877 4462 923 4506 et
958 4451 1068 4522 igni
1091 4451 1159 4505 θ’.
1190 4450 1250 4503 lu
1278 4448 1546 4518 sartagine
1567 4456 1747 4502 autem
1778 4457 1833 4502 et

239 4547 511 4605 craticula
565 4546 704 4617 ignis
758 4547 827 4600 ab
866 4542 1224 4598 inferioribus
1280 4541 1534 4604 sumitur,
1586 4539 1711 4609 quia
1765 4539 1833 4593 ab

1907 2064 2045 2131 .tiae,
2089 2067 2205 2122 sive
2248 2070 2600 2140 cognitionis,
2646 2075 2786 2129 sicut
2826 2077 2936 2146 jam
2986 2094 3150 2151 supra
3200 2083 3512 2153 docuimus,

1931 2156 2080 2225 quod
2137 2173 2309 2227 super
2356 2160 2528 2216 altare
2579 2163 2817 2220 adolebit
2866 2167 3013 2237 apud
3063 2183 3143 2234 se,
3196 2171 3513 2227 custodiens

1932 2246 2066 2302 illud
2095 2246 2153 2301 in
2182 2249 2441 2304 steculum
2470 2250 2737 2306 futurum.

2002 2339 2274 2411 Quidquid
2330 2352 2510 2397 autem
2562 2345 2822 2416 reliquum
2867 2358 2964 2403 est.
3016 2349 3073 2405 ld
3115 2358 3219 2417 est,
3249 2364 3514 2423 quantum

1932 2435 2075 2484 scire
2103 2446 2206 2484 nos
2234 2440 2291 2486 et
2316 2435 2650 2502 perscrutari
2686 2439 2965 2507 praecepit.

2005 2518 2121 2573 Hoc
2153 2523 2337 2576 Aaron
2370 2524 2469 2578 erit
2496 2534 2542 2577 et
2568 2525 2803 2594 ﬁliorum
2833 2527 2966 2596 ejus.
2993 2529 3051 2584 ld
3081 2539 3185 2596 est,
3212 2540 3268 2586 et
3298 2532 3385 2589 his
3418 2534 3512 2604 qui

1932 2612 2184 2666 sublimia
2213 2614 2284 2668 de
2312 2615 2421 2670 Deo
2447 2617 2687 2686 cogitare
2720 2627 2776 2673 et
2811 2621 3017 2675 sentire
3054 2633 3305 2693 possunt,
3340 2628 3513 2683 tradi-

1931 2701 2030 2765 dit,
2061 2718 2200 2770 quos
2226 2704 2367 2761 ﬁlios
2392 2706 2575 2762 Aaron
2601 2723 2721 2762 esse
2750 2710 3124 2779 praediximus.

2003 2793 2258 2851 Sanctum
2298 2808 2605 2853 sanctorum
2643 2802 2708 2855 de
2741 2801 3095 2860 oblationibus
3130 2807 3360 2864 Domini.
3396 2810 3512 2866 Ma-

1930 2888 2014 2958 gis
2066 2886 2304 2959 idipsmn
2365 2891 2697 2947 conﬁrmans
2754 2893 2861 2949 hoc
2921 2894 3198 2965 legislator
3256 2902 3509 2972 scripsit;

1932 2987 2118 3032 sancta
2147 2980 2350 3049 quippe
2378 2990 2463 3035 est
2486 2983 2670 3037 omnis
2708 2983 2850 3038 bona
2897 2987 3146 3057 scientia,
3185 2992 3280 3046 sed
3310 2991 3511 3048 Sancta

1931 3079 2244 3123 sanctorum
2289 3085 2411 3140 quae
2442 3071 2511 3126 de
2540 3072 2636 3127 Dei
2683 3075 2935 3145 scientia,
2966 3079 3109 3136 sicut
3135 3092 3369 3152 oportet,
3400 3084 3512 3141 dis-

1932 3166 2125 3227 putare
2160 3170 2359 3228 potest.

2007 3248 2168 3305 Vsns.
2203 3252 2292 3318 ll,
2325 3252 2414 3308 12.
2460 3273 2481 3306 ι
2509 3253 2701 3312 Omnis
2744 3257 2950 3315 oblatio
2983 3275 3105 3331 qua:
3143 3262 3372 3320 oﬁ‘ertur
3401 3266 3513 3322 Do-

1933 3342 2084 3396 mino
2112 3344 2321 3415 absque
2350 3346 2622 3403 fermento
2650 3350 2765 3415 ﬁet,
2796 3366 2899 3406 nec
2930 3353 3226 3424 quidquam
3254 3355 3512 3414 fermenti

1931 3448 1997 3488 ac
2027 3435 2202 3491 mellis
2226 3436 2536 3493 adolebitur
2566 3440 2623 3495 in
2662 3443 2988 3499 sacriﬁcium
3027 3445 3275 3502 Domino.
3316 3448 3514 3504 Primi-

1934 3528 2038 3581 tias
2086 3537 2292 3583 tantum
2335 3546 2525 3587 eorum
2562 3534 2805 3589 otl‘eretis
2848 3550 2913 3591 ac
2951 3552 3202 3603 munera,
3232 3554 3399 3610 super
3428 3541 3511 3595 al-

1932 3630 2049 3677 tare
2078 3637 2208 3676 veto
2234 3638 2342 3677 non
2370 3636 2646 3695 ponentur
2674 3628 2729 3681 in
2755 3629 2977 3684 odorem
3011 3632 3311 3687 suavitatis.
3344 3653 3363 3685 ι

2003 3710 2153 3767 Nihil
2201 3718 2605 3772 communionis
2653 3720 2769 3774 vult
2817 3721 3022 3777 habere
3066 3724 3370 3778 doctrinam
3415 3723 3512 3781 Dei

1933 3814 2058 3855 cum
2089 3803 2347 3857 exteriori
2375 3804 2623 3860 scientia.
2653 3805 2809 3871 Quod
2838 3808 2983 3862 enim
3018 3807 3346 3865 fermentum
3377 3812 3513 3868 alie-

1932 3909 2062 3949 nam
2112 3894 2416 3950 doctrinam
2485 3899 2762 3967 appellat.
2824 3909 3013 3970 aperte
3077 3901 3195 3971 ipse
3248 3903 3511 3959 Dominus

1933 3985 2142 4051 docuit,
2170 3987 2358 4042 dicens
2397 3988 2676 4059 discipulis
2712 3992 2827 4046 suis
2852 4009 2866 4045 :
2895 3992 3165 4046 Attendite
3191 4010 3225 4046 a
3254 3995 3511 4064 fermento

1934 4075 2329 4132 Pharisaeorum
2374 4088 2421 4132 et
2448 4079 2868 4135 Sadducaeorum
2897 4084 2938 4134 ¹.
2983 4082 3119 4151 Ipsis
3147 4092 3327 4138 autem
3364 4085 3514 4155 igno-

1935 4167 2184 4221 rantibus
2226 4184 2349 4237 qua:
2390 4169 2734 4238 dicebantur,
2763 4172 2973 4227 addidit
3001 4190 3015 4226 :
3045 4171 3282 4226 Necdum
3319 4174 3512 4232 intellio

1933 4261 2077 4331 gitis,
2126 4277 2290 4332 neque
2345 4263 2653 4332 cognoscitis
2682 4264 2808 4333 quia
2859 4282 2961 4319 non
3013 4267 3078 4319 de
3125 4268 3347 4335 panibus
3398 4268 3512 4321 dixi

1933 4353 2072 4409 vobis
2117 4355 2158 4407 ’.
2214 4354 2279 4407 Et
2332 4361 2461 4407 tunc
2540 4368 2914 4426 cognoverunt
2967 4357 3091 4427 quia
3141 4356 3209 4412 de
3263 4358 3510 4413 doctrina

1935 4445 2250 4500 Scribarum
2287 4456 2346 4501 et
2387 4446 2783 4502 Pharisaeorum
2817 4449 3064 4504 dixisset.
3108 4449 3213 4505 Mel
3242 4468 3369 4505 vero
3410 4467 3511 4521 pa-

1934 4553 2202 4609 ganorum
2247 4538 2548 4592 doctrinam
2603 4539 2857 4611 intelligi,
2912 4551 3133 4611 propter
3186 4544 3507 4599 suavitatem

242 4639 569 4699 hominibus
618 4637 711 4707 qui
764 4645 948 4691 mente
998 4635 1056 4689 in
1100 4632 1302 4690 inﬁmis
1344 4632 1551 4702 jaceat.
1583 4630 1833 4700 provenit
1864 4652 1908 4707 ι)
1938 4628 2251 4691 verborum,
2284 4637 2338 4682 et
2370 4628 2714 4683 dulcedinem
2754 4630 2977 4699 eloquii,
3005 4630 3262 4686 Salomon
3292 4633 3345 4685 in
3377 4633 3511 4685 Pro-

244 4727 582 4801 praeparatio
629 4724 918 4796 passionis.
964 4722 1121 4789 Quod
1166 4732 1349 4776 autem
1386 4721 1524 4792 ignis
1562 4735 1662 4790 pro
1708 4735 1835 4789 pas-

242 4823 407 4877 sione
420 4818 706 4889 accipitur,
732 4817 857 4871 audi
879 4813 1173 4869 Jeremiam
1200 4813 1510 4880 dicentem:
1542 4812 1607 4864 Et
1636 4812 1837 4881 factum

243 4920 324 4964 est
359 4908 514 4979 quasi
562 4908 699 4979 ignis
749 4910 964 4967 ardens,
1006 4913 1055 4958 et
1078 4904 1385 4957 wstuansin
1402 4902 1599 4955 ossibus
1617 4903 1745 4954 meis
1769 4901 1835 4954 ".

246 5002 320 5057 Et
374 5014 567 5053 rursus
617 4997 829 5053 David:
866 4996 1121 5051 Dominus
1161 4995 1219 5048 in
1257 4995 1341 5047 ira
1382 5011 1480 5048 sua
1511 4994 1837 5047 conturbabit

247 5110 362 5157 eos,
393 5102 441 5146 et
482 5091 749 5147 devorabit
794 5106 879 5143 eos
916 5088 1052 5159 ignis
1082 5088 1149 5140 ’⁷.
1182 5086 1407 5141 Mortem
1434 5086 1643 5150 dicens,
1674 5099 1836 5154 quam

244 5184 640 5255 peccatoribus
678 5182 930 5237 illaturus
959 5188 1096 5234 erat.
1126 5178 1245 5232 Non
1277 5187 1361 5232 est
1390 5186 1571 5231 autem
1601 5176 1837 5231 admira-

246 5278 384 5340 bile,
412 5277 685 5331 carbones
714 5273 919 5344 quippe
945 5270 1175 5342 spiritali
1207 5270 1498 5325 traditione
1526 5284 1621 5324 eos
1670 5284 1839 5339 panes

247 5369 348 5439 qui
396 5383 561 5423 causa
606 5375 738 5421 sunt
787 5364 1012 5419 luminis
1067 5370 1123 5417 et
1165 5361 1485 5432 perditionis
1521 5359 1836 5429 accipimus.

250 5460 427 5515 Isaias
477 5459 681 5515 etenim
733 5473 902 5513 unum
947 5458 1016 5511 de
1054 5453 1351 5509 Cherubim
1383 5453 1631 5513 missum,
1677 5466 1837 5505 acce-

248 5553 406 5624 ‘pisse
451 5553 743 5607 carbonem
793 5551 862 5605 de
914 5548 1093 5613 altari,
1132 5554 1190 5600 et
1225 5545 1522 5599 mandasse
1569 5558 1729 5598 suum
1776 5557 1839 5596 os

251 5645 412 5704 dixit.
464 5643 719 5702 Ezechiel
766 5642 930 5698 etiam
987 5641 1054 5696 de
1103 5639 1309 5694 eisdem
1368 5636 1696 5692 carbonibus
1743 5635 1837 5705 qui

252 5747 415 5793 erant
458 5739 512 5793 in
561 5738 747 5793 medio
794 5733 1117 5797 Cherubim,
1170 5730 1360 5785 tulisse
1414 5727 1550 5783 dixit
1594 5727 1835 5792 Clierub,

328 5875 376 5907 ”
403 5873 567 5933 Hebr.
597 5889 671 5935 Ix,
706 5872 791 5933 l3,
819 5869 907 5923 14.
984 5866 1029 5901 ⁸⁸
1055 5867 1188 5921 Luc.
1221 5881 1322 5926 xu,
1352 5863 1442 5920 49.
1520 5862 1566 5894 "
1590 5859 1780 5916 Matth.
1819 5876 1900 5918 Ill.
1925 5858 2014 5913 Η.
2089 5860 2136 5891 ’⁸
2159 5858 2363 5912 Jerem.
2384 5872 2475 5918 xx.
2502 5855 2557 5911 9.

349 5946 379 5983 ’π
498 5944 543 5978 es
576 5943 755 5983 πηιιρς
810 5958 879 5983 w,
913 5938 1083 5983 9-10-
1113 5951 1125 5965 -
1182 5938 1197 5967 ι
1239 5935 1430 5983 Matth.
1461 5949 1573 5983 xw.
1600 5931 1651 5983 6.
1753 5932 1771 5963 ²
1804 5929 1937 5983 ibid.
1996 5932 2051 5983 9.
2158 5929 2177 5959 ³
2212 5926 2373 5981 l’rov.
2410 5943 2460 5983 γ.
2488 5925 2550 5979 9η

498 5944 543 5978 ⁸⁵
576 5931 787 6014 pres.
810 5958 885 6007 tv,
913 5939 969 6001 9,
996 5938 1084 5993 10.
1113 5951 1125 5965 ·
1182 5938 1197 5967 ί
1239 5935 1430 5989 Matth.
1461 5949 1573 5997 xw,
1600 5931 1651 5985 6.

458 6040 729 6102 Panos.
773 6036 888 6097 Gn.
933 6034 1138 6096 XClll.

258 5963 320 6011 ι,
349 5946 402 6002 7.

1939 4719 2140 4774 verbiis
2177 4719 2357 4782 docet,
2396 4719 2584 4775 dicens
2632 4738 2644 4773 :
2686 4720 2806 4775 Non
2848 4724 3089 4792 respicies
3131 4724 3202 4776 ad
3236 4723 3507 4778 mulierem

1938 4810 2261 4865 meretricem
2295 4826 2312 4864 :
2346 4812 2497 4880 {avus
2544 4813 2683 4865 enim
2716 4811 2979 4866 distillans
3021 4813 3162 4868 labia
3205 4813 3509 4876 meretricis,

1939 4913 1988 4957 et
2016 4904 2233 4957 nitidius
2281 4903 2394 4957 oleo
2438 4912 2619 4975 guttur
2647 4904 2781 4973 ejus,
2819 4906 3100 4960 novissima
3149 4916 3326 4961 autem
3368 4906 3513 4961 illius

1940 5011 2130 5048 amara
2172 4996 2325 5063 quasi
2370 4995 2700 5066 absyntltium
2728 4997 2768 5050 ³.
2804 4997 3108 5053 Novissima
3147 5006 3327 5053 autem
3356 5000 3518 5068 quae?

1939 5084 2158 5154 quando
2188 5084 2446 5140 videlicet
2483 5086 2627 5141 inter
2657 5103 2840 5141 veram
2876 5088 3197 5157 sapientiam
3230 5098 3285 5143 et
3312 5088 3514 5153 ﬁctam,

1940 5175 2185 5245 falsoque
2260 5184 2505 5231 utentem
2576 5177 2801 5232 nomine
2867 5177 3182 5233 discernere
3263 5179 3516 5248 coeperis.

1940 5268 2079 5322 Nam
2121 5268 2249 5323 licet
2276 5268 2536 5324 Ecclesia
2569 5269 2625 5323 in
2657 5267 2900 5324 Canticis
2939 5269 3276 5324 canticorum
3310 5269 3455 5324 dicat
3501 5286 3515 5323 :

1940 5359 2048 5413 Mel
2094 5369 2144 5412 et
2188 5358 2271 5411 lac
2311 5362 2405 5412 sub
2446 5358 2628 5429 lingua
2660 5367 2753 5411 tua
2778 5359 2824 5426 δ,
2862 5372 2974 5412 non
3012 5356 3335 5413 contradicit
3380 5371 3520 5425 prae-

1943 5450 2216 5516 sentibus,
2249 5450 2345 5505 sed
2372 5458 2428 5505 et
2465 5450 2620 5506 valde
2648 5450 2941 5505 consentit.
2982 5449 3171 5518 Neque
3198 5448 3345 5501 enim
3384 5446 3521 5501 dixit

1944 5545 1998 5599 in
2053 5544 2236 5615 lingua
2282 5554 2393 5608 tua,
2428 5542 2523 5597 sed
2568 5542 2660 5597 sub
2690 5542 2892 5612 lingua,
2946 5548 3004 5594 ut
3045 5539 3358 5594 ostenderet
3393 5538 3519 5605 quia

1944 5650 2281 5707 paganorum
2325 5633 2614 5703 sapientia,
2646 5641 2701 5686 et
2728 5631 3041 5687 Iudaeorum
3081 5631 3283 5696 littera,
3322 5629 3520 5699 lingua

1945 5726 2225 5791 Ecclesia),
2260 5725 2312 5779 id
2344 5732 2424 5779 est
2453 5723 2712 5778 doctrinae
2734 5720 2979 5791 subjecta
3012 5727 3115 5773 est.
3151 5718 3290 5790 Ergo
3326 5719 3522 5773 horum

2659 5856 2703 5887 "
2737 5840 2880 5908 νέαι.
2935 5870 3028 5919 xx,
3064 5853 3150 5909 10.
3249 5852 3294 5885 θ’
3322 5849 3524 5910 Ezech.

2158 5929 2177 5959 ³
2212 5926 2373 5981 l’rov.
2410 5943 2460 5989 ν,
2488 5925 2608 5981 94.
2684 5924 2706 5956 ⁸
2736 5924 2894 5979 Cant.
2950 5939 3024 5989 tv,
3080 5922 3167 5980 il.

3122 6016 3196 6081 26
