  <div class='ocr_page' id='page_1' title='image "/cluster/home/n/w/nwhite01/storage/ocr_20150623/93/hvd.32044019208040/413.png"; bbox 0 0 4046 6410; ppageno 0'>
   <div class='ocr_carea' id='block_1_1' title="bbox 551 485 643 554">
    <p class='ocr_par' dir='ltr' id='par_1_1' title="bbox 551 485 643 554">
     <span class='ocr_line' id='line_1_1' title="bbox 551 485 643 554; baseline 0.022 -2"><span class='ocrx_word' id='word_1_1' title='bbox 551 485 643 554; x_wconf 82' lang='lat'><strong>8.11</strong></span> 
     </span>
    </p>
   </div>
   <div class='ocr_carea' id='block_1_2' title="bbox 1743 476 2620 542">
    <p class='ocr_par' dir='ltr' id='par_1_2' title="bbox 1743 476 2620 542">
     <span class='ocr_line' id='line_1_2' title="bbox 1743 476 2620 542; baseline 0.003 -3"><span class='ocrx_word' id='word_1_2' title='bbox 1743 476 2106 539; x_wconf 81' lang='lat' dir='ltr'><strong>IIESYCIIII</strong></span> <span class='ocrx_word' id='word_1_3' title='bbox 2144 476 2620 542; x_wconf 81' lang='lat' dir='ltr'><strong>PRESBYTERI</strong></span> 
     </span>
    </p>
   </div>
   <div class='ocr_carea' id='block_1_3' title="bbox 3722 472 3831 540">
    <p class='ocr_par' dir='ltr' id='par_1_3' title="bbox 3722 472 3831 540">
     <span class='ocr_line' id='line_1_3' title="bbox 3722 472 3831 540; baseline -0.028 -1"><span class='ocrx_word' id='word_1_4' title='bbox 3722 472 3831 540; x_wconf 78' lang='lat' dir='ltr'><strong>8l2</strong></span> 
     </span>
    </p>
   </div>
   <div class='ocr_carea' id='block_1_4' title="bbox 549 591 3833 671">
    <p class='ocr_par' dir='ltr' id='par_1_4' title="bbox 549 591 3833 671">
     <span class='ocr_line' id='line_1_4' title="bbox 549 591 3833 671; baseline -0.002 -16"><span class='ocrx_word' id='word_1_5' title='bbox 549 617 662 656; x_wconf 86' lang='lat' dir='ltr'><strong>non</strong></span> <span class='ocrx_word' id='word_1_6' title='bbox 710 596 824 655; x_wconf 86' lang='lat' dir='ltr'><strong>vult</strong></span> <span class='ocrx_word' id='word_1_7' title='bbox 874 596 1140 671; x_wconf 75' lang='lat' dir='ltr'><strong>integram</strong></span> <span class='ocrx_word' id='word_1_8' title='bbox 1186 594 1299 650; x_wconf 89' lang='lat' dir='ltr'><strong>Deo</strong></span> <span class='ocrx_word' id='word_1_9' title='bbox 1360 591 1665 650; x_wconf 90' lang='lat' dir='ltr'><strong>doctrinam</strong></span> <span class='ocrx_word' id='word_1_10' title='bbox 1725 591 1913 647; x_wconf 81' lang='lat' dir='ltr'><strong>olIerri</strong></span> <span class='ocrx_word' id='word_1_11' title='bbox 1950 610 1964 647; x_wconf 87' lang='lat'><strong>:</strong></span> <span class='ocrx_word' id='word_1_12' title='bbox 2002 591 2133 647; x_wconf 87' lang='lat' dir='ltr'><strong>inde</strong></span> <span class='ocrx_word' id='word_1_13' title='bbox 2160 600 2205 654; x_wconf 77' lang='grc' dir='ltr'><strong>Α</strong></span> <span class='ocrx_word' id='word_1_14' title='bbox 2237 594 2504 650; x_wconf 77' lang='lat' dir='ltr'><strong>rationale</strong></span> <span class='ocrx_word' id='word_1_15' title='bbox 2547 606 2653 653; x_wconf 88' lang='lat' dir='ltr'><strong>est.</strong></span> <span class='ocrx_word' id='word_1_16' title='bbox 2710 595 2849 668; x_wconf 84' lang='lat' dir='ltr'><strong>Ergo</strong></span> <span class='ocrx_word' id='word_1_17' title='bbox 2919 594 3232 651; x_wconf 78' lang='lat' dir='ltr'><strong>testamenti</strong></span> <span class='ocrx_word' id='word_1_18' title='bbox 3265 592 3565 665; x_wconf 74' lang='lat' dir='ltr'><strong>evangelici</strong></span> <span class='ocrx_word' id='word_1_19' title='bbox 3604 602 3662 649; x_wconf 90' lang='lat' dir='ltr'><strong>et</strong></span> <span class='ocrx_word' id='word_1_20' title='bbox 3703 597 3833 649; x_wconf 84' lang='lat' dir='ltr'><strong>salis</strong></span> 
     </span>
    </p>
   </div>
   <div class='ocr_carea' id='block_1_5' title="bbox 549 690 734 745">
    <p class='ocr_par' dir='ltr' id='par_1_5' title="bbox 549 690 734 745">
     <span class='ocr_line' id='line_1_5' title="bbox 549 690 734 745; baseline -0.016 0"><span class='ocrx_word' id='word_1_21' title='bbox 549 690 682 745; x_wconf 75' lang='lat' dir='ltr'><strong>dicit</strong></span> <span class='ocrx_word' id='word_1_22' title='bbox 720 729 734 742; x_wconf 93' lang='lat'><strong>.</strong></span> 
     </span>
    </p>
   </div>
   <div class='ocr_carea' id='block_1_6' title="bbox 619 773 2141 845">
    <p class='ocr_par' dir='ltr' id='par_1_6' title="bbox 619 773 2141 845">
     <span class='ocr_line' id='line_1_6' title="bbox 619 773 2141 845; baseline -0.006 -11"><span class='ocrx_word' id='word_1_23' title='bbox 619 780 741 835; x_wconf 87' lang='lat' dir='ltr'><strong>Non</strong></span> <span class='ocrx_word' id='word_1_24' title='bbox 778 777 1077 833; x_wconf 88' lang='lat' dir='ltr'><strong>adolebitur</strong></span> <span class='ocrx_word' id='word_1_25' title='bbox 1104 776 1160 830; x_wconf 86' lang='lat' dir='ltr'><strong>in</strong></span> <span class='ocrx_word' id='word_1_26' title='bbox 1203 776 1524 845; x_wconf 79' lang='lat' dir='ltr'><strong>sacriﬁcium</strong></span> <span class='ocrx_word' id='word_1_27' title='bbox 1580 776 1718 840; x_wconf 88' lang='lat' dir='ltr'><strong>quod</strong></span> <span class='ocrx_word' id='word_1_28' title='bbox 1766 783 1843 829; x_wconf 86' lang='lat' dir='ltr'><strong>est</strong></span> <span class='ocrx_word' id='word_1_29' title='bbox 1890 774 1947 827; x_wconf 87' lang='lat' dir='ltr'><strong>in</strong></span> <span class='ocrx_word' id='word_1_30' title='bbox 1994 773 2141 826; x_wconf 89' lang='lat' dir='ltr'><strong>holo-</strong></span> 
     </span>
    </p>
   </div>
   <div class='ocr_carea' id='block_1_7' title="bbox 547 864 2144 939">
    <p class='ocr_par' dir='ltr' id='par_1_7' title="bbox 547 864 2144 939">
     <span class='ocr_line' id='line_1_7' title="bbox 547 864 2144 939; baseline -0.006 -12"><span class='ocrx_word' id='word_1_31' title='bbox 547 882 812 935; x_wconf 88' lang='lat' dir='ltr'><strong>caustum,</strong></span> <span class='ocrx_word' id='word_1_32' title='bbox 842 869 1109 939; x_wconf 73' lang='lat' dir='ltr'><strong>primitias</strong></span> <span class='ocrx_word' id='word_1_33' title='bbox 1139 877 1349 921; x_wconf 87' lang='lat' dir='ltr'><strong>tantum</strong></span> <span class='ocrx_word' id='word_1_34' title='bbox 1380 884 1565 921; x_wconf 86' lang='lat' dir='ltr'><strong>eorum</strong></span> <span class='ocrx_word' id='word_1_35' title='bbox 1597 868 1841 937; x_wconf 79' lang='lat' dir='ltr'><strong>oﬂ&#39;eretis.</strong></span> <span class='ocrx_word' id='word_1_36' title='bbox 1876 864 2144 935; x_wconf 60' lang='lat' dir='ltr'><strong>Praecepit</strong></span> 
     </span>
    </p>
   </div>
   <div class='ocr_carea' id='block_1_8' title="bbox 548 958 2142 1032">
    <p class='ocr_par' dir='ltr' id='par_1_8' title="bbox 548 958 2142 1032">
     <span class='ocr_line' id='line_1_8' title="bbox 548 958 2142 1032; baseline -0.007 -12"><span class='ocrx_word' id='word_1_37' title='bbox 548 965 699 1020; x_wconf 88' lang='lat' dir='ltr'><strong>enim</strong></span> <span class='ocrx_word' id='word_1_38' title='bbox 722 979 787 1018; x_wconf 81' lang='lat' dir='ltr'><strong>ex</strong></span> <span class='ocrx_word' id='word_1_39' title='bbox 820 971 976 1032; x_wconf 91' lang='lat' dir='ltr'><strong>parte</strong></span> <span class='ocrx_word' id='word_1_40' title='bbox 1002 960 1148 1015; x_wconf 92' lang='lat' dir='ltr'><strong>illius</strong></span> <span class='ocrx_word' id='word_1_41' title='bbox 1176 960 1459 1030; x_wconf 81' lang='lat' dir='ltr'><strong>sapientiae</strong></span> <span class='ocrx_word' id='word_1_42' title='bbox 1491 959 1761 1030; x_wconf 84' lang='lat' dir='ltr'><strong>primitias</strong></span> <span class='ocrx_word' id='word_1_43' title='bbox 1787 958 1994 1023; x_wconf 81' lang='lat' dir='ltr'><strong>offerri,</strong></span> <span class='ocrx_word' id='word_1_44' title='bbox 2033 972 2142 1011; x_wconf 92' lang='lat' dir='ltr'><strong>non</strong></span> 
     </span>
    </p>
   </div>
   <div class='ocr_carea' id='block_1_9' title="bbox 556 1051 2139 1124">
    <p class='ocr_par' dir='ltr' id='par_1_9' title="bbox 556 1051 2139 1124">
     <span class='ocr_line' id='line_1_9' title="bbox 556 1051 2139 1124; baseline -0.006 -12"><span class='ocrx_word' id='word_1_45' title='bbox 556 1067 741 1112; x_wconf 86' lang='lat' dir='ltr'><strong>autem</strong></span> <span class='ocrx_word' id='word_1_46' title='bbox 784 1055 945 1124; x_wconf 86' lang='lat' dir='ltr'><strong>plene</strong></span> <span class='ocrx_word' id='word_1_47' title='bbox 976 1070 1039 1108; x_wconf 93' lang='lat' dir='ltr'><strong>ea</strong></span> <span class='ocrx_word' id='word_1_48' title='bbox 1072 1052 1171 1116; x_wconf 86' lang='lat' dir='ltr'><strong>uti,</strong></span> <span class='ocrx_word' id='word_1_49' title='bbox 1202 1053 1299 1107; x_wconf 89' lang='lat' dir='ltr'><strong>sed</strong></span> <span class='ocrx_word' id='word_1_50' title='bbox 1340 1052 1801 1123; x_wconf 87' lang='lat' dir='ltr'><strong>quemadmodum</strong></span> <span class='ocrx_word' id='word_1_51' title='bbox 1843 1066 1968 1107; x_wconf 89' lang='lat' dir='ltr'><strong>cum</strong></span> <span class='ocrx_word' id='word_1_52' title='bbox 2002 1051 2139 1104; x_wconf 87' lang='lat' dir='ltr'><strong>Pau-</strong></span> 
     </span>
    </p>
   </div>
   <div class='ocr_carea' id='block_1_10' title="bbox 549 1140 2144 1218">
    <p class='ocr_par' dir='ltr' id='par_1_10' title="bbox 549 1140 2144 1218">
     <span class='ocr_line' id='line_1_10' title="bbox 549 1140 2144 1218; baseline -0.006 -15"><span class='ocrx_word' id='word_1_53' title='bbox 549 1159 636 1214; x_wconf 78' lang='lat' dir='ltr'><strong>lus</strong></span> <span class='ocrx_word' id='word_1_54' title='bbox 656 1149 801 1218; x_wconf 88' lang='lat' dir='ltr'><strong>apud</strong></span> <span class='ocrx_word' id='word_1_55' title='bbox 822 1145 1190 1200; x_wconf 82' lang='lat' dir='ltr'><strong>Athenienses</strong></span> <span class='ocrx_word' id='word_1_56' title='bbox 1215 1145 1657 1212; x_wconf 84' lang='lat' dir='ltr'><strong>concionaretur,</strong></span> <span class='ocrx_word' id='word_1_57' title='bbox 1685 1145 1875 1199; x_wconf 90' lang='lat' dir='ltr'><strong>dicens</strong></span> <span class='ocrx_word' id='word_1_58' title='bbox 1897 1144 1918 1175; x_wconf 79' lang='grc'>⁸</span> <span class='ocrx_word' id='word_1_59' title='bbox 1956 1161 1971 1197; x_wconf 88' lang='lat'><strong>:</strong></span> <span class='ocrx_word' id='word_1_60' title='bbox 1997 1140 2144 1197; x_wconf 83' lang='lat' dir='ltr'><strong>Sicut</strong></span> 
     </span>
    </p>
   </div>
   <div class='ocr_carea' id='block_1_11' title="bbox 551 1236 2143 1310">
    <p class='ocr_par' dir='ltr' id='par_1_11' title="bbox 551 1236 2143 1310">
     <span class='ocr_line' id='line_1_11' title="bbox 551 1236 2143 1310; baseline -0.004 -17"><span class='ocrx_word' id='word_1_61' title='bbox 551 1242 769 1310; x_wconf 87' lang='lat' dir='ltr'><strong>quidam</strong></span> <span class='ocrx_word' id='word_1_62' title='bbox 800 1246 966 1293; x_wconf 76' lang='lat' dir='ltr'><strong>vester</strong></span> <span class='ocrx_word' id='word_1_63' title='bbox 1020 1246 1173 1307; x_wconf 88' lang='lat' dir='ltr'><strong>poeta</strong></span> <span class='ocrx_word' id='word_1_64' title='bbox 1200 1238 1329 1291; x_wconf 76' lang='lat' dir='ltr'><strong>dixit</strong></span> <span class='ocrx_word' id='word_1_65' title='bbox 1370 1252 1391 1291; x_wconf 89' lang='lat'><strong><em>:</em></strong></span> <span class='ocrx_word' id='word_1_66' title='bbox 1438 1236 1612 1306; x_wconf 81' lang='lat' dir='ltr'><strong>Hujus</strong></span> <span class='ocrx_word' id='word_1_67' title='bbox 1654 1245 1703 1290; x_wconf 88' lang='lat' dir='ltr'><strong>et</strong></span> <span class='ocrx_word' id='word_1_68' title='bbox 1747 1252 1908 1307; x_wconf 85' lang='lat' dir='ltr'><strong>genus</strong></span> <span class='ocrx_word' id='word_1_69' title='bbox 1942 1250 2143 1298; x_wconf 87' lang='lat' dir='ltr'><strong>sumus,</strong></span> 
     </span>
    </p>
   </div>
   <div class='ocr_carea' id='block_1_12' title="bbox 500 1316 2147 1400">
    <p class='ocr_par' dir='ltr' id='par_1_12' title="bbox 500 1316 2147 1400">
     <span class='ocr_line' id='line_1_12' title="bbox 500 1316 2147 1400; baseline -0.004 -15"><span class='ocrx_word' id='word_1_70' title='bbox 500 1316 509 1344; x_wconf 60' lang='grc' dir='ltr'><strong><em>ί</em></strong></span> <span class='ocrx_word' id='word_1_71' title='bbox 552 1332 643 1400; x_wconf 90' lang='lat' dir='ltr'><strong>qui</strong></span> <span class='ocrx_word' id='word_1_72' title='bbox 676 1330 968 1385; x_wconf 90' lang='lat' dir='ltr'><strong>inveniens</strong></span> <span class='ocrx_word' id='word_1_73' title='bbox 1008 1328 1236 1383; x_wconf 86' lang='lat' dir='ltr'><strong>verbum</strong></span> <span class='ocrx_word' id='word_1_74' title='bbox 1288 1327 1535 1382; x_wconf 87' lang='lat' dir='ltr'><strong>exterius</strong></span> <span class='ocrx_word' id='word_1_75' title='bbox 1574 1327 1641 1382; x_wconf 90' lang='lat' dir='ltr'><strong>ad</strong></span> <span class='ocrx_word' id='word_1_76' title='bbox 1675 1325 2019 1382; x_wconf 87' lang='lat' dir='ltr'><strong>occasionem</strong></span> <span class='ocrx_word' id='word_1_77' title='bbox 2050 1317 2147 1379; x_wconf 84' lang='lat' dir='ltr'><strong>Dei</strong></span> 
     </span>
    </p>
   </div>
   <div class='ocr_carea' id='block_1_13' title="bbox 554 1417 2149 1490">
    <p class='ocr_par' dir='ltr' id='par_1_13' title="bbox 554 1417 2149 1490">
     <span class='ocr_line' id='line_1_13' title="bbox 554 1417 2149 1490; baseline -0.007 -12"><span class='ocrx_word' id='word_1_78' title='bbox 554 1422 797 1478; x_wconf 66' lang='lat' dir='ltr'><strong>scientiae</strong></span> <span class='ocrx_word' id='word_1_79' title='bbox 841 1429 1050 1490; x_wconf 90' lang='lat' dir='ltr'><strong>aptum,</strong></span> <span class='ocrx_word' id='word_1_80' title='bbox 1097 1432 1210 1473; x_wconf 89' lang='lat' dir='ltr'><strong>non</strong></span> <span class='ocrx_word' id='word_1_81' title='bbox 1260 1418 1483 1487; x_wconf 88' lang='lat' dir='ltr'><strong>quidem</strong></span> <span class='ocrx_word' id='word_1_82' title='bbox 1534 1417 1765 1487; x_wconf 87' lang='lat' dir='ltr'><strong>respuit,</strong></span> <span class='ocrx_word' id='word_1_83' title='bbox 1813 1430 1916 1471; x_wconf 90' lang='lat' dir='ltr'><strong>nec</strong></span> <span class='ocrx_word' id='word_1_84' title='bbox 1964 1426 2149 1469; x_wconf 89' lang='lat' dir='ltr'><strong>tamen</strong></span> 
     </span>
    </p>
   </div>
   <div class='ocr_carea' id='block_1_14' title="bbox 556 1506 2151 1583">
    <p class='ocr_par' dir='ltr' id='par_1_14' title="bbox 556 1506 2151 1583">
     <span class='ocr_line' id='line_1_14' title="bbox 556 1506 2151 1583; baseline -0.006 -14"><span class='ocrx_word' id='word_1_85' title='bbox 556 1514 784 1579; x_wconf 83' lang='lat' dir='ltr'><strong>addidit,</strong></span> <span class='ocrx_word' id='word_1_86' title='bbox 818 1528 1002 1583; x_wconf 90' lang='lat' dir='ltr'><strong>neque</strong></span> <span class='ocrx_word' id='word_1_87' title='bbox 1049 1512 1199 1567; x_wconf 88' lang='lat' dir='ltr'><strong>enim</strong></span> <span class='ocrx_word' id='word_1_88' title='bbox 1252 1510 1379 1565; x_wconf 87' lang='lat' dir='ltr'><strong>inde</strong></span> <span class='ocrx_word' id='word_1_89' title='bbox 1424 1511 1565 1565; x_wconf 89' lang='lat' dir='ltr'><strong>ultra</strong></span> <span class='ocrx_word' id='word_1_90' title='bbox 1594 1508 1919 1564; x_wconf 87' lang='lat' dir='ltr'><strong>testimonia</strong></span> <span class='ocrx_word' id='word_1_91' title='bbox 1966 1506 2151 1562; x_wconf 87' lang='lat' dir='ltr'><strong>multi-</strong></span> 
     </span>
    </p>
   </div>
   <div class='ocr_carea' id='block_1_15' title="bbox 559 1597 2149 1672">
    <p class='ocr_par' dir='ltr' id='par_1_15' title="bbox 559 1597 2149 1672">
     <span class='ocr_line' id='line_1_15' title="bbox 559 1597 2149 1672; baseline -0.004 -16"><span class='ocrx_word' id='word_1_92' title='bbox 559 1603 802 1672; x_wconf 88' lang='lat' dir='ltr'><strong>plicavit.</strong></span> <span class='ocrx_word' id='word_1_93' title='bbox 852 1600 1075 1668; x_wconf 83' lang='lat' dir='ltr'><strong>Quare?</strong></span> <span class='ocrx_word' id='word_1_94' title='bbox 1124 1600 1252 1669; x_wconf 89' lang='lat' dir='ltr'><strong>quia</strong></span> <span class='ocrx_word' id='word_1_95' title='bbox 1304 1598 1517 1652; x_wconf 79' lang='lat' dir='ltr'><strong>Placuit</strong></span> <span class='ocrx_word' id='word_1_96' title='bbox 1573 1598 1679 1653; x_wconf 85' lang='lat' dir='ltr'><strong>Deo</strong></span> <span class='ocrx_word' id='word_1_97' title='bbox 1729 1614 1822 1667; x_wconf 89' lang='lat' dir='ltr'><strong>per</strong></span> <span class='ocrx_word' id='word_1_98' title='bbox 1867 1597 2149 1650; x_wconf 80' lang='lat' dir='ltr'><strong>stultitiam</strong></span> 
     </span>
    </p>
   </div>
   <div class='ocr_carea' id='block_1_16' title="bbox 558 1688 2151 1765">
    <p class='ocr_par' dir='ltr' id='par_1_16' title="bbox 558 1688 2151 1765">
     <span class='ocr_line' id='line_1_16' title="bbox 558 1688 2151 1765; baseline -0.004 -17"><span class='ocrx_word' id='word_1_99' title='bbox 558 1694 978 1765; x_wconf 60' lang='lat' dir='ltr'><strong>praedicationis,</strong></span> <span class='ocrx_word' id='word_1_100' title='bbox 1027 1692 1170 1748; x_wconf 86' lang='lat' dir='ltr'><strong>sicut</strong></span> <span class='ocrx_word' id='word_1_101' title='bbox 1214 1691 1331 1761; x_wconf 88' lang='lat' dir='ltr'><strong>ipse</strong></span> <span class='ocrx_word' id='word_1_102' title='bbox 1378 1691 1574 1744; x_wconf 87' lang='lat' dir='ltr'><strong>Paulus</strong></span> <span class='ocrx_word' id='word_1_103' title='bbox 1622 1689 1720 1755; x_wconf 90' lang='lat' dir='ltr'><strong>ait,</strong></span> <span class='ocrx_word' id='word_1_104' title='bbox 1766 1688 1936 1742; x_wconf 86' lang='lat' dir='ltr'><strong>salvos</strong></span> <span class='ocrx_word' id='word_1_105' title='bbox 1978 1689 2151 1758; x_wconf 75' lang='lat' dir='ltr'><strong>facere</strong></span> 
     </span>
    </p>
   </div>
   <div class='ocr_carea' id='block_1_17' title="bbox 560 1782 2150 1854">
    <p class='ocr_par' dir='ltr' id='par_1_17' title="bbox 560 1782 2150 1854">
     <span class='ocr_line' id='line_1_17' title="bbox 560 1782 2150 1854; baseline -0.005 -13"><span class='ocrx_word' id='word_1_106' title='bbox 560 1788 848 1851; x_wconf 78' lang='lat' dir='ltr'><strong>credentes,</strong></span> <span class='ocrx_word' id='word_1_107' title='bbox 882 1795 938 1839; x_wconf 91' lang='lat' dir='ltr'><strong>ut</strong></span> <span class='ocrx_word' id='word_1_108' title='bbox 968 1785 1095 1854; x_wconf 77' lang='lat' dir='ltr'><strong>ﬁdes</strong></span> <span class='ocrx_word' id='word_1_109' title='bbox 1124 1794 1297 1838; x_wconf 83' lang='lat' dir='ltr'><strong>vestra</strong></span> <span class='ocrx_word' id='word_1_110' title='bbox 1328 1800 1433 1838; x_wconf 87' lang='lat' dir='ltr'><strong>non</strong></span> <span class='ocrx_word' id='word_1_111' title='bbox 1476 1784 1543 1839; x_wconf 90' lang='lat' dir='ltr'><strong>sit</strong></span> <span class='ocrx_word' id='word_1_112' title='bbox 1584 1784 1640 1837; x_wconf 90' lang='lat' dir='ltr'><strong>in</strong></span> <span class='ocrx_word' id='word_1_113' title='bbox 1681 1782 1945 1852; x_wconf 80' lang='lat' dir='ltr'><strong>sapientia</strong></span> <span class='ocrx_word' id='word_1_114' title='bbox 1982 1782 2150 1834; x_wconf 88' lang='lat' dir='ltr'><strong>homi-</strong></span> 
     </span>
    </p>
   </div>
   <div class='ocr_carea' id='block_1_18' title="bbox 559 1873 2149 1947">
    <p class='ocr_par' dir='ltr' id='par_1_18' title="bbox 559 1873 2149 1947">
     <span class='ocr_line' id='line_1_18' title="bbox 559 1873 2149 1947; baseline -0.002 -15"><span class='ocrx_word' id='word_1_115' title='bbox 559 1895 723 1945; x_wconf 85' lang='lat' dir='ltr'><strong>num,</strong></span> <span class='ocrx_word' id='word_1_116' title='bbox 776 1878 867 1932; x_wconf 89' lang='lat' dir='ltr'><strong>sed</strong></span> <span class='ocrx_word' id='word_1_117' title='bbox 917 1879 975 1931; x_wconf 88' lang='lat' dir='ltr'><strong>in</strong></span> <span class='ocrx_word' id='word_1_118' title='bbox 1027 1878 1217 1931; x_wconf 84' lang='lat' dir='ltr'><strong>virtute</strong></span> <span class='ocrx_word' id='word_1_119' title='bbox 1260 1876 1362 1931; x_wconf 86' lang='lat' dir='ltr'><strong>Dei</strong></span> <span class='ocrx_word' id='word_1_120' title='bbox 1395 1878 1435 1930; x_wconf 81' lang='lat'><strong>&#39;.</strong></span> <span class='ocrx_word' id='word_1_121' title='bbox 1484 1876 1713 1947; x_wconf 80' lang='lat' dir='ltr'><strong>Propter</strong></span> <span class='ocrx_word' id='word_1_122' title='bbox 1761 1874 1906 1946; x_wconf 89' lang='lat' dir='ltr'><strong>quod</strong></span> <span class='ocrx_word' id='word_1_123' title='bbox 1948 1874 2027 1929; x_wconf 90' lang='lat' dir='ltr'><strong>ait</strong></span> <span class='ocrx_word' id='word_1_124' title='bbox 2069 1873 2149 1929; x_wconf 91' lang='lat' dir='ltr'><strong>le-</strong></span> 
     </span>
    </p>
   </div>
   <div class='ocr_carea' id='block_1_19' title="bbox 562 1970 834 2041">
    <p class='ocr_par' dir='ltr' id='par_1_19' title="bbox 562 1970 834 2041">
     <span class='ocr_line' id='line_1_19' title="bbox 562 1970 834 2041; baseline 0.004 -17"><span class='ocrx_word' id='word_1_125' title='bbox 562 1970 790 2041; x_wconf 86' lang='lat' dir='ltr'><strong>gislator</strong></span> <span class='ocrx_word' id='word_1_126' title='bbox 821 1991 834 2025; x_wconf 88' lang='lat'>:</span> 
     </span>
    </p>
   </div>
   <div class='ocr_carea' id='block_1_20' title="bbox 633 2059 2145 2130">
    <p class='ocr_par' dir='ltr' id='par_1_20' title="bbox 633 2059 2145 2130">
     <span class='ocr_line' id='line_1_20' title="bbox 633 2059 2145 2130; baseline -0.003 -15"><span class='ocrx_word' id='word_1_127' title='bbox 633 2060 805 2130; x_wconf 85' lang='lat' dir='ltr'><strong>Super</strong></span> <span class='ocrx_word' id='word_1_128' title='bbox 838 2059 1014 2114; x_wconf 88' lang='lat' dir='ltr'><strong>altare</strong></span> <span class='ocrx_word' id='word_1_129' title='bbox 1040 2077 1160 2114; x_wconf 83' lang='lat' dir='ltr'><strong>vero</strong></span> <span class='ocrx_word' id='word_1_130' title='bbox 1190 2076 1294 2114; x_wconf 88' lang='lat' dir='ltr'><strong>non</strong></span> <span class='ocrx_word' id='word_1_131' title='bbox 1322 2060 1658 2129; x_wconf 83' lang='lat' dir='ltr'><strong>imponentur</strong></span> <span class='ocrx_word' id='word_1_132' title='bbox 1683 2060 1739 2113; x_wconf 89' lang='lat' dir='ltr'><strong>in</strong></span> <span class='ocrx_word' id='word_1_133' title='bbox 1771 2062 1983 2113; x_wconf 85' lang='lat' dir='ltr'><strong>odorem</strong></span> <span class='ocrx_word' id='word_1_134' title='bbox 2016 2071 2145 2111; x_wconf 84' lang='lat' dir='ltr'><strong>sua-</strong></span> 
     </span>
    </p>
   </div>
   <div class='ocr_carea' id='block_1_21' title="bbox 562 2150 2148 2219">
    <p class='ocr_par' dir='ltr' id='par_1_21' title="bbox 562 2150 2148 2219">
     <span class='ocr_line' id='line_1_21' title="bbox 562 2150 2148 2219; baseline -0.006 -10"><span class='ocrx_word' id='word_1_135' title='bbox 562 2154 762 2209; x_wconf 80' lang='lat' dir='ltr'><strong>vitatis.</strong></span> <span class='ocrx_word' id='word_1_136' title='bbox 805 2151 871 2206; x_wconf 84' lang='lat' dir='ltr'><strong>Et</strong></span> <span class='ocrx_word' id='word_1_137' title='bbox 911 2167 1034 2206; x_wconf 89' lang='lat' dir='ltr'><strong>cum</strong></span> <span class='ocrx_word' id='word_1_138' title='bbox 1071 2150 1265 2206; x_wconf 86' lang='lat' dir='ltr'><strong>liceret</strong></span> <span class='ocrx_word' id='word_1_139' title='bbox 1303 2150 1408 2205; x_wconf 86' lang='lat' dir='ltr'><strong>diei</strong></span> <span class='ocrx_word' id='word_1_140' title='bbox 1443 2165 1555 2204; x_wconf 91' lang='lat' dir='ltr'><strong>non</strong></span> <span class='ocrx_word' id='word_1_141' title='bbox 1587 2158 1885 2219; x_wconf 87' lang='lat' dir='ltr'><strong>ponuntur,</strong></span> <span class='ocrx_word' id='word_1_142' title='bbox 1912 2162 2022 2201; x_wconf 91' lang='lat' dir='ltr'><strong>non</strong></span> <span class='ocrx_word' id='word_1_143' title='bbox 2050 2159 2148 2216; x_wconf 76' lang='lat' dir='ltr'><strong>po-</strong></span> 
     </span>
    </p>
   </div>
   <div class='ocr_carea' id='block_1_22' title="bbox 562 2229 2149 2311">
    <p class='ocr_par' dir='ltr' id='par_1_22' title="bbox 562 2229 2149 2311">
     <span class='ocr_line' id='line_1_22' title="bbox 562 2229 2149 2311; baseline -0.006 -11"><span class='ocrx_word' id='word_1_144' title='bbox 562 2229 766 2300; x_wconf 82' lang='lat' dir='ltr'><strong>nentur</strong></span> <span class='ocrx_word' id='word_1_145' title='bbox 802 2243 959 2307; x_wconf 80' lang='lat' dir='ltr'><strong>dixit,</strong></span> <span class='ocrx_word' id='word_1_146' title='bbox 1010 2240 1305 2297; x_wconf 90' lang='lat' dir='ltr'><strong>ostendens</strong></span> <span class='ocrx_word' id='word_1_147' title='bbox 1351 2242 1501 2311; x_wconf 87' lang='lat' dir='ltr'><strong>quia,</strong></span> <span class='ocrx_word' id='word_1_148' title='bbox 1554 2242 1657 2296; x_wconf 86' lang='lat' dir='ltr'><strong>etsi</strong></span> <span class='ocrx_word' id='word_1_149' title='bbox 1710 2256 1809 2296; x_wconf 90' lang='lat' dir='ltr'><strong>nos</strong></span> <span class='ocrx_word' id='word_1_150' title='bbox 1851 2237 2149 2294; x_wconf 57' lang='lat' dir='ltr'><strong>tentaveria</strong></span> 
     </span>
    </p>
   </div>
   <div class='ocr_carea' id='block_1_23' title="bbox 564 2326 2144 2403">
    <p class='ocr_par' dir='ltr' id='par_1_23' title="bbox 564 2326 2144 2403">
     <span class='ocr_line' id='line_1_23' title="bbox 564 2326 2144 2403; baseline -0.008 -10"><span class='ocrx_word' id='word_1_151' title='bbox 564 2355 689 2393; x_wconf 87' lang='lat' dir='ltr'><strong>mus</strong></span> <span class='ocrx_word' id='word_1_152' title='bbox 727 2338 796 2393; x_wconf 89' lang='lat' dir='ltr'><strong>de</strong></span> <span class='ocrx_word' id='word_1_153' title='bbox 840 2334 1210 2392; x_wconf 75' lang='lat' dir='ltr'><strong>exterioribus</strong></span> <span class='ocrx_word' id='word_1_154' title='bbox 1255 2332 1555 2389; x_wconf 85' lang='lat' dir='ltr'><strong>divinitatis</strong></span> <span class='ocrx_word' id='word_1_155' title='bbox 1598 2331 1825 2403; x_wconf 88' lang='lat' dir='ltr'><strong>adipisci</strong></span> <span class='ocrx_word' id='word_1_156' title='bbox 1870 2326 2144 2393; x_wconf 85' lang='lat' dir='ltr'><strong>notitiam,</strong></span> 
     </span>
    </p>
   </div>
   <div class='ocr_carea' id='block_1_24' title="bbox 562 2421 2144 2485">
    <p class='ocr_par' dir='ltr' id='par_1_24' title="bbox 562 2421 2144 2485">
     <span class='ocr_line' id='line_1_24' title="bbox 562 2421 2144 2485; baseline -0.006 -1"><span class='ocrx_word' id='word_1_157' title='bbox 562 2431 631 2485; x_wconf 90' lang='lat' dir='ltr'><strong>ad</strong></span> <span class='ocrx_word' id='word_1_158' title='bbox 672 2430 841 2484; x_wconf 89' lang='lat' dir='ltr'><strong>altare</strong></span> <span class='ocrx_word' id='word_1_159' title='bbox 887 2427 980 2482; x_wconf 87' lang='lat' dir='ltr'><strong>Dei</strong></span> <span class='ocrx_word' id='word_1_160' title='bbox 1032 2426 1137 2482; x_wconf 92' lang='lat' dir='ltr'><strong>tale</strong></span> <span class='ocrx_word' id='word_1_161' title='bbox 1188 2426 1293 2480; x_wconf 94' lang='lat' dir='ltr'><strong>hoc</strong></span> <span class='ocrx_word' id='word_1_162' title='bbox 1338 2424 1664 2480; x_wconf 90' lang='lat' dir='ltr'><strong>sacriﬁcium</strong></span> <span class='ocrx_word' id='word_1_163' title='bbox 1720 2438 1831 2477; x_wconf 89' lang='lat' dir='ltr'><strong>non</strong></span> <span class='ocrx_word' id='word_1_164' title='bbox 1882 2421 2144 2485; x_wconf 88' lang='lat' dir='ltr'><strong>ascendit,</strong></span> 
     </span>
    </p>
   </div>
   <div class='ocr_carea' id='block_1_25' title="bbox 563 2512 2150 2582">
    <p class='ocr_par' dir='ltr' id='par_1_25' title="bbox 563 2512 2150 2582">
     <span class='ocr_line' id='line_1_25' title="bbox 563 2512 2150 2582; baseline -0.006 -6"><span class='ocrx_word' id='word_1_165' title='bbox 563 2538 668 2578; x_wconf 85' lang='lat' dir='ltr'><strong>nec</strong></span> <span class='ocrx_word' id='word_1_166' title='bbox 716 2523 854 2577; x_wconf 90' lang='lat' dir='ltr'><strong>odor</strong></span> <span class='ocrx_word' id='word_1_167' title='bbox 904 2520 965 2575; x_wconf 89' lang='lat' dir='ltr'><strong>fit</strong></span> <span class='ocrx_word' id='word_1_168' title='bbox 1018 2518 1308 2575; x_wconf 87' lang='lat' dir='ltr'><strong>suavitatis</strong></span> <span class='ocrx_word' id='word_1_169' title='bbox 1358 2516 1608 2582; x_wconf 91' lang='lat' dir='ltr'><strong>Domino,</strong></span> <span class='ocrx_word' id='word_1_170' title='bbox 1657 2516 1752 2571; x_wconf 90' lang='lat' dir='ltr'><strong>sed</strong></span> <span class='ocrx_word' id='word_1_171' title='bbox 1797 2512 2150 2569; x_wconf 90' lang='lat' dir='ltr'><strong>inferioribus</strong></span> 
     </span>
    </p>
   </div>
   <div class='ocr_carea' id='block_1_26' title="bbox 558 2606 2149 2685">
    <p class='ocr_par' dir='ltr' id='par_1_26' title="bbox 558 2606 2149 2685">
     <span class='ocr_line' id='line_1_26' title="bbox 558 2606 2149 2685; baseline -0.007 -15"><span class='ocrx_word' id='word_1_172' title='bbox 558 2616 856 2685; x_wconf 84' lang='lat' dir='ltr'><strong>deputatur</strong></span> <span class='ocrx_word' id='word_1_173' title='bbox 885 2612 991 2667; x_wconf 89' lang='lat' dir='ltr'><strong>tale</strong></span> <span class='ocrx_word' id='word_1_174' title='bbox 1020 2609 1368 2673; x_wconf 89' lang='lat' dir='ltr'><strong>sacriﬁcium,</strong></span> <span class='ocrx_word' id='word_1_175' title='bbox 1399 2620 1477 2676; x_wconf 93' lang='lat' dir='ltr'><strong>et,</strong></span> <span class='ocrx_word' id='word_1_176' title='bbox 1510 2616 1699 2678; x_wconf 89' lang='lat' dir='ltr'><strong>utpote</strong></span> <span class='ocrx_word' id='word_1_177' title='bbox 1727 2607 1871 2677; x_wconf 89' lang='lat' dir='ltr'><strong>quod</strong></span> <span class='ocrx_word' id='word_1_178' title='bbox 1894 2606 1963 2661; x_wconf 89' lang='lat' dir='ltr'><strong>de</strong></span> <span class='ocrx_word' id='word_1_179' title='bbox 2004 2613 2149 2660; x_wconf 86' lang='lat' dir='ltr'><strong>terra</strong></span> 
     </span>
    </p>
   </div>
   <div class='ocr_carea' id='block_1_27' title="bbox 563 2700 1897 2771">
    <p class='ocr_par' dir='ltr' id='par_1_27' title="bbox 563 2700 1897 2771">
     <span class='ocr_line' id='line_1_27' title="bbox 563 2700 1897 2771; baseline -0.005 -11"><span class='ocrx_word' id='word_1_180' title='bbox 563 2706 729 2761; x_wconf 83' lang='lat' dir='ltr'><strong>habet</strong></span> <span class='ocrx_word' id='word_1_181' title='bbox 760 2703 1194 2767; x_wconf 88' lang='lat' dir='ltr'><strong>subsistentiam,</strong></span> <span class='ocrx_word' id='word_1_182' title='bbox 1222 2703 1290 2757; x_wconf 90' lang='lat' dir='ltr'><strong>ad</strong></span> <span class='ocrx_word' id='word_1_183' title='bbox 1321 2710 1519 2757; x_wconf 89' lang='lat' dir='ltr'><strong>terram</strong></span> <span class='ocrx_word' id='word_1_184' title='bbox 1550 2700 1897 2771; x_wconf 89' lang='lat' dir='ltr'><strong>deprimitur.</strong></span> 
     </span>
    </p>
   </div>
   <div class='ocr_carea' id='block_1_28' title="bbox 634 2788 2151 2865">
    <p class='ocr_par' dir='ltr' id='par_1_28' title="bbox 634 2788 2151 2865">
     <span class='ocr_line' id='line_1_28' title="bbox 634 2788 2151 2865; baseline -0.005 -14"><span class='ocrx_word' id='word_1_185' title='bbox 634 2796 802 2853; x_wconf 75' lang='lat' dir='ltr'><strong>Vens.</strong></span> <span class='ocrx_word' id='word_1_186' title='bbox 847 2796 937 2850; x_wconf 74' lang='grc'><strong>15.</strong></span> <span class='ocrx_word' id='word_1_187' title='bbox 992 2812 1013 2846; x_wconf 78' lang='grc' dir='ltr'>ι</span> <span class='ocrx_word' id='word_1_188' title='bbox 1050 2794 1332 2865; x_wconf 83' lang='lat' dir='ltr'><strong>Quidquid</strong></span> <span class='ocrx_word' id='word_1_189' title='bbox 1382 2792 1646 2849; x_wconf 89' lang='lat' dir='ltr'><strong>obtuleris</strong></span> <span class='ocrx_word' id='word_1_190' title='bbox 1699 2790 1986 2856; x_wconf 90' lang='lat' dir='ltr'><strong>sacriﬁcii,</strong></span> <span class='ocrx_word' id='word_1_191' title='bbox 2038 2788 2151 2844; x_wconf 89' lang='lat' dir='ltr'><strong>sale</strong></span> 
     </span>
    </p>
   </div>
   <div class='ocr_carea' id='block_1_29' title="bbox 564 2880 2152 2953">
    <p class='ocr_par' dir='ltr' id='par_1_29' title="bbox 564 2880 2152 2953">
     <span class='ocr_line' id='line_1_29' title="bbox 564 2880 2152 2953; baseline -0.007 -8"><span class='ocrx_word' id='word_1_192' title='bbox 564 2890 811 2953; x_wconf 89' lang='lat' dir='ltr'><strong>condies,</strong></span> <span class='ocrx_word' id='word_1_193' title='bbox 842 2903 948 2944; x_wconf 89' lang='lat' dir='ltr'><strong>nec</strong></span> <span class='ocrx_word' id='word_1_194' title='bbox 991 2887 1210 2942; x_wconf 85' lang='lat' dir='ltr'><strong>auferes</strong></span> <span class='ocrx_word' id='word_1_195' title='bbox 1241 2886 1320 2941; x_wconf 90' lang='lat' dir='ltr'><strong>sal</strong></span> <span class='ocrx_word' id='word_1_196' title='bbox 1353 2884 1576 2941; x_wconf 60' lang='lat' dir='ltr'><strong>foederis</strong></span> <span class='ocrx_word' id='word_1_197' title='bbox 1604 2882 1700 2939; x_wconf 90' lang='lat' dir='ltr'><strong>Dei</strong></span> <span class='ocrx_word' id='word_1_198' title='bbox 1741 2883 1820 2937; x_wconf 89' lang='lat' dir='ltr'><strong>tui</strong></span> <span class='ocrx_word' id='word_1_199' title='bbox 1869 2883 1938 2939; x_wconf 89' lang='lat' dir='ltr'><strong>de</strong></span> <span class='ocrx_word' id='word_1_200' title='bbox 1977 2880 2152 2937; x_wconf 88' lang='lat' dir='ltr'><strong>sacri-</strong></span> 
     </span>
    </p>
   </div>
   <div class='ocr_carea' id='block_1_30' title="bbox 566 2975 1847 3039">
    <p class='ocr_par' dir='ltr' id='par_1_30' title="bbox 566 2975 1847 3039">
     <span class='ocr_line' id='line_1_30' title="bbox 566 2975 1847 3039; baseline -0.008 0"><span class='ocrx_word' id='word_1_201' title='bbox 566 2983 694 3039; x_wconf 83' lang='lat' dir='ltr'><strong>ﬁcio</strong></span> <span class='ocrx_word' id='word_1_202' title='bbox 739 2990 855 3036; x_wconf 92' lang='lat' dir='ltr'><strong>tuo.</strong></span> <span class='ocrx_word' id='word_1_203' title='bbox 890 2980 952 3035; x_wconf 91' lang='lat' dir='ltr'><strong>ln</strong></span> <span class='ocrx_word' id='word_1_204' title='bbox 979 2979 1129 3035; x_wconf 89' lang='lat' dir='ltr'><strong>omni</strong></span> <span class='ocrx_word' id='word_1_205' title='bbox 1160 2978 1436 3035; x_wconf 88' lang='lat' dir='ltr'><strong>oblatione</strong></span> <span class='ocrx_word' id='word_1_206' title='bbox 1463 2977 1664 3032; x_wconf 78' lang='lat' dir='ltr'><strong>offeres</strong></span> <span class='ocrx_word' id='word_1_207' title='bbox 1692 2975 1792 3031; x_wconf 90' lang='lat' dir='ltr'><strong>sal.</strong></span> <span class='ocrx_word' id='word_1_208' title='bbox 1826 2994 1847 3029; x_wconf 74' lang='grc' dir='ltr'><strong><em>ι</em></strong></span> 
     </span>
    </p>
   </div>
   <div class='ocr_carea' id='block_1_31' title="bbox 636 3064 2151 3141">
    <p class='ocr_par' dir='ltr' id='par_1_31' title="bbox 636 3064 2151 3141">
     <span class='ocr_line' id='line_1_31' title="bbox 636 3064 2151 3141; baseline -0.008 -11"><span class='ocrx_word' id='word_1_209' title='bbox 636 3072 831 3130; x_wconf 85' lang='lat' dir='ltr'><strong>Cernis</strong></span> <span class='ocrx_word' id='word_1_210' title='bbox 881 3071 1010 3141; x_wconf 88' lang='lat' dir='ltr'><strong>quia</strong></span> <span class='ocrx_word' id='word_1_211' title='bbox 1059 3070 1130 3127; x_wconf 88' lang='lat' dir='ltr'><strong>de</strong></span> <span class='ocrx_word' id='word_1_212' title='bbox 1179 3069 1290 3124; x_wconf 91' lang='lat' dir='ltr'><strong>Deo</strong></span> <span class='ocrx_word' id='word_1_213' title='bbox 1343 3069 1630 3138; x_wconf 90' lang='lat' dir='ltr'><strong>loquentes</strong></span> <span class='ocrx_word' id='word_1_214' title='bbox 1675 3081 1785 3122; x_wconf 91' lang='lat' dir='ltr'><strong>non</strong></span> <span class='ocrx_word' id='word_1_215' title='bbox 1830 3064 1948 3120; x_wconf 91' lang='lat' dir='ltr'><strong>vult</strong></span> <span class='ocrx_word' id='word_1_216' title='bbox 1987 3064 2151 3119; x_wconf 89' lang='lat' dir='ltr'><strong>nimis</strong></span> 
     </span>
    </p>
   </div>
   <div class='ocr_carea' id='block_1_32' title="bbox 566 3155 2151 3233">
    <p class='ocr_par' dir='ltr' id='par_1_32' title="bbox 566 3155 2151 3233">
     <span class='ocr_line' id='line_1_32' title="bbox 566 3155 2151 3233; baseline -0.009 -10"><span class='ocrx_word' id='word_1_217' title='bbox 566 3166 820 3223; x_wconf 71' lang='lat' dir='ltr'><strong>exteriori</strong></span> <span class='ocrx_word' id='word_1_218' title='bbox 846 3164 925 3220; x_wconf 88' lang='lat' dir='ltr'><strong>uti</strong></span> <span class='ocrx_word' id='word_1_219' title='bbox 952 3163 1244 3233; x_wconf 85' lang='lat' dir='ltr'><strong>sapientia,</strong></span> <span class='ocrx_word' id='word_1_220' title='bbox 1281 3163 1375 3217; x_wconf 93' lang='lat' dir='ltr'><strong>sed</strong></span> <span class='ocrx_word' id='word_1_221' title='bbox 1427 3160 1745 3233; x_wconf 87' lang='lat' dir='ltr'><strong>apostolica,</strong></span> <span class='ocrx_word' id='word_1_222' title='bbox 1774 3159 1841 3214; x_wconf 92' lang='lat' dir='ltr'><strong>de</strong></span> <span class='ocrx_word' id='word_1_223' title='bbox 1870 3172 1977 3228; x_wconf 90' lang='lat' dir='ltr'><strong>qua</strong></span> <span class='ocrx_word' id='word_1_224' title='bbox 2006 3155 2151 3210; x_wconf 86' lang='lat' dir='ltr'><strong>Pau-</strong></span> 
     </span>
    </p>
   </div>
   <div class='ocr_carea' id='block_1_33' title="bbox 565 3252 2151 3327">
    <p class='ocr_par' dir='ltr' id='par_1_33' title="bbox 565 3252 2151 3327">
     <span class='ocr_line' id='line_1_33' title="bbox 565 3252 2151 3327; baseline -0.009 -12"><span class='ocrx_word' id='word_1_225' title='bbox 565 3260 654 3315; x_wconf 89' lang='lat' dir='ltr'><strong>lus</strong></span> <span class='ocrx_word' id='word_1_226' title='bbox 689 3259 858 3314; x_wconf 87' lang='lat' dir='ltr'><strong>dicit:</strong></span> <span class='ocrx_word' id='word_1_227' title='bbox 884 3255 1217 3327; x_wconf 82' lang='lat' dir='ltr'><strong>Sapientiam</strong></span> <span class='ocrx_word' id='word_1_228' title='bbox 1268 3254 1535 3326; x_wconf 84' lang='lat' dir='ltr'><strong>loquimur</strong></span> <span class='ocrx_word' id='word_1_229' title='bbox 1572 3254 1710 3307; x_wconf 86' lang='lat' dir='ltr'><strong>inter</strong></span> <span class='ocrx_word' id='word_1_230' title='bbox 1753 3252 2025 3322; x_wconf 77' lang='lat' dir='ltr'><strong>perfectos,</strong></span> <span class='ocrx_word' id='word_1_231' title='bbox 2057 3266 2151 3303; x_wconf 89' lang='lat' dir='ltr'><strong>sa-</strong></span> 
     </span>
    </p>
   </div>
   <div class='ocr_carea' id='block_1_34' title="bbox 567 3342 2152 3423">
    <p class='ocr_par' dir='ltr' id='par_1_34' title="bbox 567 3342 2152 3423">
     <span class='ocr_line' id='line_1_34' title="bbox 567 3342 2152 3423; baseline -0.006 -20"><span class='ocrx_word' id='word_1_232' title='bbox 567 3352 822 3423; x_wconf 85' lang='lat' dir='ltr'><strong>pientiam</strong></span> <span class='ocrx_word' id='word_1_233' title='bbox 856 3360 1034 3403; x_wconf 84' lang='lat' dir='ltr'><strong>autent</strong></span> <span class='ocrx_word' id='word_1_234' title='bbox 1069 3364 1172 3401; x_wconf 85' lang='lat' dir='ltr'><strong>non</strong></span> <span class='ocrx_word' id='word_1_235' title='bbox 1204 3347 1388 3401; x_wconf 88' lang='lat' dir='ltr'><strong>mundi</strong></span> <span class='ocrx_word' id='word_1_236' title='bbox 1433 3346 1615 3416; x_wconf 82' lang='lat' dir='ltr'><strong>hujus,</strong></span> <span class='ocrx_word' id='word_1_237' title='bbox 1644 3359 1809 3412; x_wconf 87' lang='lat' dir='ltr'><strong>neque</strong></span> <span class='ocrx_word' id='word_1_238' title='bbox 1854 3342 2152 3411; x_wconf 88' lang='lat' dir='ltr'><strong>principum</strong></span> 
     </span>
    </p>
   </div>
   <div class='ocr_carea' id='block_1_35' title="bbox 569 3432 2155 3510">
    <p class='ocr_par' dir='ltr' id='par_1_35' title="bbox 569 3432 2155 3510">
     <span class='ocr_line' id='line_1_35' title="bbox 569 3432 2155 3510; baseline -0.007 -14"><span class='ocrx_word' id='word_1_239' title='bbox 569 3442 752 3496; x_wconf 89' lang='lat' dir='ltr'><strong>mundi</strong></span> <span class='ocrx_word' id='word_1_240' title='bbox 781 3441 961 3510; x_wconf 87' lang='lat' dir='ltr'><strong>hujus,</strong></span> <span class='ocrx_word' id='word_1_241' title='bbox 992 3440 1083 3510; x_wconf 88' lang='lat' dir='ltr'><strong>qui</strong></span> <span class='ocrx_word' id='word_1_242' title='bbox 1114 3439 1482 3502; x_wconf 83' lang='lat' dir='ltr'><strong>destruantur,</strong></span> <span class='ocrx_word' id='word_1_243' title='bbox 1526 3437 1615 3490; x_wconf 87' lang='lat' dir='ltr'><strong>sed</strong></span> <span class='ocrx_word' id='word_1_244' title='bbox 1647 3435 1910 3503; x_wconf 87' lang='lat' dir='ltr'><strong>loquimur</strong></span> <span class='ocrx_word' id='word_1_245' title='bbox 1940 3432 2036 3486; x_wconf 90' lang='lat' dir='ltr'><strong>Dei</strong></span> <span class='ocrx_word' id='word_1_246' title='bbox 2065 3449 2155 3486; x_wconf 87' lang='lat' dir='ltr'><strong>sa-</strong></span> 
     </span>
    </p>
   </div>
   <div class='ocr_carea' id='block_1_36' title="bbox 569 3523 2155 3603">
    <p class='ocr_par' dir='ltr' id='par_1_36' title="bbox 569 3523 2155 3603">
     <span class='ocr_line' id='line_1_36' title="bbox 569 3523 2155 3603; baseline -0.006 -17"><span class='ocrx_word' id='word_1_247' title='bbox 569 3534 850 3603; x_wconf 77' lang='lat' dir='ltr'><strong>pientiam,</strong></span> <span class='ocrx_word' id='word_1_248' title='bbox 883 3534 938 3585; x_wconf 90' lang='lat' dir='ltr'><strong>in</strong></span> <span class='ocrx_word' id='word_1_249' title='bbox 967 3532 1217 3600; x_wconf 85' lang='lat' dir='ltr'><strong>mysterio</strong></span> <span class='ocrx_word' id='word_1_250' title='bbox 1254 3529 1636 3593; x_wconf 88' lang='lat' dir='ltr'><strong>absconditam,</strong></span> <span class='ocrx_word' id='word_1_251' title='bbox 1682 3542 1841 3597; x_wconf 89' lang='lat' dir='ltr'><strong>quam</strong></span> <span class='ocrx_word' id='word_1_252' title='bbox 1880 3523 2155 3594; x_wconf 61' lang='lat' dir='ltr'><strong>praedesti-</strong></span> 
     </span>
    </p>
   </div>
   <div class='ocr_carea' id='block_1_37' title="bbox 571 3613 2155 3689">
    <p class='ocr_par' dir='ltr' id='par_1_37' title="bbox 571 3613 2155 3689">
     <span class='ocr_line' id='line_1_37' title="bbox 571 3613 2155 3689; baseline -0.006 -12"><span class='ocrx_word' id='word_1_253' title='bbox 571 3624 716 3678; x_wconf 85' lang='lat' dir='ltr'><strong>navit</strong></span> <span class='ocrx_word' id='word_1_254' title='bbox 766 3621 909 3675; x_wconf 87' lang='lat' dir='ltr'><strong>Deus</strong></span> <span class='ocrx_word' id='word_1_255' title='bbox 958 3628 1082 3674; x_wconf 85' lang='lat' dir='ltr'><strong>ante</strong></span> <span class='ocrx_word' id='word_1_256' title='bbox 1126 3618 1322 3674; x_wconf 74' lang='lat' dir='ltr'><strong>saecula</strong></span> <span class='ocrx_word' id='word_1_257' title='bbox 1361 3618 1432 3672; x_wconf 90' lang='lat' dir='ltr'><strong>ad</strong></span> <span class='ocrx_word' id='word_1_258' title='bbox 1472 3618 1699 3689; x_wconf 87' lang='lat' dir='ltr'><strong>gloriam</strong></span> <span class='ocrx_word' id='word_1_259' title='bbox 1746 3626 1977 3669; x_wconf 88' lang='lat' dir='ltr'><strong>nostram</strong></span> <span class='ocrx_word' id='word_1_260' title='bbox 2007 3615 2046 3668; x_wconf 91' lang='lat'><strong>&quot;.</strong></span> <span class='ocrx_word' id='word_1_261' title='bbox 2087 3613 2155 3668; x_wconf 86' lang='lat' dir='ltr'><strong>Et</strong></span> 
     </span>
    </p>
   </div>
   <div class='ocr_carea' id='block_1_38' title="bbox 572 3708 2153 3780">
    <p class='ocr_par' dir='ltr' id='par_1_38' title="bbox 572 3708 2153 3780">
     <span class='ocr_line' id='line_1_38' title="bbox 572 3708 2153 3780; baseline -0.007 -9"><span class='ocrx_word' id='word_1_262' title='bbox 572 3716 719 3771; x_wconf 87' lang='lat' dir='ltr'><strong>unde</strong></span> <span class='ocrx_word' id='word_1_263' title='bbox 747 3723 831 3769; x_wconf 88' lang='lat' dir='ltr'><strong>est</strong></span> <span class='ocrx_word' id='word_1_264' title='bbox 872 3723 1107 3778; x_wconf 89' lang='lat' dir='ltr'><strong>certum,</strong></span> <span class='ocrx_word' id='word_1_265' title='bbox 1138 3711 1299 3772; x_wconf 90' lang='lat' dir='ltr'><strong>dicis,</strong></span> <span class='ocrx_word' id='word_1_266' title='bbox 1330 3711 1457 3780; x_wconf 89' lang='lat' dir='ltr'><strong>quia</strong></span> <span class='ocrx_word' id='word_1_267' title='bbox 1484 3710 1562 3763; x_wconf 92' lang='lat' dir='ltr'><strong>sal</strong></span> <span class='ocrx_word' id='word_1_268' title='bbox 1590 3724 1688 3780; x_wconf 91' lang='lat' dir='ltr'><strong>pro</strong></span> <span class='ocrx_word' id='word_1_269' title='bbox 1726 3708 2021 3779; x_wconf 88' lang='lat' dir='ltr'><strong>apostolica</strong></span> <span class='ocrx_word' id='word_1_270' title='bbox 2063 3722 2153 3761; x_wconf 93' lang='lat' dir='ltr'><strong>sa-</strong></span> 
     </span>
    </p>
   </div>
   <div class='ocr_carea' id='block_1_39' title="bbox 571 3800 2151 3880">
    <p class='ocr_par' dir='ltr' id='par_1_39' title="bbox 571 3800 2151 3880">
     <span class='ocr_line' id='line_1_39' title="bbox 571 3800 2151 3880; baseline -0.007 -16"><span class='ocrx_word' id='word_1_271' title='bbox 571 3808 779 3880; x_wconf 89' lang='lat' dir='ltr'><strong>pientia</strong></span> <span class='ocrx_word' id='word_1_272' title='bbox 822 3804 991 3861; x_wconf 78' lang='lat' dir='ltr'><strong>dixit?</strong></span> <span class='ocrx_word' id='word_1_273' title='bbox 1039 3804 1207 3858; x_wconf 87' lang='lat' dir='ltr'><strong>Plane</strong></span> <span class='ocrx_word' id='word_1_274' title='bbox 1249 3804 1355 3859; x_wconf 92' lang='lat' dir='ltr'><strong>hoc</strong></span> <span class='ocrx_word' id='word_1_275' title='bbox 1394 3803 1553 3858; x_wconf 82' lang='lat' dir='ltr'><strong>nobis</strong></span> <span class='ocrx_word' id='word_1_276' title='bbox 1588 3802 1852 3857; x_wconf 88' lang='lat' dir='ltr'><strong>Dominus</strong></span> <span class='ocrx_word' id='word_1_277' title='bbox 1889 3800 2151 3865; x_wconf 86' lang='lat' dir='ltr'><strong>ostendit,</strong></span> 
     </span>
    </p>
   </div>
   <div class='ocr_carea' id='block_1_40' title="bbox 572 3889 2155 3968">
    <p class='ocr_par' dir='ltr' id='par_1_40' title="bbox 572 3889 2155 3968">
     <span class='ocr_line' id='line_1_40' title="bbox 572 3889 2155 3968; baseline -0.008 -13"><span class='ocrx_word' id='word_1_278' title='bbox 572 3901 763 3955; x_wconf 88' lang='lat' dir='ltr'><strong>dicens</strong></span> <span class='ocrx_word' id='word_1_279' title='bbox 807 3894 1067 3968; x_wconf 85' lang='lat' dir='ltr'><strong>apostolis</strong></span> <span class='ocrx_word' id='word_1_280' title='bbox 1098 3912 1112 3949; x_wconf 88' lang='lat'><strong>:</strong></span> <span class='ocrx_word' id='word_1_281' title='bbox 1148 3892 1245 3947; x_wconf 84' lang='lat' dir='ltr'><strong>Vos</strong></span> <span class='ocrx_word' id='word_1_282' title='bbox 1290 3894 1412 3947; x_wconf 87' lang='lat' dir='ltr'><strong>estis</strong></span> <span class='ocrx_word' id='word_1_283' title='bbox 1444 3893 1527 3947; x_wconf 90' lang='lat' dir='ltr'><strong>sal</strong></span> <span class='ocrx_word' id='word_1_284' title='bbox 1566 3903 1751 3957; x_wconf 71' lang='lat' dir='ltr'><strong>terra&#39;;</strong></span> <span class='ocrx_word' id='word_1_285' title='bbox 1780 3891 1825 3944; x_wconf 90' lang='lat' dir='ltr'><strong>si</strong></span> <span class='ocrx_word' id='word_1_286' title='bbox 1865 3900 2039 3944; x_wconf 90' lang='lat' dir='ltr'><strong>autem</strong></span> <span class='ocrx_word' id='word_1_287' title='bbox 2069 3889 2155 3944; x_wconf 89' lang='lat' dir='ltr'><strong>sal</strong></span> 
     </span>
    </p>
   </div>
   <div class='ocr_carea' id='block_1_41' title="bbox 573 3984 2154 4054">
    <p class='ocr_par' dir='ltr' id='par_1_41' title="bbox 573 3984 2154 4054">
     <span class='ocr_line' id='line_1_41' title="bbox 573 3984 2154 4054; baseline -0.006 -7"><span class='ocrx_word' id='word_1_288' title='bbox 573 3991 867 4054; x_wconf 84' lang='lat' dir='ltr'><strong>evanuerit,</strong></span> <span class='ocrx_word' id='word_1_289' title='bbox 890 3989 962 4042; x_wconf 88' lang='lat' dir='ltr'><strong>ad</strong></span> <span class='ocrx_word' id='word_1_290' title='bbox 998 3986 1220 4041; x_wconf 82' lang='lat' dir='ltr'><strong>nihilum</strong></span> <span class='ocrx_word' id='word_1_291' title='bbox 1260 3986 1452 4040; x_wconf 80' lang='lat' dir='ltr'><strong>valebit</strong></span> <span class='ocrx_word' id='word_1_292' title='bbox 1483 3985 1646 4047; x_wconf 88' lang='lat' dir='ltr'><strong>ultra,</strong></span> <span class='ocrx_word' id='word_1_293' title='bbox 1681 3986 1783 4037; x_wconf 89' lang='lat' dir='ltr'><strong>nisi</strong></span> <span class='ocrx_word' id='word_1_294' title='bbox 1812 3993 1867 4038; x_wconf 81' lang='lat' dir='ltr'><strong>ut</strong></span> <span class='ocrx_word' id='word_1_295' title='bbox 1909 3984 2154 4038; x_wconf 84' lang='lat' dir='ltr'><strong>mittatur</strong></span> 
     </span>
    </p>
   </div>
   <div class='ocr_carea' id='block_1_42' title="bbox 574 4075 2152 4155">
    <p class='ocr_par' dir='ltr' id='par_1_42' title="bbox 574 4075 2152 4155">
     <span class='ocr_line' id='line_1_42' title="bbox 574 4075 2152 4155; baseline -0.007 -17"><span class='ocrx_word' id='word_1_296' title='bbox 574 4086 738 4155; x_wconf 78' lang='lat' dir='ltr'><strong>foras,</strong></span> <span class='ocrx_word' id='word_1_297' title='bbox 761 4091 808 4136; x_wconf 91' lang='lat' dir='ltr'><strong>et</strong></span> <span class='ocrx_word' id='word_1_298' title='bbox 834 4079 1165 4143; x_wconf 83' lang='lat' dir='ltr'><strong>conculcetur</strong></span> <span class='ocrx_word' id='word_1_299' title='bbox 1185 4079 1248 4132; x_wconf 86' lang='lat' dir='ltr'><strong>ab</strong></span> <span class='ocrx_word' id='word_1_300' title='bbox 1270 4077 1564 4131; x_wconf 85' lang='lat' dir='ltr'><strong>hominibus</strong></span> <span class='ocrx_word' id='word_1_301' title='bbox 1584 4076 1625 4128; x_wconf 81' lang='grc'><strong>⁸.</strong></span> <span class='ocrx_word' id='word_1_302' title='bbox 1656 4075 1948 4146; x_wconf 86' lang='lat' dir='ltr'><strong>Propterea</strong></span> <span class='ocrx_word' id='word_1_303' title='bbox 1970 4083 2152 4129; x_wconf 91' lang='lat' dir='ltr'><strong>autem</strong></span> 
     </span>
    </p>
   </div>
   <div class='ocr_carea' id='block_1_43' title="bbox 573 4168 2155 4244">
    <p class='ocr_par' dir='ltr' id='par_1_43' title="bbox 573 4168 2155 4244">
     <span class='ocr_line' id='line_1_43' title="bbox 573 4168 2155 4244; baseline -0.006 -14"><span class='ocrx_word' id='word_1_304' title='bbox 573 4175 654 4230; x_wconf 86' lang='lat' dir='ltr'><strong>sal</strong></span> <span class='ocrx_word' id='word_1_305' title='bbox 701 4172 1055 4244; x_wconf 86' lang='lat' dir='ltr'><strong>apostolicam</strong></span> <span class='ocrx_word' id='word_1_306' title='bbox 1106 4171 1434 4241; x_wconf 86' lang='lat' dir='ltr'><strong>sapientiam</strong></span> <span class='ocrx_word' id='word_1_307' title='bbox 1480 4169 1794 4239; x_wconf 80' lang='lat' dir='ltr'><strong>appellavit,</strong></span> <span class='ocrx_word' id='word_1_308' title='bbox 1841 4168 1969 4238; x_wconf 90' lang='lat' dir='ltr'><strong>quia</strong></span> <span class='ocrx_word' id='word_1_309' title='bbox 2013 4168 2155 4223; x_wconf 87' lang='lat' dir='ltr'><strong>sicut</strong></span> 
     </span>
    </p>
   </div>
   <div class='ocr_carea' id='block_1_44' title="bbox 572 4256 2153 4329">
    <p class='ocr_par' dir='ltr' id='par_1_44' title="bbox 572 4256 2153 4329">
     <span class='ocr_line' id='line_1_44' title="bbox 572 4256 2153 4329; baseline -0.004 -10"><span class='ocrx_word' id='word_1_310' title='bbox 572 4262 753 4319; x_wconf 91' lang='lat' dir='ltr'><strong>omnis</strong></span> <span class='ocrx_word' id='word_1_311' title='bbox 791 4261 946 4316; x_wconf 89' lang='lat' dir='ltr'><strong>cibus</strong></span> <span class='ocrx_word' id='word_1_312' title='bbox 987 4260 1054 4314; x_wconf 89' lang='lat' dir='ltr'><strong>ad</strong></span> <span class='ocrx_word' id='word_1_313' title='bbox 1086 4259 1441 4313; x_wconf 89' lang='lat' dir='ltr'><strong>nutriendum</strong></span> <span class='ocrx_word' id='word_1_314' title='bbox 1473 4266 1637 4329; x_wconf 90' lang='lat' dir='ltr'><strong>aptus</strong></span> <span class='ocrx_word' id='word_1_315' title='bbox 1688 4257 2002 4312; x_wconf 85' lang='lat' dir='ltr'><strong>omnimodo</strong></span> <span class='ocrx_word' id='word_1_316' title='bbox 2040 4256 2153 4312; x_wconf 88' lang='lat' dir='ltr'><strong>sale</strong></span> 
     </span>
    </p>
   </div>
   <div class='ocr_carea' id='block_1_45' title="bbox 572 4348 2150 4419">
    <p class='ocr_par' dir='ltr' id='par_1_45' title="bbox 572 4348 2150 4419">
     <span class='ocr_line' id='line_1_45' title="bbox 572 4348 2150 4419; baseline -0.006 -8"><span class='ocrx_word' id='word_1_317' title='bbox 572 4354 830 4411; x_wconf 88' lang='lat' dir='ltr'><strong>conditur</strong></span> <span class='ocrx_word' id='word_1_318' title='bbox 860 4395 876 4419; x_wconf 91' lang='lat'><strong>,</strong></span> <span class='ocrx_word' id='word_1_319' title='bbox 910 4352 985 4407; x_wconf 89' lang='lat' dir='ltr'><strong>ita</strong></span> <span class='ocrx_word' id='word_1_320' title='bbox 1015 4362 1071 4406; x_wconf 92' lang='lat' dir='ltr'><strong>et</strong></span> <span class='ocrx_word' id='word_1_321' title='bbox 1103 4351 1282 4406; x_wconf 90' lang='lat' dir='ltr'><strong>omnis</strong></span> <span class='ocrx_word' id='word_1_322' title='bbox 1326 4366 1507 4405; x_wconf 89' lang='lat' dir='ltr'><strong>sermo</strong></span> <span class='ocrx_word' id='word_1_323' title='bbox 1538 4349 1685 4403; x_wconf 88' lang='lat' dir='ltr'><strong>utilis</strong></span> <span class='ocrx_word' id='word_1_324' title='bbox 1722 4349 1790 4403; x_wconf 89' lang='lat' dir='ltr'><strong>ad</strong></span> <span class='ocrx_word' id='word_1_325' title='bbox 1828 4348 2150 4418; x_wconf 75' lang='lat' dir='ltr'><strong>iuvandum,</strong></span> 
     </span>
    </p>
   </div>
   <div class='ocr_carea' id='block_1_46' title="bbox 572 4440 2155 4516">
    <p class='ocr_par' dir='ltr' id='par_1_46' title="bbox 572 4440 2155 4516">
     <span class='ocr_line' id='line_1_46' title="bbox 572 4440 2155 4516; baseline -0.004 -15"><span class='ocrx_word' id='word_1_326' title='bbox 572 4444 887 4516; x_wconf 75' lang='lat' dir='ltr'><strong>apostolicae</strong></span> <span class='ocrx_word' id='word_1_327' title='bbox 917 4442 1233 4498; x_wconf 88' lang='lat' dir='ltr'><strong>omnimodo</strong></span> <span class='ocrx_word' id='word_1_328' title='bbox 1260 4441 1631 4497; x_wconf 89' lang='lat' dir='ltr'><strong>necessarium</strong></span> <span class='ocrx_word' id='word_1_329' title='bbox 1672 4440 1837 4494; x_wconf 87' lang='lat' dir='ltr'><strong>habet</strong></span> <span class='ocrx_word' id='word_1_330' title='bbox 1875 4440 2155 4509; x_wconf 64' lang='lat' dir='ltr'><strong>sapientia:</strong></span> 
     </span>
    </p>
   </div>
   <div class='ocr_carea' id='block_1_47' title="bbox 572 4533 2154 4605">
    <p class='ocr_par' dir='ltr' id='par_1_47' title="bbox 572 4533 2154 4605">
     <span class='ocr_line' id='line_1_47' title="bbox 572 4533 2154 4605; baseline -0.004 -11"><span class='ocrx_word' id='word_1_331' title='bbox 572 4537 1007 4594; x_wconf 87' lang='lat' dir='ltr'><strong>condimentum.</strong></span> <span class='ocrx_word' id='word_1_332' title='bbox 1046 4534 1342 4605; x_wconf 81' lang='lat' dir='ltr'><strong>Propterea</strong></span> <span class='ocrx_word' id='word_1_333' title='bbox 1381 4549 1492 4589; x_wconf 92' lang='lat' dir='ltr'><strong>non</strong></span> <span class='ocrx_word' id='word_1_334' title='bbox 1538 4534 1730 4588; x_wconf 90' lang='lat' dir='ltr'><strong>abesse</strong></span> <span class='ocrx_word' id='word_1_335' title='bbox 1782 4533 1863 4588; x_wconf 90' lang='lat' dir='ltr'><strong>sal</strong></span> <span class='ocrx_word' id='word_1_336' title='bbox 1908 4548 1939 4586; x_wconf 89' lang='lat' dir='ltr'><strong>a</strong></span> <span class='ocrx_word' id='word_1_337' title='bbox 1985 4533 2154 4588; x_wconf 86' lang='lat' dir='ltr'><strong>sacri-</strong></span> 
     </span>
    </p>
   </div>
   <div class='ocr_carea' id='block_1_48' title="bbox 2246 690 3497 761">
    <p class='ocr_par' dir='ltr' id='par_1_48' title="bbox 2246 690 3497 761">
     <span class='ocr_line' id='line_1_48' title="bbox 2246 690 3497 761; baseline 0.003 -19"><span class='ocrx_word' id='word_1_338' title='bbox 2246 690 2527 758; x_wconf 86' lang='lat' dir='ltr'><strong>apostolici</strong></span> <span class='ocrx_word' id='word_1_339' title='bbox 2558 707 2898 760; x_wconf 85' lang='lat' dir='ltr'><strong>praemonere</strong></span> <span class='ocrx_word' id='word_1_340' title='bbox 2927 706 3028 745; x_wconf 90' lang='lat' dir='ltr'><strong>nos</strong></span> <span class='ocrx_word' id='word_1_341' title='bbox 3056 690 3330 761; x_wconf 86' lang='lat' dir='ltr'><strong>legislator</strong></span> <span class='ocrx_word' id='word_1_342' title='bbox 3361 690 3497 746; x_wconf 82' lang='lat' dir='ltr'><strong>vult.</strong></span> 
     </span>
    </p>
   </div>
   <div class='ocr_carea' id='block_1_49' title="bbox 2320 779 3835 849">
    <p class='ocr_par' dir='ltr' id='par_1_49' title="bbox 2320 779 3835 849">
     <span class='ocr_line' id='line_1_49' title="bbox 2320 779 3835 849; baseline -0.001 -16"><span class='ocrx_word' id='word_1_343' title='bbox 2320 779 2480 835; x_wconf 79' lang='lat' dir='ltr'><strong>Vens.</strong></span> <span class='ocrx_word' id='word_1_344' title='bbox 2517 782 2606 835; x_wconf 81' lang='grc'><strong>16.</strong></span> <span class='ocrx_word' id='word_1_345' title='bbox 2643 801 2661 832; x_wconf 83' lang='grc'><strong><em>‹</em></strong></span> <span class='ocrx_word' id='word_1_346' title='bbox 2700 782 2794 836; x_wconf 89' lang='lat' dir='ltr'><strong>Sin</strong></span> <span class='ocrx_word' id='word_1_347' title='bbox 2845 792 3028 835; x_wconf 87' lang='lat' dir='ltr'><strong>autem</strong></span> <span class='ocrx_word' id='word_1_348' title='bbox 3079 779 3344 835; x_wconf 84' lang='lat' dir='ltr'><strong>obtuleris</strong></span> <span class='ocrx_word' id='word_1_349' title='bbox 3389 794 3593 835; x_wconf 82' lang='lat' dir='ltr'><strong>munus</strong></span> <span class='ocrx_word' id='word_1_350' title='bbox 3640 779 3835 849; x_wconf 83' lang='lat' dir='ltr'><strong>primi-</strong></span> 
     </span>
    </p>
   </div>
   <div class='ocr_carea' id='block_1_50' title="bbox 2249 871 3837 944">
    <p class='ocr_par' dir='ltr' id='par_1_50' title="bbox 2249 871 3837 944">
     <span class='ocr_line' id='line_1_50' title="bbox 2249 871 3837 944; baseline -0.002 -19"><span class='ocrx_word' id='word_1_351' title='bbox 2249 871 2445 926; x_wconf 88' lang='lat' dir='ltr'><strong>tiarnm</strong></span> <span class='ocrx_word' id='word_1_352' title='bbox 2498 873 2712 944; x_wconf 88' lang='lat' dir='ltr'><strong>frugum</strong></span> <span class='ocrx_word' id='word_1_353' title='bbox 2752 882 2967 928; x_wconf 83' lang='lat' dir='ltr'><strong>tuarum</strong></span> <span class='ocrx_word' id='word_1_354' title='bbox 3023 872 3274 937; x_wconf 88' lang='lat' dir='ltr'><strong>Domino,</strong></span> <span class='ocrx_word' id='word_1_355' title='bbox 3329 872 3396 927; x_wconf 88' lang='lat' dir='ltr'><strong>de</strong></span> <span class='ocrx_word' id='word_1_356' title='bbox 3445 871 3611 941; x_wconf 85' lang='lat' dir='ltr'><strong>spicis</strong></span> <span class='ocrx_word' id='word_1_357' title='bbox 3655 872 3837 923; x_wconf 86' lang='lat' dir='ltr'><strong>adhuc</strong></span> 
     </span>
    </p>
   </div>
   <div class='ocr_carea' id='block_1_51' title="bbox 2248 963 3837 1034">
    <p class='ocr_par' dir='ltr' id='par_1_51' title="bbox 2248 963 3837 1034">
     <span class='ocr_line' id='line_1_51' title="bbox 2248 963 3837 1034; baseline -0.003 -15"><span class='ocrx_word' id='word_1_358' title='bbox 2248 964 2549 1020; x_wconf 87' lang='lat' dir='ltr'><strong>virentibus</strong></span> <span class='ocrx_word' id='word_1_359' title='bbox 2592 966 2826 1020; x_wconf 86' lang='lat' dir='ltr'><strong>torrebis</strong></span> <span class='ocrx_word' id='word_1_360' title='bbox 2863 981 2954 1020; x_wconf 89' lang='lat' dir='ltr'><strong>eas</strong></span> <span class='ocrx_word' id='word_1_361' title='bbox 2999 965 3108 1034; x_wconf 87' lang='lat' dir='ltr'><strong>igni</strong></span> <span class='ocrx_word' id='word_1_362' title='bbox 3141 983 3154 1018; x_wconf 88' lang='lat'><strong>:</strong></span> <span class='ocrx_word' id='word_1_363' title='bbox 3186 975 3241 1018; x_wconf 92' lang='lat' dir='ltr'><strong>et</strong></span> <span class='ocrx_word' id='word_1_364' title='bbox 3280 964 3594 1034; x_wconf 87' lang='lat' dir='ltr'><strong>confringes</strong></span> <span class='ocrx_word' id='word_1_365' title='bbox 3632 978 3727 1016; x_wconf 82' lang='lat' dir='ltr'><strong>eas</strong></span> <span class='ocrx_word' id='word_1_366' title='bbox 3782 963 3837 1015; x_wconf 84' lang='lat' dir='ltr'><strong>in</strong></span> 
     </span>
    </p>
   </div>
   <div class='ocr_carea' id='block_1_52' title="bbox 2245 1054 3838 1129">
    <p class='ocr_par' dir='ltr' id='par_1_52' title="bbox 2245 1054 3838 1129">
     <span class='ocr_line' id='line_1_52' title="bbox 2245 1054 3838 1129; baseline -0.003 -19"><span class='ocrx_word' id='word_1_367' title='bbox 2245 1071 2456 1111; x_wconf 90' lang='lat' dir='ltr'><strong>morem</strong></span> <span class='ocrx_word' id='word_1_368' title='bbox 2505 1058 2686 1129; x_wconf 77' lang='lat' dir='ltr'><strong>farris,</strong></span> <span class='ocrx_word' id='word_1_369' title='bbox 2716 1069 2770 1112; x_wconf 90' lang='lat' dir='ltr'><strong>et</strong></span> <span class='ocrx_word' id='word_1_370' title='bbox 2796 1057 2876 1113; x_wconf 91' lang='lat' dir='ltr'><strong>sic</strong></span> <span class='ocrx_word' id='word_1_371' title='bbox 2904 1056 3103 1111; x_wconf 82' lang='lat' dir='ltr'><strong>offeres</strong></span> <span class='ocrx_word' id='word_1_372' title='bbox 3128 1055 3398 1126; x_wconf 87' lang='lat' dir='ltr'><strong>primitias</strong></span> <span class='ocrx_word' id='word_1_373' title='bbox 3425 1065 3546 1111; x_wconf 89' lang='lat' dir='ltr'><strong>tuas</strong></span> <span class='ocrx_word' id='word_1_374' title='bbox 3576 1054 3838 1113; x_wconf 88' lang='lat' dir='ltr'><strong>Domino,</strong></span> 
     </span>
    </p>
   </div>
   <div class='ocr_carea' id='block_1_53' title="bbox 2248 1144 3838 1218">
    <p class='ocr_par' dir='ltr' id='par_1_53' title="bbox 2248 1144 3838 1218">
     <span class='ocr_line' id='line_1_53' title="bbox 2248 1144 3838 1218; baseline -0.003 -16"><span class='ocrx_word' id='word_1_375' title='bbox 2248 1147 2483 1203; x_wconf 90' lang='lat' dir='ltr'><strong>fundens</strong></span> <span class='ocrx_word' id='word_1_376' title='bbox 2518 1164 2684 1218; x_wconf 81' lang='lat' dir='ltr'><strong>Super</strong></span> <span class='ocrx_word' id='word_1_377' title='bbox 2726 1164 2788 1204; x_wconf 90' lang='lat' dir='ltr'><strong>ea</strong></span> <span class='ocrx_word' id='word_1_378' title='bbox 2834 1149 3036 1211; x_wconf 87' lang='lat' dir='ltr'><strong>oleum,</strong></span> <span class='ocrx_word' id='word_1_379' title='bbox 3068 1156 3123 1202; x_wconf 93' lang='lat' dir='ltr'><strong>et</strong></span> <span class='ocrx_word' id='word_1_380' title='bbox 3163 1147 3291 1202; x_wconf 90' lang='lat' dir='ltr'><strong>thus</strong></span> <span class='ocrx_word' id='word_1_381' title='bbox 3339 1146 3654 1216; x_wconf 75' lang='lat' dir='ltr'><strong>imponens,</strong></span> <span class='ocrx_word' id='word_1_382' title='bbox 3705 1144 3838 1214; x_wconf 84' lang='lat' dir='ltr'><strong>quia</strong></span> 
     </span>
    </p>
   </div>
   <div class='ocr_carea' id='block_1_54' title="bbox 2247 1237 3839 1310">
    <p class='ocr_par' dir='ltr' id='par_1_54' title="bbox 2247 1237 3839 1310">
     <span class='ocr_line' id='line_1_54' title="bbox 2247 1237 3839 1310; baseline -0.004 -15"><span class='ocrx_word' id='word_1_383' title='bbox 2247 1242 2451 1296; x_wconf 85' lang='lat' dir='ltr'><strong>oblatio</strong></span> <span class='ocrx_word' id='word_1_384' title='bbox 2481 1241 2694 1295; x_wconf 89' lang='lat' dir='ltr'><strong>Domini</strong></span> <span class='ocrx_word' id='word_1_385' title='bbox 2723 1252 2825 1305; x_wconf 75' lang='grc' dir='ltr'><strong>ρει,</strong></span> <span class='ocrx_word' id='word_1_386' title='bbox 2853 1242 2917 1296; x_wconf 92' lang='lat' dir='ltr'><strong>de</strong></span> <span class='ocrx_word' id='word_1_387' title='bbox 2942 1256 3047 1310; x_wconf 88' lang='lat' dir='ltr'><strong>qua</strong></span> <span class='ocrx_word' id='word_1_388' title='bbox 3079 1238 3319 1294; x_wconf 86' lang='lat' dir='ltr'><strong>adolebit</strong></span> <span class='ocrx_word' id='word_1_389' title='bbox 3346 1237 3604 1293; x_wconf 89' lang='lat' dir='ltr'><strong>sacerdos</strong></span> <span class='ocrx_word' id='word_1_390' title='bbox 3632 1237 3686 1289; x_wconf 91' lang='lat' dir='ltr'><strong>in</strong></span> <span class='ocrx_word' id='word_1_391' title='bbox 3714 1251 3839 1290; x_wconf 57' lang='lat' dir='ltr'><strong>me-</strong></span> 
     </span>
    </p>
   </div>
   <div class='ocr_carea' id='block_1_55' title="bbox 2249 1330 3840 1403">
    <p class='ocr_par' dir='ltr' id='par_1_55' title="bbox 2249 1330 3840 1403">
     <span class='ocr_line' id='line_1_55' title="bbox 2249 1330 3840 1403; baseline -0.001 -17"><span class='ocrx_word' id='word_1_392' title='bbox 2249 1333 2478 1387; x_wconf 85' lang='lat' dir='ltr'><strong>moriam</strong></span> <span class='ocrx_word' id='word_1_393' title='bbox 2529 1332 2797 1397; x_wconf 85' lang='lat' dir='ltr'><strong>muneris,</strong></span> <span class='ocrx_word' id='word_1_394' title='bbox 2835 1342 3042 1403; x_wconf 87' lang='lat' dir='ltr'><strong>partem</strong></span> <span class='ocrx_word' id='word_1_395' title='bbox 3084 1331 3247 1387; x_wconf 82' lang='lat' dir='ltr'><strong>farris</strong></span> <span class='ocrx_word' id='word_1_396' title='bbox 3293 1330 3453 1386; x_wconf 85' lang='lat' dir='ltr'><strong>fracti</strong></span> <span class='ocrx_word' id='word_1_397' title='bbox 3484 1339 3543 1387; x_wconf 88' lang='lat' dir='ltr'><strong>et</strong></span> <span class='ocrx_word' id='word_1_398' title='bbox 3588 1330 3718 1397; x_wconf 90' lang='lat' dir='ltr'><strong>olei,</strong></span> <span class='ocrx_word' id='word_1_399' title='bbox 3772 1344 3840 1384; x_wconf 84' lang='lat' dir='ltr'><strong>ac</strong></span> 
     </span>
    </p>
   </div>
   <div class='ocr_carea' id='block_1_56' title="bbox 2251 1423 2653 1478">
    <p class='ocr_par' dir='ltr' id='par_1_56' title="bbox 2251 1423 2653 1478">
     <span class='ocr_line' id='line_1_56' title="bbox 2251 1423 2653 1478; baseline -0.005 -2"><span class='ocrx_word' id='word_1_400' title='bbox 2251 1430 2422 1478; x_wconf 88' lang='lat' dir='ltr'><strong>totum</strong></span> <span class='ocrx_word' id='word_1_401' title='bbox 2453 1423 2601 1477; x_wconf 93' lang='lat' dir='ltr'><strong>thus.</strong></span> <span class='ocrx_word' id='word_1_402' title='bbox 2635 1441 2653 1474; x_wconf 75' lang='grc' dir='ltr'><strong><em>ι</em></strong></span> 
     </span>
    </p>
   </div>
   <div class='ocr_carea' id='block_1_57' title="bbox 2323 1512 3838 1585">
    <p class='ocr_par' dir='ltr' id='par_1_57' title="bbox 2323 1512 3838 1585">
     <span class='ocr_line' id='line_1_57' title="bbox 2323 1512 3838 1585; baseline -0.001 -18"><span class='ocrx_word' id='word_1_403' title='bbox 2323 1513 2442 1568; x_wconf 83' lang='grc' dir='ltr'><strong>Νοη</strong></span> <span class='ocrx_word' id='word_1_404' title='bbox 2470 1515 2643 1569; x_wconf 91' lang='lat' dir='ltr'><strong>solum</strong></span> <span class='ocrx_word' id='word_1_405' title='bbox 2686 1513 2937 1585; x_wconf 85' lang='lat' dir='ltr'><strong>praecipit</strong></span> <span class='ocrx_word' id='word_1_406' title='bbox 2979 1512 3071 1567; x_wconf 90' lang='lat' dir='ltr'><strong>Dei</strong></span> <span class='ocrx_word' id='word_1_407' title='bbox 3122 1513 3374 1568; x_wconf 86' lang='lat' dir='ltr'><strong>notitiam</strong></span> <span class='ocrx_word' id='word_1_408' title='bbox 3410 1512 3838 1568; x_wconf 78' lang='lat' dir='ltr'><strong>sivescientiam</strong></span> 
     </span>
    </p>
   </div>
   <div class='ocr_carea' id='block_1_58' title="bbox 2249 1604 3842 1676">
    <p class='ocr_par' dir='ltr' id='par_1_58' title="bbox 2249 1604 3842 1676">
     <span class='ocr_line' id='line_1_58' title="bbox 2249 1604 3842 1676; baseline -0.003 -16"><span class='ocrx_word' id='word_1_409' title='bbox 2249 1621 2345 1660; x_wconf 92' lang='lat' dir='ltr'><strong>eos</strong></span> <span class='ocrx_word' id='word_1_410' title='bbox 2371 1607 2570 1661; x_wconf 76' lang='lat' dir='ltr'><strong>offerre</strong></span> <span class='ocrx_word' id='word_1_411' title='bbox 2609 1606 2701 1676; x_wconf 90' lang='lat' dir='ltr'><strong>qui</strong></span> <span class='ocrx_word' id='word_1_412' title='bbox 2753 1606 2806 1659; x_wconf 92' lang='lat' dir='ltr'><strong>in</strong></span> <span class='ocrx_word' id='word_1_413' title='bbox 2849 1604 3037 1659; x_wconf 88' lang='lat' dir='ltr'><strong>eadem</strong></span> <span class='ocrx_word' id='word_1_414' title='bbox 3076 1604 3304 1658; x_wconf 91' lang='lat' dir='ltr'><strong>scientia</strong></span> <span class='ocrx_word' id='word_1_415' title='bbox 3340 1604 3571 1658; x_wconf 88' lang='lat' dir='ltr'><strong>multum</strong></span> <span class='ocrx_word' id='word_1_416' title='bbox 3618 1612 3842 1672; x_wconf 85' lang='lat' dir='ltr'><strong>tempus</strong></span> 
     </span>
    </p>
   </div>
   <div class='ocr_carea' id='block_1_59' title="bbox 2249 1694 3842 1768">
    <p class='ocr_par' dir='ltr' id='par_1_59' title="bbox 2249 1694 3842 1768">
     <span class='ocr_line' id='line_1_59' title="bbox 2249 1694 3842 1768; baseline -0.003 -16"><span class='ocrx_word' id='word_1_417' title='bbox 2249 1707 2689 1768; x_wconf 82' lang='lat' dir='ltr'><strong>permanserunt,</strong></span> <span class='ocrx_word' id='word_1_418' title='bbox 2740 1697 2835 1753; x_wconf 88' lang='lat' dir='ltr'><strong>sed</strong></span> <span class='ocrx_word' id='word_1_419' title='bbox 2879 1706 2933 1752; x_wconf 89' lang='lat' dir='ltr'><strong>et</strong></span> <span class='ocrx_word' id='word_1_420' title='bbox 2979 1696 3304 1751; x_wconf 84' lang='lat' dir='ltr'><strong>inchoantes</strong></span> <span class='ocrx_word' id='word_1_421' title='bbox 3346 1696 3489 1749; x_wconf 90' lang='lat' dir='ltr'><strong>illam</strong></span> <span class='ocrx_word' id='word_1_422' title='bbox 3519 1694 3699 1765; x_wconf 84' lang='lat' dir='ltr'><strong>qualis</strong></span> <span class='ocrx_word' id='word_1_423' title='bbox 3732 1694 3842 1748; x_wconf 86' lang='lat' dir='ltr'><strong>fuit</strong></span> 
     </span>
    </p>
   </div>
   <div class='ocr_carea' id='block_1_60' title="bbox 2252 1782 3839 1853">
    <p class='ocr_par' dir='ltr' id='par_1_60' title="bbox 2252 1782 3839 1853">
     <span class='ocr_line' id='line_1_60' title="bbox 2252 1782 3839 1853; baseline -0.003 -14"><span class='ocrx_word' id='word_1_424' title='bbox 2252 1786 2452 1840; x_wconf 88' lang='lat' dir='ltr'><strong>Paulus</strong></span> <span class='ocrx_word' id='word_1_425' title='bbox 2498 1804 2511 1840; x_wconf 90' lang='lat'>:</span> <span class='ocrx_word' id='word_1_426' title='bbox 2557 1802 2682 1841; x_wconf 81' lang='lat' dir='ltr'><strong>mox</strong></span> <span class='ocrx_word' id='word_1_427' title='bbox 2740 1786 2884 1840; x_wconf 90' lang='lat' dir='ltr'><strong>enim</strong></span> <span class='ocrx_word' id='word_1_428' title='bbox 2935 1793 2995 1839; x_wconf 93' lang='lat' dir='ltr'><strong>ut</strong></span> <span class='ocrx_word' id='word_1_429' title='bbox 3048 1793 3276 1838; x_wconf 89' lang='lat' dir='ltr'><strong>vocatus</strong></span> <span class='ocrx_word' id='word_1_430' title='bbox 3330 1792 3447 1849; x_wconf 89' lang='lat' dir='ltr'><strong>est,</strong></span> <span class='ocrx_word' id='word_1_431' title='bbox 3494 1782 3839 1853; x_wconf 72' lang='lat' dir='ltr'><strong>praedicavit.</strong></span> 
     </span>
    </p>
   </div>
   <div class='ocr_carea' id='block_1_61' title="bbox 2252 1876 3840 1949">
    <p class='ocr_par' dir='ltr' id='par_1_61' title="bbox 2252 1876 3840 1949">
     <span class='ocr_line' id='line_1_61' title="bbox 2252 1876 3840 1949; baseline 0 -18"><span class='ocrx_word' id='word_1_432' title='bbox 2252 1877 2482 1949; x_wconf 88' lang='lat' dir='ltr'><strong>Propter</strong></span> <span class='ocrx_word' id='word_1_433' title='bbox 2502 1879 2644 1948; x_wconf 90' lang='lat' dir='ltr'><strong>quod</strong></span> <span class='ocrx_word' id='word_1_434' title='bbox 2687 1879 2784 1941; x_wconf 90' lang='lat' dir='ltr'><strong>sic,</strong></span> <span class='ocrx_word' id='word_1_435' title='bbox 2809 1895 2929 1947; x_wconf 66' lang='lat' dir='ltr'><strong>quae</strong></span> <span class='ocrx_word' id='word_1_436' title='bbox 2960 1892 3108 1932; x_wconf 89' lang='lat' dir='ltr'><strong>nunc</strong></span> <span class='ocrx_word' id='word_1_437' title='bbox 3138 1878 3416 1941; x_wconf 86' lang='lat' dir='ltr'><strong>dicuntur,</strong></span> <span class='ocrx_word' id='word_1_438' title='bbox 3442 1876 3840 1947; x_wconf 78' lang='lat' dir='ltr'><strong>intelligamus.</strong></span> 
     </span>
    </p>
   </div>
   <div class='ocr_carea' id='block_1_62' title="bbox 2178 1945 3839 2033">
    <p class='ocr_par' dir='ltr' id='par_1_62' title="bbox 2178 1945 3839 2033">
     <span class='ocr_line' id='line_1_62' title="bbox 2178 1945 3839 2033; baseline -0.003 -12"><span class='ocrx_word' id='word_1_439' title='bbox 2178 1945 2223 2002; x_wconf 76' lang='grc' dir='ltr'><strong>Β</strong></span> <span class='ocrx_word' id='word_1_440' title='bbox 2252 1945 2568 2021; x_wconf 80' lang='lat' dir='ltr'><strong>Primitivus</strong></span> <span class='ocrx_word' id='word_1_441' title='bbox 2614 1964 2726 2020; x_wconf 90' lang='lat' dir='ltr'><strong>Deo</strong></span> <span class='ocrx_word' id='word_1_442' title='bbox 2769 1945 2854 2020; x_wconf 82' lang='lat' dir='ltr'><strong>est</strong></span> <span class='ocrx_word' id='word_1_443' title='bbox 2910 1965 2952 2019; x_wconf 92' lang='lat' dir='ltr'><strong>is</strong></span> <span class='ocrx_word' id='word_1_444' title='bbox 2994 1963 3087 2033; x_wconf 89' lang='lat' dir='ltr'><strong>qui</strong></span> <span class='ocrx_word' id='word_1_445' title='bbox 3133 1963 3349 2018; x_wconf 90' lang='lat' dir='ltr'><strong>noviter</strong></span> <span class='ocrx_word' id='word_1_446' title='bbox 3380 1963 3549 2033; x_wconf 61' lang='lat' dir='ltr'><strong>carpit</strong></span> <span class='ocrx_word' id='word_1_447' title='bbox 3588 1945 3839 2025; x_wconf 77' lang='lat' dir='ltr'><strong>credere,</strong></span> 
     </span>
    </p>
   </div>
   <div class='ocr_carea' id='block_1_63' title="bbox 2249 2054 3843 2128">
    <p class='ocr_par' dir='ltr' id='par_1_63' title="bbox 2249 2054 3843 2128">
     <span class='ocr_line' id='line_1_63' title="bbox 2249 2054 3843 2128; baseline -0.004 -15"><span class='ocrx_word' id='word_1_448' title='bbox 2249 2068 2303 2114; x_wconf 91' lang='lat' dir='ltr'><strong>et</strong></span> <span class='ocrx_word' id='word_1_449' title='bbox 2337 2058 2430 2128; x_wconf 92' lang='lat' dir='ltr'><strong>qui</strong></span> <span class='ocrx_word' id='word_1_450' title='bbox 2474 2059 2525 2113; x_wconf 90' lang='lat' dir='ltr'><strong>ei</strong></span> <span class='ocrx_word' id='word_1_451' title='bbox 2577 2058 2790 2112; x_wconf 88' lang='lat' dir='ltr'><strong>nullum</strong></span> <span class='ocrx_word' id='word_1_452' title='bbox 2842 2056 3053 2128; x_wconf 85' lang='lat' dir='ltr'><strong>pridem</strong></span> <span class='ocrx_word' id='word_1_453' title='bbox 3105 2055 3305 2111; x_wconf 70' lang='lat' dir='ltr'><strong>divinae</strong></span> <span class='ocrx_word' id='word_1_454' title='bbox 3347 2055 3591 2112; x_wconf 72' lang='lat' dir='ltr'><strong>scientiae</strong></span> <span class='ocrx_word' id='word_1_455' title='bbox 3639 2054 3843 2110; x_wconf 88' lang='lat' dir='ltr'><strong>obtulit</strong></span> 
     </span>
    </p>
   </div>
   <div class='ocr_carea' id='block_1_64' title="bbox 2248 2145 3844 2220">
    <p class='ocr_par' dir='ltr' id='par_1_64' title="bbox 2248 2145 3844 2220">
     <span class='ocr_line' id='line_1_64' title="bbox 2248 2145 3844 2220; baseline -0.003 -16"><span class='ocrx_word' id='word_1_456' title='bbox 2248 2150 2510 2205; x_wconf 90' lang='lat' dir='ltr'><strong>fructum.</strong></span> <span class='ocrx_word' id='word_1_457' title='bbox 2555 2147 2610 2203; x_wconf 88' lang='lat' dir='ltr'><strong>Si</strong></span> <span class='ocrx_word' id='word_1_458' title='bbox 2656 2164 2788 2220; x_wconf 84' lang='lat' dir='ltr'><strong>ergo</strong></span> <span class='ocrx_word' id='word_1_459' title='bbox 2836 2147 2886 2202; x_wconf 92' lang='lat' dir='ltr'><strong>ei</strong></span> <span class='ocrx_word' id='word_1_460' title='bbox 2940 2146 3271 2202; x_wconf 89' lang='lat' dir='ltr'><strong>sacriﬁcium</strong></span> <span class='ocrx_word' id='word_1_461' title='bbox 3309 2146 3461 2201; x_wconf 88' lang='lat' dir='ltr'><strong>verbi</strong></span> <span class='ocrx_word' id='word_1_462' title='bbox 3503 2145 3601 2201; x_wconf 89' lang='lat' dir='ltr'><strong>Dei</strong></span> <span class='ocrx_word' id='word_1_463' title='bbox 3648 2146 3844 2201; x_wconf 75' lang='lat' dir='ltr'><strong>oﬁ&#39;eri—</strong></span> 
     </span>
    </p>
   </div>
   <div class='ocr_carea' id='block_1_65' title="bbox 2248 2238 3842 2311">
    <p class='ocr_par' dir='ltr' id='par_1_65' title="bbox 2248 2238 3842 2311">
     <span class='ocr_line' id='line_1_65' title="bbox 2248 2238 3842 2311; baseline -0.004 -14"><span class='ocrx_word' id='word_1_464' title='bbox 2248 2258 2393 2307; x_wconf 91' lang='lat' dir='ltr'><strong>mus,</strong></span> <span class='ocrx_word' id='word_1_465' title='bbox 2426 2242 2711 2297; x_wconf 88' lang='lat' dir='ltr'><strong>scientiam</strong></span> <span class='ocrx_word' id='word_1_466' title='bbox 2765 2242 2884 2311; x_wconf 88' lang='lat' dir='ltr'><strong>ejus</strong></span> <span class='ocrx_word' id='word_1_467' title='bbox 2930 2239 3148 2295; x_wconf 88' lang='lat' dir='ltr'><strong>noviter</strong></span> <span class='ocrx_word' id='word_1_468' title='bbox 3185 2238 3531 2303; x_wconf 85' lang='lat' dir='ltr'><strong>inchoantes,</strong></span> <span class='ocrx_word' id='word_1_469' title='bbox 3568 2246 3623 2294; x_wconf 89' lang='lat' dir='ltr'><strong>et</strong></span> <span class='ocrx_word' id='word_1_470' title='bbox 3652 2238 3842 2293; x_wconf 81' lang='lat' dir='ltr'><strong>viren-</strong></span> 
     </span>
    </p>
   </div>
   <div class='ocr_carea' id='block_1_66' title="bbox 2249 2331 3843 2404">
    <p class='ocr_par' dir='ltr' id='par_1_66' title="bbox 2249 2331 3843 2404">
     <span class='ocr_line' id='line_1_66' title="bbox 2249 2331 3843 2404; baseline -0.002 -16"><span class='ocrx_word' id='word_1_471' title='bbox 2249 2335 2323 2389; x_wconf 87' lang='lat' dir='ltr'><strong>tia</strong></span> <span class='ocrx_word' id='word_1_472' title='bbox 2369 2334 2614 2404; x_wconf 82' lang='lat' dir='ltr'><strong>quidem,</strong></span> <span class='ocrx_word' id='word_1_473' title='bbox 2647 2343 2707 2388; x_wconf 92' lang='lat' dir='ltr'><strong>ut</strong></span> <span class='ocrx_word' id='word_1_474' title='bbox 2758 2334 2972 2388; x_wconf 85' lang='lat' dir='ltr'><strong>noviter</strong></span> <span class='ocrx_word' id='word_1_475' title='bbox 3020 2332 3149 2402; x_wconf 89' lang='lat' dir='ltr'><strong>quid</strong></span> <span class='ocrx_word' id='word_1_476' title='bbox 3198 2331 3475 2387; x_wconf 89' lang='lat' dir='ltr'><strong>discentes</strong></span> <span class='ocrx_word' id='word_1_477' title='bbox 3519 2339 3577 2385; x_wconf 94' lang='lat' dir='ltr'><strong>et</strong></span> <span class='ocrx_word' id='word_1_478' title='bbox 3620 2332 3843 2385; x_wconf 78' lang='lat' dir='ltr'><strong>naviter</strong></span> 
     </span>
    </p>
   </div>
   <div class='ocr_carea' id='block_1_67' title="bbox 2228 2424 3844 2498">
    <p class='ocr_par' dir='ltr' id='par_1_67' title="bbox 2228 2424 3844 2498">
     <span class='ocr_line' id='line_1_67' title="bbox 2228 2424 3844 2498; baseline -0.002 -15"><span class='ocrx_word' id='word_1_479' title='bbox 2228 2429 2619 2498; x_wconf 82' lang='lat' dir='ltr'><strong>‘percipientes</strong></span> <span class='ocrx_word' id='word_1_480' title='bbox 2650 2428 3012 2483; x_wconf 85' lang='lat' dir='ltr'><strong>obtulerimns</strong></span> <span class='ocrx_word' id='word_1_481' title='bbox 3045 2444 3059 2479; x_wconf 86' lang='lat'><strong>:</strong></span> <span class='ocrx_word' id='word_1_482' title='bbox 3094 2424 3351 2495; x_wconf 88' lang='lat' dir='ltr'><strong>quoniam</strong></span> <span class='ocrx_word' id='word_1_483' title='bbox 3384 2424 3619 2480; x_wconf 84' lang='lat' dir='ltr'><strong>necdum</strong></span> <span class='ocrx_word' id='word_1_484' title='bbox 3661 2426 3844 2479; x_wconf 86' lang='lat' dir='ltr'><strong>subti-</strong></span> 
     </span>
    </p>
   </div>
   <div class='ocr_carea' id='block_1_68' title="bbox 2249 2518 3839 2592">
    <p class='ocr_par' dir='ltr' id='par_1_68' title="bbox 2249 2518 3839 2592">
     <span class='ocr_line' id='line_1_68' title="bbox 2249 2518 3839 2592; baseline -0.003 -16"><span class='ocrx_word' id='word_1_485' title='bbox 2249 2523 2373 2576; x_wconf 90' lang='lat' dir='ltr'><strong>liter</strong></span> <span class='ocrx_word' id='word_1_486' title='bbox 2405 2522 2525 2592; x_wconf 85' lang='lat' dir='ltr'><strong>ejus</strong></span> <span class='ocrx_word' id='word_1_487' title='bbox 2576 2521 2825 2591; x_wconf 84' lang='lat' dir='ltr'><strong>prol‘erre</strong></span> <span class='ocrx_word' id='word_1_488' title='bbox 2870 2518 3128 2591; x_wconf 85' lang='lat' dir='ltr'><strong>mysteria</strong></span> <span class='ocrx_word' id='word_1_489' title='bbox 3167 2519 3457 2589; x_wconf 72' lang='lat' dir='ltr'><strong>cmpimus,</strong></span> <span class='ocrx_word' id='word_1_490' title='bbox 3498 2528 3560 2573; x_wconf 91' lang='lat' dir='ltr'><strong>ut</strong></span> <span class='ocrx_word' id='word_1_491' title='bbox 3600 2518 3839 2572; x_wconf 80' lang='lat' dir='ltr'><strong>farinam</strong></span> 
     </span>
    </p>
   </div>
   <div class='ocr_carea' id='block_1_69' title="bbox 2250 2609 3840 2677">
    <p class='ocr_par' dir='ltr' id='par_1_69' title="bbox 2250 2609 3840 2677">
     <span class='ocr_line' id='line_1_69' title="bbox 2250 2609 3840 2677; baseline -0.003 -10"><span class='ocrx_word' id='word_1_492' title='bbox 2250 2612 2565 2677; x_wconf 76' lang='lat' dir='ltr'><strong>oﬁ‘eramns,</strong></span> <span class='ocrx_word' id='word_1_493' title='bbox 2602 2619 2696 2666; x_wconf 88' lang='lat' dir='ltr'><strong>aut</strong></span> <span class='ocrx_word' id='word_1_494' title='bbox 2729 2611 2985 2677; x_wconf 89' lang='lat' dir='ltr'><strong>similam,</strong></span> <span class='ocrx_word' id='word_1_495' title='bbox 3019 2609 3393 2667; x_wconf 89' lang='lat' dir='ltr'><strong>necessarium</strong></span> <span class='ocrx_word' id='word_1_496' title='bbox 3430 2618 3537 2664; x_wconf 64' lang='lat' dir='ltr'><strong>est?</strong></span> <span class='ocrx_word' id='word_1_497' title='bbox 3563 2621 3621 2665; x_wconf 91' lang='lat' dir='ltr'><strong>ut</strong></span> <span class='ocrx_word' id='word_1_498' title='bbox 3650 2611 3840 2665; x_wconf 84' lang='lat' dir='ltr'><strong>viren-</strong></span> 
     </span>
    </p>
   </div>
   <div class='ocr_carea' id='block_1_70' title="bbox 2250 2698 3838 2771">
    <p class='ocr_par' dir='ltr' id='par_1_70' title="bbox 2250 2698 3838 2771">
     <span class='ocr_line' id='line_1_70' title="bbox 2250 2698 3838 2771; baseline -0.004 -13"><span class='ocrx_word' id='word_1_499' title='bbox 2250 2704 2324 2758; x_wconf 91' lang='lat' dir='ltr'><strong>tia</strong></span> <span class='ocrx_word' id='word_1_500' title='bbox 2344 2712 2399 2758; x_wconf 91' lang='lat' dir='ltr'><strong>et</strong></span> <span class='ocrx_word' id='word_1_501' title='bbox 2420 2703 2622 2757; x_wconf 91' lang='lat' dir='ltr'><strong>torrida</strong></span> <span class='ocrx_word' id='word_1_502' title='bbox 2651 2712 2813 2771; x_wconf 87' lang='lat' dir='ltr'><strong>atque</strong></span> <span class='ocrx_word' id='word_1_503' title='bbox 2838 2699 3136 2765; x_wconf 83' lang='lat' dir='ltr'><strong>confracta,</strong></span> <span class='ocrx_word' id='word_1_504' title='bbox 3162 2699 3268 2765; x_wconf 87' lang='lat' dir='ltr'><strong>vel,</strong></span> <span class='ocrx_word' id='word_1_505' title='bbox 3296 2700 3438 2754; x_wconf 88' lang='lat' dir='ltr'><strong>sicut</strong></span> <span class='ocrx_word' id='word_1_506' title='bbox 3458 2698 3598 2753; x_wconf 78' lang='lat' dir='ltr'><strong>LXX</strong></span> <span class='ocrx_word' id='word_1_507' title='bbox 3620 2699 3838 2763; x_wconf 88' lang='lat' dir='ltr'><strong>dicunt,</strong></span> 
     </span>
    </p>
   </div>
   <div class='ocr_carea' id='block_1_71' title="bbox 2251 2789 3839 2857">
    <p class='ocr_par' dir='ltr' id='par_1_71' title="bbox 2251 2789 3839 2857">
     <span class='ocr_line' id='line_1_71' title="bbox 2251 2789 3839 2857; baseline -0.004 -7"><span class='ocrx_word' id='word_1_508' title='bbox 2251 2805 2312 2850; x_wconf 91' lang='lat' dir='ltr'><strong>ut</strong></span> <span class='ocrx_word' id='word_1_509' title='bbox 2341 2794 2582 2850; x_wconf 89' lang='lat' dir='ltr'><strong>recentia</strong></span> <span class='ocrx_word' id='word_1_510' title='bbox 2638 2793 2816 2857; x_wconf 87' lang='lat' dir='ltr'><strong>fricta,</strong></span> <span class='ocrx_word' id='word_1_511' title='bbox 2848 2804 3061 2847; x_wconf 89' lang='lat' dir='ltr'><strong>matura</strong></span> <span class='ocrx_word' id='word_1_512' title='bbox 3092 2791 3262 2846; x_wconf 88' lang='lat' dir='ltr'><strong>fracta</strong></span> <span class='ocrx_word' id='word_1_513' title='bbox 3291 2790 3609 2846; x_wconf 72' lang='lat' dir='ltr'><strong>oﬂeramus.</strong></span> <span class='ocrx_word' id='word_1_514' title='bbox 3629 2789 3839 2857; x_wconf 86' lang='lat' dir='ltr'><strong>Quem-</strong></span> 
     </span>
    </p>
   </div>
   <div class='ocr_carea' id='block_1_72' title="bbox 2250 2883 3837 2953">
    <p class='ocr_par' dir='ltr' id='par_1_72' title="bbox 2250 2883 3837 2953">
     <span class='ocr_line' id='line_1_72' title="bbox 2250 2883 3837 2953; baseline -0.006 -8"><span class='ocrx_word' id='word_1_515' title='bbox 2250 2888 2542 2945; x_wconf 89' lang='lat' dir='ltr'><strong>admodum</strong></span> <span class='ocrx_word' id='word_1_516' title='bbox 2589 2888 2735 2941; x_wconf 89' lang='lat' dir='ltr'><strong>enim</strong></span> <span class='ocrx_word' id='word_1_517' title='bbox 2783 2886 3071 2940; x_wconf 90' lang='lat' dir='ltr'><strong>humectos</strong></span> <span class='ocrx_word' id='word_1_518' title='bbox 3116 2883 3345 2948; x_wconf 87' lang='lat' dir='ltr'><strong>fructus,</strong></span> <span class='ocrx_word' id='word_1_519' title='bbox 3388 2892 3445 2938; x_wconf 92' lang='lat' dir='ltr'><strong>et</strong></span> <span class='ocrx_word' id='word_1_520' title='bbox 3475 2883 3567 2953; x_wconf 88' lang='lat' dir='ltr'><strong>qui</strong></span> <span class='ocrx_word' id='word_1_521' title='bbox 3604 2886 3837 2938; x_wconf 54' lang='lat' dir='ltr'><strong>necllum</strong></span> 
     </span>
    </p>
   </div>
   <div class='ocr_carea' id='block_1_73' title="bbox 2249 2975 3839 3053">
    <p class='ocr_par' dir='ltr' id='par_1_73' title="bbox 2249 2975 3839 3053">
     <span class='ocr_line' id='line_1_73' title="bbox 2249 2975 3839 3053; baseline -0.007 -15"><span class='ocrx_word' id='word_1_522' title='bbox 2249 2989 2485 3053; x_wconf 90' lang='lat' dir='ltr'><strong>possunt</strong></span> <span class='ocrx_word' id='word_1_523' title='bbox 2532 2980 2686 3046; x_wconf 90' lang='lat' dir='ltr'><strong>moli,</strong></span> <span class='ocrx_word' id='word_1_524' title='bbox 2726 2988 2788 3033; x_wconf 91' lang='lat' dir='ltr'><strong>ut</strong></span> <span class='ocrx_word' id='word_1_525' title='bbox 2825 2980 2957 3032; x_wconf 87' lang='lat' dir='ltr'><strong>ﬁant</strong></span> <span class='ocrx_word' id='word_1_526' title='bbox 3013 2976 3185 3031; x_wconf 87' lang='lat' dir='ltr'><strong>farina</strong></span> <span class='ocrx_word' id='word_1_527' title='bbox 3235 2985 3332 3031; x_wconf 88' lang='lat' dir='ltr'><strong>aut</strong></span> <span class='ocrx_word' id='word_1_528' title='bbox 3378 2975 3577 3040; x_wconf 89' lang='lat' dir='ltr'><strong>simila,</strong></span> <span class='ocrx_word' id='word_1_529' title='bbox 3615 2975 3839 3044; x_wconf 86' lang='lat' dir='ltr'><strong>quando</strong></span> 
     </span>
    </p>
   </div>
   <div class='ocr_carea' id='block_1_74' title="bbox 2252 3066 3836 3140">
    <p class='ocr_par' dir='ltr' id='par_1_74' title="bbox 2252 3066 3836 3140">
     <span class='ocr_line' id='line_1_74' title="bbox 2252 3066 3836 3140; baseline -0.007 -12"><span class='ocrx_word' id='word_1_530' title='bbox 2252 3073 2589 3128; x_wconf 88' lang='lat' dir='ltr'><strong>voluerimus</strong></span> <span class='ocrx_word' id='word_1_531' title='bbox 2623 3079 2783 3140; x_wconf 90' lang='lat' dir='ltr'><strong>aptos</strong></span> <span class='ocrx_word' id='word_1_532' title='bbox 2820 3069 2934 3123; x_wconf 90' lang='lat' dir='ltr'><strong>esui</strong></span> <span class='ocrx_word' id='word_1_533' title='bbox 2986 3068 3249 3132; x_wconf 85' lang='lat' dir='ltr'><strong>reddere,</strong></span> <span class='ocrx_word' id='word_1_534' title='bbox 3285 3066 3411 3137; x_wconf 86' lang='lat' dir='ltr'><strong>igne</strong></span> <span class='ocrx_word' id='word_1_535' title='bbox 3456 3081 3551 3121; x_wconf 91' lang='lat' dir='ltr'><strong>eos</strong></span> <span class='ocrx_word' id='word_1_536' title='bbox 3587 3066 3836 3122; x_wconf 81' lang='lat' dir='ltr'><strong>confrin-</strong></span> 
     </span>
    </p>
   </div>
   <div class='ocr_carea' id='block_1_75' title="bbox 2251 3157 3838 3237">
    <p class='ocr_par' dir='ltr' id='par_1_75' title="bbox 2251 3157 3838 3237">
     <span class='ocr_line' id='line_1_75' title="bbox 2251 3157 3838 3237; baseline -0.004 -19"><span class='ocrx_word' id='word_1_537' title='bbox 2251 3172 2464 3237; x_wconf 88' lang='lat' dir='ltr'><strong>gentes,</strong></span> <span class='ocrx_word' id='word_1_538' title='bbox 2503 3163 2688 3233; x_wconf 88' lang='lat' dir='ltr'><strong>paleas</strong></span> <span class='ocrx_word' id='word_1_539' title='bbox 2722 3176 2937 3222; x_wconf 89' lang='lat' dir='ltr'><strong>eorum,</strong></span> <span class='ocrx_word' id='word_1_540' title='bbox 2987 3159 3042 3213; x_wconf 92' lang='lat' dir='ltr'><strong>in</strong></span> <span class='ocrx_word' id='word_1_541' title='bbox 3093 3175 3159 3213; x_wconf 92' lang='lat' dir='ltr'><strong>eo</strong></span> <span class='ocrx_word' id='word_1_542' title='bbox 3204 3158 3349 3228; x_wconf 87' lang='lat' dir='ltr'><strong>quod</strong></span> <span class='ocrx_word' id='word_1_543' title='bbox 3394 3173 3489 3213; x_wconf 89' lang='lat' dir='ltr'><strong>eos</strong></span> <span class='ocrx_word' id='word_1_544' title='bbox 3537 3157 3838 3227; x_wconf 81' lang='lat' dir='ltr'><strong>frangimus</strong></span> 
     </span>
    </p>
   </div>
   <div class='ocr_carea' id='block_1_76' title="bbox 2254 3250 3837 3326">
    <p class='ocr_par' dir='ltr' id='par_1_76' title="bbox 2254 3250 3837 3326">
     <span class='ocr_line' id='line_1_76' title="bbox 2254 3250 3837 3326; baseline -0.006 -15"><span class='ocrx_word' id='word_1_545' title='bbox 2254 3270 2575 3326; x_wconf 83' lang='lat' dir='ltr'><strong>separamus</strong></span> <span class='ocrx_word' id='word_1_546' title='bbox 2611 3272 2624 3308; x_wconf 86' lang='lat'><strong>:</strong></span> <span class='ocrx_word' id='word_1_547' title='bbox 2655 3254 2735 3309; x_wconf 87' lang='lat' dir='ltr'><strong>sic</strong></span> <span class='ocrx_word' id='word_1_548' title='bbox 2770 3253 3085 3323; x_wconf 88' lang='lat' dir='ltr'><strong>quicunque</strong></span> <span class='ocrx_word' id='word_1_549' title='bbox 3119 3252 3351 3307; x_wconf 79' lang='lat' dir='ltr'><strong>necdum</strong></span> <span class='ocrx_word' id='word_1_550' title='bbox 3382 3250 3667 3305; x_wconf 83' lang='lat' dir='ltr'><strong>scientiam</strong></span> <span class='ocrx_word' id='word_1_551' title='bbox 3705 3250 3837 3303; x_wconf 86' lang='lat' dir='ltr'><strong>soli-</strong></span> 
     </span>
    </p>
   </div>
   <div class='ocr_carea' id='block_1_77' title="bbox 2254 3342 3837 3411">
    <p class='ocr_par' dir='ltr' id='par_1_77' title="bbox 2254 3342 3837 3411">
     <span class='ocr_line' id='line_1_77' title="bbox 2254 3342 3837 3411; baseline -0.004 -9"><span class='ocrx_word' id='word_1_552' title='bbox 2254 3347 2378 3402; x_wconf 91' lang='lat' dir='ltr'><strong>dam</strong></span> <span class='ocrx_word' id='word_1_553' title='bbox 2425 3348 2711 3411; x_wconf 85' lang='lat' dir='ltr'><strong>habemus,</strong></span> <span class='ocrx_word' id='word_1_554' title='bbox 2750 3360 2852 3399; x_wconf 85' lang='lat' dir='ltr'><strong>nec</strong></span> <span class='ocrx_word' id='word_1_555' title='bbox 2903 3344 3155 3399; x_wconf 88' lang='lat' dir='ltr'><strong>subtilem</strong></span> <span class='ocrx_word' id='word_1_556' title='bbox 3199 3342 3582 3411; x_wconf 82' lang='lat' dir='ltr'><strong>excelsamque</strong></span> <span class='ocrx_word' id='word_1_557' title='bbox 3627 3342 3837 3395; x_wconf 83' lang='lat' dir='ltr'><strong>theolo-</strong></span> 
     </span>
    </p>
   </div>
   <div class='ocr_carea' id='block_1_78' title="bbox 2254 3433 3834 3509">
    <p class='ocr_par' dir='ltr' id='par_1_78' title="bbox 2254 3433 3834 3509">
     <span class='ocr_line' id='line_1_78' title="bbox 2254 3433 3834 3509; baseline -0.004 -17"><span class='ocrx_word' id='word_1_558' title='bbox 2254 3438 2418 3509; x_wconf 89' lang='lat' dir='ltr'><strong>giam,</strong></span> <span class='ocrx_word' id='word_1_559' title='bbox 2440 3438 2678 3492; x_wconf 89' lang='lat' dir='ltr'><strong>necdum</strong></span> <span class='ocrx_word' id='word_1_560' title='bbox 2708 3436 2857 3490; x_wconf 90' lang='lat' dir='ltr'><strong>enim</strong></span> <span class='ocrx_word' id='word_1_561' title='bbox 2887 3435 3033 3489; x_wconf 90' lang='lat' dir='ltr'><strong>illam</strong></span> <span class='ocrx_word' id='word_1_562' title='bbox 3063 3435 3379 3490; x_wconf 88' lang='lat' dir='ltr'><strong>discernere</strong></span> <span class='ocrx_word' id='word_1_563' title='bbox 3411 3433 3594 3487; x_wconf 89' lang='lat' dir='ltr'><strong>idonei</strong></span> <span class='ocrx_word' id='word_1_564' title='bbox 3624 3447 3834 3497; x_wconf 69' lang='lat' dir='ltr'><strong>sumus,</strong></span> 
     </span>
    </p>
   </div>
   <div class='ocr_carea' id='block_1_79' title="bbox 2252 3525 3837 3599">
    <p class='ocr_par' dir='ltr' id='par_1_79' title="bbox 2252 3525 3837 3599">
     <span class='ocr_line' id='line_1_79' title="bbox 2252 3525 3837 3599; baseline -0.003 -16"><span class='ocrx_word' id='word_1_565' title='bbox 2252 3528 2581 3599; x_wconf 91' lang='lat' dir='ltr'><strong>spiritalium</strong></span> <span class='ocrx_word' id='word_1_566' title='bbox 2607 3527 3013 3597; x_wconf 90' lang='lat' dir='ltr'><strong>Scripturarum</strong></span> <span class='ocrx_word' id='word_1_567' title='bbox 3052 3526 3350 3596; x_wconf 83' lang='lat' dir='ltr'><strong>perfectam</strong></span> <span class='ocrx_word' id='word_1_568' title='bbox 3393 3525 3683 3580; x_wconf 87' lang='lat' dir='ltr'><strong>scientiam</strong></span> <span class='ocrx_word' id='word_1_569' title='bbox 3730 3541 3837 3579; x_wconf 88' lang='lat' dir='ltr'><strong>non</strong></span> 
     </span>
    </p>
   </div>
   <div class='ocr_carea' id='block_1_80' title="bbox 2253 3616 3837 3689">
    <p class='ocr_par' dir='ltr' id='par_1_80' title="bbox 2253 3616 3837 3689">
     <span class='ocr_line' id='line_1_80' title="bbox 2253 3616 3837 3689; baseline -0.004 -13"><span class='ocrx_word' id='word_1_570' title='bbox 2253 3622 2541 3685; x_wconf 88' lang='lat' dir='ltr'><strong>habentes,</strong></span> <span class='ocrx_word' id='word_1_571' title='bbox 2568 3635 2707 3689; x_wconf 91' lang='lat' dir='ltr'><strong>opus</strong></span> <span class='ocrx_word' id='word_1_572' title='bbox 2736 3619 3003 3673; x_wconf 90' lang='lat' dir='ltr'><strong>habemus</strong></span> <span class='ocrx_word' id='word_1_573' title='bbox 3032 3632 3152 3672; x_wconf 87' lang='lat' dir='ltr'><strong>eam</strong></span> <span class='ocrx_word' id='word_1_574' title='bbox 3192 3619 3247 3671; x_wconf 90' lang='lat' dir='ltr'><strong>in</strong></span> <span class='ocrx_word' id='word_1_575' title='bbox 3279 3618 3402 3688; x_wconf 87' lang='lat' dir='ltr'><strong>igne</strong></span> <span class='ocrx_word' id='word_1_576' title='bbox 3438 3618 3663 3686; x_wconf 86' lang='lat' dir='ltr'><strong>spiritus</strong></span> <span class='ocrx_word' id='word_1_577' title='bbox 3700 3616 3837 3671; x_wconf 64' lang='lat' dir='ltr'><strong>frino</strong></span> 
     </span>
    </p>
   </div>
   <div class='ocr_carea' id='block_1_81' title="bbox 2254 3709 3835 3783">
    <p class='ocr_par' dir='ltr' id='par_1_81' title="bbox 2254 3709 3835 3783">
     <span class='ocr_line' id='line_1_81' title="bbox 2254 3709 3835 3783; baseline -0.004 -16"><span class='ocrx_word' id='word_1_578' title='bbox 2254 3727 2405 3783; x_wconf 86' lang='lat' dir='ltr'><strong>gere,</strong></span> <span class='ocrx_word' id='word_1_579' title='bbox 2430 3710 2485 3766; x_wconf 92' lang='lat' dir='ltr'><strong>id</strong></span> <span class='ocrx_word' id='word_1_580' title='bbox 2515 3721 2599 3766; x_wconf 92' lang='lat' dir='ltr'><strong>est</strong></span> <span class='ocrx_word' id='word_1_581' title='bbox 2622 3711 2767 3765; x_wconf 90' lang='lat' dir='ltr'><strong>illius</strong></span> <span class='ocrx_word' id='word_1_582' title='bbox 2794 3710 3169 3781; x_wconf 89' lang='lat' dir='ltr'><strong>operationem</strong></span> <span class='ocrx_word' id='word_1_583' title='bbox 3193 3717 3247 3763; x_wconf 90' lang='lat' dir='ltr'><strong>et</strong></span> <span class='ocrx_word' id='word_1_584' title='bbox 3270 3709 3835 3763; x_wconf 82' lang='lat' dir='ltr'><strong>subministrationem</strong></span> 
     </span>
    </p>
   </div>
   <div class='ocr_carea' id='block_1_82' title="bbox 2251 3800 3835 3871">
    <p class='ocr_par' dir='ltr' id='par_1_82' title="bbox 2251 3800 3835 3871">
     <span class='ocr_line' id='line_1_82' title="bbox 2251 3800 3835 3871; baseline -0.003 -13"><span class='ocrx_word' id='word_1_585' title='bbox 2251 3803 2413 3858; x_wconf 89' lang='lat' dir='ltr'><strong>nobis</strong></span> <span class='ocrx_word' id='word_1_586' title='bbox 2458 3803 2831 3865; x_wconf 89' lang='lat' dir='ltr'><strong>commodare,</strong></span> <span class='ocrx_word' id='word_1_587' title='bbox 2862 3811 2923 3856; x_wconf 91' lang='lat' dir='ltr'><strong>nt</strong></span> <span class='ocrx_word' id='word_1_588' title='bbox 2963 3802 3030 3855; x_wconf 89' lang='lat' dir='ltr'><strong>ab</strong></span> <span class='ocrx_word' id='word_1_589' title='bbox 3065 3816 3127 3855; x_wconf 90' lang='lat' dir='ltr'><strong>ea</strong></span> <span class='ocrx_word' id='word_1_590' title='bbox 3172 3801 3366 3856; x_wconf 86' lang='lat' dir='ltr'><strong>litterae</strong></span> <span class='ocrx_word' id='word_1_591' title='bbox 3398 3800 3584 3871; x_wconf 87' lang='lat' dir='ltr'><strong>paleas</strong></span> <span class='ocrx_word' id='word_1_592' title='bbox 3618 3816 3835 3870; x_wconf 82' lang='lat' dir='ltr'><strong>separe-</strong></span> 
     </span>
    </p>
   </div>
   <div class='ocr_carea' id='block_1_83' title="bbox 2251 3893 3833 3964">
    <p class='ocr_par' dir='ltr' id='par_1_83' title="bbox 2251 3893 3833 3964">
     <span class='ocr_line' id='line_1_83' title="bbox 2251 3893 3833 3964; baseline -0.004 -13"><span class='ocrx_word' id='word_1_593' title='bbox 2251 3911 2396 3951; x_wconf 89' lang='lat' dir='ltr'><strong>mus.</strong></span> <span class='ocrx_word' id='word_1_594' title='bbox 2432 3896 2514 3950; x_wconf 83' lang='lat' dir='ltr'><strong>Ex</strong></span> <span class='ocrx_word' id='word_1_595' title='bbox 2565 3896 2660 3950; x_wconf 90' lang='lat' dir='ltr'><strong>illo</strong></span> <span class='ocrx_word' id='word_1_596' title='bbox 2694 3895 2842 3950; x_wconf 89' lang='lat' dir='ltr'><strong>enim</strong></span> <span class='ocrx_word' id='word_1_597' title='bbox 2889 3894 3250 3951; x_wconf 81' lang='lat' dir='ltr'><strong>sufﬁcientem</strong></span> <span class='ocrx_word' id='word_1_598' title='bbox 3293 3903 3457 3964; x_wconf 85' lang='lat' dir='ltr'><strong>atque</strong></span> <span class='ocrx_word' id='word_1_599' title='bbox 3496 3893 3833 3948; x_wconf 86' lang='lat' dir='ltr'><strong>celerrimam</strong></span> 
     </span>
    </p>
   </div>
   <div class='ocr_carea' id='block_1_84' title="bbox 2251 3986 3832 4058">
    <p class='ocr_par' dir='ltr' id='par_1_84' title="bbox 2251 3986 3832 4058">
     <span class='ocr_line' id='line_1_84' title="bbox 2251 3986 3832 4058; baseline -0.003 -16"><span class='ocrx_word' id='word_1_600' title='bbox 2251 3988 2347 4044; x_wconf 90' lang='lat' dir='ltr'><strong>Dei</strong></span> <span class='ocrx_word' id='word_1_601' title='bbox 2381 3989 2671 4044; x_wconf 86' lang='lat' dir='ltr'><strong>scientiam</strong></span> <span class='ocrx_word' id='word_1_602' title='bbox 2718 3988 3147 4058; x_wconf 87' lang='lat' dir='ltr'><strong>possidebimus,</strong></span> <span class='ocrx_word' id='word_1_603' title='bbox 3181 3996 3402 4057; x_wconf 87' lang='lat' dir='ltr'><strong>propter</strong></span> <span class='ocrx_word' id='word_1_604' title='bbox 3432 3986 3578 4056; x_wconf 88' lang='lat' dir='ltr'><strong>quod</strong></span> <span class='ocrx_word' id='word_1_605' title='bbox 3620 3997 3677 4039; x_wconf 87' lang='lat' dir='ltr'><strong>et</strong></span> <span class='ocrx_word' id='word_1_606' title='bbox 3719 4001 3832 4039; x_wconf 84' lang='lat' dir='ltr'><strong>eam</strong></span> 
     </span>
    </p>
   </div>
   <div class='ocr_carea' id='block_1_85' title="bbox 2252 4077 3834 4151">
    <p class='ocr_par' dir='ltr' id='par_1_85' title="bbox 2252 4077 3834 4151">
     <span class='ocr_line' id='line_1_85' title="bbox 2252 4077 3834 4151; baseline -0.003 -17"><span class='ocrx_word' id='word_1_607' title='bbox 2252 4080 2612 4151; x_wconf 87' lang='lat' dir='ltr'><strong>intelligibilis</strong></span> <span class='ocrx_word' id='word_1_608' title='bbox 2648 4080 2903 4135; x_wconf 87' lang='lat' dir='ltr'><strong>sacerdos</strong></span> <span class='ocrx_word' id='word_1_609' title='bbox 2946 4080 3194 4149; x_wconf 87' lang='lat' dir='ltr'><strong>suscipit.</strong></span> <span class='ocrx_word' id='word_1_610' title='bbox 3236 4077 3466 4149; x_wconf 89' lang='lat' dir='ltr'><strong>Oportet</strong></span> <span class='ocrx_word' id='word_1_611' title='bbox 3507 4087 3690 4131; x_wconf 85' lang='lat' dir='ltr'><strong>autem</strong></span> <span class='ocrx_word' id='word_1_612' title='bbox 3740 4093 3834 4130; x_wconf 81' lang='lat' dir='ltr'><strong>nos</strong></span> 
     </span>
    </p>
   </div>
   <div class='ocr_carea' id='block_1_86' title="bbox 2254 4172 3835 4243">
    <p class='ocr_par' dir='ltr' id='par_1_86' title="bbox 2254 4172 3835 4243">
     <span class='ocr_line' id='line_1_86' title="bbox 2254 4172 3835 4243; baseline -0.004 -14"><span class='ocrx_word' id='word_1_613' title='bbox 2254 4173 2655 4243; x_wconf 80' lang='lat' dir='ltr'><strong>superfundere</strong></span> <span class='ocrx_word' id='word_1_614' title='bbox 2709 4174 2910 4238; x_wconf 89' lang='lat' dir='ltr'><strong>oleum,</strong></span> <span class='ocrx_word' id='word_1_615' title='bbox 2946 4182 3001 4228; x_wconf 92' lang='lat' dir='ltr'><strong>et</strong></span> <span class='ocrx_word' id='word_1_616' title='bbox 3041 4173 3491 4242; x_wconf 87' lang='lat' dir='ltr'><strong>superimponere</strong></span> <span class='ocrx_word' id='word_1_617' title='bbox 3540 4172 3671 4225; x_wconf 88' lang='lat' dir='ltr'><strong>thus</strong></span> <span class='ocrx_word' id='word_1_618' title='bbox 3706 4189 3719 4200; x_wconf 72' lang='grc' dir='ltr'><strong><em>ο</em></strong></span> <span class='ocrx_word' id='word_1_619' title='bbox 3743 4186 3835 4241; x_wconf 89' lang='lat' dir='ltr'><strong>per</strong></span> 
     </span>
    </p>
   </div>
   <div class='ocr_carea' id='block_1_87' title="bbox 2256 4264 3833 4337">
    <p class='ocr_par' dir='ltr' id='par_1_87' title="bbox 2256 4264 3833 4337">
     <span class='ocr_line' id='line_1_87' title="bbox 2256 4264 3833 4337; baseline -0.003 -16"><span class='ocrx_word' id='word_1_620' title='bbox 2256 4266 2657 4337; x_wconf 78' lang='lat' dir='ltr'><strong>eleemosynam</strong></span> <span class='ocrx_word' id='word_1_621' title='bbox 2687 4266 2889 4336; x_wconf 91' lang='lat' dir='ltr'><strong>quippe</strong></span> <span class='ocrx_word' id='word_1_622' title='bbox 2920 4275 2974 4320; x_wconf 90' lang='lat' dir='ltr'><strong>et</strong></span> <span class='ocrx_word' id='word_1_623' title='bbox 2997 4266 3302 4320; x_wconf 88' lang='lat' dir='ltr'><strong>orationem</strong></span> <span class='ocrx_word' id='word_1_624' title='bbox 3330 4264 3557 4319; x_wconf 86' lang='lat' dir='ltr'><strong>scientia</strong></span> <span class='ocrx_word' id='word_1_625' title='bbox 3594 4265 3647 4317; x_wconf 91' lang='lat' dir='ltr'><strong>in</strong></span> <span class='ocrx_word' id='word_1_626' title='bbox 3683 4264 3833 4317; x_wconf 89' lang='lat' dir='ltr'><strong>nobis</strong></span> 
     </span>
    </p>
   </div>
   <div class='ocr_carea' id='block_1_88' title="bbox 2255 4355 3832 4427">
    <p class='ocr_par' dir='ltr' id='par_1_88' title="bbox 2255 4355 3832 4427">
     <span class='ocr_line' id='line_1_88' title="bbox 2255 4355 3832 4427; baseline -0.001 -17"><span class='ocrx_word' id='word_1_627' title='bbox 2255 4356 2440 4411; x_wconf 85' lang='lat' dir='ltr'><strong>divina</strong></span> <span class='ocrx_word' id='word_1_628' title='bbox 2488 4355 2790 4425; x_wconf 88' lang='lat' dir='ltr'><strong>perﬁcitur.</strong></span> <span class='ocrx_word' id='word_1_629' title='bbox 2824 4357 2899 4410; x_wconf 91' lang='lat' dir='ltr'><strong>De</strong></span> <span class='ocrx_word' id='word_1_630' title='bbox 2930 4356 3125 4427; x_wconf 89' lang='lat' dir='ltr'><strong>quibus</strong></span> <span class='ocrx_word' id='word_1_631' title='bbox 3170 4355 3505 4420; x_wconf 89' lang='lat' dir='ltr'><strong>hominibus,</strong></span> <span class='ocrx_word' id='word_1_632' title='bbox 3538 4371 3753 4410; x_wconf 87' lang='lat' dir='ltr'><strong>necnon</strong></span> <span class='ocrx_word' id='word_1_633' title='bbox 3784 4364 3832 4409; x_wconf 81' lang='lat' dir='ltr'><strong>et</strong></span> 
     </span>
    </p>
   </div>
   <div class='ocr_carea' id='block_1_89' title="bbox 2256 4447 3830 4518">
    <p class='ocr_par' dir='ltr' id='par_1_89' title="bbox 2256 4447 3830 4518">
     <span class='ocr_line' id='line_1_89' title="bbox 2256 4447 3830 4518; baseline -0.001 -15"><span class='ocrx_word' id='word_1_634' title='bbox 2256 4447 2323 4503; x_wconf 89' lang='lat' dir='ltr'><strong>de</strong></span> <span class='ocrx_word' id='word_1_635' title='bbox 2345 4447 2649 4502; x_wconf 90' lang='lat' dir='ltr'><strong>memoriali</strong></span> <span class='ocrx_word' id='word_1_636' title='bbox 2677 4447 2821 4516; x_wconf 91' lang='lat' dir='ltr'><strong>quod</strong></span> <span class='ocrx_word' id='word_1_637' title='bbox 2846 4462 3012 4518; x_wconf 91' lang='lat' dir='ltr'><strong>super</strong></span> <span class='ocrx_word' id='word_1_638' title='bbox 3032 4448 3202 4502; x_wconf 84' lang='lat' dir='ltr'><strong>altare</strong></span> <span class='ocrx_word' id='word_1_639' title='bbox 3226 4448 3514 4503; x_wconf 89' lang='lat' dir='ltr'><strong>sacerdote</strong></span> <span class='ocrx_word' id='word_1_640' title='bbox 3535 4449 3830 4518; x_wconf 87' lang='lat' dir='ltr'><strong>accipiente</strong></span> 
     </span>
    </p>
   </div>
   <div class='ocr_carea' id='block_1_90' title="bbox 2258 4539 3829 4610">
    <p class='ocr_par' dir='ltr' id='par_1_90' title="bbox 2258 4539 3829 4610">
     <span class='ocr_line' id='line_1_90' title="bbox 2258 4539 3829 4610; baseline -0.001 -17"><span class='ocrx_word' id='word_1_641' title='bbox 2258 4540 2498 4610; x_wconf 90' lang='lat' dir='ltr'><strong>ponitur,</strong></span> <span class='ocrx_word' id='word_1_642' title='bbox 2524 4540 2579 4593; x_wconf 90' lang='lat' dir='ltr'><strong>in</strong></span> <span class='ocrx_word' id='word_1_643' title='bbox 2601 4539 2977 4609; x_wconf 88' lang='lat' dir='ltr'><strong>superioribus</strong></span> <span class='ocrx_word' id='word_1_644' title='bbox 3020 4539 3275 4594; x_wconf 89' lang='lat' dir='ltr'><strong>subtilius</strong></span> <span class='ocrx_word' id='word_1_645' title='bbox 3313 4540 3693 4609; x_wconf 81' lang='lat' dir='ltr'><strong>exposuimus.</strong></span> <span class='ocrx_word' id='word_1_646' title='bbox 3721 4539 3829 4592; x_wconf 82' lang='lat' dir='ltr'><strong>Non</strong></span> 
     </span>
    </p>
   </div>
   <div class='ocr_carea' id='block_1_91' title="bbox 571 4622 3825 4701">
    <p class='ocr_par' dir='ltr' id='par_1_91' title="bbox 571 4622 3825 4701">
     <span class='ocr_line' id='line_1_91' title="bbox 571 4622 3825 4701; baseline 0 -18"><span class='ocrx_word' id='word_1_647' title='bbox 571 4629 731 4693; x_wconf 90' lang='lat' dir='ltr'><strong>ﬁciis,</strong></span> <span class='ocrx_word' id='word_1_648' title='bbox 764 4627 858 4683; x_wconf 89' lang='lat' dir='ltr'><strong>sed</strong></span> <span class='ocrx_word' id='word_1_649' title='bbox 885 4626 942 4681; x_wconf 91' lang='lat' dir='ltr'><strong>in</strong></span> <span class='ocrx_word' id='word_1_650' title='bbox 970 4626 1123 4682; x_wconf 88' lang='lat' dir='ltr'><strong>omni</strong></span> <span class='ocrx_word' id='word_1_651' title='bbox 1166 4641 1394 4680; x_wconf 92' lang='lat' dir='ltr'><strong>munere</strong></span> <span class='ocrx_word' id='word_1_652' title='bbox 1419 4624 1679 4695; x_wconf 71' lang='lat' dir='ltr'><strong>praecepit</strong></span> <span class='ocrx_word' id='word_1_653' title='bbox 1709 4623 1787 4679; x_wconf 89' lang='lat' dir='ltr'><strong>sal</strong></span> <span class='ocrx_word' id='word_1_654' title='bbox 1814 4622 1999 4678; x_wconf 85' lang='lat' dir='ltr'><strong>oﬁ‘erri</strong></span> <span class='ocrx_word' id='word_1_655' title='bbox 2037 4641 2051 4678; x_wconf 91' lang='lat'><strong>:</strong></span> <span class='ocrx_word' id='word_1_656' title='bbox 2091 4632 2152 4678; x_wconf 91' lang='lat' dir='ltr'><strong>ut</strong></span> <span class='ocrx_word' id='word_1_657' title='bbox 2181 4641 2230 4701; x_wconf 81' lang='grc' dir='ltr'><strong>ι)</strong></span> <span class='ocrx_word' id='word_1_658' title='bbox 2256 4643 2385 4700; x_wconf 87' lang='lat' dir='ltr'><strong>ergo</strong></span> <span class='ocrx_word' id='word_1_659' title='bbox 2432 4643 2660 4683; x_wconf 89' lang='lat' dir='ltr'><strong>necesse</strong></span> <span class='ocrx_word' id='word_1_660' title='bbox 2709 4638 2794 4683; x_wconf 88' lang='lat' dir='ltr'><strong>est</strong></span> <span class='ocrx_word' id='word_1_661' title='bbox 2841 4644 2988 4683; x_wconf 90' lang='lat' dir='ltr'><strong>nunc</strong></span> <span class='ocrx_word' id='word_1_662' title='bbox 3037 4628 3432 4699; x_wconf 83' lang='lat' dir='ltr'><strong>expositionem</strong></span> <span class='ocrx_word' id='word_1_663' title='bbox 3476 4628 3825 4683; x_wconf 84' lang='lat' dir='ltr'><strong>confundere.</strong></span> 
     </span>
    </p>
   </div>
   <div class='ocr_carea' id='block_1_92' title="bbox 569 4714 2154 4788">
    <p class='ocr_par' dir='ltr' id='par_1_92' title="bbox 569 4714 2154 4788">
     <span class='ocr_line' id='line_1_92' title="bbox 569 4714 2154 4788; baseline -0.003 -17"><span class='ocrx_word' id='word_1_664' title='bbox 569 4718 939 4788; x_wconf 90' lang='lat' dir='ltr'><strong>quodcunque</strong></span> <span class='ocrx_word' id='word_1_665' title='bbox 990 4716 1264 4782; x_wconf 89' lang='lat' dir='ltr'><strong>docueris,</strong></span> <span class='ocrx_word' id='word_1_666' title='bbox 1314 4714 1680 4784; x_wconf 86' lang='lat' dir='ltr'><strong>quodcunque</strong></span> <span class='ocrx_word' id='word_1_667' title='bbox 1732 4714 2056 4779; x_wconf 81' lang='lat' dir='ltr'><strong>correxeris,</strong></span> <span class='ocrx_word' id='word_1_668' title='bbox 2098 4714 2154 4767; x_wconf 91' lang='lat' dir='ltr'><strong>in</strong></span> 
     </span>
    </p>
   </div>
   <div class='ocr_carea' id='block_1_93' title="bbox 570 4804 2157 4878">
    <p class='ocr_par' dir='ltr' id='par_1_93' title="bbox 570 4804 2157 4878">
     <span class='ocr_line' id='line_1_93' title="bbox 570 4804 2157 4878; baseline -0.003 -15"><span class='ocrx_word' id='word_1_669' title='bbox 570 4822 899 4878; x_wconf 87' lang='lat' dir='ltr'><strong>quacunque</strong></span> <span class='ocrx_word' id='word_1_670' title='bbox 930 4807 1133 4861; x_wconf 86' lang='lat' dir='ltr'><strong>virtute</strong></span> <span class='ocrx_word' id='word_1_671' title='bbox 1164 4814 1522 4859; x_wconf 86' lang='lat' dir='ltr'><strong>conversatus</strong></span> <span class='ocrx_word' id='word_1_672' title='bbox 1562 4804 1752 4871; x_wconf 82' lang='lat' dir='ltr'><strong>fueris,</strong></span> <span class='ocrx_word' id='word_1_673' title='bbox 1783 4804 1852 4859; x_wconf 89' lang='lat' dir='ltr'><strong>ad</strong></span> <span class='ocrx_word' id='word_1_674' title='bbox 1891 4804 2157 4874; x_wconf 86' lang='lat' dir='ltr'><strong>apostoli-</strong></span> 
     </span>
    </p>
   </div>
   <div class='ocr_carea' id='block_1_94' title="bbox 571 4896 2158 4966">
    <p class='ocr_par' dir='ltr' id='par_1_94' title="bbox 571 4896 2158 4966">
     <span class='ocr_line' id='line_1_94' title="bbox 571 4896 2158 4966; baseline -0.003 -10"><span class='ocrx_word' id='word_1_675' title='bbox 571 4917 691 4956; x_wconf 89' lang='lat' dir='ltr'><strong>cam</strong></span> <span class='ocrx_word' id='word_1_676' title='bbox 729 4899 1131 4954; x_wconf 67' lang='lat' dir='ltr'><strong>azmulationem</strong></span> <span class='ocrx_word' id='word_1_677' title='bbox 1160 4906 1321 4966; x_wconf 90' lang='lat' dir='ltr'><strong>atque</strong></span> <span class='ocrx_word' id='word_1_678' title='bbox 1344 4896 1700 4951; x_wconf 91' lang='lat' dir='ltr'><strong>imitationem</strong></span> <span class='ocrx_word' id='word_1_679' title='bbox 1724 4896 1969 4966; x_wconf 89' lang='lat' dir='ltr'><strong>opereris</strong></span> <span class='ocrx_word' id='word_1_680' title='bbox 2000 4938 2016 4963; x_wconf 92' lang='lat'><strong>,</strong></span> <span class='ocrx_word' id='word_1_681' title='bbox 2047 4911 2158 4951; x_wconf 88' lang='lat' dir='ltr'><strong>me-</strong></span> 
     </span>
    </p>
   </div>
   <div class='ocr_carea' id='block_1_95' title="bbox 570 4987 2157 5061">
    <p class='ocr_par' dir='ltr' id='par_1_95' title="bbox 570 4987 2157 5061">
     <span class='ocr_line' id='line_1_95' title="bbox 570 4987 2157 5061; baseline -0.003 -15"><span class='ocrx_word' id='word_1_682' title='bbox 570 5007 804 5061; x_wconf 88' lang='lat' dir='ltr'><strong>morque</strong></span> <span class='ocrx_word' id='word_1_683' title='bbox 852 4991 928 5045; x_wconf 91' lang='lat' dir='ltr'><strong>sis</strong></span> <span class='ocrx_word' id='word_1_684' title='bbox 970 4990 1123 5045; x_wconf 88' lang='lat' dir='ltr'><strong>Pauli</strong></span> <span class='ocrx_word' id='word_1_685' title='bbox 1175 4989 1451 5043; x_wconf 86' lang='lat' dir='ltr'><strong>dicentis:</strong></span> <span class='ocrx_word' id='word_1_686' title='bbox 1482 4987 1785 5042; x_wconf 85' lang='lat' dir='ltr'><strong>Imitatores</strong></span> <span class='ocrx_word' id='word_1_687' title='bbox 1830 4989 1931 5041; x_wconf 88' lang='lat' dir='ltr'><strong>mei</strong></span> <span class='ocrx_word' id='word_1_688' title='bbox 1975 4996 2157 5053; x_wconf 87' lang='lat' dir='ltr'><strong>estote,</strong></span> 
     </span>
    </p>
   </div>
   <div class='ocr_carea' id='block_1_96' title="bbox 568 5078 2154 5149">
    <p class='ocr_par' dir='ltr' id='par_1_96' title="bbox 568 5078 2154 5149">
     <span class='ocr_line' id='line_1_96' title="bbox 568 5078 2154 5149; baseline -0.001 -14"><span class='ocrx_word' id='word_1_689' title='bbox 568 5083 702 5136; x_wconf 88' lang='lat' dir='ltr'><strong>sicut</strong></span> <span class='ocrx_word' id='word_1_690' title='bbox 746 5089 795 5134; x_wconf 88' lang='lat' dir='ltr'><strong>et</strong></span> <span class='ocrx_word' id='word_1_691' title='bbox 838 5096 931 5147; x_wconf 86' lang='lat' dir='ltr'><strong>ego</strong></span> <span class='ocrx_word' id='word_1_692' title='bbox 981 5079 1251 5133; x_wconf 81' lang='lat' dir='ltr'><strong>Christi’.</strong></span> <span class='ocrx_word' id='word_1_693' title='bbox 1302 5080 1369 5134; x_wconf 83' lang='grc' dir='ltr'><strong>Ει</strong></span> <span class='ocrx_word' id='word_1_694' title='bbox 1418 5094 1610 5134; x_wconf 90' lang='lat' dir='ltr'><strong>rursus</strong></span> <span class='ocrx_word' id='word_1_695' title='bbox 1648 5096 1662 5133; x_wconf 88' lang='lat'><strong>:</strong></span> <span class='ocrx_word' id='word_1_696' title='bbox 1697 5078 1836 5149; x_wconf 85' lang='lat' dir='ltr'><strong>Ergo</strong></span> <span class='ocrx_word' id='word_1_697' title='bbox 1878 5078 1998 5146; x_wconf 87' lang='lat' dir='ltr'><strong>jam</strong></span> <span class='ocrx_word' id='word_1_698' title='bbox 2049 5095 2154 5133; x_wconf 84' lang='lat' dir='ltr'><strong>non</strong></span> 
     </span>
    </p>
   </div>
   <div class='ocr_carea' id='block_1_97' title="bbox 568 5170 2152 5240">
    <p class='ocr_par' dir='ltr' id='par_1_97' title="bbox 568 5170 2152 5240">
     <span class='ocr_line' id='line_1_97' title="bbox 568 5170 2152 5240; baseline -0.001 -13"><span class='ocrx_word' id='word_1_699' title='bbox 568 5173 692 5228; x_wconf 82' lang='lat' dir='ltr'><strong>estis</strong></span> <span class='ocrx_word' id='word_1_700' title='bbox 740 5171 956 5224; x_wconf 65' lang='lat' dir='ltr'><strong>advenae</strong></span> <span class='ocrx_word' id='word_1_701' title='bbox 997 5180 1049 5228; x_wconf 84' lang='lat' dir='ltr'><strong>et</strong></span> <span class='ocrx_word' id='word_1_702' title='bbox 1090 5170 1335 5240; x_wconf 87' lang='lat' dir='ltr'><strong>hospites,</strong></span> <span class='ocrx_word' id='word_1_703' title='bbox 1374 5172 1465 5225; x_wconf 86' lang='lat' dir='ltr'><strong>sed</strong></span> <span class='ocrx_word' id='word_1_704' title='bbox 1515 5171 1639 5224; x_wconf 87' lang='lat' dir='ltr'><strong>estis</strong></span> <span class='ocrx_word' id='word_1_705' title='bbox 1675 5171 1807 5223; x_wconf 84' lang='lat' dir='ltr'><strong>cives</strong></span> <span class='ocrx_word' id='word_1_706' title='bbox 1848 5180 2152 5225; x_wconf 86' lang='lat' dir='ltr'><strong>sanctorum</strong></span> 
     </span>
    </p>
   </div>
   <div class='ocr_carea' id='block_1_98' title="bbox 570 5262 2150 5332">
    <p class='ocr_par' dir='ltr' id='par_1_98' title="bbox 570 5262 2150 5332">
     <span class='ocr_line' id='line_1_98' title="bbox 570 5262 2150 5332; baseline -0.001 -15"><span class='ocrx_word' id='word_1_707' title='bbox 570 5273 618 5317; x_wconf 89' lang='lat' dir='ltr'><strong>et</strong></span> <span class='ocrx_word' id='word_1_708' title='bbox 651 5262 923 5317; x_wconf 86' lang='lat' dir='ltr'><strong>domestici</strong></span> <span class='ocrx_word' id='word_1_709' title='bbox 967 5262 1086 5328; x_wconf 87' lang='lat' dir='ltr'><strong>Dei,</strong></span> <span class='ocrx_word' id='word_1_710' title='bbox 1118 5263 1527 5332; x_wconf 77' lang='lat' dir='ltr'><strong>supertediﬁcati</strong></span> <span class='ocrx_word' id='word_1_711' title='bbox 1557 5278 1712 5330; x_wconf 88' lang='lat' dir='ltr'><strong>super</strong></span> <span class='ocrx_word' id='word_1_712' title='bbox 1747 5263 2150 5331; x_wconf 77' lang='lat' dir='ltr'><strong>fundamentum</strong></span> 
     </span>
    </p>
   </div>
   <div class='ocr_carea' id='block_1_99' title="bbox 569 5355 2152 5426">
    <p class='ocr_par' dir='ltr' id='par_1_99' title="bbox 569 5355 2152 5426">
     <span class='ocr_line' id='line_1_99' title="bbox 569 5355 2152 5426; baseline -0.002 -16"><span class='ocrx_word' id='word_1_713' title='bbox 569 5355 931 5426; x_wconf 87' lang='lat' dir='ltr'><strong>apostolorum</strong></span> <span class='ocrx_word' id='word_1_714' title='bbox 972 5365 1020 5410; x_wconf 81' lang='lat' dir='ltr'><strong>et</strong></span> <span class='ocrx_word' id='word_1_715' title='bbox 1070 5358 1469 5426; x_wconf 86' lang='lat' dir='ltr'><strong>prophetarum,</strong></span> <span class='ocrx_word' id='word_1_716' title='bbox 1500 5357 1612 5425; x_wconf 87' lang='lat' dir='ltr'><strong>ipso</strong></span> <span class='ocrx_word' id='word_1_717' title='bbox 1646 5371 1851 5408; x_wconf 89' lang='lat' dir='ltr'><strong>summo</strong></span> <span class='ocrx_word' id='word_1_718' title='bbox 1901 5355 2152 5425; x_wconf 88' lang='lat' dir='ltr'><strong>angulari</strong></span> 
     </span>
    </p>
   </div>
   <div class='ocr_carea' id='block_1_100' title="bbox 571 5433 2153 5519">
    <p class='ocr_par' dir='ltr' id='par_1_100' title="bbox 571 5433 2153 5519">
     <span class='ocr_line' id='line_1_100' title="bbox 571 5433 2153 5519; baseline -0.001 -17"><span class='ocrx_word' id='word_1_719' title='bbox 571 5433 748 5519; x_wconf 83' lang='lat' dir='ltr'><strong>lapide</strong></span> <span class='ocrx_word' id='word_1_720' title='bbox 778 5445 988 5503; x_wconf 87' lang='lat' dir='ltr'><strong>Christo</strong></span> <span class='ocrx_word' id='word_1_721' title='bbox 1026 5448 1148 5503; x_wconf 82' lang='lat' dir='ltr'><strong>Jesu</strong></span> <span class='ocrx_word' id='word_1_722' title='bbox 1183 5450 1249 5502; x_wconf 77' lang='lat'><strong>‘°.</strong></span> <span class='ocrx_word' id='word_1_723' title='bbox 1277 5447 1413 5514; x_wconf 88' lang='lat' dir='ltr'><strong>Quia</strong></span> <span class='ocrx_word' id='word_1_724' title='bbox 1458 5456 1640 5501; x_wconf 90' lang='lat' dir='ltr'><strong>autem</strong></span> <span class='ocrx_word' id='word_1_725' title='bbox 1680 5462 1789 5501; x_wconf 91' lang='lat' dir='ltr'><strong>non</strong></span> <span class='ocrx_word' id='word_1_726' title='bbox 1835 5446 2153 5517; x_wconf 89' lang='lat' dir='ltr'><strong>simpliciter</strong></span> 
     </span>
    </p>
   </div>
   <div class='ocr_carea' id='block_1_101' title="bbox 569 5539 2065 5613">
    <p class='ocr_par' dir='ltr' id='par_1_101' title="bbox 569 5539 2065 5613">
     <span class='ocr_line' id='line_1_101' title="bbox 569 5539 2065 5613; baseline -0.001 -15"><span class='ocrx_word' id='word_1_727' title='bbox 569 5542 649 5598; x_wconf 85' lang='lat' dir='ltr'><strong>sal</strong></span> <span class='ocrx_word' id='word_1_728' title='bbox 668 5542 828 5607; x_wconf 81' lang='lat' dir='ltr'><strong>dixit,</strong></span> <span class='ocrx_word' id='word_1_729' title='bbox 861 5543 957 5597; x_wconf 90' lang='lat' dir='ltr'><strong>sed</strong></span> <span class='ocrx_word' id='word_1_730' title='bbox 988 5543 1120 5597; x_wconf 92' lang='lat' dir='ltr'><strong>illud</strong></span> <span class='ocrx_word' id='word_1_731' title='bbox 1152 5540 1516 5613; x_wconf 88' lang='lat' dir='ltr'><strong>iutelligibile,</strong></span> <span class='ocrx_word' id='word_1_732' title='bbox 1548 5539 1820 5610; x_wconf 84' lang='lat' dir='ltr'><strong>legislator</strong></span> <span class='ocrx_word' id='word_1_733' title='bbox 1850 5540 2065 5596; x_wconf 91' lang='lat' dir='ltr'><strong>innuit:</strong></span> 
     </span>
    </p>
   </div>
   <div class='ocr_carea' id='block_1_102' title="bbox 639 5628 2154 5705">
    <p class='ocr_par' dir='ltr' id='par_1_102' title="bbox 639 5628 2154 5705">
     <span class='ocr_line' id='line_1_102' title="bbox 639 5628 2154 5705; baseline 0.001 -20"><span class='ocrx_word' id='word_1_734' title='bbox 639 5630 761 5685; x_wconf 80' lang='lat' dir='ltr'><strong>Non</strong></span> <span class='ocrx_word' id='word_1_735' title='bbox 807 5634 1019 5705; x_wconf 78' lang='lat' dir='ltr'><strong>auferes</strong></span> <span class='ocrx_word' id='word_1_736' title='bbox 1054 5631 1160 5695; x_wconf 90' lang='lat' dir='ltr'><strong>sal,</strong></span> <span class='ocrx_word' id='word_1_737' title='bbox 1191 5631 1387 5701; x_wconf 88' lang='lat' dir='ltr'><strong>inquit,</strong></span> <span class='ocrx_word' id='word_1_738' title='bbox 1421 5630 1627 5701; x_wconf 66' lang='lat' dir='ltr'><strong>foederis</strong></span> <span class='ocrx_word' id='word_1_739' title='bbox 1658 5628 1755 5683; x_wconf 87' lang='lat' dir='ltr'><strong>Dei</strong></span> <span class='ocrx_word' id='word_1_740' title='bbox 1786 5631 1882 5683; x_wconf 88' lang='lat' dir='ltr'><strong>tui.</strong></span> <span class='ocrx_word' id='word_1_741' title='bbox 1914 5629 2069 5697; x_wconf 87' lang='lat' dir='ltr'><strong>Quod</strong></span> <span class='ocrx_word' id='word_1_742' title='bbox 2107 5633 2154 5687; x_wconf 84' lang='lat' dir='ltr'><strong>si</strong></span> 
     </span>
    </p>
   </div>
   <div class='ocr_carea' id='block_1_103' title="bbox 568 5722 2153 5794">
    <p class='ocr_par' dir='ltr' id='par_1_103' title="bbox 568 5722 2153 5794">
     <span class='ocr_line' id='line_1_103' title="bbox 568 5722 2153 5794; baseline 0.001 -14"><span class='ocrx_word' id='word_1_743' title='bbox 568 5722 749 5781; x_wconf 74' lang='lat' dir='ltr'><strong>fmdus</strong></span> <span class='ocrx_word' id='word_1_744' title='bbox 772 5725 889 5782; x_wconf 86' lang='lat' dir='ltr'><strong>sive</strong></span> <span class='ocrx_word' id='word_1_745' title='bbox 920 5733 1307 5781; x_wconf 85' lang='lat' dir='ltr'><strong>testamentum</strong></span> <span class='ocrx_word' id='word_1_746' title='bbox 1338 5723 1603 5778; x_wconf 88' lang='lat' dir='ltr'><strong>rationale</strong></span> <span class='ocrx_word' id='word_1_747' title='bbox 1628 5730 1733 5789; x_wconf 90' lang='lat' dir='ltr'><strong>est,</strong></span> <span class='ocrx_word' id='word_1_748' title='bbox 1770 5724 1956 5794; x_wconf 89' lang='lat' dir='ltr'><strong>utique</strong></span> <span class='ocrx_word' id='word_1_749' title='bbox 1984 5734 2041 5780; x_wconf 90' lang='lat' dir='ltr'><strong>et</strong></span> <span class='ocrx_word' id='word_1_750' title='bbox 2074 5726 2153 5781; x_wconf 91' lang='lat' dir='ltr'><strong>sal</strong></span> 
     </span>
    </p>
   </div>
   <div class='ocr_carea' id='block_1_104' title="bbox 590 5861 1130 5931">
    <p class='ocr_par' dir='ltr' id='par_1_104' title="bbox 590 5861 1130 5931">
     <span class='ocr_line' id='line_1_104' title="bbox 590 5861 1130 5931; baseline 0.004 -15"><span class='ocrx_word' id='word_1_751' title='bbox 590 5906 620 5913; x_wconf 47' lang='grc' dir='ltr'>λ.</span> <span class='ocrx_word' id='word_1_752' title='bbox 673 5861 840 5921; x_wconf 74' lang='lat' dir='ltr'><strong>&#39;Act.</strong></span> <span class='ocrx_word' id='word_1_753' title='bbox 884 5862 1130 5931; x_wconf 63' lang='lat'><strong>“11,28.</strong></span> 
     </span>
    </p>
   </div>
   <div class='ocr_carea' id='block_1_105' title="bbox 572 5932 741 5998">
    <p class='ocr_par' dir='ltr' id='par_1_105' title="bbox 572 5932 741 5998">
     <span class='ocr_line' id='line_1_105' title="bbox 572 5932 741 5998; baseline -0.047 -7"><span class='ocrx_word' id='word_1_754' title='bbox 572 5947 635 5998; x_wconf 83' lang='lat' dir='ltr'><strong>tt,</strong></span> <span class='ocrx_word' id='word_1_755' title='bbox 657 5932 741 5989; x_wconf 73' lang='grc'><strong>19.</strong></span> 
     </span>
    </p>
   </div>
   <div class='ocr_carea' id='block_1_106' title="bbox 2253 4720 3827 4792">
    <p class='ocr_par' dir='ltr' id='par_1_106' title="bbox 2253 4720 3827 4792">
     <span class='ocr_line' id='line_1_106' title="bbox 2253 4720 3827 4792; baseline -0.003 -17"><span class='ocrx_word' id='word_1_756' title='bbox 2253 4721 2391 4787; x_wconf 89' lang='lat' dir='ltr'><strong>Quia</strong></span> <span class='ocrx_word' id='word_1_757' title='bbox 2427 4722 2574 4776; x_wconf 90' lang='lat' dir='ltr'><strong>enim</strong></span> <span class='ocrx_word' id='word_1_758' title='bbox 2628 4724 2783 4792; x_wconf 76' lang='lat' dir='ltr'><strong>fricta</strong></span> <span class='ocrx_word' id='word_1_759' title='bbox 2834 4731 3069 4784; x_wconf 86' lang='lat' dir='ltr'><strong>matura,</strong></span> <span class='ocrx_word' id='word_1_760' title='bbox 3113 4720 3415 4776; x_wconf 90' lang='lat' dir='ltr'><strong>secundum</strong></span> <span class='ocrx_word' id='word_1_761' title='bbox 3464 4720 3633 4783; x_wconf 80' lang='lat' dir='ltr'><strong>LXX,</strong></span> <span class='ocrx_word' id='word_1_762' title='bbox 3666 4723 3827 4791; x_wconf 79' lang='lat' dir='ltr'><strong>fracta</strong></span> 
     </span>
    </p>
   </div>
   <div class='ocr_carea' id='block_1_107' title="bbox 2252 4810 3829 4882">
    <p class='ocr_par' dir='ltr' id='par_1_107' title="bbox 2252 4810 3829 4882">
     <span class='ocr_line' id='line_1_107' title="bbox 2252 4810 3829 4882; baseline -0.003 -17"><span class='ocrx_word' id='word_1_763' title='bbox 2252 4820 2420 4877; x_wconf 88' lang='lat' dir='ltr'><strong>sunt,</strong></span> <span class='ocrx_word' id='word_1_764' title='bbox 2452 4827 2517 4866; x_wconf 86' lang='lat' dir='ltr'><strong>ea</strong></span> <span class='ocrx_word' id='word_1_765' title='bbox 2543 4826 2664 4880; x_wconf 61' lang='lat' dir='ltr'><strong>quae</strong></span> <span class='ocrx_word' id='word_1_766' title='bbox 2698 4811 2822 4882; x_wconf 86' lang='lat' dir='ltr'><strong>igne</strong></span> <span class='ocrx_word' id='word_1_767' title='bbox 2864 4810 3019 4865; x_wconf 90' lang='lat' dir='ltr'><strong>fricta</strong></span> <span class='ocrx_word' id='word_1_768' title='bbox 3063 4818 3210 4875; x_wconf 89' lang='lat' dir='ltr'><strong>sunt,</strong></span> <span class='ocrx_word' id='word_1_769' title='bbox 3253 4810 3447 4880; x_wconf 89' lang='lat' dir='ltr'><strong>reliqui</strong></span> <span class='ocrx_word' id='word_1_770' title='bbox 3512 4811 3829 4879; x_wconf 77' lang='lat' dir='ltr'><strong>interpretes</strong></span> 
     </span>
    </p>
   </div>
   <div class='ocr_carea' id='block_1_108' title="bbox 2255 4902 3824 4973">
    <p class='ocr_par' dir='ltr' id='par_1_108' title="bbox 2255 4902 3824 4973">
     <span class='ocr_line' id='line_1_108' title="bbox 2255 4902 3824 4973; baseline -0.001 -16"><span class='ocrx_word' id='word_1_771' title='bbox 2255 4902 2612 4958; x_wconf 59' lang='lat' dir='ltr'><strong>Hebraeorum</strong></span> <span class='ocrx_word' id='word_1_772' title='bbox 2649 4904 2947 4973; x_wconf 84' lang='lat' dir='ltr'><strong>explanant</strong></span> <span class='ocrx_word' id='word_1_773' title='bbox 2981 4919 3080 4973; x_wconf 90' lang='lat' dir='ltr'><strong>pro</strong></span> <span class='ocrx_word' id='word_1_774' title='bbox 3124 4918 3211 4970; x_wconf 89' lang='lat' dir='ltr'><strong>eo,</strong></span> <span class='ocrx_word' id='word_1_775' title='bbox 3242 4902 3377 4958; x_wconf 83' lang='lat' dir='ltr'><strong>frixa</strong></span> <span class='ocrx_word' id='word_1_776' title='bbox 3410 4914 3626 4959; x_wconf 86' lang='lat' dir='ltr'><strong>matura</strong></span> <span class='ocrx_word' id='word_1_777' title='bbox 3660 4905 3824 4964; x_wconf 78' lang='lat' dir='ltr'><strong>facta,</strong></span> 
     </span>
    </p>
   </div>
   <div class='ocr_carea' id='block_1_109' title="bbox 2258 4994 3201 5065">
    <p class='ocr_par' dir='ltr' id='par_1_109' title="bbox 2258 4994 3201 5065">
     <span class='ocr_line' id='line_1_109' title="bbox 2258 4994 3201 5065; baseline 0.001 -18"><span class='ocrx_word' id='word_1_778' title='bbox 2258 4995 2399 5064; x_wconf 73' lang='lat' dir='ltr'><strong>{rixa</strong></span> <span class='ocrx_word' id='word_1_779' title='bbox 2432 4995 2490 5047; x_wconf 85' lang='lat' dir='ltr'><strong>in</strong></span> <span class='ocrx_word' id='word_1_780' title='bbox 2518 4995 2637 5065; x_wconf 89' lang='lat' dir='ltr'><strong>igne</strong></span> <span class='ocrx_word' id='word_1_781' title='bbox 2670 4994 2853 5049; x_wconf 90' lang='lat' dir='ltr'><strong>mollia</strong></span> <span class='ocrx_word' id='word_1_782' title='bbox 2888 4994 3201 5049; x_wconf 90' lang='lat' dir='ltr'><strong>ediderunt.</strong></span> 
     </span>
    </p>
   </div>
   <div class='ocr_carea' id='block_1_110' title="bbox 2856 5150 3212 5208">
    <p class='ocr_par' dir='ltr' id='par_1_110' title="bbox 2856 5150 3212 5208">
     <span class='ocr_line' id='line_1_110' title="bbox 2856 5150 3212 5208; baseline -0.003 0"><span class='ocrx_word' id='word_1_783' title='bbox 2856 5150 3082 5208; x_wconf 89' lang='lat' dir='ltr'><strong>CAPUT</strong></span> <span class='ocrx_word' id='word_1_784' title='bbox 3123 5151 3212 5207; x_wconf 90' lang='lat' dir='ltr'><strong>Ill.</strong></span> 
     </span>
    </p>
   </div>
   <div class='ocr_carea' id='block_1_111' title="bbox 2332 5264 3823 5339">
    <p class='ocr_par' dir='ltr' id='par_1_111' title="bbox 2332 5264 3823 5339">
     <span class='ocr_line' id='line_1_111' title="bbox 2332 5264 3823 5339; baseline 0.003 -19"><span class='ocrx_word' id='word_1_785' title='bbox 2332 5264 2492 5320; x_wconf 77' lang='lat' dir='ltr'><strong>Vens.</strong></span> <span class='ocrx_word' id='word_1_786' title='bbox 2528 5265 2648 5319; x_wconf 74' lang='grc'><strong>1-5.</strong></span> <span class='ocrx_word' id='word_1_787' title='bbox 2694 5284 2713 5317; x_wconf 87' lang='grc'><em>‹</em></span> <span class='ocrx_word' id='word_1_788' title='bbox 2753 5264 2908 5333; x_wconf 89' lang='lat' dir='ltr'><strong>Quod</strong></span> <span class='ocrx_word' id='word_1_789' title='bbox 2961 5268 3005 5323; x_wconf 92' lang='lat' dir='ltr'><strong>si</strong></span> <span class='ocrx_word' id='word_1_790' title='bbox 3054 5268 3231 5323; x_wconf 89' lang='lat' dir='ltr'><strong>hostia</strong></span> <span class='ocrx_word' id='word_1_791' title='bbox 3272 5269 3624 5339; x_wconf 88' lang='lat' dir='ltr'><strong>paciﬁcorum</strong></span> <span class='ocrx_word' id='word_1_792' title='bbox 3678 5270 3823 5325; x_wconf 90' lang='lat' dir='ltr'><strong>fuerit</strong></span> 
     </span>
    </p>
   </div>
   <div class='ocr_carea' id='block_1_112' title="bbox 2261 5358 3821 5427">
    <p class='ocr_par' dir='ltr' id='par_1_112' title="bbox 2261 5358 3821 5427">
     <span class='ocr_line' id='line_1_112' title="bbox 2261 5358 3821 5427; baseline 0.003 -18"><span class='ocrx_word' id='word_1_793' title='bbox 2261 5358 2381 5427; x_wconf 79' lang='lat' dir='ltr'><strong>ejus</strong></span> <span class='ocrx_word' id='word_1_794' title='bbox 2419 5358 2647 5421; x_wconf 86' lang='lat' dir='ltr'><strong>oblatio,</strong></span> <span class='ocrx_word' id='word_1_795' title='bbox 2684 5369 2736 5411; x_wconf 90' lang='lat' dir='ltr'><strong>et</strong></span> <span class='ocrx_word' id='word_1_796' title='bbox 2785 5358 2852 5411; x_wconf 87' lang='lat' dir='ltr'><strong>de</strong></span> <span class='ocrx_word' id='word_1_797' title='bbox 2898 5358 3075 5415; x_wconf 90' lang='lat' dir='ltr'><strong>bobus</strong></span> <span class='ocrx_word' id='word_1_798' title='bbox 3112 5360 3346 5415; x_wconf 88' lang='lat' dir='ltr'><strong>voluerit</strong></span> <span class='ocrx_word' id='word_1_799' title='bbox 3375 5360 3593 5425; x_wconf 81' lang='lat' dir='ltr'><strong>offerre,</strong></span> <span class='ocrx_word' id='word_1_800' title='bbox 3635 5376 3821 5415; x_wconf 82' lang='lat' dir='ltr'><strong>marem</strong></span> 
     </span>
    </p>
   </div>
   <div class='ocr_carea' id='block_1_113' title="bbox 2260 5450 3811 5515">
    <p class='ocr_par' dir='ltr' id='par_1_113' title="bbox 2260 5450 3811 5515">
     <span class='ocr_line' id='line_1_113' title="bbox 2260 5450 3811 5515; baseline 0 -9"><span class='ocrx_word' id='word_1_801' title='bbox 2260 5452 2376 5506; x_wconf 87' lang='lat' dir='ltr'><strong>sive</strong></span> <span class='ocrx_word' id='word_1_802' title='bbox 2418 5450 2678 5505; x_wconf 90' lang='lat' dir='ltr'><strong>feminam</strong></span> <span class='ocrx_word' id='word_1_803' title='bbox 2705 5450 3111 5507; x_wconf 85' lang='lat' dir='ltr'><strong>immaculatum</strong></span> <span class='ocrx_word' id='word_1_804' title='bbox 3142 5453 3335 5509; x_wconf 83' lang='lat' dir='ltr'><strong>oﬁ&#39;eret</strong></span> <span class='ocrx_word' id='word_1_805' title='bbox 3363 5469 3547 5509; x_wconf 88' lang='lat' dir='ltr'><strong>coram</strong></span> <span class='ocrx_word' id='word_1_806' title='bbox 3572 5454 3811 5515; x_wconf 90' lang='lat' dir='ltr'><strong>Domino,</strong></span> 
     </span>
    </p>
   </div>
   <div class='ocr_carea' id='block_1_114' title="bbox 2258 5544 3822 5614">
    <p class='ocr_par' dir='ltr' id='par_1_114' title="bbox 2258 5544 3822 5614">
     <span class='ocr_line' id='line_1_114' title="bbox 2258 5544 3822 5614; baseline -0.001 -17"><span class='ocrx_word' id='word_1_807' title='bbox 2258 5552 2533 5612; x_wconf 88' lang='lat' dir='ltr'><strong>ponetque</strong></span> <span class='ocrx_word' id='word_1_808' title='bbox 2583 5557 2805 5595; x_wconf 90' lang='lat' dir='ltr'><strong>manum</strong></span> <span class='ocrx_word' id='word_1_809' title='bbox 2853 5558 3020 5612; x_wconf 88' lang='lat' dir='ltr'><strong>super</strong></span> <span class='ocrx_word' id='word_1_810' title='bbox 3058 5554 3223 5614; x_wconf 87' lang='lat' dir='ltr'><strong>caput</strong></span> <span class='ocrx_word' id='word_1_811' title='bbox 3270 5544 3506 5599; x_wconf 72' lang='lat' dir='ltr'><strong>victima:</strong></span> <span class='ocrx_word' id='word_1_812' title='bbox 3548 5561 3679 5607; x_wconf 63' lang='lat' dir='ltr'><strong>suae,</strong></span> <span class='ocrx_word' id='word_1_813' title='bbox 3716 5558 3822 5613; x_wconf 71' lang='lat' dir='ltr'><strong>qua:</strong></span> 
     </span>
    </p>
   </div>
   <div class='ocr_carea' id='block_1_115' title="bbox 2260 5630 3818 5702">
    <p class='ocr_par' dir='ltr' id='par_1_115' title="bbox 2260 5630 3818 5702">
     <span class='ocr_line' id='line_1_115' title="bbox 2260 5630 3818 5702; baseline -0.002 -14"><span class='ocrx_word' id='word_1_814' title='bbox 2260 5632 2633 5688; x_wconf 88' lang='lat' dir='ltr'><strong>immolabitur</strong></span> <span class='ocrx_word' id='word_1_815' title='bbox 2685 5631 2739 5684; x_wconf 90' lang='lat' dir='ltr'><strong>in</strong></span> <span class='ocrx_word' id='word_1_816' title='bbox 2794 5630 3019 5686; x_wconf 90' lang='lat' dir='ltr'><strong>introitu</strong></span> <span class='ocrx_word' id='word_1_817' title='bbox 3072 5634 3409 5688; x_wconf 86' lang='lat' dir='ltr'><strong>tabernaculi</strong></span> <span class='ocrx_word' id='word_1_818' title='bbox 3451 5652 3463 5687; x_wconf 92' lang='lat'>:</span> <span class='ocrx_word' id='word_1_819' title='bbox 3505 5634 3818 5702; x_wconf 77' lang='lat' dir='ltr'><strong>ftmdentque</strong></span> 
     </span>
    </p>
   </div>
   <div class='ocr_carea' id='block_1_116' title="bbox 2258 5725 3821 5798">
    <p class='ocr_par' dir='ltr' id='par_1_116' title="bbox 2258 5725 3821 5798">
     <span class='ocr_line' id='line_1_116' title="bbox 2258 5725 3821 5798; baseline -0.003 -16"><span class='ocrx_word' id='word_1_820' title='bbox 2258 5727 2351 5782; x_wconf 89' lang='lat' dir='ltr'><strong>ﬁlii</strong></span> <span class='ocrx_word' id='word_1_821' title='bbox 2407 5728 2589 5781; x_wconf 85' lang='lat' dir='ltr'><strong>Aaron</strong></span> <span class='ocrx_word' id='word_1_822' title='bbox 2646 5725 2947 5781; x_wconf 90' lang='lat' dir='ltr'><strong>sacerdotis</strong></span> <span class='ocrx_word' id='word_1_823' title='bbox 3012 5727 3333 5798; x_wconf 84' lang='lat' dir='ltr'><strong>sanguinem</strong></span> <span class='ocrx_word' id='word_1_824' title='bbox 3394 5742 3491 5798; x_wconf 91' lang='lat' dir='ltr'><strong>per</strong></span> <span class='ocrx_word' id='word_1_825' title='bbox 3547 5728 3821 5783; x_wconf 81' lang='lat' dir='ltr'><strong>circuitum</strong></span> 
     </span>
    </p>
   </div>
   <div class='ocr_carea' id='block_1_117' title="bbox 1228 5861 2150 5945">
    <p class='ocr_par' dir='ltr' id='par_1_117' title="bbox 1228 5861 2150 5945">
     <span class='ocr_line' id='line_1_117' title="bbox 1228 5861 2150 5945; baseline 0.012 -29"><span class='ocrx_word' id='word_1_826' title='bbox 1228 5861 1447 5945; x_wconf 77' lang='lat' dir='ltr'><strong>‘lCor.</strong></span> <span class='ocrx_word' id='word_1_827' title='bbox 1484 5878 1524 5929; x_wconf 85' lang='grc' dir='ltr'><strong>ι,</strong></span> <span class='ocrx_word' id='word_1_828' title='bbox 1555 5862 1649 5917; x_wconf 78' lang='lat' dir='ltr'><strong>2i.</strong></span> <span class='ocrx_word' id='word_1_829' title='bbox 1744 5862 1963 5922; x_wconf 74' lang='lat' dir='ltr'><strong>&#39;lCor.</strong></span> <span class='ocrx_word' id='word_1_830' title='bbox 2016 5884 2073 5936; x_wconf 82' lang='grc' dir='ltr'><strong>ιι,</strong></span> <span class='ocrx_word' id='word_1_831' title='bbox 2128 5873 2150 5927; x_wconf 71' lang='grc' dir='ltr'>ε</span> 
     </span>
    </p>
   </div>
   <div class='ocr_carea' id='block_1_118' title="bbox 2250 5861 3809 5945">
    <p class='ocr_par' dir='ltr' id='par_1_118' title="bbox 2250 5864 3809 5937">
     <span class='ocr_line' id='line_1_118' title="bbox 2250 5864 3809 5937; baseline -0.006 -9"><span class='ocrx_word' id='word_1_832' title='bbox 2250 5874 2292 5928; x_wconf 80' lang='grc'><strong>7.</strong></span> <span class='ocrx_word' id='word_1_833' title='bbox 2388 5868 2409 5899; x_wconf 83' lang='grc'><strong><em>⁸</em></strong></span> <span class='ocrx_word' id='word_1_834' title='bbox 2441 5864 2629 5921; x_wconf 76' lang='lat' dir='ltr'><strong>Matth.</strong></span> <span class='ocrx_word' id='word_1_835' title='bbox 2678 5883 2728 5931; x_wconf 87' lang='lat' dir='ltr'><strong>v,</strong></span> <span class='ocrx_word' id='word_1_836' title='bbox 2774 5866 2858 5930; x_wconf 80' lang='lat' dir='ltr'><strong>l5,</strong></span> <span class='ocrx_word' id='word_1_837' title='bbox 2963 5868 2984 5900; x_wconf 78' lang='lat'>&#39;</span> <span class='ocrx_word' id='word_1_838' title='bbox 3018 5868 3031 5903; x_wconf 82' lang='lat'><strong>&#39;</strong></span> <span class='ocrx_word' id='word_1_839' title='bbox 3064 5865 3193 5923; x_wconf 69' lang='lat' dir='ltr'><strong>Cor.</strong></span> <span class='ocrx_word' id='word_1_840' title='bbox 3250 5884 3325 5935; x_wconf 90' lang='lat' dir='ltr'><strong>tv,</strong></span> <span class='ocrx_word' id='word_1_841' title='bbox 3368 5868 3456 5923; x_wconf 74' lang='grc'><strong>16.</strong></span> <span class='ocrx_word' id='word_1_842' title='bbox 3555 5868 3598 5899; x_wconf 78' lang='grc'><strong>⁸⁸</strong></span> <span class='ocrx_word' id='word_1_843' title='bbox 3634 5867 3809 5937; x_wconf 75' lang='lat' dir='ltr'><strong>Ephcs.</strong></span> 
     </span>
    </p>
   </div>
  </div>
