4046 6422
370 400 480 468 813

1524 399 1606 461 IN
1642 392 2078 458 LEVITICUM.
2116 420 2185 432 -
2228 396 2376 459 LIB.
2417 397 2465 461 Ι.

3511 407 3618 475 814

364 519 577 585 altaris,
612 531 666 578 et
704 519 938 576 onerent
982 517 1049 575 de
1095 518 1271 575 hostia
1314 516 1664 589 paciﬁeorum
1704 515 1761 569 in
1786 512 1936 567 obla-
1969 518 2012 571 Α
2042 509 2177 566 ﬁciis
2249 512 2746 573 holocautomatum
2825 520 3161 579 suﬁlcienter
3228 526 3615 589 'discussimus.

365 612 574 668 tionem
633 614 863 668 Domino
914 612 1180 682 :adipem
1245 612 1337 681 qui
1400 610 1578 680 operit
1628 608 1833 671 vitalia,
1892 615 1947 661 et

362 704 632 774 quidquid
669 704 1014 774 pinguediuis
1048 703 1377 757 intrinsecus
1409 710 1491 756 est
1523 719 1536 755 :
1578 701 1717 755 duos
1764 712 1945 764 renes,

365 806 497 845 cum
536 794 693 863 adipe
732 810 841 863 quo
892 801 1147 864 teguntur
1178 793 1291 857 ilia,
1329 802 1386 847 et
1424 791 1707 846 reticulum
1744 787 1946 858 jecoris

368 896 501 937 cum
542 886 856 942 renunculis
893 903 906 939 :
948 886 1349 955 adolebuntque
1387 899 1451 938 ea
1487 897 1652 952 super
1688 881 1856 935 altare
1890 878 1946 932 in

367 976 771 1039 holocaustum.
816 978 975 1050 lignis
1014 978 1138 1049 igne
1171 976 1479 1047 supposito,
1522 976 1577 1029 in
1616 972 1945 1029 oblationem

369 1071 683 1126 suavissimi
723 1071 911 1125 odoris
941 1070 1193 1124 Domino.
1231 1086 1253 1121 ι

442 1163 612 1218 Recte
650 1162 818 1217 David
854 1162 1120 1232 propheta
1150 1159 1414 1231 psallebat
1450 1176 1463 1213 :
1503 1158 1622 1213 Vias
1665 1167 1804 1223 tuas,
1837 1155 1948 1209 Do-

367 1253 529 1317 mine,
566 1253 867 1306 demonstra
913 1253 1062 1316 mihi,
1093 1262 1141 1305 et
1182 1252 1398 1305 semitas
1445 1260 1564 1303 tuas
1591 1250 1744 1303 edoce
1772 1266 1852 1303 me
1881 1249 1945 1302 ".

368 1341 642 1409 Quoniam
684 1344 1135 1399 conversationes
1162 1342 1305 1397 Deus
1340 1342 1653 1397 hominibus
1687 1341 1948 1397 differen-

364 1440 456 1487 tes
506 1449 602 1503 per
650 1433 824 1505 legem
864 1435 1064 1499 sanxit,
1097 1443 1154 1489 et
1187 1434 1244 1487 in
1289 1433 1514 1489 modum
1551 1434 1818 1489 scalarum
1847 1433 1950 1487 vir-

368 1534 519 1580 tutes
548 1527 842 1591 ordinavit,
884 1536 944 1580 ut
972 1526 1061 1580 alii
1101 1526 1325 1596 quidem
1370 1526 1561 1581 liceret
1589 1541 1781 1581 omnes
1809 1541 1950 1581 asse-

370 1618 492 1683 qui,
518 1618 607 1671 alii
642 1627 823 1672 autem
865 1618 1149 1688 quasdam,
1176 1626 1236 1672 ut
1262 1633 1477 1672 sursum
1510 1626 1691 1672 tamen
1719 1618 1948 1688 quisque

366 1710 748 1764 sublevaretur
778 1726 807 1763 a
841 1718 986 1764 terra
1007 1710 1143 1778 {hoc
1165 1710 1363 1780 quippe
1384 1709 1753 1764 etdiﬂ'erentia
1779 1710 1948 1764 sacri-

370 1800 624 1855 ﬁciorum
683 1801 1042 1871 signiﬁcabat.
1092 1801 1228 1857 Nam
1276 1803 1366 1858 hic
1408 1802 1628 1872 quidem
1677 1803 1745 1857 de
1788 1802 1948 1857 nobis

371 1870 756 1948 holocaustum
786 1894 1001 1959 oﬂeret,
1032 1903 1204 1949 totum
1234 1870 1585 1967 semetipsum
1613 1895 1725 1951 Deo
1748 1895 1945 1949 oﬁ‘erre
1977 1870 2020 1928 Β

368 1986 587 2051 volens,
640 1994 695 2040 et
742 1986 883 2039 sicut
925 1986 1128 2041 Paulus
1176 1987 1391 2042 dicebat
1422 2004 1435 2041 :
1470 1988 1676 2044 Christo
1718 1989 1949 2057 conﬁxus

369 2092 491 2130 simi
545 2077 689 2129 cruci
725 2078 789 2131 ".
850 2078 1001 2131 Alter
1057 2077 1381 2132 sacriﬁcium
1431 2079 1779 2149 paciﬁcorum
1836 2080 1951 2135 sive

369 2169 649 2232 salutare,
697 2167 792 2236 qui
850 2168 1124 2223 desiderat
1178 2167 1429 2232 salutem,
1481 2171 1584 2225 etsi
1636 2186 1744 2224 non
1774 2179 1949 2240 potest

368 2262 539 2316 nimis
583 2260 895 2315 sublimiter
929 2260 1243 2314 conversari
1287 2278 1299 2312 :
1333 2276 1459 2315 nam
1497 2271 1552 2317 et
1580 2262 1623 2316 si
1661 2278 1772 2317 non
1808 2263 1950 2317 valet

367 2355 741 2425 virginitatem
794 2356 1063 2425 quispiam
1122 2356 1407 2424 consequi,
1450 2356 1507 2409 in
1564 2364 1711 2411 casto
1766 2366 1947 2411 autem

368 2450 628 2519 conjugio
669 2457 1050 2511 conversetur,
1096 2449 1313 2502 veniam
1353 2448 1583 2517 percipit
1622 2466 1653 2503 a
1698 2449 1948 2516 Domino,

366 2540 468 2610 qui
493 2541 664 2595 dixit:
700 2538 819 2593 Non
854 2555 1031 2605 omnes
1055 2539 1272 2607 capiunt
1303 2540 1513 2593 verbum
1537 2540 1580 2571 “
1598 2578 1615 2605 ,
1639 2541 1857 2609 quando
1884 2542 1951 2596 de

371 2631 686 2702 virginitate
738 2629 1002 2700 apostolis
1049 2631 1376 2701 exponebat.
1427 2631 1534 2686 Sed
1581 2640 1763 2687 tamen
1810 2634 1951 2689 inter

369 2738 470 2777 eos
494 2724 586 2793 qui
613 2723 893 2776 salvantur
919 2722 1231 2777 necessarie
1254 2722 1598 2778 ordinantur.
1630 2723 1745 2779 Hoc
1774 2725 1949 2795 ipsutn

369 2823 559 2869 autem
600 2824 651 2869 et
681 2815 749 2870 de
788 2823 1105 2885 contemptu
1135 2830 1338 2883 rerum,
1367 2826 1421 2871 et
1445 2816 1513 2871 de
1531 2816 1762 2886 justitia,
1799 2828 1853 2872 et
1883 2819 1949 2872 de

367 2907 496 2961 cibo
538 2892 671 2963 cum
707 2909 1005 2979 gratiarum
1052 2908 1289 2972 actione,
1321 2910 1449 2979 quia
1489 2926 1716 2981 magnus
1743 2918 1825 2966 est
1856 2910 1947 2979 qui

368 3012 588 3067 magna,
622 3004 678 3051 et
704 3013 926 3067 parvus,
957 3014 1069 3052 non
1108 3006 1288 3053 tamen
1313 2999 1597 3063 minimus,
1632 3001 1726 3070 qui
1755 3001 1947 3055 saltem

371 3089 669 3143 mediocria
699 3090 957 3160 consequi
986 3098 1185 3159 potest.
1216 3088 1287 3144 Ut
1316 3089 1640 3160 probaretur
1665 3106 1793 3160 ergo
1820 3091 1945 3159 quia

371 3180 496 3233 duae
537 3181 1018 3235 eonversationum
1057 3180 1270 3250 species
1316 3189 1445 3235 sunt
1487 3182 1553 3235 ad
1600 3180 1945 3250 justiﬁcatio-
1971 3217 2015 3276 ε

371 3286 501 3325 nem
556 3272 864 3337 hominum,
905 3272 1041 3326 duas
1094 3272 1484 3327 sacriﬁciorum
1524 3281 1945 3341 spontaneorum

372 3362 726 3418 deﬁnitiones
756 3364 943 3433 posuit
969 3381 985 3430 ;
1018 3363 1093 3416 ait
1121 3364 1269 3418 enim
1291 3364 1347 3418 in
1376 3364 1514 3418 libro
1536 3364 1702 3417 Exodi
1734 3379 1749 3417 :
1776 3362 1955 3417 Altare

370 3455 440 3508 de
480 3464 621 3508 terra
657 3457 863 3528 facietis
902 3456 1051 3522 mihi,
1082 3464 1130 3509 et
1171 3456 1513 3510 immutabilis
1540 3471 1696 3524 super
1728 3472 1787 3509 eo
1816 3455 1957 3509 holo-

372 3557 686 3621 captomata
754 3558 803 3603 et
833 3550 1055 3618 paciﬁca
1097 3558 1290 3615 vestra,
1323 3565 1437 3603 oves
1482 3557 1678 3603 vestras
1708 3556 1754 3600 et
1784 3546 1951 3601 boves.

372 3638 442 3693 In
464 3641 607 3693 omni
631 3640 739 3693 loco
768 3641 823 3693 in
857 3658 957 3711 quo
988 3643 1315 3695 nominatum
1351 3641 1508 3712 fuerit
1549 3656 1734 3694 nomen
1761 3657 1952 3705 meum,

372 3732 585 3784 ueniam
605 3732 675 3784 ad
698 3742 765 3796 te,
785 3740 832 3784 et
853 3731 1151 3786 benedicam
1172 3733 1266 3786 tibi
1292 3732 1354 3786 ".
1381 3732 1444 3785 Et
1462 3732 1718 3803 praecepit
1734 3732 1953 3802 quidem

373 3822 729 3891 paciﬁcorum
758 3823 1155 3886 holocaustum,
1180 3824 1453 3879 subinl‘ert
1476 3833 1656 3879 autem
1685 3842 1697 3877 :
1729 3824 1794 3877 Et
1816 3825 1958 3892 paci-

370 3911 503 3981 ﬁca,
531 3913 674 3967 velut
693 3913 915 3967 secundi
935 3913 1139 3968 ordinis
1155 3914 1459 3969 etvirtutis.
1494 3913 1813 3984 Quicunque
1829 3930 1957 3985 ergo

375 4004 555 4059 solum
588 4004 688 4059 sibi
720 4005 824 4059 hoc
856 4003 1274 4074 putatsuliicere
1302 4004 1345 4058 si
1372 4004 1630 4070 salvetur,
1663 4005 1709 4059 is
1736 4005 1953 4075 quidem

371 4098 448 4151 de
492 4097 668 4151 bobus
697 4096 890 4151 oﬂeret
938 4097 1079 4165 (esse
1108 4106 1288 4151 autem
1342 4097 1535 4151 bovem
1581 4097 1813 4151 diximus
1864 4113 1958 4153 eos

372 4186 471 4256 qui
524 4186 666 4240 circa
712 4186 919 4257 agenda
953 4201 1015 4241 ea
1047 4202 1169 4256 qua:
1207 4186 1340 4257 legis
1389 4194 1520 4240 sunt
1562 4186 1799 4259 vacant),
1842 4186 1957 4244 sive

375 4277 703 4343 masculum,
735 4276 849 4331 sive
876 4276 1156 4342 feminam,
1184 4277 1589 4333 immaculatum
1632 4288 1808 4333 tamen
1836 4296 1957 4333 mu-

375 4383 486 4422 nus
511 4368 721 4422 oﬁ‘erat.
753 4368 1016 4437 Equidem
1055 4384 1178 4422 eum
1208 4369 1298 4437 qui
1334 4370 1712 4423 holocaustum
1740 4369 1953 4435 oﬁeret,

376 4475 492 4513 non
530 4459 787 4529 prarcepit
833 4460 1031 4515 oﬁerre
1093 4456 1371 4526 feminam,
1424 4476 1761 4530 nequaquam
1797 4461 1956 4515 femi-

2046 602 2187 669 Quid
2232 616 2417 662 autem
2468 608 2578 666 Deo
2619 611 2817 668 oﬁerre
2861 600 2933 670 de
2964 631 3064 672 suo
3099 620 3365 675 sacriﬁcio
3398 638 3621 682 necesse

2046 698 2281 753 habeant
2328 701 2421 770 qui
2466 704 2662 759 salvari
2719 706 2927 773 volunt,
2961 710 3067 766 hoc
3095 713 3263 781 quaeri
3294 724 3351 769 et
3372 719 3623 772 conside-

2043 789 2154 842 rari
2186 794 2559 848 necessarium
2593 804 2698 851 est.
2738 797 2989 855 Oﬁ‘erunt
3034 803 3180 858 enim
3210 806 3279 860 de
3321 806 3496 863 hostia
3524 826 3623 879 pa-

2046 879 2323 936 ciﬁcorutn
2355 883 2412 937 in
2441 886 2771 944 oblationem
2810 891 3046 957 Domini,
3079 896 3295 966 adipem
3322 901 3415 968 qui
3444 904 3625 971 operit

2045 970 2247 1039 vitalia,
2297 983 2353 1028 et
2413 976 2671 1047 quidquid
2736 981 3079 1052 pinguedinis
3150 987 3479 1046 intrinsecus
3514 1003 3619 1048 est.

2049 1058 2169 1125 Vel,
2215 1064 2359 1119 sicut
2405 1066 2780 1140 Septuaginta,
2802 1075 3011 1143 adipem
3040 1078 3129 1147 qui
3156 1082 3323 1147 operit
3366 1094 3619 1151 ventrem,

2049 1162 2097 1207 et
2144 1171 2348 1210 ontnem
2396 1160 2601 1227 adipem
2651 1164 2742 1231 qui
2783 1165 2837 1218 in
2870 1176 3047 1221 ventre
3088 1180 3162 1223 est
3195 1208 3211 1232 ,
3251 1187 3348 1240 per
3373 1185 3620 1231 ventrem

2048 1260 2144 1299 cor
2172 1246 2522 1317 signiﬁcans:
2560 1251 2681 1307 ideo
2715 1264 2897 1309 autem
2930 1260 3171 1315 secundo
3199 1262 3319 1331 ejus
3346 1263 3400 1317 in
3435 1279 3624 1335 supra-

2049 1335 2191 1391 dicta
2251 1339 2490 1395 editione
2542 1345 2861 1399 memoriam
2905 1347 3059 1415 fecit,
3110 1352 3237 1420 quia
3274 1353 3413 1409 duas
3457 1356 3623 1412 habet

2050 1430 2410 1498 operationes,
2440 1433 2581 1488 sicut
2611 1436 2800 1492 dicunt
2825 1440 3039 1495 medici.
3077 1444 3293 1499 Etenim
3324 1463 3421 1516 per
3456 1465 3620 1504 unam

2050 1529 2261 1590 partem
2292 1523 2457 1579 trahit
2488 1525 2763 1593 alimenta,
2801 1535 2943 1599 quod
2982 1545 3226 1591 ventrem
3254 1543 3615 1610 superiorem,

2049 1625 2147 1680 per
2174 1612 2331 1668 aliam
2365 1616 2713 1685 purgationes
2743 1619 3021 1688 discernit,
3054 1627 3198 1695 quod
3246 1641 3488 1686 ventrem
3531 1633 3620 1686 in-

2050 1703 2304 1759 feriorem
2366 1718 2581 1763 vocant.
2620 1709 2800 1766 Renes
2842 1730 2972 1770 vero
3019 1718 3291 1775 coitalium
3349 1726 3619 1781 seminum

2051 1805 2180 1850 sunt
2212 1796 2536 1863 ministeria,
2586 1800 2789 1857 habent
2816 1814 2998 1860 autem
3027 1812 3468 1868 communionem
3494 1832 3619 1871 cum

2051 1894 2239 1940 ventre
2261 1894 2317 1941 et
2343 1887 2679 1947 femoribus:
2712 1901 2875 1962 atque
2900 1894 3061 1965 hujus
3097 1899 3174 1953 rei
3209 1902 3381 1970 gratia
3403 1905 3620 1974 adipem

2049 1980 2305 2046 primum,
2338 1980 2429 2049 qui
2462 1997 2626 2051 supra
2670 1994 2915 2040 ventrem
2946 1998 3051 2053 est,
3100 1998 3156 2044 et
3179 1992 3316 2047 duos
3347 2010 3528 2059 renes,
3566 2008 3623 2053 et
3674 2014 3697 2059 ῑ

2049 2082 2241 2123 rursus
2277 2070 2490 2139 adipem
2526 2075 2620 2143 qui
2672 2090 2838 2144 super
2875 2092 2970 2133 eos
2991 2086 3096 2145 est,
3128 2080 3181 2135 id
3210 2090 3313 2149 est,
3348 2100 3515 2155 super
3543 2087 3624 2143 fe-

2050 2171 2223 2222 mora,
2249 2167 2435 2228 utpote
2461 2177 2581 2231 qua:
2611 2163 2788 2219 vicina
2812 2176 2942 2221 sunt
2964 2169 3206 2238 renibus,
3234 2172 3391 2243 jubet
3413 2176 3622 2245 oﬁerri,

2049 2249 2177 2317 quia
2227 2250 2369 2305 inter
2413 2255 2651 2310 medium
2704 2257 2929 2314 femoris
2969 2268 3027 2315 et
3075 2264 3281 2319 ventris
3320 2281 3485 2323 renes
3532 2270 3623 2325 siti

2050 2349 2199 2395 sunt.
2231 2341 2287 2394 In
2314 2343 2498 2412 jecore
2542 2354 2748 2413 autem,
2782 2348 2834 2404 id
2864 2358 2949 2406 est
2987 2351 3043 2406 in
3076 2353 3269 2424 hepate
3301 2356 3625 2415 delectatio-

2050 2446 2199 2496 nem,
2231 2433 2347 2488 sive
2375 2437 2873 2507 concupiscentiam
2925 2444 3276 2500 constitutam
3312 2462 3434 2503 esse
3465 2449 3623 2508 dixit.

2051 2521 2205 2576 Unde
2241 2526 2543 2582 secundum
2590 2527 2942 2603 Septuaginta
2991 2535 3206 2605 hepatis
3244 2539 3467 2608 pinnam
3498 2557 3625 2599 cum

2051 2616 2274 2672 renibus
2293 2617 2479 2674 oﬁ‘erri
2511 2620 2713 2677 dictum
2742 2635 2845 2689 est,
2876 2636 3061 2697 utpote
3096 2629 3294 2701 hepate
3324 2634 3379 2687 in
3402 2636 3625 2691 renibus

2052 2709 2157 2762 vim
2189 2713 2521 2781 operationis
2542 2732 2654 2771 suae
2680 2717 3043 2777 ministrante.
3074 2723 3181 2779 Sed
3213 2724 3344 2795 quid
3378 2742 3478 2796 per
3507 2729 3625 2784 haec

2049 2800 2335 2871 signiﬁcat,
2368 2806 2452 2859 vel
2485 2808 2614 2876 quid
2646 2810 2898 2875 sancivit,
2930 2813 3023 2882 qui
3058 2815 3253 2870 salvari
3289 2818 3623 2886 volentibus,

2049 2894 2212 2947 etiam
2256 2912 2400 2951 nunc
2432 2897 2486 2953 in
2524 2900 2792 2968 parabolis
2830 2918 2892 2958 os
2931 2907 3189 2974 aperuit?
3233 2909 3369 2976 Quia
3407 2920 3625 2980 oportet

2050 2984 2304 3051 hostiam,
2334 2989 2389 3044 id
2416 2999 2500 3045 est
2530 2993 2795 3062 primitias
2818 3005 2875 3050 et
2925 2998 3382 3067 holocautomata,
3413 3000 3527 3058 Deo
3554 3005 3624 3060 ab

2050 3078 2135 3132 his
2183 3081 2273 3149 qui
2309 3083 2503 3138 salvari
2534 3087 2743 3151 volunt,
2772 3086 3167 3159 intelligibilem
3195 3093 3433 3163 adipem,
3475 3097 3627 3152 vide-

2049 3168 2175 3225 licet
2226 3173 2594 3239 desiderium,
2648 3178 2793 3247 quod
2849 3195 3021 3249 graec
3069 3182 3368 3255 ἐπιθυμίαν
3415 3187 3623 3254 dicunt,

2056 3262 2264 3329 offerri,
2310 3263 2401 3333 qui
2448 3266 2598 3335 prius
2644 3268 2863 3337 quidem
2909 3272 3086 3341 operit
3123 3277 3461 3344 superiorem
3489 3295 3627 3334 ven-

2060 3360 2217 3417 trem,
2246 3353 2439 3409 deinde
2482 3355 2791 3412 inferiorem
2830 3376 2847 3415 :
2880 3369 2937 3414 ut
2966 3370 3020 3415 et
3050 3361 3105 3416 in
3134 3364 3443 3433 cogitando,
3484 3377 3539 3423 et
3572 3370 3625 3423 in

2058 3441 2351 3512 implendo,
2384 3446 2711 3503 desiderium
2740 3448 2850 3505 Deo
2874 3451 3172 3508 oﬂ'eramus
3198 3472 3211 3508 :
3240 3466 3455 3525 oportet
3479 3460 3625 3514 enim

2057 3536 2288 3603 pr0poni
2340 3536 2511 3605 prius,
2560 3548 2616 3592 et
2660 3551 2845 3610 postea
2893 3545 3175 3614 compleri.
3214 3546 3443 3618 Propter
3481 3552 3627 3621 quod

2056 3634 2112 3677 et
2162 3623 2364 3679 Paulus
2400 3628 2647 3683 dicebat:
2698 3630 2798 3695 Qui
2839 3634 3193 3704 episcopatum
3226 3638 3512 3703 desiderat,
3536 3642 3629 3694 bo-

2058 3731 2183 3769 num
2226 3733 2354 3787 opus
2399 3720 2740 3774 desiderat“.
2787 3722 2862 3777 De
2892 3725 2983 3778 illo
3020 3727 3223 3797 quippe
3257 3744 3403 3784 nunc
3438 3742 3627 3786 ventre

2058 3802 2328 3876 legislator
2383 3809 2640 3879 loquitur,
2687 3812 2755 3867 de
2798 3830 2905 3884 quo
2945 3815 3209 3873 .Ieremias
3244 3819 3453 3890 inquit:
3493 3822 3628 3877 Ven-

2058 3906 2187 3951 trem
2212 3914 2382 3952 meum
2402 3901 2570 3966 doleo,
2588 3914 2816 3958 ventrem
2850 3922 3021 3960 meum
3041 3908 3188 3962 doleo
3207 3911 3269 3964 ‘7:
3290 3927 3399 3965 non
3428 3912 3628 3967 frustra

2056 4001 2112 4045 et
2141 3992 2255 4062 ipse
2301 3994 2589 4064 dupliciter
2618 4000 2928 4064 nominans,
2960 4003 3056 4056 sed
3090 4012 3148 4057 ut
3194 4004 3466 4076 duplicem
3496 4023 3628 4077 ope-

2058 4088 2285 4143 rationis
2331 4091 2450 4159 ejus
2480 4090 2587 4144 vim
2624 4092 2970 4163 signiﬁcaret.
3000 4095 3077 4150 Ne
3120 4096 3255 4152 forte
3292 4108 3473 4154 autem
3503 4116 3628 4154 cor-

2057 4180 2295 4245 poralem
2387 4182 2763 4237 necessitatem
2846 4186 3204 4241 accusandam
3274 4199 3625 4258 putaremus,

2059 4273 2383 4329 subintulit:
2428 4274 2497 4328 Et
2540 4258 2718 4330 sensus
2754 4278 2925 4331 cordis
2969 4280 3071 4333 mei
3103 4282 3399 4335 conturbati
3420 4292 3539 4336 sunt
3562 4284 3626 4339 “.

2063 4364 2200 4436 Ergo
2246 4377 2436 4421 tenter
2480 4369 2677 4423 animae
2701 4385 2795 4424 cor
2824 4381 2927 4436 est,
2972 4371 3027 4426 in
3056 4388 3164 4442 quo
3190 4374 3343 4444 prius
3370 4376 3632 4447 proponi-

2058 4472 2178 4513 mus
2224 4459 2483 4527 quasdam
2538 4459 2813 4525 actiones,
2872 4473 3059 4533 postea
3119 4474 3299 4520 autem
3366 4482 3631 4522 conamur

374 4567 505 4604 nam
578 4552 798 4622 privans
856 4553 925 4608 ab
981 4553 1293 4624 huiusmodi
1352 4554 1793 4617 conversatione,
1858 4555 1951 4609 sed
1984 4574 2029 4630 ι)
2062 4547 2303 4619 implere.
2362 4550 2675 4619 Proponere
2721 4570 2850 4623 ergo
2911 4566 3169 4624 appetere
3232 4559 3631 4626 quodammodo

374 4642 669 4695 ostendens
712 4644 837 4712 quia
878 4645 1116 4715 perfecta
1163 4661 1376 4716 sapere,
1425 4648 1643 4717 proprie
1706 4647 1949 4702 virorum

373 4741 482 4785 est.
517 4730 669 4797 Quod
705 4734 809 4787 etsi
853 4736 1048 4789 mulier
1095 4737 1209 4791 ham
1238 4738 1443 4807 sapiat,
1478 4738 1559 4791 vir
1588 4737 1725 4801 haec,
1763 4747 1950 4807 utpote

374 4826 553 4891 fortis,
586 4828 963 4898 appellabitur,
1010 4830 1076 4883 de
1121 4846 1224 4899 qua
1271 4831 1525 4884 Solomon
1553 4830 1726 4883 dixit:
1758 4831 1946 4884 Mulie-

376 4935 487 4972 rem
519 4922 703 4989 fortem
740 4921 856 4991 quis
888 4920 1112 4974 inveniet
1134 4922 1208 4973 ‘5?
1260 4923 1640 4976 demonstrans
1677 4923 1802 4991 quia
1840 4922 1950 4976 for-

377 5013 574 5076 titudo,
632 5014 684 5068 id
734 5025 817 5067 est
856 5014 1139 5083 perfectio,
1191 5014 1483 5069 diﬁicilein
1528 5016 1845 5069 mulieribus
1877 5017 1955 5069 in-

375 5104 617 5159 venitur.
663 5103 1022 5158 Paciﬁcorum
1069 5112 1249 5157 autem
1309 5104 1654 5167 sacriﬁcium,
1707 5104 1955 5159 similiter

377 5195 619 5249 virorum
677 5205 732 5250 et
766 5195 1053 5250 mulierum
1084 5205 1187 5259 est,
1209 5206 1422 5265 oportet
1449 5196 1594 5250 enim
1627 5206 1680 5251 et
1698 5196 1955 5250 mulieres

294 5298 299 5301 ‘
372 5290 451 5341 ita
502 5289 708 5351 vivere,
737 5288 879 5342 sicut
900 5299 1087 5358 aptum
1114 5298 1196 5343 est
1231 5289 1298 5343 ad
1334 5288 1581 5343 salutem.
1646 5287 1751 5343 Sed
1784 5304 1950 5358 quam

371 5381 447 5434 ob
516 5397 630 5434 rem
713 5396 907 5435 manus
949 5383 1229 5451 imponere
1281 5397 1451 5452 super
1501 5389 1663 5452 caput
1717 5383 1952 5437 victima:

376 5473 792 5541 praecipiuntur,
829 5482 884 5527 et
918 5473 1198 5527 immolare
1244 5474 1297 5527 in
1330 5474 1553 5528 introitu
1593 5475 1948 5539 tabernaculi,

377 5581 438 5621 sa
460 5564 808 5635 ignincmque
842 5564 1071 5619 fundere
1104 5566 1158 5619 in
1200 5566 1426 5621 circuitu
1458 5566 1661 5629 altaris,
1696 5567 1746 5620 itt
1783 5568 1949 5620 sacri-

455 5766 493 5797 "
534 5766 671 5819 Psal.
696 5782 842 5830 xxiv,
872 5765 925 5819 4.
1029 5766 1071 5797 ¹¹
1106 5764 1278 5821 Galat.
1303 5784 1358 5829 ll,
1394 5768 1478 5822 19.

350 5850 465 5898 ~ttt,
498 5836 547 5890 l.
655 5834 696 5867 ”
723 5836 922 5893 Jerem.
952 5852 1023 5900 tv,
1058 5837 1141 5894 l9.
1218 5838 1259 5869 "
1292 5838 1421 5892 ibid.

1583 5768 1625 5798 "
1653 5767 1845 5823 Matth.
1891 5784 2001 5833 Xlx,

1520 5840 1561 5869 "
1593 5835 1735 5890 Psal.
1777 5854 1905 5909 xxv,
1929 5840 1983 5891 Ξ.

2060 4650 2161 4707 est,
2187 4641 2440 4696 festinare
2477 4654 2658 4697 autem
2689 4644 2972 4713 perﬁcere,
3004 4646 3234 4715 digestio
3268 4649 3447 4707 forsan
3478 4666 3631 4719 qna:-

2059 4732 2183 4786 dam
2227 4734 2444 4801 proprie
2485 4733 2718 4787 dicatur.
2747 4736 2988 4799 Quorum
3022 4743 3377 4805 utrorumque
3407 4738 3629 4793 deside-

2059 4821 2197 4876 rium
2238 4823 2378 4892 quod
2410 4823 2624 4892 adipem
2663 4823 2933 4889 clamavit,
2966 4840 3195 4881 necesse
3223 4828 3485 4883 habemus
3518 4828 3629 4884 Deo

2057 4917 2275 4981 oﬁ‘erre,
2313 4926 2374 4970 ut
2420 4917 2556 4971 nihil
2608 4934 2833 4988 pravum
2886 4935 3271 4990 proponamus,
3314 4938 3491 4991 neque
3534 4938 3629 4977 ex-

2052 5012 2317 5080 pleamus.
2359 5010 2503 5065 Bene
2546 5020 2727 5064 autem
2766 5026 2931 5079 super
2964 5020 3209 5066 ventrem
3262 5014 3626 5083 superiorem,

2052 5102 2141 5171 qui
2175 5112 2259 5155 cst
2293 5101 2587 5171 appetitus,
2628 5102 2843 5172 adipem
2899 5102 2992 5172 qui
3030 5103 3208 5172 operit
3239 5114 3486 5158 ventrem
3529 5105 3624 5170 ait,
3692 5120 3697 5133 τ

2052 5193 2178 5261 quia
2254 5192 2489 5246 maxima
2542 5206 2667 5261 pars
2713 5190 2966 5246 desiderii
3025 5190 3166 5245 circa
3207 5192 3530 5262 appetitum,
3572 5199 3632 5245 et

2054 5286 2195 5339 circa
2240 5285 2575 5355 propositum
2612 5296 2717 5339 est.
2766 5284 3012 5340 Inferiori
3058 5294 3240 5339 autem
3275 5284 3450 5340 ventri
3486 5284 3625 5338 duos

2058 5398 2216 5437 renes
2267 5380 2569 5450 conjunxit,
2621 5379 2856 5433 diximus
2903 5379 3049 5433 enim
3092 5377 3216 5447 quia
3281 5376 3622 5432 communio-

2057 5493 2182 5532 nem
2224 5492 2383 5531 renes
2436 5474 2502 5529 ad
2545 5488 2640 5527 cor
2687 5473 2928 5527 habent:
2979 5472 3120 5525 unde
3161 5471 3323 5524 David
3377 5470 3487 5523 ait:
3527 5469 3626 5523 Ure

2060 5585 2204 5622 rencs
2253 5584 2389 5622 meos
2432 5576 2479 5620 et
2522 5581 2611 5618 cor
2640 5566 2891 5619 meum".
2934 5561 3071 5616 Audi
3112 5561 3314 5616 etenim
3337 5559 3625 5613 Dominum

2052 5768 2136 5823 Η.
2218 5766 2451 5820 “Exod.
2486 5780 2571 5826 xx,
2599 5760 2689 5817 24.
2770 5761 2812 5791 ³⁸
2832 5760 2989 5815 Prov.
3021 5772 3168 5823 xum,
3206 5756 3272 5811 10
3372 5753 3449 5808 "l
3481 5754 3627 5809 Tim.

2122 5867 2142 5896 ι
