3946 6456
400 446 506 513 815
1240 466 1247 475 '
1598 439 1962 502 HESYCHII
2015 433 2484 498 PRESBYTERI
3610 432 3721 498 816

400 580 501 636 per
530 560 825 618 Jeremiam
852 560 1180 632 prophetam
1211 558 1487 614 dicentem
1514 576 1527 612 :
1569 557 1679 628 Ego
1716 558 1989 621 Dominus,
2022 565 2066 621 Α
2094 553 2206 609 Deo
2234 553 2446 617 otl'erat,
2478 552 2571 609 sed
2605 561 2661 607 et
2688 566 2717 607 α
2741 551 2880 606 mala
2912 552 3011 617 ira,
3040 562 3097 608 et
3131 567 3161 607 a
3196 551 3296 608 tali
3325 549 3726 606 delectatione

398 665 645 711 scrutans
704 657 867 709 corda
928 663 978 707 et
1034 654 1261 722 probans
1312 651 1542 705 renes”.
1612 650 1774 704 Nullo
1830 650 1991 703 modo
2091 647 2345 701 mundari
2373 647 2551 701 debet.
2584 644 2877 715 Propterea
2911 646 3059 698 enim
3095 655 3313 699 motum
3357 644 3493 706 ire,
3530 650 3592 697 et
3624 643 3725 698 de-

401 755 585 802 autem
632 748 878 800 membra
922 745 1039 799 haec
1094 742 1377 814 prophetia
1425 741 1839 811 conjunsisset,
1883 739 1989 792 nisi
2092 736 2443 792 lectationum
2488 736 2773 805 primitias,
2808 735 3095 805 ipsumque
3141 746 3328 791 totum
3379 735 3729 805 conjugium

402 840 551 894 omni
595 839 756 893 modo
801 837 1084 907 quidpiam
1118 835 1199 890 eis
1236 850 1530 890 commune
1561 835 1773 895 luisset,
1810 839 1992 885 motus
2092 844 2193 899 per
2212 830 2433 900 pinnam
2460 830 2671 899 hepatis
2698 838 2755 883 et
2788 843 2982 882 renum
3012 828 3192 894 oﬂ'ert,
3216 840 3512 897 recteque
3538 835 3732 897 potest

401 934 549 987 enim
593 930 861 986 irascendi
912 929 966 982 in
1011 929 1197 993 corde,
1226 929 1279 983 in
1317 927 1542 982 renibus
1567 935 1747 980 autem
1783 938 1995 978 memo-
2093 935 2249 974 suam
2288 921 2756 976 conversationem
2799 921 2867 975 ad
2914 936 3214 991 supernum
3243 922 3448 975 altare
3494 919 3730 983 oﬂ'erre,

403 1026 539 1082 riam
584 1024 704 1093 ejus
748 1024 928 1093 jacere
972 1020 1167 1076 medici
1214 1021 1424 1075 dicunt.
1475 1017 1627 1073 Unde
1667 1015 1993 1070 innocentiae
2093 1022 2149 1068 et
2173 1029 2337 1084 super
2366 1014 2682 1068 holocausta
2708 1053 2723 1077 ,
2746 1022 2801 1067 et
2826 1029 2990 1084 super
3020 1014 3159 1086 ligna
3191 1029 3324 1084 quae
3362 1021 3517 1067 sunt
3554 1028 3733 1082 super

406 1115 513 1173 sibi
556 1113 929 1169 testimonium
975 1111 1273 1181 perbibens
1297 1109 1464 1164 David
1492 1127 1505 1164 :
1538 1107 1737 1161 Judica
1763 1122 1863 1171 me,
1888 1104 1995 1158 Do-
2095 1106 2237 1178 igne.
2281 1106 2595 1161 Secundum
2638 1106 2785 1160 enim
2820 1106 3073 1160 mandata
3126 1107 3369 1177 spiritus
3400 1120 3731 1160 conversa-

407 1206 566 1271 mine,
588 1205 838 1277 quoniam
863 1220 955 1274 ego
976 1204 1028 1256 in
1050 1203 1351 1258 innocentia
1370 1218 1486 1255 mea
1514 1197 1991 1270 ingressussum“,
2095 1209 2203 1264 tur,
2236 1208 2291 1253 et
2335 1198 2511 1254 hostia
2561 1197 2790 1253 Domino
2838 1198 3147 1253 suavissimi
3188 1199 3391 1253 odoris
3451 1196 3727 1252 eﬂicitur.

406 1298 504 1364 ait,
534 1305 591 1351 et
629 1311 789 1350 renes
827 1295 936 1359 uri,
988 1303 1153 1365 atque
1198 1309 1295 1350 cor
1330 1293 1646 1365 postulavit,
1698 1300 1882 1360 utpote
1906 1289 1993 1343 cui
2094 1288 2278 1345 Placet
2322 1290 2523 1360 quippe
2554 1290 2603 1343 ei
2645 1289 2907 1359 perﬁcere
2933 1288 3170 1343 fructum
3200 1304 3315 1343 non
3356 1288 3559 1343 solum
3589 1304 3731 1343 cen-

407 1398 637 1458 utraque
657 1396 909 1457 poterant
932 1385 1303 1440 testimonium
1340 1383 1650 1454 perhibere.
1684 1382 1744 1436 ln
1773 1382 1997 1436 renibus
2095 1381 2372 1448 tesimum,
2402 1381 2499 1436 sed
2527 1392 2582 1435 et
2610 1381 3029 1452 sexagesimum,
3064 1390 3119 1436 et
3141 1380 3539 1436 tricesimum.

409 1479 527 1535 istis
565 1480 727 1534 etiam
775 1476 1000 1532 seminis
1052 1490 1215 1530 causa
1260 1488 1369 1542 est,
1390 1476 1537 1530 unde
1570 1484 1626 1530 et
1655 1474 1994 1528 communio-
2167 1473 2324 1528 Vens.
2352 1472 2505 1527 6—17.
2538 1468 2648 1526 (Si
2687 1488 2817 1527 vero
2846 1472 2913 1526 de
2948 1472 3144 1526 ovibus
3177 1472 3357 1526 fuerit
3398 1472 3537 1539 ejus
3569 1470 3725 1525 obla-

410 1584 535 1623 nem
582 1583 705 1622 cum
756 1566 1056 1621 femoribus
1118 1565 1342 1630 habere,
1388 1565 1517 1634 quia
1564 1564 1665 1634 ipsi
1711 1563 1996 1617 coitalibus
2094 1570 2190 1629 tio,
2241 1573 2296 1618 et
2343 1563 2692 1633 paciﬁcorum
2744 1564 2951 1629 hostia,
3014 1562 3130 1617 sive
3186 1563 3555 1625 masculum,
3604 1565 3724 1616 sive
3782 1584 3785 1587 ι

410 1659 717 1714 actionibus
758 1657 864 1711 vim
907 1654 1150 1725 praebere
1179 1662 1465 1725 putantur.
1513 1652 1674 1708 Unde
1697 1652 1864 1707 Jacob
1903 1667 1997 1721 pa-
2097 1654 2352 1709 feminam
2397 1656 2676 1719 obtulerit,
2734 1655 3078 1708 immaculata
3119 1666 3301 1708 erunt.
3371 1653 3437 1708 Si
3508 1669 3720 1723 agnum

411 1752 645 1807 triarcba
691 1749 906 1803 dicebat
971 1764 984 1801 :
1044 1746 1164 1800 Non
1213 1748 1379 1800 deerit
1421 1756 1680 1815 sceptrum
1718 1747 1781 1799 de
1834 1743 1995 1808 Iuda,
2097 1745 2351 1799 obtulerit
2384 1762 2564 1800 comm
2590 1746 2837 1807 Domino,
2870 1754 3037 1815 ponet
3078 1760 3300 1799 manum
3330 1760 3526 1814 super
3555 1754 3725 1813 caput

413 1858 505 1896 nec
533 1841 640 1894 dua:
665 1841 728 1894 de
756 1839 1036 1909 femoribus
1061 1838 1235 1906 ejus“
1254 1880 1267 1903 ,
1298 1852 1392 1907 per
1415 1838 1621 1892 femora
1650 1836 1874 1891 seminis
1902 1835 1998 1889 de-
2032 1904 2062 1909 λ
2099 1838 2333 1892 victima:
2359 1853 2491 1903 sum,
2531 1853 2652 1907 qua:
2692 1838 3065 1892 immolabitur
3102 1837 3159 1891 in
3197 1838 3495 1892 vestibulo
3531 1837 3721 1891 taber-

415 1933 739 1987 rivationein
820 1946 918 1984 seu
977 1930 1398 1985 descensionem
1470 1930 1807 2000 signiﬁcans.
1871 1927 1998 1982 Vult
2032 1904 2072 1959 Β
2100 1930 2279 1983 naruli
2328 1929 2677 1983 testimonii:
2726 1929 3065 1999 fundentque
3111 1929 3206 1982 ﬁlii
3248 1929 3448 1982 Aaron
3487 1928 3721 1999 sangui-

414 2037 544 2092 ergo
576 2032 629 2076 at
662 2022 971 2091 nuptiarum
998 2020 1328 2075 desiderium
1350 2019 1534 2074 oﬁerri
1576 2021 1706 2085 Deo,
1743 2027 1801 2073 ut
1832 2021 1999 2089 prolis
2101 2037 2223 2075 nem
2285 2022 2405 2089 ejus
2460 2037 2558 2091 per
2623 2022 2808 2075 altaris
2856 2022 3166 2086 circuitum,
3235 2031 3291 2075 et
3358 2020 3623 2075 oﬁ‘crcnt
3651 2022 3719 2075 de

414 2129 601 2177 causa,
658 2128 763 2165 non
815 2111 1189 2166 fornicationis
1238 2113 1540 2182 proveniat,
1591 2122 1647 2167 ct
1682 2112 1999 2167 bonorabile
2099 2115 2446 2183 pacilicorum
2498 2116 2673 2167 hostia
2708 2113 3034 2169 sacriﬁcium
3077 2114 3327 2179 Domino,
3390 2114 3631 2182 adipem
3665 2122 3720 2167 et

415 2204 487 2260 sit
538 2204 872 2274 conjugium,
900 2210 953 2257 et
995 2212 1148 2258 torus
1190 2204 1592 2259 immaculatus.
1651 2205 1758 2258 Sed
1798 2214 1853 2258 ct
1896 2204 1999 2257 hoc
2098 2206 2321 2259 caudam
2367 2215 2531 2260 totam
2574 2222 2697 2259 cum
2746 2207 2987 2267 renibus,
3034 2216 3085 2260 et
3122 2207 3560 2277 pinguedinem,
3595 2221 3716 2276 qua:

415 2298 561 2366 quod
592 2297 645 2350 in
685 2298 845 2351 nobis
872 2306 956 2351 est
988 2297 1281 2359 irascibile,
1324 2298 1431 2351 Deo
1479 2297 1642 2352 debet
1670 2297 1849 2351 ollerri
1876 2312 1891 2362 ;
1920 2298 1999 2351 sic
2097 2299 2271 2367 operit
2305 2306 2568 2361 ventrem,
2598 2306 2758 2367 atque
2781 2297 3032 2351 universa
3062 2298 3267 2359 vitalia,
3300 2307 3357 2353 et
3394 2308 3714 2367 utrumque

416 2387 561 2439 enlm
598 2401 708 2439 non
752 2386 819 2439 ad
873 2386 1247 2454 operationem
1282 2386 1510 2456 peccati,
1555 2386 1650 2440 sed
1681 2388 1745 2439 ad
1782 2387 1999 2441 destru-
2096 2389 2457 2442 rcimnculum
2496 2405 2616 2443 cum
2666 2390 2848 2458 adipe,
2879 2390 2972 2458 qui
3016 2397 3099 2442 est
3125 2390 3279 2458 juxta
3325 2389 3450 2453 ilia,
3496 2391 3713 2441 reticu-

416 2478 651 2536 ctioncm
678 2478 881 2547 peccati
912 2477 1068 2530 irasci
1111 2479 1435 2546 poterimus,
1465 2486 1521 2531 et
1553 2477 1720 2532 David
1754 2478 1806 2531 in
1834 2479 1998 2532 nobis

417 2568 729 2639 implebitur
799 2570 1127 2640 Scriptura:
1183 2569 1508 2635 Irascimini,
1558 2579 1604 2624 et
1659 2570 1817 2624 nolite
1876 2586 1995 2637 pec-

414 2677 538 2717 care
559 2661 622 2714 ²³.
659 2661 795 2726 Quia
822 2663 968 2716 enim
993 2671 1076 2715 est
1105 2660 1183 2714 ira
1211 2663 1432 2731 placens
1469 2663 1602 2724 Deo.
1636 2664 1851 2733 quando
1886 2677 1997 2715 non

416 2751 485 2806 ad
514 2752 846 2815 nocendum,
877 2752 970 2807 sed
1008 2754 1075 2807 ad
1108 2754 1493 2823 corrigendum
1534 2754 1769 2823 prolicit,
1806 2755 2000 2824 probat

416 2852 626 2912 aperte,
663 2844 806 2913 quod
836 2844 1071 2914 primum
1097 2845 1164 2899 de
1196 2843 1377 2915 Moyse
1411 2845 1466 2899 in
1500 2845 1685 2900 Exodo
1719 2847 1993 2912 scribitur,

418 2937 494 2988 ait
526 2936 713 2989 enim:
749 2934 984 3006 Cumque
1024 2937 1496 3008 appropinquasset
1534 2938 1602 2991 ad
1644 2948 1841 3005 castra,
1868 2939 1997 2992 vidit

417 3025 660 3090 vitulum,
696 3035 743 3080 et
768 3026 970 3094 choros,
1000 3030 1271 3096 iratusque
1313 3029 1465 3082 valde
1496 3029 1716 3098 projecit
1748 3036 1810 3083 de
1837 3048 1997 3085 manu

420 3117 649 3182 tabulas,
701 3126 750 3171 et
806 3119 1060 3189 confregit
1105 3135 1195 3172 eas
1247 3120 1319 3173 ad
1365 3120 1569 3173 radices
1608 3120 1819 3185 montis,
1853 3122 1998 3173 arri-

419 3208 666 3279 pieusque
707 3208 929 3264 vitulum
984 3225 1137 3280 quem
1168 3212 1422 3281 fecerant,
1450 3211 1752 3276 combussit,
1785 3222 1833 3266 et
1870 3228 1996 3266 con-

422 3301 563 3354 trivit
590 3316 755 3369 usque
780 3303 850 3355 ad
876 3301 1158 3371 puluerem,
1191 3320 1343 3375 quem
1380 3305 1574 3375 sparsit
1601 3306 1657 3359 in
1696 3322 1893 3377 aquam
1949 3315 1997 3361 et

421 3394 563 3447 dedit
596 3410 661 3447 ex
697 3410 756 3448 eo
801 3405 983 3463 putum
1022 3396 1148 3465 filiis
1172 3395 1345 3451 Israel
1361 3398 1426 3452 ”.
1454 3396 1574 3452 Non
1609 3407 1792 3453 tamen
1826 3398 1883 3452 in
1914 3398 2000 3453 bis

422 3485 788 3555 reprehensus
822 3496 924 3552 est,
968 3488 1065 3543 sed
1110 3489 1222 3544 imo
1261 3490 1491 3544 multum
1528 3489 1866 3544 admirabilis
1903 3505 2000 3544 ex-

423 3574 563 3628 stitit
604 3592 617 3628 :
662 3590 728 3629 ex
776 3578 893 3629 zelo
935 3577 1083 3632 enim
1124 3586 1271 3633 tanta
1320 3580 1399 3633 ira
1433 3596 1565 3634 usus
1590 3588 1672 3634 est
1706 3580 1998 3651 legislator,

423 3667 551 3736 quia
577 3674 633 3721 et
672 3665 813 3721 Deus
846 3667 1006 3723 irasci
1033 3669 1085 3723 in
1122 3671 1307 3725 multis
1342 3686 1509 3725 sacrae
1541 3671 1842 3741 Scriptura:
1867 3672 2001 3726 dici-

426 3766 516 3813 tur
556 3758 713 3823 locis,
760 3774 1102 3830 nequaquam
1149 3772 1331 3817 autem
1372 3765 1439 3818 de
1466 3778 1532 3819 eo
1561 3765 1683 3827 hoc,
1715 3765 1759 3819 si
1802 3766 2004 3820 malum

426 3846 641 3911 fuisset,
680 3847 975 3904 diceretur.
1018 3851 1087 3904 Et
1128 3852 1245 3907 haec
1294 3854 1513 3922 quidem
1571 3852 1643 3906 ita
1688 3868 1746 3907 se
1782 3855 2000 3909 habent.

427 3939 568 4006 Quia
605 3950 784 3997 autem
831 3943 885 3996 in
922 3944 1121 4013 hepate
1167 3946 1632 4016 concupiscentia:
1664 3948 2005 4017 requiescere

429 4039 709 4101 putantur,
752 4042 1036 4103 propterea
1083 4036 1339 4105 pinnam,
1380 4037 1432 4091 id
1478 4047 1582 4098 est,
1634 4042 2005 4092 summitatem

428 4126 633 4181 auferri
675 4142 799 4182 cum
839 4128 1060 4183 renibus
1109 4130 1390 4200 praecepit,
1420 4140 1475 4183 et
1502 4130 1694 4183 .oilerri
1723 4130 1790 4183 ad
1814 4130 2001 4193 altare,

432 4227 493 4273 ut
521 4219 589 4273 ab
617 4219 764 4273 omni
814 4218 951 4273 mala
982 4220 1343 4276 delectatione
1379 4222 1728 4288 mundeniur,
1769 4222 2006 4277 scientes

430 4308 555 4377 quia
586 4310 856 4380 primitiva
882 4312 1272 4383 cogitationum
1299 4323 1611 4368 nostrarum
1643 4315 1752 4369 Deo
1785 4328 2007 4368 necesse

436 4399 699 4457 habemus
728 4402 948 4467 oﬁ'erre,
977 4405 1379 4459 sanctilicantes
1419 4421 1517 4475 per
1544 4405 1927 4460 delibationem
1953 4412 2009 4459 et

434 4507 692 4547 massam.
720 4494 778 4548 Si
799 4495 945 4549 enim
972 4496 1227 4551 delibatio
1254 4508 1461 4563 sancta,
1495 4498 1691 4567 inquit,
1722 4506 1777 4552 et
1805 4512 2003 4561 massa,

2099 2479 2317 2549 lmnque
2366 2480 2566 2550 jecoris
2613 2496 2740 2533 cum
2800 2480 3138 2535 renunculis.
3207 2481 3273 2534 Et
3338 2480 3604 2534 adolebit
3641 2494 3703 2531 ea

2098 2574 2352 2626 sacerdos
2386 2587 2550 2641 super
2590 2570 2760 2625 altare
2817 2572 2873 2625 in
2930 2571 3187 2640 pabulum
3219 2571 3388 2642 ignis,
3455 2580 3516 2625 et
3554 2571 3711 2624 obla-

2100 2663 2261 2716 tionis
2294 2662 2527 2716 Domini.
2555 2660 2610 2714 Si
2644 2677 2805 2731 capra
2833 2660 2994 2715 fuerit
3027 2662 3407 2731 ejuspblatio,
3447 2671 3509 2717 et
3540 2663 3706 2716 obtu-

2098 2753 2220 2807 lerit
2245 2768 2365 2807 eam
2392 2754 2640 2816 Domino,
2684 2763 2855 2823 ponet
2887 2769 3109 2807 manum
3132 2770 3285 2809 suam
3321 2769 3507 2824 super
3538 2764 3709 2824 caput

2098 2845 2235 2915 ejus,
2287 2844 2698 2913 immolabitque
2754 2860 2874 2898 eam
2936 2844 2989 2898 in
3045 2845 3273 2899 introitu
3334 2846 3704 2901 tabernaculi

2101 2935 2429 2990 testimonii:
2487 2943 2542 2990 et
2578 2936 2810 2991 fundent
2848 2935 2941 2991 ﬁlii
2995 2936 3176 2990 Aaron
3209 2938 3551 3008 sanguinem
3584 2937 3706 3005 ejus

2098 3044 2196 3099 per
2233 3028 2420 3084 altaris
2453 3028 2765 3094 circuitum,
2811 3028 3111 3099 tollentque
3153 3044 3219 3083 ex
3262 3044 3324 3083 ea
3366 3030 3427 3083 in
3476 3036 3699 3100 pastum

2098 3122 2236 3193 ignis
2274 3121 2540 3175 Dominici
2578 3121 2817 3192 adipem,
2854 3122 2947 3191 qui
2982 3122 3160 3191 operit
3192 3130 3471 3183 ventrem,
3511 3127 3571 3174 et
3606 3119 3700 3187 qui

2021 3237 2068 3299 ς
2101 3221 2243 3284 teget
2292 3212 2544 3267 universa
2575 3212 2776 3276 vitalia,
2813 3214 2950 3268 duos
2985 3213 3318 3267 ranunculos
3380 3228 3515 3266 cum
3567 3211 3698 3264 reti-

2100 3306 2223 3359 culo
2273 3304 2418 3373 quod
2463 3312 2546 3358 est
2614 3318 2783 3373 super
2811 3320 2906 3358 cos
2940 3305 3083 3357 circa
3115 3304 3317 3367 vitalia,
3350 3311 3409 3357 et
3446 3302 3697 3355 arvinam

2095 3396 2297 3467 jecoris
2353 3411 2477 3450 cum
2524 3397 2863 3450 renunculis.
2906 3396 3265 3465 Adolebitquc
3313 3411 3379 3449 ea
3430 3396 3695 3449 saecrdos

2102 3504 2266 3559 super
2284 3488 2453 3543 altare
2476 3489 2530 3541 in
2559 3488 2870 3543 alimoniam
2907 3488 3067 3559 ignis,
3106 3495 3160 3541 et
3201 3487 3523 3541 suavissimi
3554 3486 3693 3539 odo-

2104 3582 2197 3637 ris.
2230 3580 2420 3636 Omnis
2448 3582 2614 3650 adeps
2650 3580 2862 3634 Domini
2903 3582 3005 3633 erit
3032 3581 3156 3648 jure
3192 3591 3465 3649 perpetuo
3506 3578 3563 3631 in
3597 3593 3689 3647 ge-

2103 3673 2494 3737 neraiionibus,
2540 3681 2593 3726 et
2648 3672 2859 3725 cunctis
2921 3670 3245 3724 habitaculis
3305 3667 3533 3733 vestris,
3593 3678 3692 3719 nec

2103 3764 2310 3833 adipes,
2340 3780 2441 3818 nec
2468 3765 2788 3835 sanguinem
2820 3764 3043 3817 omnino
3078 3761 3434 3816 comedetis.)

2173 3854 2345 3921 Quem
2399 3856 2589 3910 bovem
2634 3856 2867 3914 ollerre.
2917 3862 2972 3908 et
3033 3868 3195 3923 queui
3250 3869 3446 3907 rursus
3504 3864 3688 3914 ovem,

2105 3962 2333 4016 quamve
2361 3962 2578 4016 capram
2602 3946 2875 4016 lcgislalor
2903 3943 3174 4015 praecepit,
3214 3944 3345 3997 olim
3378 3945 3433 3997 in
3465 3944 3554 3998 bis
3575 3954 3692 4010 quae

2106 4038 2173 4091 de
2232 4039 2560 4093 holocaustis
2616 4037 2757 4090 dicta
2817 4044 2945 4089 sunt
3013 4036 3384 4103 exposuimus.
3439 4034 3690 4087 Diximus

2107 4129 2251 4183 enim
2303 4130 2567 4184 sacriﬁcia
2622 4128 3133 4181 conversationibus
3177 4127 3535 4181 otlcrentium
3570 4137 3690 4178 esse

2107 4232 2417 4293 comparata
2446 4240 2458 4275 :
2490 4232 2544 4275 et
2582 4221 2888 4275 differentia
2916 4220 3311 4274 sacriﬁciorum
3354 4216 3691 4273 dill'erentias

2109 4315 2588 4369 convcrsationum
2637 4328 2762 4367 esse
2792 4311 3087 4382 ﬁguratas:
3133 4326 3260 4381 ergo
3292 4311 3512 4373 bovem,
3548 4309 3691 4377 lega-

2108 4405 2240 4459 lium
2298 4404 2677 4458 mandatorum
2734 4410 3076 4473 operatorem
3137 4403 3503 4468 ostendimus,
3567 4412 3690 4454 oves

2109 4505 2289 4550 autem
2336 4496 2611 4565 simplices
2662 4509 2784 4548 esse
2822 4495 3080 4558 diximus,
3125 4510 3317 4566 capras
3347 4495 3514 4549 etiam
3564 4492 3691 4545 sim-

435 4584 515 4638 sic
558 4585 704 4639 enim
750 4585 807 4639 in
851 4586 1009 4641 nobis
1036 4587 1325 4643 delectatio
1354 4589 1493 4643 mala
1525 4604 1634 4643 non
1666 4588 1780 4642 ﬁet.
1824 4587 1932 4641 Sed
1962 4586 2006 4640 si
2039 4571 2083 4627 Ῑ)
2113 4587 2282 4657 plices
2302 4587 2520 4654 quidem
2543 4594 2786 4639 versatos
2809 4585 2863 4637 in
2892 4585 3153 4655 peccatis,
3185 4586 3277 4640 sed
3303 4594 3486 4640 tamen
3511 4590 3688 4654 postea

435 4676 638 4733 divitiis
664 4678 787 4748 quis
814 4678 1134 4743 delectatur,
1160 4681 1378 4735 divitias
1402 4682 1622 4750 iustitia:
1647 4688 1871 4750 quaerat,
1894 4680 2009 4734 sive

435 4770 630 4833 salute,
679 4785 797 4825 eam
841 4786 961 4841 qua:
1004 4781 1087 4826 est
1136 4773 1187 4826 in
1234 4772 1632 4841 subjectionem
1671 4779 1728 4826 et
1764 4773 2010 4827 refrena-

437 4863 638 4917 tionem
669 4866 936 4934 corporis,
959 4864 1075 4918 sive
1103 4864 1377 4934 conjugio,
1408 4864 1501 4918 illo
1522 4864 1666 4934 quod
1691 4866 1746 4918 in
1776 4863 2009 4919 ﬁliorum

435 4954 812 5024 procreatione
839 4963 925 5009 est
952 4962 1008 5009 et
1034 4954 1087 5008 in
1125 4954 1405 5024 pudicitia.
1450 4952 1676 5024 Oportet
1703 4964 1883 5009 autem
1910 4968 2012 5008 nos

436 5046 711 5101 reminisci
756 5046 883 5115 quia
918 5061 1066 5100 nunc
1119 5062 1230 5101 non
1263 5061 1389 5101 eum
1417 5048 1508 5117 qui
1545 5062 1602 5103 se
1636 5046 1924 5112 cruciﬁxit,
1958 5056 2015 5101 et

438 5134 784 5190 mortiﬁcavit
827 5138 1053 5201 nnmdo,
1088 5137 1182 5190 sed
1232 5153 1356 5191 eum
1385 5139 1477 5207 qui
1506 5139 1852 5194 mediocriter
1883 5153 2015 5193 con-

436 5223 1022 5295 versatur,legislator
1069 5225 1373 5297 descripsit.
1412 5227 1564 5284 Unde
1608 5230 1726 5298 ejus
1767 5239 1821 5283 et
1857 5245 2015 5284 renes

438 5313 626 5369 oﬂ'erri
663 5316 840 5385 jubet,
872 5318 1168 5373 ostendens
1196 5320 1320 5389 quia
1354 5320 1422 5374 de
1446 5335 1513 5374 eo
1539 5321 1630 5390 qui
1677 5321 1731 5373 in
1762 5321 2017 5391 conjugio

438 5416 814 5471 conservatur,
855 5407 1133 5478 loquitur:
1165 5426 1287 5465 esse
1322 5419 1505 5464 autem
1538 5412 1593 5464 in
1625 5412 1847 5465 renibus
1873 5412 2016 5466 dixis

440 5512 564 5553 mus
612 5497 823 5554 coitalis
864 5501 1196 5569 operationis
1227 5502 1455 5555 semina.
1510 5500 1893 5556 Verumtamen
1942 5503 2016 5556 ita

440 5603 502 5645 sc
525 5590 650 5660 quis
661 5590 1140 5662 debetdisponere,
1169 5603 1227 5647 ut
1252 5608 1413 5647 omne
1434 5593 1786 5659 desiderium,
1816 5603 1870 5647 et
1892 5609 2019 5664 pro-

441 5682 678 5752 positum
729 5683 1023 5753 cujuslibet
1078 5685 1332 5750 actionis,
1385 5693 1441 5739 et
1491 5685 2020 5741 consummationem

528 5820 787 5876 “Jerem.
842 5836 975 5886 svtt,
1024 5822 1105 5877 ID.
1206 5821 1411 5875 “Psal.
1472 5839 1597 5884 xxv,
1656 5821 1706 5875 l.

446 5893 492 5928 ⁸³
516 5895 680 5949 Amos
736 5909 826 5959 vn,
859 5893 940 5947 li.

1785 5822 1830 5853 "
1861 5822 1998 5877 Gen.
2050 5839 2194 5888 xux,
2246 5822 2332 5876 l0.

2114 4690 2432 4732 conversos.
2478 4674 2585 4730 Sed
2633 4676 2707 4729 ibi
2747 4676 2943 4731 ovibus
2970 4676 3134 4730 etiam
3167 4690 3457 4746 caprarum
3485 4670 3691 4730 sacriﬁ-

2114 4767 2261 4823 cium
2290 4766 2529 4829 miscuit,
2558 4767 2636 4819 ait
2662 4766 2806 4820 enim
2832 4784 2845 4820 :

2188 4860 2340 4924 Quod
2368 4857 2415 4911 si
2447 4858 2510 4910 de
2541 4859 2808 4926 pecoribus
2828 4856 3024 4911 oblatio
3052 4866 3145 4922 est,
3190 4859 3252 4912 de
3296 4858 3475 4912 ovibus
3500 4858 3602 4913 sive
3631 4852 3689 4905 de

2118 4954 2291 5021 capris
2324 4951 2685 5005 holocaustum
2717 4951 3026 5003 anniculam
3063 4950 3256 5021 absque
3291 4949 3500 5003 macula
3530 4948 3684 5017 offert.

2115 5042 2467 5112 Septuaginta
2489 5049 2671 5096 autem
2716 5040 2795 5095 sic
2833 5040 3002 5094 edunt
3029 5056 3044 5092 :
3077 5038 3133 5093 Si
3168 5038 3236 5093 ab
3267 5038 3462 5093 ovibus
3493 5045 3684 5091 manus

2116 5132 2256 5199 ejus,
2290 5132 2361 5185 ab
2392 5130 2546 5199 agnis
2577 5138 2632 5183 et
2655 5127 2825 5184 haedis
2854 5129 2909 5181 in
2952 5128 3354 5192 holocaustum,
3394 5123 3683 5181 masculum

2118 5222 2526 5276 immaculatum
2570 5222 2767 5276 oﬁ‘eret
2815 5220 2989 5285 illum,
3035 5220 3162 5290 quia
3192 5233 3323 5274 oves
3360 5233 3535 5290 genus
3560 5226 3684 5283 quo-

2118 5317 2412 5372 dammodo
2458 5333 2579 5372 esse
2614 5332 2879 5389 agnorum
2926 5325 2981 5370 et
3024 5315 3308 5371 haedorum
3375 5307 3681 5383 complcxim

2122 5409 2289 5464 Vetus
2323 5407 2730 5464 Testamentum
2755 5408 3060 5463 aestimavit.
3095 5407 3345 5463 Invenies
3372 5415 3570 5467 tamen,
3600 5395 3683 5454 scd

2124 5511 2178 5556 et
2216 5503 2361 5572 apud
2406 5502 2723 5573 pr0phetam
2764 5501 2932 5556 Amos
2982 5516 3175 5570 capras
3215 5499 3511 5569 appellatas
3537 5506 3680 5554 oves;

2124 5594 2201 5648 ait
2234 5595 2378 5648 enim
2405 5612 2419 5648 :
2442 5594 2561 5647 Non
2584 5610 2701 5647 sum
2730 5594 3010 5662 propheta,
3047 5608 3139 5645 nec
3175 5591 3317 5661 ﬁlius
3353 5582 3679 5661 propheta".

2127 5686 2221 5741 sed
2258 5686 2479 5749 αἰπόλος
2517 5702 2617 5757 ego
2646 5701 2789 5749 sum,
2817 5685 3081 5739 vellicans
3112 5684 3396 5737 sicamina.
3432 5682 3498 5737 Et
3526 5686 3682 5734 sustu-

2414 5822 2458 5853 ’³
2497 5820 2638 5876 Psal.
2696 5839 2770 5886 iv,
2820 5821 2871 5873 5.
2948 5818 3190 5873 “Exod.
3246 5836 3417 5883 xuii,
3468 5819 3551 5881 l9,
3598 5810 3672 5866 20.
