4046 6442
281 477 395 544 817
1444 489 1528 549 IN
1570 487 1879 551 LEVITIC

1972 487 2011 548 [.
2053 515 2123 525 --
2164 492 2310 552 LIB.
2352 491 2401 551 Ι.
3461 487 3570 560 818

280 592 349 650 lit
374 609 462 649 me
497 592 764 651 Dominus
800 609 869 651 ex
906 597 1163 669 gregibus
1209 599 1415 656 ovium.
1469 601 1605 657 Cum
1656 602 1874 675 proprie
1901 604 1948 658 Α
1975 603 2379 674 simplicitatem
2421 603 2648 669 habent,
2671 609 3051 657 verumtamen
3085 599 3156 656 ab
3182 600 3333 656 omni
3362 601 3568 657 malitia

280 692 524 756 αἰπόλοι,
574 684 665 764 qui
711 709 903 765 capras
948 706 1180 767 pascunt
1229 698 1590 770 appellentur,
1634 698 1869 754 mauife-
1974 697 2193 753 munda:
2218 704 2365 752 sunt.
2393 694 2499 763 Qui
2522 704 2705 750 autem
2730 709 2799 749 ex
2824 693 3002 749 bobus
3022 691 3353 748 sacrificium
3373 692 3559 759 oﬂcrt,

280 790 428 837 stum
471 791 555 838 est
605 784 732 854 quia
777 794 833 840 et
876 802 1068 858 capras
1109 788 1250 844 inter
1306 806 1437 845 oves
1500 792 1698 861 posuit.
1732 792 1872 857 Quia
1975 798 2162 859 utpote
2196 797 2451 859 Operator
2488 787 2742 859 legalium
2789 786 3200 851 mandatorum,
3243 801 3354 839 non
3396 785 3564 841 habet

280 888 419 942 ergo
462 876 707 945 quaedam
755 893 821 933 ex
867 878 1000 948 ipsis
1044 896 1233 952 agnos,
1276 882 1524 953 quaedam
1567 900 1759 954 capras
1786 885 1872 939 lex
1974 879 2359 935 necessitatem
2405 879 2652 935 lumbum
2702 876 2925 944 offerre,
2979 878 3106 947 quia
3146 877 3253 931 hoc
3285 875 3341 931 in
3375 891 3567 932 corre-

280 965 434 1030 dicit,
476 982 706 1037 quorum
758 969 977 1039 quidem
1022 972 1144 1042 agni
1186 972 1462 1043 simplices
1508 983 1720 1030 tantum
1749 995 1763 1031 :
1818 985 1874 1031 et
1974 973 2157 1028 ctione
2190 974 2455 1028 bonarum
2481 973 2707 1029 sortitus
2730 981 2815 1027 est
2844 970 3148 1026 actionum.
3179 969 3231 1023 ls
3260 977 3442 1023 autem
3472 969 3567 1037 qui

280 1058 377 1126 qui
425 1059 559 1113 nihil
590 1070 955 1129 peccaverunt
986 1063 1358 1134 significantur
1394 1084 1407 1119 :
1452 1082 1629 1136 capra:
1661 1075 1869 1133 autem,
1972 1067 2041 1122 de
2078 1066 2257 1137 capris
2297 1066 2563 1131 immolat,
2613 1066 2717 1121 etsi
2764 1064 3032 1135 simplicis
3074 1071 3158 1119 est
3198 1060 3438 1133 generis,
3472 1076 3567 1115 ve-

278 1148 557 1218 simplices
585 1150 830 1220 quidem.
868 1153 964 1208 sed
995 1154 1086 1224 qui
1113 1167 1499 1221 peccaverunt,
1533 1166 1589 1214 et
1619 1161 1869 1215 conversi
1975 1169 2280 1215 rumtamen
2329 1160 2456 1230 quia
2505 1175 2572 1214 ex
2620 1158 3002 1228 peccatoribus
3049 1155 3335 1213 conversis
3409 1149 3570 1213 intel-

275 1247 431 1293 sunt.
485 1237 686 1294 Horum
723 1241 1051 1298 sacrificium
1093 1260 1262 1299 unum
1307 1248 1711 1316 quodammodo
1742 1264 1870 1306 esse
1971 1253 2145 1309 lectus
2164 1261 2269 1319 est,
2288 1269 2398 1308 non
2420 1253 2867 1323 potestlumbum
2898 1250 3313 1306 immaculatum
3339 1246 3564 1311 offerre,

276 1329 339 1385 in
409 1332 936 1390 holocautomatibus
1015 1345 1165 1393 recte
1233 1341 1489 1396 traditum
1569 1350 1674 1398 est.
1730 1343 1867 1399 Cum
1970 1347 2098 1402 olim
2154 1347 2355 1416 quippe
2397 1361 2523 1401 eum
2569 1354 2791 1415 peccato
2834 1343 3147 1399 maculavit.
3208 1341 3564 1396 Manifestum

275 1434 462 1480 autem
504 1429 594 1496 qui
646 1428 884 1498 perfecta
917 1431 1030 1485 vult
1061 1447 1271 1501 sapere,
1300 1435 1400 1489 etsi
1447 1445 1701 1504 peccator
1727 1436 1865 1502 fuit,
1969 1449 2053 1496 est
2082 1456 2212 1512 ergo
2264 1441 2406 1510 quod
2450 1441 2538 1494 hic
2571 1440 2813 1509 quidem,
2852 1446 3040 1507 utpote
3091 1441 3182 1506 qui
3234 1452 3343 1490 non
3387 1435 3565 1489 fuerat

275 1531 348 1569 ex
376 1531 485 1585 quo
522 1514 686 1571 vitam
739 1519 1034 1588 perfectam
1091 1522 1335 1593 elegerit.
1368 1525 1448 1579 sic
1478 1533 1697 1594 oportet
1733 1542 1869 1581 cono
1972 1531 2025 1585 in
2073 1532 2329 1602 peccatis,
2379 1531 2786 1585 immaculatum
2834 1528 3084 1581 lumbum
3124 1525 3326 1581 olierre
3359 1532 3560 1594 potest.

278 1606 511 1666 versari,
550 1606 693 1662 sicut
740 1609 892 1664 illum
940 1612 1031 1681 qui
1070 1622 1197 1667 ante
1230 1630 1336 1667 nou
1374 1617 1636 1683 peccavit.
1692 1617 1748 1671 In
1776 1634 1869 1673 sa-
1970 1620 2071 1688 Qui
2106 1638 2236 1677 vero
2265 1621 2385 1681 fuit.
2414 1621 2504 1675 hic
2540 1620 2650 1689 jam
2685 1634 2796 1673 non
2825 1616 3254 1673 offertlumbum
3290 1617 3341 1669 in
3385 1615 3561 1669 sacri-

275 1696 487 1751 crificio
518 1708 698 1753 autem
748 1700 1125 1770 pacificorum,
1159 1720 1283 1759 cum
1317 1709 1507 1761 eadem
1532 1709 1867 1765 custodisset
1971 1714 2108 1769 ficiis
2136 1732 2149 1768 :
2188 1714 2453 1783 siquidem
2480 1728 2601 1784 qua:
2631 1720 2779 1773 sunt,
2829 1712 2897 1766 de
2931 1709 3112 1780 capris
3141 1709 3459 1770 ascrihitur,
3494 1707 3562 1762 de

274 1800 387 1845 tam
425 1791 479 1846 in
515 1793 780 1849 sacrificio
817 1795 1025 1859 ovium,
1055 1813 1216 1867 quam
1262 1815 1546 1865 caprarum
1589 1810 1644 1856 et
1676 1802 1865 1867 boum,
1970 1804 2169 1873 quibus
2210 1803 2454 1858 lumbum
2492 1801 2676 1857 offerri
2727 1816 2840 1855 non
2885 1800 3141 1865 sancivit,
3188 1808 3243 1853 et
3278 1799 3379 1851 hoc
3420 1806 3561 1859 erat,

271 1900 448 1938 unum
499 1886 601 1940 hoc
669 1886 791 1956 plus
841 1888 895 1941 in
949 1889 1142 1945 ovibus
1189 1892 1505 1961 custodivit,
1557 1895 1704 1964 quod
1753 1911 1867 1950 non
1900 1953 1938 1966 _
1969 1903 2195 1966 propter
2228 1896 2372 1964 quod
2404 1895 2458 1949 in
2482 1893 2751 1949 sacrificio
2775 1893 3131 1963 pacificorum
3164 1892 3232 1945 ab
3272 1890 3426 1960 agnis
3466 1905 3561 1943 ca-

272 1976 452 2029 solum
493 1977 730 2047 adipem,
758 1980 1157 2052 reticulumque
1176 1983 1398 2053 jecoris,
1438 1986 1521 2038 vel
1554 1987 1859 2042 secundum
1898 1953 1940 2008 B
1967 2005 2095 2059 pras
2126 1989 2395 2044 distinxit.
2438 1988 2762 2043 Communia
2798 1995 2983 2041 autem
3032 1996 3161 2040 sunt
3188 1985 3314 2047 alia,
3345 1984 3410 2036 de
3435 1982 3559 2051 qni-

274 2062 634 2138 Septuaginta
681 2070 903 2139 pinnam
937 2072 1166 2141 hepatis,
1204 2074 1299 2129 sed
1334 2091 1494 2131 rencs
1531 2088 1586 2132 et
1608 2080 1856 2133 caudam.
1964 2082 2063 2137 bus
2098 2081 2245 2151 loqui
2290 2080 2665 2136 necessarium
2715 2094 2824 2132 non
2880 2078 3167 2143 habemus,
3198 2076 3249 2129 in
3276 2076 3555 2129 oblatione

271 2156 374 2213 Vel
426 2161 566 2215 idem
634 2164 937 2219 secundum
983 2164 1335 2237 Septuaginta
1386 2169 1630 2224 lumbum
1664 2171 1858 2226 imma-
1960 2177 2300 2241 enimhoum
2337 2173 2669 2229 sufficienter
2720 2180 3009 2227 tractatum
3052 2179 3155 2225 est.
3205 2169 3341 2223 illud
3376 2178 3560 2222 autem

267 2249 515 2305 colatum
554 2267 679 2307 cum
725 2255 947 2310 renibus
974 2256 1137 2326 jussit
1180 2259 1387 2313 offerri.
1421 2259 1560 2326 Quia
1610 2263 1756 2316 enim
1800 2271 1861 2318 ut
1961 2277 2177 2337 oportet
2205 2267 2483 2337 cognosci,
2510 2264 2787 2336 quomodo
2819 2263 2912 2318 ubi
2942 2262 3061 2317 ait:

266 2346 527 2415 simplex,
579 2348 745 2402 multa
779 2365 901 2418 quae
940 2350 1157 2419 operari
1206 2352 1411 2416 debuit,
1463 2353 1859 2423 omisit,,debet
2031 2360 2269 2416 Adolebil
2299 2377 2360 2414 ea
2411 2359 2657 2414 sacerdos
2699 2375 2858 2427 super
2917 2356 3094 2411 altare
3138 2354 3193 2408 in
3241 2353 3559 2408 alimoniam

268 2453 428 2492 suam
482 2440 736 2495 virtutem
780 2441 979 2497 olicrre
1021 2441 1151 2507 Deo,
1184 2453 1242 2498 ut
1268 2460 1375 2499 non
1420 2445 1621 2501 virtute
1670 2464 1767 2502 sua
1799 2448 1855 2504 in
1961 2450 2118 2524 ignis,
2155 2464 2202 2508 et
2234 2452 2539 2508 suavissimi
2567 2452 2744 2507 odoris
2766 2492 2782 2518 ,
2815 2465 2937 2506 cum
2968 2447 3321 2518 Septuaginta
3350 2446 3557 2501 edidis-

266 2530 477 2586 malum
506 2540 564 2586 ut
595 2532 846 2602 simplex,
898 2534 994 2589 sed
1044 2537 1216 2605 magis
1246 2545 1428 2592 utatur
1466 2538 1520 2593 in
1547 2540 1773 2606 bonum,
1804 2550 1862 2598 et
1961 2552 2085 2598 sent
2124 2561 2137 2595 :
2168 2540 2359 2612 Oﬁeret
2391 2540 2526 2595 illud
2552 2541 2796 2593 sacerdos
2825 2528 2895 2597 ad
2937 2539 3131 2615 altare,
3168 2524 3316 2605 extra
3346 2539 3557 2591 odorem

265 2624 625 2681 manifestum
682 2625 869 2689 faciat,
918 2627 1045 2698 quia
1099 2629 1239 2683 nihil
1286 2646 1354 2684 ex
1418 2631 1502 2687 his
1546 2649 1668 2701 qua:
1718 2634 1859 2690 scire
1959 2634 2275 2699 suauitatis,
2317 2632 2503 2688 caeteri
2560 2626 2889 2700 mterprete's
2937 2630 2995 2684 in
3034 2618 3297 2697 sacriﬁcio
3324 2628 3546 2697 quidem

265 2724 474 2786 potest,
519 2726 575 2773 ct
615 2720 843 2789 exsequi
888 2720 1092 2776 omisit.
1132 2721 1267 2777 Nam
1317 2724 1463 2794 quod
1507 2742 1605 2795 pro
1637 2726 1857 2791 virtute,
1959 2729 2487 2791 holocautomatum,
2551 2737 2651 2793 pro
2707 2723 2837 2777 extis
2914 2721 3341 2776 holocautomata
3395 2737 3412 2775 :
3464 2717 3555 2775 alii

264 2824 380 2878 qua
410 2811 646 2866 maxime
694 2812 911 2869 lumbus
936 2814 1077 2884 apud
1113 2824 1355 2871 sanctam
1397 2816 1738 2888 Scripturam
1762 2835 1858 2875 ac-
1960 2830 2142 2875 autem
2181 2819 2497 2873 oblationem
2562 2815 2877 2871 ediderunt.
2930 2813 2986 2869 In
3014 2814 3121 2869 hoc
3147 2821 3327 2867 autem
3354 2812 3547 2881 paciﬁ-

261 2901 494 2971 cipitur,
542 2906 827 2976 cognoscis
868 2923 935 2962 ex
984 2907 1070 2963 his
1108 2907 1166 2963 in
1210 2909 1411 2979 quibus
1475 2911 1721 2966 Roboam
1755 2913 1860 2967 cir-
1960 2929 2149 2968 corum
2196 2910 2489 2973 sacrificio,
2552 2908 2644 2964 hic
2698 2906 2921 2977 quidem
2961 2921 3181 2976 panem,
3228 2904 3318 2960 alii
3369 2913 3553 2958 autem

259 3003 605 3050 cumstantes
652 2994 805 3065 pueri
858 3004 1048 3052 contra
1098 2996 1358 3067 populum
1393 2996 1764 3060 immiserunt.
1798 3008 1858 3055 ut
1959 3005 2339 3061 frumentum:
2392 3002 2831 3056 demonstrantes
2855 2998 2974 3053 sine
3017 2998 3185 3053 dubio
3252 2998 3402 3067 quia.
3451 2995 3557 3051 etsi

260 3083 467 3139 fortem
538 3087 892 3156 semetipsum
946 3097 1002 3142 et
1053 3082 1352 3143 terribilem
1415 3091 1855 3148 demonstraret:
1959 3114 2068 3151 non
2110 3094 2365 3164 perfecta:
2397 3091 2761 3162 philosophia:
2792 3089 2866 3143 sit
2894 3087 3121 3150 oblatio,
3164 3087 3268 3141 hoc
3296 3086 3442 3139 enim
3473 3090 3560 3138 est

260 3177 400 3231 Hu'c
431 3180 573 3234 dices
606 3181 677 3233 ad
701 3197 786 3234 eos
818 3196 837 3234 :
875 3180 1121 3235 Minimus
1144 3183 1339 3252 digitus
1370 3200 1514 3238 meus
1537 3187 1764 3257 grossior
1782 3195 1856 3240 est
1962 3187 2459 3243 holocautomatum
2528 3180 2879 3247 sacrificium,
2963 3186 3344 3233 verumtamen
3403 3173 3557 3228 salii-

260 3267 462 3323 lumbis
508 3271 678 3339 patris
706 3271 882 3324 mei".
920 3271 1027 3326 Sed
1059 3280 1114 3325 et
1143 3270 1414 3328 lsraelitas
1452 3275 1681 3344 cupiens
1713 3276 1855 3330 Deus
1881 3291 1926 3348 ο
1958 3282 2111 3337 ciens
2162 3288 2249 3334 est
2289 3278 2453 3331 etiam
2508 3276 2623 3330 haec
2652 3270 2876 3344 pascere
2914 3272 2969 3325 in
3028 3269 3117 3326 his
3178 3284 3300 3338 quae
3327 3275 3456 3321 sunt
3488 3266 3555 3321 ad

260 3377 483 3415 armare
516 3363 580 3416 ad
612 3364 891 3428 virtutem,
922 3362 1088 3434 Moysi
1133 3364 1204 3419 ita
1235 3366 1491 3435 praecepit
1521 3384 1533 3420 :
1568 3365 1656 3421 Sic
1680 3384 1855 3421 come-
1963 3367 2212 3433 salutem,
2243 3376 2294 3422 et
2337 3363 2714 3420 fortitudinem
2767 3362 2899 3417 dare
2943 3356 3223 3415 offerenti.
3257 3357 3370 3411 lloc
3405 3355 3553 3409 enim

257 3455 403 3507 detis
434 3454 627 3508 illum:
664 3453 863 3508 lumbos
882 3463 1079 3508 vestros
1109 3456 1462 3525 praecingetis,
1498 3456 1855 3512 calceamenta
1963 3461 2357 3516 nutrimentum
2436 3470 2630 3525 panem
2708 3453 2952 3523 praebere
3028 3448 3196 3503 David
3238 3510 3243 3513 _
3285 3447 3553 3516 propheta

257 3546 517 3601 habentes
555 3548 607 3600 in
639 3548 874 3617 pedibus,
905 3556 1138 3601 tenentes
1172 3548 1228 3601 in
1276 3549 1521 3603 manibus
1549 3549 1781 3616 buculos,
1807 3560 1857 3605 et
1963 3552 2118 3615 dicit.
2149 3566 2274 3606 cum
2324 3550 2402 3605 ait
2433 3568 2447 3605 :
2500 3548 2669 3603 Panis
2730 3547 2870 3601 enim
2936 3543 3221 3614 conﬁrmat
3275 3555 3366 3593 cor
3390 3539 3554 3593 homi-

258 3639 549 3691 comedetis
591 3639 977 3709 festinanter".
1033 3639 1232 3695 Paulus
1272 3640 1456 3706 etiam,
1502 3658 1628 3696 cum
1665 3651 1856 3699 contra
1964 3645 2124 3700 nis".

258 3730 548 3800 principes
571 3742 623 3785 et
660 3732 1233 3802 potestatesindiceret
1267 3735 1487 3800 bellum,
1511 3735 1682 3790 dixit:
1709 3736 1858 3791 State
2032 3739 2215 3795 Omnis
2243 3737 2406 3807 adeps
2440 3734 2649 3789 Domini
2673 3734 2772 3788 erit
2792 3733 2919 3803 jure
2947 3741 3199 3804 perpetuo
3241 3732 3295 3785 in
3334 3744 3556 3801 genera-

257 3822 520 3875 succincli
566 3821 765 3875 lumbos
816 3833 1008 3876 vestros
1049 3821 1107 3873 in
1166 3823 1406 3885 veritate,
1455 3824 1624 3876 induti
1691 3823 1854 3877 lorica

1963 3829 2211 3892 tionibus,
2243 3837 2292 3881 et
2336 3824 2536 3879 cunctis
2589 3821 2902 3876 habitaculis
2954 3820 3155 3882 uestris,
3208 3835 3299 3873 nec
3344 3816 3554 3886 adipem

250 3913 573 3981 jusliliw".
607 3913 712 3969 Sed
744 3924 800 3969 et
840 3915 1103 3971 Dominus
1137 3916 1401 3986 apostolis
1450 3915 1705 3970 dicebat:
1736 3914 1855 3970 Sint
1964 3940 2055 3978 nec
2079 3920 2392 3992 sanguinem
2440 3917 2654 3971 omnino
2682 3915 2988 3969 comedetis.
3034 3912 3288 3982 Adipem,
3313 3912 3434 3979 ejus
3460 3906 3553 3977 qui

259 4007 436 4061 lumbi
480 4008 636 4060 vestri
664 4007 1009 4076 pracincli”.
1045 4009 1151 4064 Sed
1186 4009 1288 4063 etsi
1329 4014 1741 4077 cooperatorem
1769 4008 1856 4063 di-
1963 4016 2017 4071 in
2060 4014 2218 4069 nobis
2251 4020 2332 4066 est
2362 4009 2619 4065 desiderii
2666 4022 2767 4063 seu
2798 4004 3287 4073 concupiscentiae,
3332 3998 3557 4070 sangui-

257 4112 460 4152 camus
514 4099 754 4151 lumbum
801 4098 1079 4153 coitalium
1110 4098 1549 4154 commistionum
1574 4137 1590 4159 ,
1631 4098 1683 4151 in
1725 4097 1857 4168 ipsis
1961 4123 2089 4162 nem
2128 4118 2257 4160 vero
2280 4103 2477 4159 animm
2502 4101 2729 4171 ﬁguram
2747 4114 2939 4171 gerere
2963 4096 3223 4153 diximus.
3254 4093 3392 4159 Quia
3422 4106 3553 4163 ergo

257 4190 416 4245 enim
459 4198 515 4244 et
560 4205 719 4266 renes
748 4191 1005 4259 rejacent,
1042 4190 1189 4245 unde
1215 4202 1271 4245 et
1299 4189 1503 4245 Paulus
1530 4190 1597 4245 de
1626 4189 1754 4245 Levi
1782 4190 1851 4246 ad
1963 4197 2177 4266 adipem
2210 4194 2266 4248 in
2305 4201 2573 4248 mternum
2605 4190 2872 4261 praecepit
2912 4187 3145 4243 Domino
3184 4185 3397 4248 oﬂ‘erri,
3429 4198 3551 4236 ma-

258 4279 530 4333 Hebrzeos
555 4264 798 4334 scribens
829 4282 942 4335 ait:
980 4279 1165 4334 Adhuc
1203 4282 1341 4335 enim
1381 4280 1435 4334 in
1464 4279 1652 4334 lumbis
1686 4281 1856 4349 patris
1960 4264 2221 4345 niféstum
2257 4295 2335 4342 es.
2392 4284 2519 4355 quia
2546 4281 2862 4339 consecrari
2895 4280 3007 4335 Deo
3043 4287 3298 4335 nostrum
3334 4274 3555 4331 deside-

257 4381 403 4435 εναιν
453 4372 664 4437 quando
718 4371 894 4426 obvius
950 4382 1024 4426 εει
1079 4373 1127 4426 εἰ
1177 4372 1624 4427 Melchisedech”.
1686 4372 1856 4428 Recte
1963 4385 2101 4437 rium
2127 4381 2245 4435 sive
2270 4375 2775 4447 concupiscentiam
2817 4374 2956 4429 vult.
2988 4373 3047 4427 In
3077 4380 3343 4428 aeternum
3371 4376 3554 4423 autem

255 4461 414 4516 cauti
456 4462 760 4516 redduntur
790 4463 1086 4533 simplices,
1131 4472 1322 4533 utpote
1365 4464 1456 4533 qui
1492 4480 1558 4518 ex
1600 4465 1856 4534 simplici—
1964 4474 2088 4535 huc,
2124 4487 2193 4526 ne
2221 4471 2289 4526 ad
2323 4470 2494 4524 Deum
2525 4468 2654 4523 illud
2691 4476 2749 4523 et
2788 4466 2857 4522 ad
2901 4465 3174 4521 mundum
3222 4460 3553 4519 dividamus.

257 4562 379 4611 tate
421 4553 579 4609 facile
634 4562 884 4625 poterant
924 4555 993 4610 ad
1042 4555 1379 4625 voluptatem
1421 4556 1582 4621 trahi,
1636 4564 1694 4610 ut
1742 4572 1853 4612 non
1962 4567 2190 4636 Propter
2218 4565 2363 4635 quod
2395 4573 2451 4619 et
2481 4562 2735 4619 addidit:

259 4648 450 4702 solum
486 4663 665 4713 renes,
698 4657 753 4704 et
775 4648 1012 4718 adipem,
1045 4649 1139 4718 qui
1170 4663 1337 4718 super
1362 4649 1511 4718 ipsos
1537 4658 1641 4714 est,
1668 4650 1765 4704 sed
1795 4661 1850 4706 et
1884 4651 1928 4705 D
2026 4658 2090 4713 In
2122 4656 2559 4730 generationibus,
2610 4654 2663 4709 id
2689 4662 2773 4709 est
2813 4667 2912 4723 per
2936 4650 3177 4718 singulas
3205 4656 3432 4711 aetates;
3467 4644 3557 4699 hic

262 4739 539 4805 lumbum,
592 4741 686 4810 qui
728 4750 813 4795 est
844 4739 897 4794 in
951 4740 1197 4805 renibus,
1238 4739 1474 4794 offerant
1516 4739 1649 4795 Deo.
1702 4738 1857 4809 Quod

1959 4749 2339 4820 generationes
2378 4755 2584 4811 autem,
2618 4743 3055 4815 permntationes
3085 4748 3306 4795 aetatum
3351 4735 3557 4790 intelli.

263 4841 456 4887 autem
481 4834 664 4903 adjicit
695 4834 749 4887 in
771 4833 965 4887 eadem
1004 4832 1399 4888 translatione:
1957 4847 2180 4908 guntur,
2218 4837 2365 4905 quod
2419 4833 2664 4890 ostendit
2716 4829 3004 4896 Jeremias,
3052 4845 3177 4885 cum
3210 4826 3418 4897 populo
3456 4824 3556 4878 Ju-

343 4924 472 4981 Sine
512 4926 720 4979 macula
754 4927 1040 4996 integrum,
1088 4924 1168 4980 sic
1192 4924 1453 4994 intellige,
1489 4923 1636 4993 quod
1668 4923 1859 4993 expla-
1956 4928 2115 4985 daico
2146 4928 2199 4982 in
2236 4926 2531 4997 Babylonia
2560 4923 2854 4988 scriberet,
2902 4921 2960 4976 in
2992 4929 3206 4991 septem
3243 4913 3559 4990 generatio-

264 5037 413 5075 nans
440 5019 818 5088 Symmachus,
852 5032 949 5087 pro
988 5016 1331 5071 immaculato
1362 5018 1633 5085 integrum
1666 5032 1863 5087 propo—
1958 5021 2141 5083 nibus,
2170 5019 2516 5090 septuaginta
2562 5029 2838 5071 annorum
2866 5013 3059 5069 dicens
3091 5025 3384 5067 numerum
3412 5027 3426 5065 :
3462 5007 3558 5079 qui

266 5115 405 5178 suit,
446 5113 640 5183 Aquila
682 5120 865 5166 autem
917 5113 1201 5183 perfectum
1225 5128 1245 5167 :
1290 5128 1417 5166 nam
1472 5118 1526 5167 et
1573 5122 1861 5181 propterea
1960 5128 2070 5166 non
2103 5114 2207 5168 hoc
2243 5114 2472 5174 diceret,
2502 5109 2549 5165 si
2577 5125 2691 5163 non
2718 5124 2786 5165 ex
2830 5123 2897 5163 eo
2926 5114 3151 5162 aetatum
3182 5104 3328 5159 vices
3360 5116 3558 5157 succe-

265 5222 393 5261 cum
449 5205 660 5259 renibus
688 5204 916 5267 addidit,
947 5205 1221 5275 integrum
1252 5205 1380 5259 illud
1414 5205 1857 5274 perfectumque,
1960 5204 2207 5260 dentium
2243 5204 2603 5275 signiﬁcaret;
2633 5202 2713 5258 ait
2741 5201 2927 5258 enim:
2961 5199 3326 5271 Ingredientes
3356 5196 3412 5249 in
3441 5193 3556 5249 Ba-

268 5298 576 5355 sectmdum
625 5297 771 5368 quod
822 5298 1079 5361 diximus,
1129 5298 1310 5376 offerri
1356 5299 1566 5362 volens,
1616 5315 1686 5353 ne
1713 5299 1859 5354 aliud
1963 5294 2220 5363 bylonem,
2249 5294 2392 5348 eritis
2422 5294 2495 5347 ibi
2536 5294 2695 5347 annis
2745 5292 3014 5359 plurimis,
3044 5299 3093 5344 et
3124 5289 3275 5359 longo
3303 5297 3555 5358 tempore,

268 5392 396 5457 ejus
441 5390 573 5451 Deo,
622 5390 767 5444 aliud
813 5400 995 5444 autem
1031 5389 1348 5445 adversario
1392 5390 1623 5461 simplex
1658 5392 1861 5446 oli‘era-
1963 5404 2125 5456 usque
2151 5388 2221 5440 ad
2246 5388 2610 5457 generationes
2634 5397 2831 5455 septem
2849 5387 2911 5439 ³³.

271 5489 383 5533 tur.
420 5479 630 5534 Sufﬁcit
667 5480 814 5533 eiiim
848 5480 976 5535 huic
1007 5480 1073 5534 ad
1106 5479 1344 5543 veniam,
1386 5495 1451 5535 ea
1480 5496 1602 5547 quae
1638 5481 1858 5535 virtutis
2035 5480 2097 5535 In
2121 5481 2319 5533 cunctis
2348 5491 2525 5533 autem
2564 5478 2901 5541 habitaculis,
2936 5475 2989 5530 id
3019 5482 3105 5529 est
3142 5472 3197 5526 in
3235 5470 3389 5526 omni
3415 5485 3553 5523 con-

272 5580 408 5625 sunt
434 5586 543 5624 non
586 5586 788 5641 agere:
825 5587 951 5624 nam
991 5586 1115 5624 cum
1148 5571 1287 5625 mala
1314 5581 1596 5639 operatur,
1639 5573 1855 5627 veniam
1964 5574 2289 5638 versatione,
2340 5573 2455 5627 sive
2503 5572 2763 5627 socialem
2803 5571 2942 5624 hanc
2984 5580 3232 5639 agamus,
3281 5564 3396 5618 sive
3427 5561 3557 5615 soli-

271 5680 384 5718 non
423 5664 660 5718 habebit.
687 5661 842 5718 Unde
863 5661 1137 5731 simplices
1160 5670 1220 5716 ut
1246 5664 1526 5719 columbas
1554 5664 1709 5732 jubet
1734 5679 1855 5719 esse
1966 5663 2155 5716 tariam
2224 5678 2579 5731 assequamur
2632 5661 2800 5716 vitam
2838 5676 2852 5725 ;
2889 5658 3034 5712 unde
3082 5655 3255 5711 David
3281 5653 3501 5709 diccbat
3537 5669 3553 5705 :

271 5756 621 5819 Dominus",
677 5756 805 5825 quia
847 5755 1114 5810 columba:
1166 5754 1389 5809 nimiam
1448 5757 1852 5827 quodammodo
1963 5753 2063 5821 Qui
2125 5755 2361 5809 habitare
2419 5755 2547 5825 facit
2620 5754 2894 5808 unanimes
2934 5751 2988 5803 in
3028 5746 3262 5803 domo“.
3322 5744 3553 5813 Adipem

315 5888 453 5959 "_ll|
489 5887 739 5957 Reg.xu,
773 5890 854 5951 l0,
956 5890 1001 5921 ’⁷
1027 5888 1197 5944 Exod.
1233 5906 1330 5950 xu.
1360 5891 1450 5949 il.
1563 5892 1609 5924 ’⁸
1636 5891 1835 5959 Ephes.
1866 5905 1942 5952 vr,
1976 5891 2059 5945 Η.
2164 5892 2207 5923 ”
2227 5889 2359 5945 Luc.
2399 5906 2493 5957 xu,
2530 5890 2621 5945 35.
2699 5888 2745 5921 ”
2778 5852 3077 5948 Hebr.'v°t‘t.’
3279 5883 3321 5915 “
3357 5881 3547 5937 Matth.

266 5973 325 6015 ι,
352 5956 432 6015 16.
490 5960 533 5993 ”
563 5956 708 6016 Psal.
750 5977 862 6025 cm,
888 5960 972 6015 15.
1049 5958 1093 5992 ³³
1120 5959 1335 6015 Baruch
1366 5978 1456 6025 vt,
1491 5963 1547 6017 2.
1656 5956 1701 5994 "
1732 5961 1853 6018 Psal

1229 5960 1335 6015 uch
1366 5978 1456 6025 vt,
1491 5963 1547 6017 2.
1656 5956 1701 5994 "
1732 5961 1874 6018 Psal.
1907 5977 1998 6029 cu,
2029 5963 2083 6016 9.
2816 6010 2823 6017 .
