3946 6440
502 471 609 537 819

504 598 669 657 atque
724 592 1044 663 sanguinem
1122 602 1380 671 praecepit
1425 585 1665 659 omnino.
1698 621 1808 659 non
1853 606 2084 661 comedi.
2118 610 2162 666 Α
2192 603 2434 664 intende.
2485 602 2612 672 quia
2651 610 2868 672 peccata
2918 601 3055 656 dixit
3126 615 3248 656 esse
3293 602 3486 659 anima:

501 677 732 748 Adipem
761 681 829 736 ad
862 683 984 749 hoc,
1016 687 1140 756 quia
1178 690 1513 747 desiderium
1553 694 1667 749 sive
1688 697 2084 765 concupiscen-

504 768 635 824 tiam
687 787 789 829 nos
828 774 1031 833 habere
1082 784 1378 852 propriam,
1433 786 1485 840 id
1517 799 1602 841 est
1640 789 1936 853 carnalem,
1970 803 2079 843 non

503 860 636 915 vult.
701 864 930 935 Propter
954 873 1097 939 quod
1126 873 1364 931 Jacobus
1405 878 1620 934 dicebat
1653 899 1666 935 :
1723 881 2084 953 Unusquisque

502 963 681 1035 autem
723 965 957 1012 tentatur
1003 978 1036 1014 a
1074 968 1493 1035 concupiscentia
1543 987 1640 1025 sua
1691 972 1985 1027 abstractus
2034 983 2081 1027 et

500 1034 780 1101 tﬂectus".
817 1047 1147 1121 Sanguinem
1190 1066 1391 1124 autem,
1429 1068 1489 1115 ut
1526 1077 1629 1117 nec
1657 1062 1724 1117 ad
1758 1078 1910 1117 suam
1940 1079 2084 1119 mor-

501 1141 633 1227 tem,
663 1152 841 1207 neque
874 1142 940 1195 ad
984 1147 1218 1212 proximi
1252 1160 1440 1206 currat
1473 1169 1486 1206 :
1542 1153 1838 1209 bestiarum
1878 1157 2081 1227 quippe

500 1226 603 1279 hoc
634 1238 718 1283 est
743 1232 1043 1289 crudelium
1074 1242 1377 1310 proprium.
1408 1244 1689 1302 ldeodixit
1716 1266 1729 1302 :
1764 1226 2082 1306 Noniedetis

500 1332 705 1374 omnem
762 1329 1093 1397 sanguinem,
1139 1350 1249 1388 non
1300 1338 1475 1391 solum
1515 1355 1617 1394 nos
1662 1342 1923 1411 proximis
1952 1359 2079 1415 par-

498 1423 644 1475 cere,
692 1416 789 1471 sed
838 1428 894 1474 et
944 1422 1351 1496 nobismetipsis
1396 1431 1740 1500 prmcipiens,
1778 1450 1904 1490 nam
1932 1446 1986 1491 et
2013 1437 2080 1491 ad

496 1500 611 1557 Noe
640 1518 827 1575 aperte
859 1513 982 1568 talia
1010 1531 1201 1573 rursus
1228 1523 1518 1592 praecepit:
1542 1522 1769 1579 Carnem
1801 1543 1918 1581 cum
1949 1546 2080 1583 san-

498 1596 654 1665 guine
686 1616 789 1654 non
854 1610 1150 1674 comedetis,
1196 1616 1506 1685 sanguinem
1574 1619 1713 1671 enim
1770 1621 2079 1676 animarum

496 1701 787 1747 vestrarum
835 1701 1177 1768 requiram“,
1223 1704 1540 1776 signiﬁcans
1584 1709 1712 1778 quia
1764 1725 1862 1780 per
1907 1713 2080 1768 absti-

498 1784 737 1839 nentiam
769 1792 1068 1859 sanguinis,
1100 1796 1168 1851 ab
1198 1797 1506 1855 homicidiis
1534 1803 1648 1856 vult
1670 1803 1946 1861 abstinere
1979 1807 2081 1862 lio-

497 1877 723 1969 minem.
766 1882 869 1941 Pro
917 1887 1027 1943 Deo
1073 1899 1254 1947 autem
1299 1911 1401 1951 nec
1432 1896 1700 1954 immolari
1746 1902 1941 1969 vetuit,
1976 1919 2080 1960 nec

497 1968 777 2041 despicere
821 1978 1078 2045 animam,
1138 1985 1233 2039 sed
1264 1995 1319 2041 et
1346 1988 1570 2045 omnino
1614 1993 1894 2063 praecepit,
1935 1995 2079 2050 unde

498 2071 555 2116 et
585 2067 902 2137 sanguinem
935 2071 1075 2128 circa
1110 2074 1280 2132 basim
1319 2078 1473 2135 fundi
1505 2080 1689 2138 altaris
1710 2084 1895 2154 jussit.

1100 2230 1330 2291 CAPUT
1387 2234 1477 2290 IV.

567 2331 730 2391 Vens.
767 2338 919 2395 1-12.
958 2358 978 2393 ‹
1018 2341 1367 2416 Loculusqne
1402 2358 1487 2404 est
1537 2349 1803 2408 Dominus
1832 2353 1899 2408 ad
1938 2352 2081 2427 Moy—

496 2438 615 2491 ειη,
650 2428 871 2487 dicens:
904 2432 1149 2506 Loquere
1184 2438 1309 2494 ﬁliis
1339 2439 1501 2495 Israel
1536 2442 1766 2499 :Anima
1797 2460 1919 2499 cum
1949 2462 2078 2516 pec-

496 2522 701 2576 caverit
743 2539 838 2593 per
870 2526 1258 2598 ignorantiam,
1298 2540 1353 2586 et
1399 2533 1467 2588 de
1499 2535 1774 2592 universis
1806 2539 2078 2594 mandatis

496 2607 733 2676 Domini,
788 2630 910 2683 quea
949 2621 1205 2689 pracepit
1261 2627 1321 2674 nt
1353 2637 1465 2675 non
1516 2622 1748 2692 ﬁerent,
1798 2628 2074 2697 quidpiam

496 2700 707 2770 fecerit,
752 2707 797 2763 si
841 2710 1099 2766 sacerdos
1148 2712 1240 2782 qui
1272 2723 1355 2768 est
1384 2724 1582 2771 unctus
1612 2720 1945 2787 peccaverit,
1975 2721 2075 2775 de.

496 2792 743 2865 linquere
795 2798 1002 2857 faciens
1046 2806 1328 2875 populum,
1374 2810 1568 2866 oﬁ’eret
1596 2826 1694 2879 pro
1728 2821 1951 2881 peccato
1976 2828 2075 2868 suo

492 2885 726 2945 vitulum
763 2890 1167 2952 immaculatum
1211 2897 1476 2967 Domino,
1519 2909 1570 2957 et
1610 2903 1774 2967 ducet
1814 2905 1962 2959 illum
2007 2907 2074 2960 ad

493 2981 695 3036 ostium
743 2984 1081 3042 tabernaculi
1111 2990 1408 3047 testimonii
1461 3009 1644 3049 coram
1683 2994 1933 3062 Domino,
1976 3014 2073 3065 po-

493 3080 697 3141 netque
737 3090 956 3131 manum
990 3093 1143 3134 suam
1186 3096 1353 3152 super
1386 3085 1563 3154 capite
1596 3086 1738 3155 ejus,
1771 3096 1827 3141 et
1876 3087 2075 3143 immo-

493 3159 629 3217 labit
684 3178 810 3219 eum
869 3166 1118 3224 Domino.
1176 3170 1419 3231 Hauriet.
1445 3191 1661 3246 quoque
1708 3178 1776 3232 de
1810 3179 2075 3250 sanguine

493 3253 671 3320 vituli,
733 3256 974 3316 inferens
1002 3261 1135 3318 illud
1185 3264 1239 3318 in
1267 3265 1678 3322 tabernaculum
1732 3270 2070 3326 testimonii:

496 3362 731 3418 cumque
763 3349 1042 3408 intinxerit
1069 3355 1297 3427 digitum
1322 3358 1376 3413 in
1409 3360 1693 3432 sanguine,
1723 3374 1976 3434 asperget
2000 3350 2073 3420 ex

496 3454 564 3493 eo
594 3440 793 3509 septies
823 3458 1005 3499 coram
1034 3446 1265 3503 Domino
1304 3459 1495 3505 contra
1536 3453 1713 3507 velum
1757 3456 2075 3523 sanctuarii,

499 3539 772 3602 ponetque
811 3533 879 3589 de
908 3535 1099 3591 eodem
1146 3540 1410 3611 sanguine
1446 3556 1606 3612 super
1648 3559 1855 3600 cornua
1883 3547 2073 3603 altaris

500 3623 867 3693 thymiamatis
911 3628 1209 3699 gratissimi
1238 3630 1491 3696 Domino,
1520 3635 1665 3704 quod
1696 3644 1781 3690 est
1806 3637 1862 3691 in
1894 3639 2076 3693 taber-

499 3712 692 3767 naculo
742 3714 1057 3770 testimonii.
1114 3719 1340 3775 Omnem
1407 3730 1587 3775 autem
1646 3724 1913 3794 reliquum
1946 3742 2077 3782 san-

501 3800 721 3870 guinem
768 3803 963 3860 fundet
985 3805 1041 3862 in
1080 3806 1255 3863 basim
1289 3810 1474 3865 altaris
1516 3812 1960 3870 holocaustorum
2019 3818 2075 3872 in

500 3892 723 3951 introitu
776 3897 1127 3958 tabernaculi.
1181 3901 1250 3956 Et
1303 3902 1518 3973 adipem
1567 3906 1721 3960 vituli
1752 3907 1947 3963 offeret
1978 3925 2078 3979 pro

500 3996 743 4055 peccato,
806 3996 913 4043 tam
947 4004 1073 4044 eum
1107 3990 1200 4061 qui
1247 3992 1424 4061 operit
1448 3993 1649 4061 vitalia,
1700 4012 1864 4067 quam
1892 4000 2077 4055 omnia

498 4091 621 4145 quae
661 4077 988 4135 intrinsecus
1015 4089 1164 4146 sunt,
1216 4082 1354 4137 duos
1388 4087 1737 4152 renunculos,
1786 4096 1841 4142 et
1875 4089 2078 4145 reticu-

499 4170 611 4224 lum
661 4170 807 4240 quod
822 4181 907 4228 est
932 4188 1095 4243 super
1122 4189 1217 4229 eos
1241 4176 1393 4245 juxta
1416 4176 1525 4240 ilia,
1551 4186 1603 4231 et
1633 4178 1847 4249 adipem
1875 4182 2079 4250 jecoris

500 4279 623 4317 cum
668 4266 1021 4327 renunculis,
1075 4266 1218 4322 sicut
1260 4266 1539 4323 auferetur
1577 4270 1643 4324 de
1677 4271 1845 4325 vitulo
1884 4273 2079 4329 hostia:

499 4356 869 4426 paciﬁcorum,
901 4368 956 4414 et
974 4358 1214 4414 adolebit
1245 4375 1309 4415 ea
1340 4376 1506 4431 super
1543 4363 1713 4418 altare
1748 4365 2073 4422 holocausti.

500 4450 700 4505 l’ellem
732 4467 883 4516 vero,
924 4460 979 4507 et
1029 4467 1221 4508 omnes
1248 4468 1440 4509 carnes
1470 4470 1592 4510 cum
1636 4458 1815 4527 capite
1841 4468 1895 4513 et
1924 4460 2077 4529 pedi~

498 4542 635 4608 bus,
691 4551 749 4597 et
805 4543 1101 4612 intestinis,
1144 4553 1199 4600 et
1253 4544 1400 4611 ﬁmo,
1450 4554 1505 4601 et
1562 4547 1772 4617 reliquo
1824 4564 2073 4619 corpore,

497 4637 691 4693 efferet
753 4647 906 4692 extra
985 4648 1161 4693 castra
1222 4639 1279 4692 in
1350 4640 1528 4694 locum
1604 4642 1890 4706 mundum,

498 4728 710 4783 cineres
771 4727 979 4784 eﬂ‘undi
1042 4729 1220 4784 solent
1238 4768 1252 4790 .

498 4820 767 4891 lignorum
822 4830 1051 4887 struem,
1097 4836 1217 4891 quae
1246 4821 1300 4875 in
1330 4822 1450 4877 loco
1489 4820 1792 4878 ell‘usorum
1829 4823 2071 4879 cinerum

499 4912 906 4966 cremabuntur.
950 4931 969 4963 ι

567 5002 715 5056 Nihil
767 5018 957 5061 eorum
1001 5019 1122 5073 quae
1166 5005 1471 5059 necessaria
1517 5004 1740 5060 fuerunt
1800 5007 2075 5076 legislator

499 5092 701 5157 ornisit,
743 5093 1035 5164 designans
1119 5095 1321 5164 quippe
1383 5097 1859 5151 conversationum
1911 5096 2069 5151 diife-

500 5186 725 5251 rentias,
757 5194 813 5239 et
851 5187 1146 5242 ostendens
1176 5187 1333 5243 nobis
1365 5188 1482 5243 vias
1509 5189 1562 5242 in
1590 5190 1868 5244 oblatione
1900 5190 2072 5244 sacri-

502 5277 770 5339 ﬁciorum,
799 5277 998 5346 quibus
1028 5292 1129 5332 nos
1160 5287 1403 5347 oporteat
1430 5280 1765 5334 conversari.
1812 5279 1939 5334 Post
1970 5282 2073 5338 hoc

499 5368 806 5424 necessarie
836 5368 1061 5437 exponit
1089 5366 1289 5422 Christi
1313 5369 1658 5434 sacriﬁcium,
1680 5384 1776 5440 per
1804 5372 1948 5438 quod
1969 5388 2073 5427 no-

499 5460 582 5514 bis
639 5468 990 5530 peccatorum
1039 5459 1288 5514 remissio
1338 5469 1392 5515 et
1455 5460 1759 5530 redemptio
1805 5477 2070 5518 concessa

498 5561 599 5606 cst.
618 5552 773 5618 Quod
789 5567 1109 5623 cognosces,
1131 5553 1177 5605 si
1197 5552 1522 5623 legislatoris
1542 5555 1704 5608 verba
1724 5555 2071 5619 discusseris,

498 5655 555 5701 et
582 5646 832 5717 imaginis
868 5647 1031 5716 hujus
1060 5646 1228 5701 colori
1271 5662 1356 5701 res
1388 5647 1531 5717 ipsas
1575 5649 1828 5703 sacriﬁcii
1884 5650 2076 5721 unige-

498 5736 599 5795 niti
623 5739 1043 5808 comparaveris.
1077 5742 1217 5794 Ante
1246 5739 1348 5793 alia
1378 5755 1505 5809 ergo
1534 5741 1638 5796 hoc
1664 5758 1809 5795 nunc
1836 5743 2076 5812 primum

1691 491 2015 554 HESYCllI
2026 495 2053 552 I
2089 491 2558 553 PRESBYTER!

3554 622 3568 658 :
3626 622 3731 676 qui-

2185 693 2308 748 dam
2336 694 2483 747 enim
2526 708 2727 761 corpus
2762 693 2917 760 quasi
2947 692 3173 747 causale
3227 695 3440 763 peccati
3478 709 3730 765 accusant,

2184 784 2277 839 sed
2309 800 2418 838 non
2451 784 2525 838 ita
2554 792 2672 849 est;
2708 800 2835 838 nam
2878 784 2921 838 si
2953 799 3084 838 sana
3129 784 3201 839 sit
3252 785 3457 848 anima,
3498 787 3621 841 nihil
3668 790 3731 845 illi

2182 876 2404 931 nocebit
2432 876 2612 931 carnis
2636 876 2879 933 luxuries
2912 895 2924 931 :
2951 892 3116 946 quam
3148 876 3213 941 si,
3268 878 3565 932 secundum
3594 898 3732 948 quem

2182 976 2399 1036 oportet
2433 968 2653 1022 modum
2678 977 2828 1039 regat
2876 969 3079 1035 anima,
3113 968 3321 1025 recedit
3369 978 3427 1024 et
3470 983 3655 1026 cessat.
3686 974 3735 1027 Si

2182 1068 2364 1114 autem
2399 1060 2579 1115 dicis:
2610 1060 2775 1130 Atqui
2800 1061 3075 1117 nolentem
3126 1077 3248 1116 eam
3292 1077 3527 1132 peccare
3572 1064 3736 1118 dixit:

2182 1160 2558 1206 verumtamen
2585 1168 2707 1221 ;non
2733 1162 2975 1208 coactam
3003 1169 3031 1207 a
3067 1169 3253 1220 carne,
3309 1154 3407 1208 sed
3457 1155 3737 1225 ignorantia

2180 1244 2333 1311 boni,
2364 1260 2527 1316 quam
2552 1261 2619 1301 ex
2642 1246 2971 1317 negligentia
3017 1256 3072 1301 et
3101 1246 3409 1301 imitatione
3429 1247 3736 1304 deteriorum

2179 1337 2405 1406 patitur,
2436 1352 2536 1407 per
2563 1353 2727 1407 quam
2747 1338 2913 1392 etiam
2944 1338 3153 1403 suavia,
3182 1352 3246 1391 ea
3268 1353 3392 1402 quae
3422 1337 3578 1391 noxia
3607 1347 3736 1403 sunt,

2180 1429 2434 1484 aestimat.
2470 1427 2578 1484 Sed
2609 1438 2665 1484 et
2697 1429 2802 1483 hoc
2828 1428 2953 1484 vide
2980 1469 2997 1495 ,
3028 1429 3305 1498 quomodo
3348 1426 3405 1481 in
3448 1427 3627 1482 multis
3662 1443 3738 1483 sa-

2181 1521 2456 1577 cerdotem
2490 1520 2822 1592 permiscet;
2855 1520 2932 1575 ait
2968 1520 3155 1576 enim:

2250 1613 2438 1668 Anima
2461 1630 2579 1668 cum
2600 1615 2907 1684 peccaverit,
2923 1620 2973 1667 et
3001 1613 3065 1667 de
3094 1612 3345 1667 universis
3375 1612 3635 1665 mandatis
3649 1611 3738 1664 Do-

2180 1704 2331 1770 mini,
2360 1720 2476 1775 quae
2504 1704 2753 1774 prwcepit
2785 1713 2843 1757 ut
2872 1720 2975 1757 non
3002 1703 3210 1772 ﬁerent,
3247 1701 3525 1773 quidpiam
3558 1703 3736 1771 fecerit,

2180 1801 2227 1849 si
2257 1797 2500 1850 sacerdos
2528 1796 2617 1867 qui
2649 1805 2726 1850 est
2764 1804 2952 1849 unctus
2983 1795 3296 1863 peccaverit.
3338 1792 3614 1863 Siquidem
3664 1810 3737 1847 sa-

2179 1886 2373 1942 cerdos
2403 1888 2494 1957 qui
2521 1896 2607 1944 est
2645 1895 2843 1943 unctus
2870 1887 3117 1957 peccavit
3151 1885 3418 1940 :similem
3458 1885 3587 1940 dicit
3634 1884 3740 1938 aliis

2111 1959 2151 2013 Β
2179 1979 2520 2034 sacerdotem
2545 1994 2646 2050 pro
2671 1978 2908 2050 peccatis
2927 1978 3274 2044 offerentem,
3290 1977 3419 2048 quia
3438 1986 3494 2031 et
3513 1976 3741 2030 Christus

2176 2071 2338 2126 nobis
2363 2088 2422 2127 se
2457 2072 2690 2127 similem
2719 2072 2987 2141 praebuit;
3024 2072 3092 2127 de
3130 2071 3251 2141 ipso
3280 2068 3487 2140 quippe
3520 2070 3595 2123 ait
3616 2067 3739 2121 Pau-

2175 2162 2262 2218 lus
2293 2181 2308 2219 :
2340 2162 2567 2232 Propter
2595 2168 2731 2234 quod
2750 2165 2926 2219 debuit
2952 2180 3045 2234 per
3065 2163 3242 2216 omnia
3275 2162 3537 2232 fratribus
3571 2160 3739 2215 similis

2177 2273 2305 2321 esse,
2345 2266 2403 2309 ut
2433 2256 2727 2311 misericors
2741 2256 2908 2325 ﬁeret,
2929 2264 2977 2309 et
2999 2254 3168 2325 ﬁdelis
3196 2255 3442 2308 sacerdos
3462 2255 3515 2306 in
3536 2253 3613 2306 his
3639 2269 3740 2322 qua:

2177 2348 2248 2400 ad
2277 2346 2440 2413 Deum
2475 2354 2617 2411 sunt,
2685 2346 2755 2399 ad
2818 2344 3207 2399 reconcilianda
3235 2352 3455 2414 peccata
3492 2342 3664 2412 populi
3680 2342 3735 2406 ³⁷,

2177 2439 2411 2509 plurima
2441 2439 2604 2493 nimis
2628 2439 2792 2510 hujus
2811 2437 2949 2510 legis
2978 2436 3033 2491 in
3065 2437 3294 2492 Domino
3311 2450 3615 2507 exponens.
3644 2432 3740 2488 Sed

2169 2531 2284 2602 jam
2316 2539 2446 2585 sunt
2482 2530 2818 2602 exquirenda
2838 2530 3140 2599 sequentia.
3160 2528 3294 2583 Nam
3322 2544 3456 2584 ecce
3487 2529 3741 2599 legislator

2175 2634 2462 2695 peccatum
2502 2624 2674 2695 ipsius
2721 2622 3039 2687 sacerdotis,
3076 2627 3360 2691 peccatum
3426 2619 3605 2690 populi
3653 2633 3741 2688 ap-

2175 2718 2396 2788 pellavit
2436 2735 2450 2772 :
2506 2717 2632 2787 quia
2672 2715 2953 2787 negligens
3011 2712 3287 2769 sensibilis
3331 2712 3610 2777 sacerdos,
3657 2719 3741 2765 aut

2174 2810 2564 2881 peccansipse,
2597 2820 2691 2865 aut
2742 2824 2854 2863 non
2886 2807 3170 2863 vindicans
3236 2806 3292 2860 in
3343 2805 3736 2877 peccatoribus,

2175 2902 2327 2958 illicit
2352 2918 2448 2957 eos
2496 2901 2588 2972 qui
2615 2901 2781 2956 rudes
2814 2909 2944 2955 sunt
2990 2899 3057 2954 ad
3120 2898 3341 2953 similia.
3401 2896 3742 2968 lntelligibilis

2174 3001 2359 3049 autem
2384 3009 2486 3049 nec
2508 2994 2626 3063 ipse
2653 3000 2938 3063 peccatum
2966 2989 3115 3056 fecit,
3149 3005 3251 3045 nec
3278 3004 3383 3044 nos
3419 2988 3510 3044 vel
3565 3000 3741 3057 parum

2176 3086 2436 3157 neglexit,
2462 3085 2555 3155 qui
2588 3100 2712 3139 cum
2744 3084 2861 3154 lege
2890 3082 3051 3137 nobis
3085 3080 3314 3135 naturali
3338 3079 3508 3135 etiam
3557 3077 3742 3147 scripta

2176 3177 2344 3242 dedit,
2377 3184 2433 3230 et
2462 3190 2575 3230 non
2604 3175 2724 3229 sine
2753 3172 3087 3240 testimonio,
3118 3171 3262 3227 sicut
3290 3171 3365 3225 ait
3406 3169 3627 3231 Paulus,
3662 3180 3742 3221 se-

2178 3269 2469 3338 metipsum
2497 3267 2772 3337 relinquit.
2806 3265 3197 3320 Verumtamen
3248 3263 3373 3333 quia
3437 3262 3604 3333 ﬁgura
3638 3259 3743 3312 hac

2179 3356 2477 3428 coaptanda
2504 3363 2589 3411 est
2615 3356 2670 3409 in
2698 3354 2940 3419 Christo,
2972 3350 3274 3407 secundum
3320 3348 3471 3419 quod
3504 3342 3743 3418 possibile

2179 3454 2281 3511 est,
2307 3455 2368 3501 ut
2387 3460 2485 3515 per
2519 3444 2701 3500 omnia
2723 3442 2975 3513 imaginis
3002 3447 3415 3496 consummetur
3446 3437 3612 3501 color,
3650 3433 3743 3489 hoc

2180 3537 2324 3608 quod
2354 3537 2560 3592 dictum
2590 3545 2696 3603 est,
2728 3535 3025 3591 secundum
3049 3532 3195 3603 quod
3227 3528 3457 3601 dignuin
3489 3538 3573 3584 est
3597 3527 3744 3584 Chri-

2178 3639 2263 3684 sto
2320 3628 2641 3700 intelligibili
2700 3627 2984 3683 sacerdote
3046 3626 3311 3681 debemus
3364 3623 3635 3693 accipere.
3693 3618 3743 3673 Si

2178 3721 2323 3776 enim
2368 3720 2463 3775 Dei
2511 3719 2921 3790 longanimitate
2959 3734 3071 3773 non
3119 3716 3355 3772 volentis
3412 3722 3743 3785 peccatorcm

2177 3812 2425 3883 perdere,
2454 3826 2585 3866 usus
2615 3810 2829 3876 fuisset,
2862 3810 3143 3865 videretur
3163 3807 3443 3863 licentiam
3468 3807 3599 3862 dare
3629 3820 3744 3875 pec-

2178 3904 2447 3968 cantibus,
2482 3914 2703 3974 propter
2739 3902 2883 3974 quod
2921 3902 3090 3957 Isaias
3128 3900 3261 3955 dicit
3304 3917 3317 3953 :
3360 3898 3543 3963 Quare
3580 3910 3745 3951 errare

2180 4014 2270 4052 nos
2295 3997 2482 4069 fecisti,
2515 3996 2753 4062 Domine,
2778 3997 2841 4050 de
2871 3997 2967 4049 viis
3022 3994 3167 4048 tuis?
3213 3992 3489 4047 Indurasti
3540 4007 3626 4044 cor
3666 4005 3747 4042 no-

2177 4100 2365 4153 strum,
2408 4106 2471 4142 ne
2509 4090 2807 4142 timeremus
2858 4095 2906 4141 te
2928 4085 2995 4141 ³⁸.
3049 4084 3307 4140 Habacuc
3353 4082 3522 4137 etiam
3565 4080 3745 4135 similia

2178 4180 2581 4252 quodammodo
2634 4180 2881 4250 queritur
2918 4198 2930 4233 :
2976 4178 3151 4244 Quare
3195 4194 3298 4231 non
3336 4177 3553 4245 respicis
3602 4188 3747 4244 super

2176 4276 2353 4342 inique
2380 4282 2610 4344 agentes,
2643 4284 2692 4329 et
2709 4283 2847 4327 taces
2863 4274 3139 4327 devorante
3171 4271 3330 4340 impio
3350 4270 3636 4339 justiorem
3659 4268 3745 4320 se.’

2178 4380 2225 4422 et
2255 4368 2414 4439 {acies
2439 4366 2662 4421 hominis
2689 4365 2840 4436 quasi
2872 4365 3034 4435 pisces
3075 4364 3259 4425 maris,
3301 4373 3348 4415 et
3383 4362 3539 4430 quasi
3576 4356 3745 4429 reptile

2179 4478 2281 4515 non
2317 4461 2509 4515 habens
2528 4460 2814 4530 principem
2849 4459 2912 4512 ³³³.
2948 4456 3061 4511 Hoc
3081 4465 3136 4510 et
3169 4455 3363 4508 Paulus
3388 4454 3455 4508 ad
3487 4453 3745 4506 Romanos

2178 4551 2405 4616 scribit;
2445 4551 2520 4604 ait
2551 4550 2695 4604 enim
2725 4549 3000 4604 Christum
3033 4547 3231 4601 factum
3262 4544 3417 4599 nobis
3441 4544 3609 4598 fuisse
3637 4556 3746 4611 pro.

1979 4642 2071 4696 ubi
2104 4655 2148 4710 Ι)
2177 4644 2506 4712 pitiationem
2522 4659 2613 4712 per
2627 4641 2783 4711 ﬁdem
2810 4642 2863 4694 in
2894 4657 2988 4694 suo
3010 4639 3284 4708 sanguine,
3306 4637 3375 4690 ad
3409 4638 3742 4691 ostensionem

1335 4730 1698 4800 incendetque
1769 4746 1834 4785 ea
1910 4748 2075 4803 super
2166 4734 2393 4803 justitiae
2430 4750 2537 4788 sua:
2560 4731 2624 4788 ⁸ο.
2657 4733 2827 4802 Cujus
2852 4740 3032 4786 autem
3071 4730 3298 4800 iustitiae
3328 4728 3613 4783 subdidit:
3649 4723 3743 4779 Per

2172 4824 2580 4891 redemptionem
2639 4822 3042 4890 praecedentium
3087 4829 3424 4889 peccatorum
3468 4820 3525 4871 in
3554 4826 3743 4872 susten-

2174 4916 2373 4969 tatioue
2419 4914 2533 4968 Dei.
2576 4915 2777 4982 Aperte
2818 4928 2948 4985 ergo
3008 4912 3223 4966 videtur
3264 4911 3542 4983 legislator
3602 4909 3740 4963 illum

2173 5008 2510 5063 sacerdotem
2542 5006 2867 5078 signiﬁcare,
2898 5004 2988 5059 cui
3020 5004 3225 5059 dictum
3250 5012 3333 5057 est
3374 5022 3387 5058 :
3415 5002 3491 5057 Tu
3555 5020 3606 5056 es
3661 5017 3742 5053 sa—

2171 5100 2348 5153 cerdos
2413 5099 2469 5151 in
2529 5108 2802 5161 (etei-num,
2855 5096 3140 5150 secundum
3184 5094 3420 5147 ordinem
3478 5091 3742 5147 Melchise-

2168 5189 2375 5254 dech“,
2409 5205 2533 5244 eum
2567 5189 2657 5259 qni
2690 5204 2719 5243 a
2747 5186 2908 5243 Patre
2955 5195 3151 5241 unctus
3171 5195 3272 5249 est,
3311 5185 3376 5238 ad
3398 5200 3560 5254 quem
3584 5179 3742 5235 David

2168 5281 2385 5336 dicebat
2430 5300 2443 5334 :
2488 5281 2643 5335 Sedes
2679 5290 2793 5344 tua,
2824 5280 2981 5342 Deus,
3019 5280 3073 5332 in
3110 5277 3571 5341 sweulumsieuli;
3602 5276 3740 5343 uirga

2171 5384 2309 5428 recta
2370 5383 2466 5435 est,
2524 5374 2671 5442 virga
2708 5362 2852 5443 regni
2899 5373 2995 5426 tui.
3061 5371 3305 5425 Dilcxisti
3354 5370 3641 5439 justitiam,
3692 5375 3742 5433 et

2179 5465 2330 5518 odisti
2378 5465 2728 5535 iniquitatent,
2792 5473 3065 5532 propterea
3104 5463 3257 5516 unxit
3313 5470 3362 5514 te
3420 5460 3584 5523 Deus,
3614 5458 3741 5511 Deus

2184 5566 2304 5610 tuus
2324 5555 2389 5610 δ’.
2423 5555 2558 5622 Quia
2597 5563 2777 5610 autem
2812 5556 3003 5624 .ipsum
3056 5555 3395 5607 sacerdotem
3456 5553 3544 5606 hic
3601 5564 3739 5605 nunc

2182 5647 2454 5718 legislator
2508 5645 2849 5717 signiﬁcavit,
2896 5659 2959 5700 ex
3023 5659 3089 5697 eo
3144 5642 3489 5697 manifestum
3559 5649 3643 5693 est
3690 5636 3741 5690 in

2182 5739 2329 5795 omni
2389 5739 2609 5809 quidem
2661 5738 2816 5794 turba
2871 5736 3103 5793 ﬁliorum
3159 5736 3344 5801 lsracl,
3377 5746 3433 5790 et
3470 5727 3739 5805 principe,

603 5876 649 5909 ³⁵
683 5829 1065 5937 Maelii?"
1122 5879 1326 5935 “Gen.
1382 5897 1456 5939 IX.
1499 5883 1550 5935 4.
1653 5883 1695 5911 ³⁷
1752 5880 1917 5934 llebr.
1969 5898 2030 5945 ll,

2242 5880 2287 5913 ³⁸
2326 5878 2427 5934 lsa.
2471 5895 2618 5945 ant,
2650 5880 2734 5934 i7.
2816 5878 2862 5912 ⁸⁹
2892 5872 3095 5932 Habac.
3133 5892 3173 5942 ι,
3204 5875 3294 5940 45,
3332 5873 3419 5929 14.
3512 5872 3557 5905 ⁸⁸
3594 5869 3739 5925 Rom.

504 5960 588 6011 ιη,
618 5944 815 6015 25,26.
888 5949 928 5981 "
959 5949 1101 6005 Psal.
1129 5967 1237 6017 six,
1264 5953 1317 6009 4.
1394 5954 1437 5984 ⁵⁸
1462 5952 1604 6009 Psal.
1625 5968 1770 6016 μιν,
1809 5953 1861 6019 7,
1898 5952 1951 6006 8.
