4046 6460
335 352 438 419 821

1502 361 1587 424 IN
1624 362 2062 426 LEVITICUM.
2089 389 2161 401 -
2198 367 2345 430 LIB.
2386 367 2437 429 Ῑ.

3496 376 3602 439 822

327 477 386 523 et
437 466 493 521 in
538 480 864 539 unoquoque
896 469 964 526 de
993 472 1195 542 populo
1231 481 1591 545 cognoscente
1627 484 1909 545 peccatum
1942 484 1985 534 Α
2017 476 2287 542 habuerit,
2329 487 2457 533 tunc
2486 491 2652 547 opere
2692 492 2920 549 explens
2954 478 3142 545 etiam,
3193 479 3298 535 hoc
3323 486 3468 552 quod
3500 503 3602 557 pro

325 575 511 626 suum,
546 559 741 616 oﬂ‘erre
765 564 1021 634 praecepit
1048 583 1063 631 ;
1090 565 1180 620 hic
1204 576 1386 621 autem
1412 582 1521 621 non
1550 567 1645 631 ita,
1674 570 1768 622 sed
1799 568 1905 621 ait:

402 647 463 703 Si
494 651 737 705 sacerdos
765 653 856 724 qui
902 663 979 707 est
1016 666 1203 709 unctus
1258 658 1572 726 peccaverit,
1604 657 1910 727 delinquere

325 741 530 811 faciens
552 743 823 812 populum.
870 742 938 799 Et
985 747 1223 816 primum
1276 758 1501 818 peccato
1558 765 1682 804 eum
1724 749 1912 819 populi

324 834 572 904 subjicit,
620 835 746 905 quia
786 836 1038 893 Christus
1106 840 1290 909 populi
1348 850 1570 909 peccata
1650 840 1908 909 portabit.

325 926 539 983 Deinde
567 944 678 982 non
708 929 786 984 ait
815 929 957 986 sicut
979 931 1046 985 de
1084 932 1206 986 aliis
1242 950 1254 985 :
1284 931 1352 986 Et
1389 941 1569 1002 postea
1599 932 1912 987 intellexerit

325 1028 603 1087 peccatum
643 1037 819 1075 suum.
855 1020 990 1075 Cum
1022 1022 1170 1077 enim
1206 1022 1348 1077 Deus
1396 1032 1565 1089 esset,
1619 1031 1676 1078 et
1727 1022 1913 1078 omnia

325 1111 531 1175 sciens,
580 1112 854 1181 quomodo
906 1122 1119 1182 poterat
1203 1116 1457 1186 ignorare
1498 1132 1619 1185 quae
1672 1132 1703 1171 a
1752 1117 1912 1172 nobis

326 1213 556 1273 peccata
589 1203 873 1274 suscepit?
920 1204 1021 1260 Hic
1076 1222 1205 1278 ergo
1263 1224 1364 1278 pro
1422 1208 1659 1278 peccatis
1706 1209 1915 1264 nostris

324 1296 724 1351 convenienter
776 1296 1101 1352 sacriﬁcium
1160 1300 1379 1366 obtulit,
1428 1301 1497 1355 de
1544 1316 1654 1372 quo
1711 1302 1915 1357 Paulus

325 1383 580 1440 Hebraeis
602 1386 790 1440 scribit
827 1402 840 1440 :
901 1385 991 1443 Sic
1033 1397 1080 1442 et
1113 1387 1349 1443 Christus
1382 1390 1543 1444 semel
1592 1390 1802 1445 oblatus
1840 1395 1910 1446 ad

326 1478 619 1532 multorum
682 1478 1037 1533 exhauriendo
1077 1489 1323 1548 peccata,
1376 1483 1600 1536 secundo
1655 1484 1768 1538 sine
1796 1500 1916 1553 pec-

325 1579 450 1621 cato
486 1570 759 1640 apparebit
798 1572 1210 1641 exspectantibus
1226 1589 1280 1626 se
1311 1574 1368 1626 in
1393 1574 1619 1628 salutem
1634 1574 1701 1639 ⁵³,
1721 1575 1915 1631 oﬂeret

328 1667 517 1713 tamen
547 1674 605 1714 se
632 1675 732 1729 pro
759 1670 986 1731 peccato
1016 1676 1137 1715 suo.
1193 1660 1551 1734 Septuaginta
1594 1673 1777 1735 autem
1815 1666 1914 1721 ad-

326 1749 491 1816 dunt,
545 1752 683 1821 quod
708 1753 960 1822 peccavit.
1017 1752 1307 1810 Peccatum
1344 1764 1526 1809 autem
1574 1756 1715 1826 ejus,
1770 1757 1915 1812 sicut

328 1840 429 1911 qui
453 1842 619 1897 semel
650 1843 780 1899 illud
814 1843 870 1898 in
907 1858 968 1899 se
1009 1845 1270 1916 suscepit,
1320 1855 1568 1902 nostrum
1628 1858 1911 1918 peccatum
1942 1826 1987 1882 Β

330 1935 554 2001 dicitur,
592 1936 738 1991 unde
771 1946 825 1992 et
868 1937 1064 1993 Paulus
1092 1937 1309 1993 dicebat
1360 1956 1375 1994 :
1426 1938 1770 1997 Obsecremus
1816 1960 1913 2011 pro

328 2025 542 2082 Christo
569 2029 898 2083 reconciliari
934 2029 1061 2094 Deo,
1102 2038 1150 2084 et
1179 2031 1268 2101 qui
1307 2033 1566 2087 nesciebat
1614 2045 1911 2104 peccatum,

326 2130 603 2188 peccatum
623 2137 719 2191 pro
759 2120 901 2176 nobis
916 2122 1035 2191 fecit
1053 2121 1120 2177 “.

412 2207 648 2264 Vitulum
693 2219 870 2265 autem
923 2209 1344 2266 immaculatum.
1386 2213 1617 2270 Domino
1659 2214 1915 2274 videlicet

330 2298 478 2355 Patri
507 2300 665 2356 oﬁ'ert
696 2317 915 2356 carnem
936 2316 1116 2367 suam,
1147 2303 1557 2358 immaculatum
1586 2321 1741 2371 vero,
1787 2308 1914 2378 quia

325 2403 607 2463 peccatum
658 2410 761 2447 non
787 2395 929 2465 fecit,
958 2411 1050 2449 nec
1092 2394 1242 2449 dolus
1288 2395 1527 2450 inventus
1578 2406 1651 2451 est
1710 2399 1767 2451 in
1823 2416 1913 2455 ore

327 2485 447 2555 ejus
464 2486 529 2538 ⁸⁸.
565 2485 774 2540 Vitulus
801 2494 980 2541 autem
1002 2494 1106 2551 est,
1130 2486 1260 2556 quia
1285 2487 1340 2541 in
1358 2504 1521 2543 cruce
1537 2489 1913 2561 intelligibiles

328 2586 552 2631 nostros
589 2577 838 2632 inimicos
870 2577 1321 2644 ventilavit.Quia
1347 2588 1531 2635 autem
1556 2580 1914 2651 Septuaginta

328 2669 563 2724 vitulum
599 2671 667 2725 de
693 2672 868 2726 bobus
897 2671 1089 2735 edunt,
1134 2672 1277 2726 idem
1322 2671 1679 2743 intelligimus
1701 2674 1912 2730 dictum

326 2762 401 2816 de
438 2762 632 2827 bobus,
664 2763 790 2833 quia
823 2763 1127 2818 secundum
1156 2779 1377 2819 carnem
1412 2765 1481 2819 de
1510 2768 1757 2836 patribus
1784 2767 1911 2834 fuit,

326 2855 423 2925 qui
445 2854 512 2909 de
543 2856 675 2927 legis
716 2856 1047 2912 exstiterunt
1067 2856 1279 2926 iustitia
1308 2856 1553 2927 gloriosi.
1590 2858 1695 2915 Ubi
1726 2871 1912 2915 autem

326 2946 495 3001 oﬁ‘ert
525 2947 774 3012 vitulum,
813 2949 868 3004 id
894 2958 981 3003 est
1006 2964 1226 3003 carnem
1250 2964 1405 3003 suam
1432 2949 1455 3003 'l

402 3040 486 3092 Ad
509 3040 698 3094 ostium
735 3040 1059 3094 tabernaculi
1096 3041 1381 3094 testimonii
1428 3057 1608 3096 eorum
1667 3043 1909 3102 Domino.

328 3131 415 3187 Ad
431 3132 630 3187 ostium
660 3132 897 3202 quidem,
934 3142 992 3188 ut
1015 3133 1343 3189 sacriﬁcium
1374 3132 1576 3188 Christi
1608 3137 1913 3192 secundum
1940 3163 1982 3221 α

326 3225 609 3280 doctrinas
658 3235 714 3281 et
772 3225 1093 3281 traditiones
1114 3227 1485 3296 apostolorum
1515 3225 1719 3280 factum
1745 3228 1914 3285 fuisse

328 3317 717 3389 intelligamus.
743 3318 852 3373 llas
877 3318 1026 3373 enim
1074 3332 1197 3373 esse
1226 3318 1366 3373 ostia
1390 3318 1731 3373 tabernaculi
1757 3321 1913 3374 testi-

330 3412 505 3466 monii
535 3413 785 3482 superius
817 3414 1180 3479 ostendimus,
1218 3422 1407 3483 utpote
1462 3414 1530 3468 ad
1579 3415 1779 3469 caelum
1831 3415 1916 3469 in-

334 3506 561 3560 troitum
595 3507 908 3576 praebentia,
940 3506 1084 3577 quod
1111 3507 1522 3562 tabernaculum
1583 3523 1705 3563 esse
1754 3510 1916 3564 testi-

336 3598 509 3653 monii
532 3600 775 3665 docetur,
807 3610 970 3669 atque
1003 3600 1283 3669 probatur.
1325 3598 1499 3653 Habet
1547 3600 1693 3654 enim
1743 3601 1915 3657 Isaias

334 3692 737 3761 apertissimam
771 3692 1065 3755 testimonii
1089 3692 1488 3762 probationem,
1512 3693 1702 3749 dicens
1747 3713 1760 3747 :
1814 3694 1917 3760 Qui

333 3785 568 3837 extendit
590 3783 727 3837 velut
755 3784 978 3839 nihilum
1009 3784 1189 3851 caelos,
1231 3794 1280 3839 et
1332 3786 1589 3855 expandet
1654 3802 1739 3841 eos
1783 3789 1919 3842 sicut

334 3874 739 3929 tabernaculum
771 3877 843 3929 ad
866 3877 1272 3931 inhabitandam
1297 3877 1363 3932 “.

406 3960 601 4017 Coram
657 3949 882 4017 Domino
933 3974 1138 4029 autem,
1194 3964 1321 4034 quia
1383 3963 1707 4032 inspiciente
1757 3966 1918 4024 Patre

336 4055 1020 4112 consummabaturcrucis
1088 4056 1428 4128 mysterium,
1486 4059 1543 4112 in
1594 4068 1805 4115 tantum
1860 4070 1920 4117 ut

338 4149 504 4209 etiam
522 4148 805 4218 aspicienti
826 4149 1011 4218 utique
1028 4146 1173 4202 Patri
1190 4148 1396 4204 diceret
1412 4151 1675 4207 Dominus
1696 4171 1709 4207 ε
1730 4153 1913 4220 Pater,

338 4242 396 4293 in
427 4256 615 4293 manus
642 4250 759 4293 tuas
797 4240 1098 4293 commendo
1127 4240 1375 4309 spiritum
1410 4256 1583 4296 meum
1606 4242 1672 4298 ⁸⁵⁷.
1703 4244 1917 4302 Ponere

338 4338 523 4385 autem
550 4345 674 4384 eum
707 4346 926 4384 manum
948 4345 1113 4400 super
1156 4336 1320 4401 caput
1370 4328 1544 4393 vituli,
1580 4339 1636 4385 et
1670 4330 1921 4403 jugulare

339 4423 574 4478 vitulum
605 4423 897 4494 praecepit;
927 4438 1091 4477 nemo
1107 4424 1254 4478 enim
1284 4424 1434 4479 illum
1463 4424 1683 4492 obtulit,
1702 4426 1799 4481 sed
1816 4441 1918 4481 nec

2012 568 2169 624 nobis
2199 577 2337 633 erat,
2374 571 2700 625 sacriﬁcium
2739 571 3160 626 consummavit.
3211 570 3311 627 Hic
3369 574 3485 644 ipse
3531 582 3600 635 de

2011 660 2275 731 sanguine
2310 660 2462 715 vituli
2519 660 2800 726 hauriens,
2832 660 2998 715 infert
3053 660 3182 715 illud
3241 662 3296 716 in
3346 665 3601 722 taberna-

2012 748 2135 803 culo
2167 749 2486 805 testimonii.
2519 749 2625 805 Sed
2670 751 2797 821 quia
2827 751 3057 805 vitulum
3104 759 3322 821 oportet
3379 769 3599 811 carnem

2011 838 2227 893 Domini
2265 840 2535 909 accipere,
2569 839 2687 910 ipse
2723 841 2933 912 prodigi
2970 841 3066 895 ﬁlii
3124 857 3409 911 exponens
3440 862 3593 914 para-

2011 928 2191 982 bolam
2227 928 2435 993 docuit,
2469 944 2591 983 cum
2616 938 2824 1000 patrem
2851 932 3120 987 occidisse
3147 932 3199 986 ei
3244 933 3472 988 vitulum
3511 952 3601 989 δτι-

2013 1018 2276 1089 ginatum,
2307 1027 2362 1073 et
2393 1019 2620 1086 primam
2648 1019 2868 1077 dedisse
2899 1022 3116 1089 stolam,
3144 1032 3199 1077 et
3225 1024 3491 1078 annulum
3518 1027 3599 1078 di-

2013 1118 2181 1172 ceret,
2207 1126 2303 1180 per
2331 1110 2560 1165 vitulum
2597 1113 2930 1168 sacriﬁcium
2954 1115 3239 1185 unigeniti,
3279 1132 3378 1185 per
3408 1118 3598 1171 stolam

2012 1200 2300 1270 baptisma,
2335 1216 2433 1270 per
2468 1201 2732 1256 annulum
2759 1203 2983 1274 signans
3027 1204 3224 1274 pignus
3260 1205 3496 1275 Spiritus
3529 1207 3597 1259 δ’.

2013 1290 2149 1356 Quia
2187 1292 2335 1346 enim
2358 1293 2426 1348 de
2454 1293 2723 1364 sanguine
2768 1294 2825 1348 in
2883 1296 3241 1351 tabernaculo
3301 1297 3601 1351 testimonii

2013 1384 2214 1448 intulit,
2245 1385 2405 1440 docet
2427 1394 2481 1441 et
2513 1384 2714 1441 Paulus
2738 1386 2805 1441 ad
2843 1385 3118 1451 Hebraeos,
3153 1388 3345 1444 dicens
3394 1406 3407 1442 :
3448 1388 3602 1451 Chri-

2012 1486 2123 1532 stus
2135 1478 2381 1532 assistens
2398 1478 2641 1549 Pontifex
2653 1481 2950 1548 futurorum
2970 1480 3241 1542 bonorum,
3262 1498 3353 1551 per
3372 1482 3600 1548 amplius

2014 1578 2063 1623 et
2104 1570 2382 1640 perfectius
2436 1569 2834 1624 tabernaculum
2865 1587 2968 1625 non
3016 1575 3401 1644 nianufactum,
3428 1573 3483 1626 id
3521 1581 3599 1626 est

2016 1677 2117 1715 non
2138 1661 2297 1731 hujus
2326 1663 2628 1727 creationis,
2659 1678 2754 1715 nec
2792 1679 2887 1731 per
2909 1666 3221 1734 sanguinem
3252 1675 3528 1719 taurorum
3549 1674 3599 1719 et

2014 1753 2319 1821 vitulorum,
2344 1756 2433 1809 sed
2455 1770 2547 1824 per
2572 1756 2845 1823 proprium
2883 1758 3195 1827 sanguinem
3234 1758 3498 1827 ingressus
3524 1765 3599 1816 est

2013 1845 2172 1900 semel
2191 1846 2245 1898 in
2268 1852 2474 1909 sancta,
2526 1853 2727 1899 (eterna
2759 1846 3118 1915 redemptione
3152 1849 3362 1902 inventa
3412 1848 3481 1902 ⁸ο.
3535 1847 3600 1903 Et

2015 1951 2205 1990 rursus
2240 1935 2457 2007 :Neque
2480 1937 2616 1991 enim
2657 1937 2714 1990 in
2741 1938 3052 2007 manufacta
3095 1948 3279 1992 sancta
3336 1940 3599 2010 ingressus

2013 2038 2088 2083 est
2124 2026 2357 2082 Christus
2388 2030 2559 2100 forma
2589 2044 2854 2095 verorum,
2885 2030 2975 2091 sed
3000 2030 3053 2082 in
3086 2031 3258 2099 ipsum
3280 2029 3491 2093 caelum,
3528 2031 3600 2085 ad

2013 2122 2382 2175 ostendendum
2408 2137 2460 2175 se
2488 2120 2656 2175 vultui
2713 2121 2808 2175 Dei
2868 2136 2964 2190 pro
3019 2121 3167 2175 nobis
3195 2122 3262 2176 δι.
3317 2121 3415 2175 Hic
3468 2136 3599 2191 ergo

2017 2212 2760 2277 tabernaculum’testimonii,
2787 2213 2983 2268 caelum
3008 2213 3227 2283 quippe,
3250 2214 3373 2283 quia
3398 2213 3451 2266 in
3482 2213 3601 2281 ipso

2016 2305 2260 2359 habitare
2289 2303 2461 2359 Deum
2494 2305 2777 2375 prophetat:
2822 2304 3095 2360 testiﬁcati
3141 2314 3291 2371 sunt,
3325 2304 3599 2374 iuteltiga-

2015 2412 2137 2452 mus
2167 2414 2180 2449 :
2212 2396 2312 2461 Qui
2336 2396 2539 2449 habitat
2590 2397 2647 2450 in
2686 2396 2846 2460 caelis,
2897 2396 3100 2465 inquit,
3136 2397 3375 2450 irridebit
3408 2412 3491 2450 eos
3528 2396 3598 2452 ".

2014 2489 2082 2544 Et
2116 2505 2266 2543 nemo
2293 2489 2525 2543 ascendit
2545 2489 2598 2542 in
2626 2488 2835 2555 caelum,
2860 2488 2962 2541 nisi
2993 2489 3083 2559 qui
3105 2489 3365 2541 descendit
3387 2488 3449 2541 de
3474 2486 3600 2541 coelo

2021 2582 2324 2653 Unigenitus
2345 2581 2430 2645 ⁸³,
2486 2581 2555 2636 de
2613 2580 2911 2650 semetipso
2945 2581 3081 2635 dixit
3124 2581 3461 2635 hominibus.
3521 2580 3600 2635 lbi

2015 2672 2333 2744 sanguinem
2367 2671 2692 2735 introduxit,
2734 2672 2863 2742 quia
2895 2672 3178 2727 cicatrices
3210 2682 3434 2743 portans
3477 2687 3602 2741 pas-

2016 2763 2254 2825 sionum,
2284 2779 2314 2817 a
2342 2763 2574 2818 mortuis
2597 2763 2918 2826 resurrexit,
2950 2763 3097 2818 unde
3129 2770 3185 2817 et
3215 2777 3373 2818 suum
3403 2776 3603 2832 corpus

2014 2855 2348 2927 palpandum
2376 2855 2603 2910 Thomae
2644 2853 2966 2925 prtebuit“,
2998 2863 3164 2925 atque
3200 2854 3275 2909 ita
3319 2853 3375 2911 in
3433 2853 3602 2908 caelos

2015 2949 2277 3004 ascendit.
2311 2948 2749 3005 Probantautem
2775 2946 3061 3017 sequentia
3087 2963 3101 3000 :

2087 3037 2392 3109 Quicunque
2420 3038 2694 3092 intinxerit
2720 3038 2946 3109 digitum
2962 3038 3020 3091 in
3047 3037 3330 3107 sanguine,
3361 3041 3604 3109 asperget

2015 3137 2079 3187 de
2108 3148 2166 3186 eo
2186 3132 2373 3201 septies
2395 3147 2576 3185 coram
2598 3130 2847 3194 Domino,
2882 3138 3065 3184 contra
3097 3129 3269 3185 velum
3288 3128 3601 3183 sanctuarii.

2018 3224 2198 3279 Multis
2228 3222 2552 3278 nominibus
2592 3237 2818 3278 carnem
2851 3221 3067 3276 Domini
3093 3222 3352 3291 appellat,
3389 3221 3514 3290 quia
3547 3228 3605 3274 et

2018 3316 2217 3370 multas
2241 3314 2587 3385 Operationes
2614 3313 2878 3384 implevit.
2918 3313 3080 3369 Unde
3110 3322 3167 3368 et
3189 3313 3309 3383 ipse
3338 3312 3605 3366 Dominus

2018 3407 2180 3462 modo
2205 3406 2427 3476 quidem
2466 3404 2824 3474 semetipsum
2889 3402 3245 3466 sacriﬁcium,
3296 3402 3458 3456 modo
3504 3416 3607 3470 pa-

2019 3508 2242 3565 storem,
2271 3499 2470 3556 deinde
2497 3515 2687 3555 rursus
2722 3500 2913 3565 vitem,
2954 3513 3157 3570 panem
3194 3498 3341 3563 vitae,
3373 3506 3427 3552 et
3481 3510 3608 3563 gra-

2022 3607 2150 3646 num
2183 3591 2692 3662 tritici,opportune
2711 3588 3128 3661 dispensatoriis
3153 3588 3337 3644 verbis
3366 3586 3604 3651 varians,

2021 3697 2150 3738 suas
2168 3682 2562 3753 appellationes
2595 3682 2922 3737 nominavit.
2962 3682 3032 3736 Et
3062 3696 3213 3736 nunc
3263 3694 3394 3752 ergo
3424 3679 3608 3734 velum

2020 3780 2139 3851 ejus
2161 3796 2380 3837 carnem
2411 3780 2750 3851 appellavit:
2812 3777 3067 3835 dubitare
3133 3777 3282 3833 enim
3341 3776 3447 3830 hoc
3495 3790 3607 3829 non

2022 3886 2334 3941 possumus,
2368 3869 2537 3926 Paulo
2565 3871 2633 3926 ad
2662 3868 3107 3940 explanationem
3161 3866 3326 3937 hujus
3362 3864 3607 3936 mysterii

2023 3965 2239 4019 dicente
2278 3982 2291 4019 :
2324 3963 2617 4029 Habentes,
2642 3966 2856 4034 fratres,
2905 3960 3278 4031 confidentiam
3303 3960 3358 4012 in
3381 3957 3607 4011 introitu

2025 4065 2331 4111 sanctorum
2358 4056 2415 4110 in
2445 4055 2700 4126 sanguine
2731 4052 2949 4118 Christi,
2990 4068 3152 4122 quam
3190 4050 3424 4105 initiavit
3464 4048 3610 4101 nobis

2028 4150 2166 4203 viam
2197 4165 2384 4203 novant
2422 4159 2471 4202 et
2499 4148 2754 4203 viventem
2773 4163 2866 4217 per
2892 4145 3152 4207 velamen,
3178 4144 3233 4197 id
3276 4151 3371 4207 est,
3398 4156 3611 4194 carnem

2026 4258 2200 4306 suum,
2222 4250 2271 4295 et
2296 4241 2614 4295 sacerdotem
2636 4255 2907 4311 magnum,
2932 4238 2991 4293 in
3006 4238 3218 4291 domum
3240 4235 3332 4287 Dei
3377 4234 3614 4287 introea—

2025 4351 2161 4402 mus,
2198 4350 2312 4388 cum
2338 4349 2469 4403 puro
2497 4332 2668 4398 corde,
2694 4333 2749 4385 in
2793 4331 3156 4402 satisfactione
3206 4326 3332 4396 fidei
3355 4328 3421 4378 ⁸³.
3479 4324 3612 4377 Pro-

2026 4436 2213 4496 pterea
2236 4433 2292 4479 et
2313 4422 2609 4479 sanctuarii
2645 4423 2830 4477 velum
2851 4420 3182 4491 appellatum
3210 4426 3314 4482 est,
3384 4416 3612 4487 ﬁguram

341 4515 628 4570 immolare
650 4523 883 4584 poterat,
923 4514 1026 4569 nisi
1052 4516 1407 4586 semetipsum
1437 4516 1553 4587 ipse
1587 4518 1655 4571 ad
1700 4519 1922 4588 patien-
1955 4507 2003 4567 D
2027 4518 2226 4589 quippe
2249 4516 2430 4573 carnis
2459 4515 2633 4571 sancti
2666 4524 2980 4570 sanctorum
3023 4511 3267 4584 gerebat.
3304 4510 3441 4576 Quia
3484 4524 3613 4579 ergo

338 4607 473 4659 dum
497 4605 823 4661 tradidisset.
857 4603 1083 4675 Propter
1109 4604 1254 4675 quod
1290 4620 1399 4660 non
1443 4605 1620 4661 solum
1668 4606 1921 4662 dicebat:

338 4696 664 4753 Patestatem
690 4697 852 4751 habeo
879 4698 1101 4766 ponendi
1128 4700 1365 4752 animam
1386 4714 1582 4762 meam,
1622 4707 1671 4753 et
1690 4708 1923 4768 potesta-

341 4800 447 4845 tem
479 4790 641 4844 habeo
664 4790 856 4843 iterum
873 4790 1112 4844 sumendi
1148 4806 1266 4842 eam
1287 4789 1368 4856 Ml;
1398 4790 1566 4860 sedlet
1584 4789 1925 4860 praeveniens

340 4884 699 4953 semetipsum
726 4883 781 4937 in
807 4897 962 4937 coena
1001 4881 1371 4952 apostolorum
1410 4881 1731 4946 immolavit,
1776 4880 1923 4951 quod

340 4976 528 5028 sciunt
560 4973 655 5043 qui
688 4972 1069 5045 mysteriorum
1114 4970 1427 5041 percipiunt
1457 4972 1739 5027 virtutem.
1765 4972 1926 5028 Hunc

340 5065 688 5119 sacerdotem
747 5062 1099 5133 Septuaginta
1125 5077 1234 5115 non
1285 5061 1462 5117 solum
1523 5071 1751 5117 unctum
1809 5062 1927 5117 sive

336 5158 582 5222 linitum,
615 5157 713 5211 sed
742 5165 798 5211 et
839 5163 1277 5211 consummatum
1327 5154 1579 5209 manibus
1609 5156 1926 5225 appellave-

339 5258 476 5305 runt
529 5267 544 5304 :
598 5257 1009 5304 consummatus
1060 5257 1144 5303 est
1201 5247 1348 5302 enim
1394 5249 1650 5305 manibus
1691 5249 1842 5320 prius
1867 5250 1923 5305 in

340 5341 573 5413 mystica
605 5357 782 5406 ctena,
816 5340 1087 5410 accipiens
1117 5355 1316 5409 panem
1337 5348 1393 5394 et
1420 5338 1697 5411 frangens,
1724 5341 1924 5397 deinde

342 5450 445 5504 per
476 5448 715 5499 crucem,
748 5432 964 5502 quando
998 5431 1143 5502 ligno
1172 5428 1362 5485 aﬁixus
1407 5438 1511 5486 est.
1553 5429 1710 5485 Tunc
1744 5446 1927 5487 sacer-

344 5527 485 5584 dotii
506 5526 811 5597 suscipiens
843 5524 1182 5597 dignitatem,
1218 5522 1305 5578 vel
1334 5522 1519 5593 potius
1556 5538 1681 5579 cum
1714 5540 1930 5594 semper

839 5813 1084 6036 ν

420 5712 468 5744 ⁸⁸
496 5711 659 5767 Hebr.
682 5728 780 5778 ιι,
799 5711 889 5766 28.

350 5783 398 5817 ⁵³
425 5783 582 5838 Joan.
608 5783 767 5845 1,18.
848 5786 890 5815 ⁸⁸

351 5854 400 5887 ⁸⁸⁵
424 5854 581 5911 Joan.
621 5871 715 5920 xx,
747 5853 820 5909 95
844 5864 877 5920 af

1110 5798 1162 5843 v,
1192 5779 1251 5850 ll
1281 5796 1434 5850 seqq.

2027 4610 2227 4681 digitus
2259 4610 2353 4663 Dei
2386 4613 2560 4662 virtus
2611 4607 2732 4677 ejus
2780 4605 3001 4670 dicitur,
3037 4604 3183 4658 unde
3239 4603 3412 4671 magis
3465 4600 3610 4655 Pha-

2027 4702 2211 4756 raonis
2240 4700 2501 4755 cedentes
2531 4697 2811 4752 miraculis
2842 4697 3009 4767 Moysi
3038 4696 3296 4751 dicebant
3347 4710 3360 4747 :
3403 4694 3611 4763 Digitus

2028 4794 2125 4850 Dei
2162 4803 2235 4848 est
2257 4795 2323 4849 ⁵⁸.
2355 4792 2423 4847 Et
2452 4791 2621 4846 David
2682 4790 2732 4844 ei
2766 4788 3032 4860 psallebat
3068 4805 3081 4843 :
3135 4786 3399 4853 Quoniam
3432 4785 3611 4837 videbo

2027 4886 2198 4951 caelos,
2245 4901 2407 4955 opera
2446 4885 2734 4954 digitorum
2784 4890 2995 4935 tuorum
3020 4879 3088 4934 ⁵⁷.
3150 4877 3380 4947 Ipseque
3423 4890 3613 4929 rursus

2025 4975 2288 5031 Dominus
2314 4972 2521 5028 Judaeis
2547 4971 2763 5026 dicebat
2800 4988 2814 5025 :
2845 4968 2997 5034 Quod
3031 4969 3078 5023 si
3103 4969 3165 5021 in
3192 4967 3360 5035 digito
3393 4965 3488 5018 Dei
3512 4981 3612 5035 ego

2026 5066 2178 5136 ejicio
2196 5063 2478 5129 dwmonia,
2514 5063 2679 5134 igitur
2703 5060 2931 5130 pervenit
2953 5059 3010 5113 in
3035 5075 3123 5113 vos
3157 5074 3376 5129 regnum
3430 5055 3526 5114 Dei
3543 5056 3608 5107 ⁸⁸.

2024 5153 2426 5209 Convenienter
2481 5151 2709 5223 digitum
2764 5150 2821 5205 in
2877 5148 3202 5221 sanguinem
3269 5146 3510 5217 intingit,
3553 5153 3615 5200 ut

2021 5248 2341 5303 ostendatur
2365 5245 2489 5316 quia
2523 5245 2812 5315 passiones
2836 5243 3017 5298 carnis
3043 5240 3364 5305 Dominicaa,
3406 5240 3615 5294 virtute

2021 5339 2317 5394 divinitatis
2338 5348 2472 5391 acta:
2503 5344 2666 5402 sunt;
2690 5351 2820 5389 nam
2861 5334 3145 5405 quomodo
3174 5343 3430 5405 poterant
3487 5332 3614 5387 talia

2036 5434 2149 5489 ﬁeri
2182 5443 2330 5498 tunc,
2358 5432 2411 5486 id
2437 5440 2538 5488 est.
2563 5429 2691 5483 solis
2712 5442 2979 5491 recessus,
3021 5433 3387 5491 terrmmotus,
3416 5423 3617 5478 scissio

2035 5534 2314 5597 petrarum
2339 5532 2391 5577 et
2427 5520 2668 5577 similia?
2723 5518 2822 5572 llic
2877 5531 3004 5587 ergo
3057 5516 3260 5571 virtute
3309 5514 3616 5573 divinitatis

1246 5725 1300 5774 v,
1328 5709 1421 5774 20,
1450 5707 1540 5762 2!.
1572 5709 1617 5741 ’⁸⁵
1646 5708 1747 5762 lsa.
1781 5724 1901 5762 ιιιι.

2019 5708 2109 5762 etl
2148 5687 2292 5761 Pctr.
2328 5720 2390 5769 ιι,
2429 5704 2522 5759 22.
2597 5705 2643 5738 ⁸⁵⁸
2674 5704 2778 5758 Isa.
2809 5717 2900 5774 It,
2927 5700 3017 5774 22.
3095 5696 3296 5774 "istic.
3333 5714 3489 5760 χχιιι,
3522 5695 3612 5774 ις.

1511 5781 1557 5813 ⁸ο
1579 5779 1743 5834 Hebr.
1782 5796 1856 5842 ιι,
1885 5778 1973 5843 il,
2034 5778 2119 5831 12.

1084 5852 1131 5884 ⁸⁸
1164 5848 1419 5919 ιιειπάς
1460 5849 1640 5905 19—22.
1719 5851 1763 5884 ⁸⁸
1789 5849 1959 5904 Exod.
2002 5864 2111 5915 \‘tll,
2150 5848 2232 5903 l9.

2216 5777 2258 5809 ⁵⁸
2303 5775 2435 5831 ibid.
2467 5774 2558 5828 24.

2323 5848 2368 5878 ⁸⁷
2392 5846 2534 6156 Psall
2561 5860 2682 5910 vui,
2706 5842 2759 5897 ι.

2646 5774 2693 5805 ⁸³
2726 5772 2868 5828 Psal.
2901 5787 2960 5836 ιι,
2990 5769 3043 5823 4.
3148 5769 3192 5800 ⁸³
3217 5767 3377 5823 Joan.
3414 5783 3493 5835 ιιι,
3530 5769 3613 5826 15.

2867 5842 2912 5874 ⁸⁸
2941 5842 3077 5894 Luc.
3130 5854 3206 5907 ιι,
3242 5839 3333 5894 20.
