3946 6464
405 346 512 414 823

1590 352 1954 414 HESYCHII
1990 352 2462 414 PRESBYTERI

3602 345 3704 408 εει

380 463 712 532 passionem
726 462 1055 534 suscrpiens,
1070 463 1308 536 aspersit
1324 464 1545 535 quidem
1565 479 1717 521 suam
1741 479 1987 531 carnem,
2020 469 2060 524 Α
2092 466 2191 520 dia;
2236 465 2446 518 Domini
2476 463 2823 526 memorabor,
2867 463 3201 517 reminiscens
3243 460 3534 517 virtutum
3569 458 3703 528 ejus.

405 558 637 628 aspersit
661 566 843 613 autem
870 560 1096 629 septies,
1120 559 1244 629 quia
1269 574 1368 629 pro
1384 559 1709 615 remissione
1726 559 1831 613 hoc
1856 573 1986 629 pec-

404 659 673 715 catorum,
701 662 756 706 et
781 667 879 721 pro
901 651 1367 708 subministrando
1392 651 1549 706 nobis
1565 660 1756 706 sancto
1776 649 1986 721 Spiritu

406 743 555 798 fecit.
595 742 898 813 Utrumque
956 744 1101 798 enim
1154 743 1448 814 praedictus
1494 744 1784 814 designare
1854 758 1987 797 con—

407 830 587 886 suevit
612 848 894 897 numerus,
929 832 1001 887 ita
1033 841 1094 886 ut
1127 833 1321 888 Petrus
1363 833 1568 888 diceret
1602 833 1830 887 Domino
1875 851 1889 887 :
1928 832 1988 886 Si

406 925 696 992 peccaverit
732 926 785 977 in
837 941 920 979 me
966 927 1133 996 frater
1182 942 1347 989 meus,
1397 926 1597 994 quoties
1632 926 1841 979 dimitto
1894 925 1989 979 ei?

409 1030 573 1085 usque
603 1018 788 1082 septies
803 1019 890 1070 5°?
942 1018 1297 1088 responderet
1326 1031 1508 1072 autem
1536 1016 1798 1072 Dominus
1826 1036 1837 1070 :
1870 1018 1989 1071 Non

408 1107 526 1160 dico
547 1107 639 1160 tibi
662 1108 870 1178 septies,
906 1110 995 1163 sed
1016 1126 1178 1179 usque
1203 1110 1497 1181 septuagies
1524 1110 1711 1178 septies
1733 1109 1800 1172 “,
1845 1109 1988 1162 mul-

411 1199 724 1270 tiplicatque
754 1216 1044 1256 numerum
1080 1210 1303 1272 propter
1331 1202 1680 1272 operationes
1711 1201 1938 1271 spiritus
1972 1218 1986 1265 ;

411 1304 621 1361 septem
647 1292 794 1347 enim
843 1293 1113 1363 propheta
1173 1293 1339 1348 lsaias
1399 1294 1711 1347 numeravit
1744 1293 1935 1347 dicens
1976 1314 1987 1347 :

410 1384 479 1438 Et
506 1386 786 1454 requiescet
808 1402 963 1455 super
983 1403 1101 1440 eum
1129 1387 1347 1455 spiritus
1376 1385 1616 1449 Domini;
1644 1384 1846 1439 Deinde
1872 1386 1992 1451 ejus

410 1475 551 1529 dona
584 1474 835 1530 dividens
864 1476 939 1531 ait
976 1495 989 1530 :
1020 1476 1248 1544 Spiritus
1299 1477 1572 1547 sapientiae
1597 1486 1643 1529 et
1671 1475 1988 1540 intellectus,

410 1567 628 1634 spiritus
677 1567 881 1622 consilii
927 1579 976 1622 et
1030 1569 1368 1639 fortitudinis,
1399 1568 1617 1638 spiritus
1657 1569 1891 1622 scientia:
1943 1577 1992 1621 et

411 1659 643 1728 pietatis,
671 1670 719 1714 et
761 1659 975 1728 replebit
1026 1678 1144 1714 eum
1191 1662 1408 1729 spiritus
1454 1661 1655 1715 timoris
1692 1660 1988 1714 Domini“.

414 1748 571 1815 Quod
599 1762 782 1807 autem
810 1753 1129 1823 sanguinem
1153 1762 1369 1823 oportet
1402 1770 1502 1808 nos
1522 1754 1576 1808 in
1596 1754 1845 1824 passione
1875 1755 1994 1825 ejus

413 1841 682 1910 accipere,
710 1844 945 1912 probant
977 1843 1132 1900 Pilati
1168 1855 1223 1901 et
1251 1846 1564 1902 Judaaorum
1618 1848 1777 1903 verba
1807 1866 1821 1915 ;
1863 1848 1993 1903 dum
2026 1824 2067 1878 Β

414 1932 563 1985 enim
591 1932 897 1987 traderetur
928 1937 1098 2001 cruci,
1132 1936 1249 2006 ipse
1277 1936 1495 2005 quidem
1510 1937 1708 1991 clamat
1733 1955 1746 1990 :
1768 1940 1997 1991 Mundus

418 2039 535 2077 sum
568 2040 601 2076 a
626 2025 880 2095 sanguine
892 2026 1027 2094 justi
1046 2027 1223 2097 hujus.
1258 2025 1353 2080 Illi
1382 2036 1558 2079 autem
1593 2025 1862 2098 :Sanguis
1883 2026 1997 2093 eius

421 2130 577 2184 super
596 2132 707 2183 nos,
735 2126 782 2169 et
799 2133 957 2185 super
973 2116 1109 2185 ﬁlios
1134 2126 1334 2171 nostros
1355 2117 1441 2169 6’?
1470 2116 1642 2186 Hujus
1664 2117 1997 2187 aspersionis

420 2214 479 2261 et
505 2205 702 2262 Petrus
732 2208 787 2262 in
817 2207 1084 2262 catholica
1122 2206 1361 2276 Epistola
1391 2207 1661 2271 meminit,
1690 2208 1994 2277 apostolum

421 2314 481 2356 se
504 2300 792 2354 neminans
817 2298 1103 2355 secundum
1130 2299 1516 2368 pra’scientiam
1560 2298 1653 2351 Dei
1688 2295 1887 2360 Patris,
1942 2298 1999 2350 in
2064 2310 2065 2313 ‘

419 2389 836 2459 sanctificatione
890 2388 1139 2458 Spiritus,
1192 2392 1247 2444 in
1293 2390 1585 2444 obedientia
1616 2397 1664 2443 et
1703 2387 1999 2459 aspersione

419 2482 693 2553 sanguinis
714 2481 836 2536 Jesu
864 2481 1056 2537 Christi
1086 2482 1151 2536 ⁸³.
1181 2482 1235 2537 Si
1264 2490 1444 2537 autem
1469 2481 1608 2537 dicis
1639 2480 1764 2550 quia
1819 2478 2000 2549 passio

420 2573 641 2645 quidem
654 2573 795 2644 ejus,
812 2584 1103 2645 antequam
1117 2574 1435 2630 ascenderet
1454 2575 1507 2628 in
1523 2573 1712 2633 caelos,
1726 2570 1999 2642 provenit,

420 2666 695 2739 legislator
720 2677 903 2723 autem
952 2667 1084 2722 dicit
1120 2674 1244 2736 post
1278 2667 1669 2737 ingressionem
1702 2662 2001 2719 sacerdotis

423 2760 480 2817 in
516 2761 867 2816 tabernaculo
896 2758 1215 2823 testimonii,
1250 2758 1395 2827 quod
1444 2773 1545 2811 nos
1571 2757 1770 2812 emtum
1799 2754 2003 2826 signiﬁ-

421 2867 549 2907 care
575 2852 836 2918 diximus,
866 2849 922 2906 Si
962 2851 1185 2923 intingis
1207 2851 1433 2920 digitum
1485 2850 1541 2905 in
1576 2849 1893 2920 sanguinem
1948 2857 2005 2902 et

422 2946 692 3017 aspergis:
717 2961 904 3000 verum
925 2960 1194 3017 cognosce
1208 2945 1330 3013 quia
1351 2944 1443 3013 qui
1467 2944 1694 2998 inferius
1716 2942 2006 2997 cruciﬁxus

422 3046 507 3092 est
524 3053 710 3103 carne,
734 3038 789 3092 in
823 3038 961 3092 ccelo
991 3047 1071 3091 est
1090 3036 1403 3100 divinitate;
1436 3044 1492 3090 et
1520 3044 1807 3106 propterea
1850 3034 2006 3104 prin-

420 3132 635 3202 cipibus
666 3131 1011 3187 sacerdotum
1033 3131 1407 3201 judicantibus
1429 3144 1553 3184 eum
1586 3138 1641 3184 et
1661 3127 2007 3185 cruciﬁxuris

423 3220 641 3276 dicebat
675 3219 839 3274 :Dico
871 3222 1033 3285 vobis,
1064 3227 1252 3275 antodo
1271 3220 1508 3276 videbitis
1540 3220 1735 3274 Filium
1780 3220 2005 3273 hominis

421 3314 685 3368 sedentem
709 3329 742 3367 a
770 3313 969 3367 dextris
994 3311 1087 3367 Dei
1107 3313 1173 3367 “.
1206 3312 1361 3379 Quod
1394 3323 1575 3368 autem
1596 3309 1750 3375 dixit,
1793 3311 2003 3375 amodo,

422 3403 764 3459 ostendentis
793 3403 915 3466 fuit,
968 3402 1096 3473 quia
1113 3416 1223 3473 quo
1252 3412 1499 3473 tempore
1524 3401 1727 3456 vitulus
1756 3400 2006 3454 immola-

422 3497 588 3552 batur
626 3496 681 3551 in
724 3496 1095 3566 inferioribus,
1131 3480 1198 3550 eo
1236 3504 1479 3564 tempore
1514 3502 1572 3547 ut
1621 3492 1867 3546 Pontifex
1890 3492 2007 3559 ipse

424 3588 527 3644 sibi
543 3588 867 3643 sacriﬁcium
881 3587 1100 3643 oﬂ‘erret
1118 3586 1174 3642 in
1187 3587 1346 3641 ctelo.
1368 3585 1580 3651 Quibus
1604 3583 1938 3639 conveniunt
1954 3590 2009 3635 et

424 3680 845 3751 subsequentia:
871 3680 1136 3750 Ponetque
1158 3679 1222 3733 de
1239 3679 1417 3732 eodem
1434 3678 1690 3747 sanguine
1705 3692 1861 3745 super
1890 3692 2007 3728 cor-

425 3788 532 3827 nua
549 3772 735 3826 altaris
755 3771 1118 3841 thymiamatis
1140 3770 1431 3842 gratissimi
1450 3767 1674 3822 Domino
1690 3764 1827 3838 quod
1857 3775 1929 3820 est
1953 3766 2010 3819 in

428 3862 767 3919 tabernaculo
806 3863 1110 3917 testimonii.
1143 3862 1243 3919 llic
1263 3861 1449 3916 sedem
1478 3860 1777 3916 Cherubim
1802 3858 2001 3931 signat,

424 3955 551 4027 quia
573 3955 718 4010 enim
745 3960 875 4010 sunt
901 3954 1094 4018 altare,
1112 3953 1278 4009 Isaias
1304 3969 1403 4023 per
1429 3953 1698 4009 visionem
1720 3951 2007 4022 Seraphim

425 4046 796 4102 manifestavit
824 4046 938 4111 ;ait
978 4045 1123 4101 enim
1153 4060 1169 4098 :
1205 4045 1272 4100 Et
1301 4045 1497 4100 volavit
1538 4046 1608 4098 ad
1647 4062 1731 4099 me
1766 4061 1901 4098 unus
1947 4045 2012 4098 de

426 4139 726 4211 Seraphim,
756 4150 802 4194 et
852 4140 909 4193 in
937 4155 1100 4193 manu
1148 4139 1266 4209 ejus
1313 4137 1570 4203 calculus,
1620 4155 1771 4209 quem
1816 4137 2013 4209 forcipe

428 4235 623 4290 tulerat
654 4235 717 4289 de
752 4232 918 4287 altari
942 4234 1011 4287 °’.
1044 4232 1348 4288 Thimiama
1377 4241 1584 4298 autem,
1613 4232 1756 4288 sicut
1777 4231 2013 4302 Septua-

429 4329 576 4400 ginta
597 4329 805 4393 dicunt,
831 4326 1268 4397 compositionis,
1292 4325 1745 4396 compositionem
1767 4323 2013 4380 omnium

429 4419 572 4475 sicut
602 4419 656 4473 in
686 4419 1041 4491 thymiamate
1074 4418 1339 4474 virtutum
1366 4417 1519 4481 dicit,
1568 4432 1690 4488 quae
1736 4425 1867 4472 sunt
1925 4417 2014 4469 in-

2088 560 2198 613 Has
2227 558 2490 612 Dominus
2522 557 2676 628 ungit
2713 556 2935 627 proprio
2965 555 3259 627 sanguine,
3317 550 3610 606 virtutem
3631 549 3710 604 eis

2088 662 2354 722 praeSIans
2382 650 2645 718 majorem
2677 649 3191 720 perfectioremque,
3227 658 3301 701 ut
3344 652 3555 700 contra
3613 641 3711 697 ad-

2088 744 2456 798 versariorum
2488 744 2634 798 vires
2655 743 2953 813 praevalere
3007 741 3239 811 possint.
3282 738 3548 794 Omnem
3582 736 3711 788 reli-

2089 853 2257 907 quum
2286 835 2606 908 sanguinem
2645 836 2821 902 vituli,
2872 834 3029 890 fundi
3064 834 3207 890 circa
3260 831 3463 887 basim
3523 827 3713 882 altaris

2091 929 2415 997 holocausti,
2470 929 2615 999 quod
2667 938 2752 984 est
2814 928 2873 982 in
2924 916 3288 983 tabernaculo
3363 920 3711 978 testimonii.

2093 1021 2373 1092 przecepit.
2430 1020 2616 1074 Altare
2671 1018 3153 1081 holocautomatis,
3212 1028 3441 1071 rursus
3500 1009 3711 1065 Christi

2092 1130 2292 1184 corpus
2329 1113 2695 1184 intelligamus
2726 1131 2739 1166 :
2776 1114 2915 1167 sicut
2946 1113 3093 1167 enim
3128 1112 3245 1181 ipse
3324 1105 3608 1163 sacerdos
3660 1113 3715 1157 et

2093 1206 2420 1262 sacrificium
2452 1214 2553 1269 est,
2578 1205 2657 1261 sic
2685 1214 2740 1259 et
2768 1205 2939 1258 altare
2960 1212 3063 1257 est.
3089 1201 3145 1256 Si
3176 1211 3380 1256 autem
3427 1198 3489 1251 in
3522 1194 3717 1250 multis

2092 1298 2410 1353 nominibus
2451 1312 2619 1351 unum
2679 1303 2764 1351 est
2813 1295 2958 1366 quod
3024 1293 3405 1365 signiﬁcatur.
3466 1289 3715 1344 diximus

2091 1391 2293 1461 quippe
2323 1405 2445 1443 eum
2490 1397 2743 1458 oportere
2790 1385 3013 1457 intelligi
3066 1386 3232 1439 etiam
3284 1381 3519 1443 velum,
3576 1377 3715 1432 nihil

2094 1493 2177 1539 est
2207 1483 2350 1554 quod
2374 1499 2437 1537 ex
2473 1483 2576 1536 hoc
2603 1482 2770 1551 possit
2794 1479 3065 1535 obsistere
3099 1477 3269 1543 ;dum
3312 1474 3480 1530 enim
3520 1473 3715 1527 multas

2093 1575 2201 1631 sint
2229 1575 2282 1629 in
2312 1574 2432 1644 ipso
2459 1573 2825 1643 operationes,
2855 1569 3247 1625 convenienter
3298 1567 3489 1621 etiam
3542 1565 3716 1617 multa

2093 1679 2223 1729 sunt
2250 1669 2493 1724 nomina.
2527 1666 2637 1722 Nec
2662 1681 2729 1721 ex
2772 1666 2857 1720 his
2915 1661 3451 1733 interpretationem
3527 1656 3714 1726 reSpni

2093 1763 2248 1834 quasi
2273 1761 2590 1816 mendacem
2622 1758 2702 1813 fas
2731 1766 2835 1823 est,
2875 1755 3075 1810 divinae
3127 1754 3340 1823 quippe
3401 1749 3715 1818 Scriptura:

2096 1871 2217 1911 mos
2258 1863 2338 1908 est
2391 1866 2556 1906 unam
2610 1865 2725 1904 rem
2775 1848 2961 1903 multis
3013 1844 3295 1900 insinuare
3352 1841 3713 1903 nominibus,

2095 1948 2241 2019 quod
2273 1941 2968 2005 demonstratZacharias;
3000 1938 3279 1992 aitenim:
3315 1934 3394 1987 Et
3438 1931 3714 2002 respondi,

2098 2048 2145 2093 et
2169 2038 2281 2092 dixi
2302 2037 2372 2090 ad
2393 2052 2510 2090 eum
2528 2050 2545 2089 :
2561 2034 2700 2099 Quid
2720 2042 2839 2086 sunt
2859 2031 2981 2085 dua:
3004 2029 3154 2084 oliva:
3178 2028 3291 2081 ista:
3321 2027 3403 2078 ad
3432 2025 3712 2078 dexteram

2099 2128 2423 2192 candelabri,
2466 2136 2514 2181 et
2552 2125 2623 2179 ad
2671 2124 2946 2179 sinistram
2974 2120 3089 2190 ejus
3126 2119 3151 2173 ?
3189 2121 3259 2172 Et
3305 2114 3579 2184 respondi
3631 2128 3715 2166 se-

2099 2224 2268 2278 cundo
2293 2231 2340 2276 et
2366 2221 2478 2275 dixi
2508 2222 2579 2273 ad
2602 2235 2721 2272 eum
2747 2233 2765 2271 :
2790 2215 2928 2281 Quid
2961 2221 3083 2268 sunt
3121 2212 3240 2266 dua:
3275 2210 3493 2278 species
3547 2205 3713 2259 oliva-

2099 2335 2217 2371 rum
2283 2330 2398 2386 qute
2425 2322 2545 2367 sunt
2594 2312 2753 2381 juxta
2800 2310 2904 2362 duo
2955 2316 3126 2361 rostra
3172 2319 3367 2364 aurea,
3408 2301 3470 2354 in
3523 2297 3713 2369 quibus

2099 2419 2219 2465 sunt
2249 2406 2524 2477 suffusoria
2548 2421 2611 2459 e:c
2637 2402 2804 2457 auro?
2830 2401 2895 2454 Et
2925 2401 3001 2453 ait
3025 2398 3095 2452 ad
3122 2412 3203 2450 me
3241 2395 3434 2448 dicens
3482 2406 3505 2445 :
3554 2388 3713 2443 Nun-

2101 2504 2226 2575 quid
2255 2501 2418 2555 nescis
2438 2500 2563 2568 quid
2583 2507 2703 2552 sunt
2724 2496 2868 2550 lucc?
2889 2495 2954 2548 Et
2976 2492 3088 2548 dixi
3109 2508 3127 2545 :
3154 2489 3274 2544 Non
3293 2489 3439 2552 scio,
3460 2484 3708 2575 Domine.

2103 2569 2173 2645 Et
2195 2592 2357 2644 dixit:
2386 2587 2482 2642 Isti
2502 2594 2622 2640 sunt
2647 2585 2751 2638 duo
2771 2583 2870 2653 filii
2906 2582 3007 2635 olei
3043 2576 3361 2650 splendoris,
3417 2572 3518 2644 qui
3570 2569 3709 2623 assi-

2101 2692 2243 2739 stunt
2256 2680 2591 2737 Dominatori
2604 2678 2857 2731 universa:
2870 2684 3025 2729 terra:
3035 2672 3101 2726 ⁸⁸.
3120 2669 3391 2740 Equidem
3406 2660 3707 2718 Zacharias

2104 2778 2170 2832 de
2200 2775 2413 2830 duobus
2443 2770 2765 2841 quibusdam
2799 2756 3058 2837 inquirit,
3077 2764 3144 2819 de
3182 2761 3340 2828 oleis,
3377 2767 3439 2815 et
3489 2756 3563 2811 de
3626 2752 3708 2809 ei-

2105 2867 2457 2924 tundentibus
2478 2864 2534 2917 in
2591 2860 2919 2917 candelabro
2968 2857 3173 2912 oleum.
3208 2854 3309 2909 Cui
3363 2860 3564 2907 autem
3618 2859 3705 2900 re-

2107 2956 2329 3027 Spondit
2371 2953 2620 3024 angelus,
2675 2950 2889 3005 duabus
2939 2942 3479 3016 interrogationibus
3542 2950 3703 3027 unam

2108 3026 2613 3118 interpretationem
2674 3041 2879 3097 retulit.
2921 3038 3060 3106 Quia
3117 3044 3299 3090 autem
3352 3026 3703 3100 intelligibile

2033 3158 2075 3217 ο
2109 3143 2276 3196 altare
2301 3154 2501 3209 corpus
2524 3135 2763 3200 Domini,
2817 3143 2874 3189 et
2929 3133 3123 3187 beatus
3175 3127 3383 3183 Paulus
3422 3119 3702 3192 intelligit,

2107 3235 2225 3305 ipso
2249 3233 2464 3288 dicente
2484 3244 2754 3300 cognosce
2786 3245 2801 3295 ;
2832 3227 2910 3282 ait
2939 3225 3086 3281 enim
3117 3240 3131 3278 :
3181 3221 3455 3277 Habemus
3508 3216 3698 3277 altare,

2104 3326 2167 3379 de
2188 3340 2288 3395 quo
2317 3324 2467 3376 edere
2491 3336 2595 3374 non
2622 3318 2811 3372 habent
2852 3324 3161 3386 potestatem
3191 3313 3243 3365 hi
3302 3311 3397 3382 qui
3451 3308 3701 3395 taberna-

2106 3393 2222 3468 culo
2246 3412 2543 3468 deserviunt
2560 3411 2626 3474 ⁸³,
2658 3423 2858 3478 corpus
2888 3405 3141 3461 videlicet
3164 3401 3368 3457 Christi
3397 3399 3612 3460 dicens,
3634 3393 3699 3449 de

2106 3505 2199 3560 illo
2231 3504 2378 3559 enim
2416 3501 2704 3558 comedere
2724 3498 2928 3555 Judzeis
2960 3496 3041 3551 fas
3070 3511 3179 3550 non
3221 3503 3324 3549 est.
3360 3491 3480 3547 Hoc
3532 3488 3700 3543 altare

2107 3596 2415 3653 necessarie
2448 3595 2502 3649 in
2537 3592 2765 3648 introitu
2789 3585 3127 3645 tabernaculi
3155 3581 3485 3646 testimonii,
3512 3578 3567 3634 id
3594 3584 3693 3637 est.

2108 3692 2163 3747 in
2194 3690 2423 3745 introitu
2457 3686 2721 3743 ccelorum
2752 3692 2858 3750 est,
2885 3682 3011 3754 quia
3038 3696 3139 3752 per
3175 3679 3355 3749 ipsum
3388 3676 3696 3747 ingressum

2111 3784 2375 3838 habemus
2409 3781 2466 3835 in
2505 3779 2677 3835 caelis.
2704 3776 2806 3832 Sed
2829 3777 2942 3846 jam
2973 3773 3181 3843 reliqua
3210 3769 3377 3839 hujus
3445 3756 3693 3821 sacriﬁcii

2111 3875 2487 3934 discutiamus.
2523 3870 2876 3939 Quaecunque
2917 3882 3066 3923 enim
3124 3863 3182 3918 in
3230 3858 3506 3917 sacriﬁcio
3549 3851 3696 3937 paci-

2112 3969 2362 4032 ﬁcorum,
2401 3982 2499 4022 seu
2527 3961 2750 4021 salutari
2779 3960 3061 4032 pra‘cepit,
3090 3956 3280 4013 eadem
3308 3953 3430 4009 ﬁeri
3455 3949 3617 4006 etiam
3640 3943 3692 3997 in

2113 4063 2219 4117 hoc
2245 4060 2523 4131 praecepit,
2559 4058 2697 4112 duos
2726 4053 3061 4110 renunculos
3087 4049 3298 4113 offerri,
3331 4056 3387 4102 et
3410 4038 3691 4099 reticulum

2111 4153 2256 4224 quod
2284 4162 2367 4207 est
2394 4165 2558 4221 super
2581 4163 2696 4213 eos,
2724 4156 2780 4202 et
2799 4146 3016 4215 adipem
3038 4141 3259 4214 iecoris,
3285 4138 3434 4210 quod
3466 4137 3693 4203 Septua-

2112 4245 2259 4318 ginta
2296 4243 2467 4298 edunt
2487 4250 2533 4295 et
2557 4241 2778 4311 pinnam
2829 4236 3053 4306 lieputis,
3089 4242 3144 4289 et
3186 4229 3387 4287 adoleri
3424 4243 3489 4282 ea
3536 4231 3693 4318 super

2112 4310 2281 4393 altare
2341 4310 2866 4389 holocautomatum.
2911 4328 2971 4383 In
2999 4326 3215 4382 duobus
3249 4319 3576 4378 sacriﬁcium
3611 4310 3692 4367 di-

2112 4429 2323 4489 videns,
2360 4431 2634 4496 quatenus
2666 4419 2923 4477 omnibus
2951 4418 3113 4474 liceat
3133 4412 3337 4471 Christi
3369 4404 3687 4467 sacriﬁcium

429 4512 708 4584 telligibile
752 4511 1069 4583 thymiama.
1122 4509 1223 4565 Ubi
1279 4511 1482 4580 quippe
1547 4510 1701 4565 decet
1756 4508 2003 4571 virtutes,

2117 4520 2339 4585 imitari,
2367 4518 2419 4573 id
2459 4524 2562 4580 est,
2598 4525 2707 4573 tam
2740 4512 2828 4567 bis
2858 4511 2950 4581 qui
2975 4506 3249 4564 inferioris
3290 4512 3419 4559 sunt
3468 4509 3690 4557 conver-

428 4603 534 4659 nisi
570 4604 624 4658 in
650 4602 779 4659 sede
819 4602 914 4657 Dei
939 4616 1061 4657 esse
1091 4601 1451 4673 compositas?
1486 4600 1541 4655 in
1572 4600 1790 4670 quibus,
1833 4598 1935 4653 etsi
1961 4597 2017 4653 in

429 4704 575 4750 terra
601 4694 943 4750 conversatio
989 4703 1093 4760 est,
1125 4694 1193 4749 de
1238 4694 1377 4749 casio
1421 4704 1603 4747 tamen
1651 4691 2013 4747 descendunt.

430 4788 585 4845 Unde
615 4800 670 4845 et
696 4786 899 4843 Paulus
926 4787 995 4843 de
1029 4786 1116 4842 his
1154 4788 1248 4857 qui
1279 4787 1333 4841 in
1367 4785 1663 4841 virtutibus
1719 4798 2017 4839 conversa--

429 4879 632 4934 bantur
658 4878 825 4933 dixit:
844 4878 1044 4933 Nostra
1071 4887 1249 4931 autem
1270 4878 1592 4932 conversatio
1611 4877 1676 4930 in
1688 4875 1829 4930 caelis
1853 4882 1925 4928 est
1948 4874 2013 4927 “.

430 4972 666 5028 Jacobus
685 4989 817 5027 vero
837 4973 943 5027 ait:
968 4972 1102 5037 Qua:
1121 4982 1301 5026 autem
1331 4973 1604 5026 desursum
1632 4979 1709 5025 est
1725 4969 2013 5039 sapientia,

434 5065 663 5134 primum
729 5066 939 5136 quidem
977 5065 1201 5134 benigna
1241 5073 1315 5118 est
1333 5066 1399 5130 ⁸⁷,
1449 5063 1770 5133 sapientiam
1826 5061 2018 5116 dicens

433 5172 597 5212 unam
627 5158 693 5212 de
725 5157 1073 5230 generalibus
1113 5173 1238 5213 esse
1295 5158 1593 5213 virtutibus
1638 5175 1651 5211 :
1704 5164 1830 5228 post
1875 5154 2019 5208 hanc

432 5249 580 5304 enim
604 5249 888 5314 fortitudo,
922 5259 979 5305 et
1010 5250 1239 5321 iustitia,
1274 5259 1329 5306 et
1364 5251 1608 5317 castitas,
1636 5249 1809 5305 multo
1850 5247 2019 5319 magis

434 5351 489 5397 et
513 5352 725 5398 caetera:
758 5358 882 5398 cum
911 5342 1015 5398 hac
1036 5342 1380 5409 ordinantur,
1421 5359 1543 5414 qua:
1575 5342 1705 5397 dum
1742 5342 1853 5397 sint
1878 5355 2017 5409 qua-

436 5442 580 5497 tuor,
620 5443 680 5488 ut
710 5434 966 5501 arbitror,
1028 5447 1082 5489 et
1113 5434 1468 5501 excellentes,
1517 5450 1723 5490 cornua
1773 5430 2014 5502 praedicti

436 5525 625 5580 altaris
651 5526 776 5597 quia
801 5541 1001 5597 genera
1048 5536 1177 5581 sunt
1220 5527 1446 5582 aliarum
1503 5527 1786 5585 virtutum,
1820 5537 2019 5577 conve-

435 5617 655 5673 nienter
681 5619 1056 5674 nominantur.
1081 5618 1171 5674 Ait
1193 5628 1374 5675 autem
1405 5618 1641 5675 etlsaias
1670 5633 1683 5669 :
1719 5616 2013 5669 Misericor-

531 5756 577 5788 "
604 5755 795 5812 Matth.
831 5772 985 5822 xvm,
1011 5758 1103 5813 21.
1187 5759 1230 5791 ⁸ο
1255 5758 1389 5814 ibid.
1413 5758 1507 5821 Ἠ..

2121 4613 2371 4677 sationis,
2403 4609 2485 4666 eis
2527 4608 2729 4678 quippe
2756 4603 3053 4662 convenire
3081 4599 3433 4671 paciﬁcorum
3465 4591 3687 4649 diximus

2118 4704 2464 4767 sacriﬁcium,
2487 4716 2650 4772 quam
2678 4699 2869 4754 altiora
2892 4694 3252 4767 sapientibus,
3279 4690 3481 4762 quibus
3502 4678 3686 4743 imitari

2118 4793 2316 4851 suﬁicit
2340 4807 2461 4862 quae
2484 4797 2809 4860 sequuntur.

2188 4886 2388 4943 Pellem
2425 4901 2544 4939 vero
2604 4891 2651 4937 et
2685 4898 2862 4935 omnes
2893 4894 3077 4933 carnes
3100 4893 3219 4931 cum
3249 4875 3438 4945 capite,
3474 4882 3522 4927 et
3552 4864 3686 4939 pcdi-

2119 4979 2230 5042 bus,
2266 4988 2310 5031 et
2338 4974 2622 5038 intestinis,
2662 4982 2710 5026 et
2743 4971 2887 5040 ﬁmo,
2931 4978 2981 5023 et
3038 4966 3239 5037 reliquo
3279 4978 3493 5033 corpore
3529 4958 3684 5028 efferet

2118 5082 2267 5125 extra
2293 5078 2491 5123 castra.
2519 5064 2674 5133 Quod
2707 5061 2968 5134 prrecepit
2997 5068 3193 5132 utnon
3228 5056 3511 5111 Christum
3558 5044 3684 5103 divi-

2124 5162 2245 5225 das,
2281 5161 2425 5215 sicut
2446 5157 2665 5229 quidam
2687 5154 2942 5210 dividunt
2967 5154 3214 5208 dicentes
3240 5148 3324 5203 :ls
3339 5147 3431 5218 qui
3447 5147 3515 5201 de
3535 5137 3681 5198 Maria

2122 5261 2227 5317 est,
2259 5266 2453 5322 passus
2473 5259 2555 5304 est
2584 5267 2597 5302 :
2630 5248 2721 5317 qui
2754 5256 2936 5301 autem
2962 5246 3030 5300 de
3057 5243 3169 5298 Deo
3199 5240 3357 5296 Patre
3378 5248 3484 5305 est,
3508 5243 3683 5307 passus

2122 5362 2233 5401 non
2269 5353 2371 5399 est.
2403 5341 2570 5397 Nobis
2595 5340 2742 5395 enim
2788 5355 2931 5393 unus
2956 5336 3221 5391 Dominus
3248 5334 3406 5389 Jesus
3427 5328 3681 5385 Christus.

2122 5453 2219 5508 per
2256 5452 2418 5507 quem
2484 5433 2666 5488 omnia
2717 5450 2730 5486 :
2790 5430 2916 5501 quia
2957 5428 3257 5483 secundum
3308 5422 3454 5493 quod
3504 5412 3683 5508 Paulus

2127 5504 2313 5583 dixit—z
2347 5528 2484 5582 Cum
2528 5535 2580 5581 ut
2616 5524 2781 5579 homo
2809 5530 3112 5593 pamtur,
3140 5515 3401 5572 miracula
3431 5521 3607 5567 tamen
3629 5504 3677 5558 in

2127 5530 2264 5583 dixit
2300 5547 2313 5583 :
2347 5530 2484 5582 Cum
2528 5535 2580 5581 ut
2618 5530 2781 5579 homo
2809 5538 2875 5593 pa
2984 5530 3057 5601 itu

2124 5617 2464 5687 passionibus
2490 5623 2769 5686 operatur,
2792 5530 3057 5721 oga

2996 5735 3217 5912 Ε

3013 5912 3223 5997 τ

3025 5604 3156 5690 τὲᾀ
3185 5620 3452 5677 nusquam
3475 5600 3679 5660 divisus.

1617 5633 1641 5672 s
1670 5633 1683 5669 :
1719 5616 2003 5669 Misericor-

1612 5756 1653 5786 ⁶¹
1686 5753 1790 5808 lsa.
1835 5769 1910 5810 χι.
1932 5753 1988 5813 9.,

1612 5841 1685 5997 ἲ,
1712 5824 1801 5879 20.
1881 5826 1922 5856 "
1953 5824 2003 5879 .la

2124 5617 2464 5687 passionibus
2490 5623 2769 5686 operatur,
2792 5609 3057 5721 nus}
3133 5675 3147 5690 _
3185 5620 3452 5677 nusquam
3475 5609 3676 5660 divisus.

2153 5754 2197 5784 ⁶²
2229 5750 2420 5807 Matth.
2446 5767 2619 5814 xxvn,
2645 5750 2737 5814 24,
2771 5748 2864 5803 95.
2941 5609 3277 5997 ’δὲῃ
3311 5742 3369 5797 2.
3446 5740 3492 5773 ⁸⁸
3513 5730 3676 5792 Matth.

2114 5842 2167 5886 ιι,
2202 5823 2289 5877 t7.
2360 5821 2403 5854 °°
2439 5821 2669 5878 Zachar.
2698 5819 2996 5887 1ν,Η-Ιί.’
3217 5816 3300 5871 br.
3332 5828 3451 5878 xm,
3496 5810 3577 5865 i0.

440 5840 589 5892 uvn,
616 5826 704 5883 et.
800 5810 845 5860 ο·
878 5810 985 5885 Iss1
1016 5810 1099 5898 in,
1125 5828 1179 5884 ϐ.
1269 5810 1519 6137 “ιἸιίΙὶΙ’
1605 5841 1685 5892 ιιι,
1712 5824 1801 5879 20.
1881 5826 1922 5856 ετ
1953 5810 2003 5879 ta

2114 5842 2167 5886 ιι,
2202 5823 2289 5877 17.
2360 5821 2403 5854 ⁸⁸
2439 5810 2669 5878 Zachar.
2698 5810 2772 5887 tv,
2798 5810 3300 5997 ηιμ-ἰω
3332 5828 3451 5878 xm,
3496 5810 3577 5865 i0.
