4046 6416
46 934 63 1062 l

66 2255 99 2273 κ
142 2223 240 2278 vel
299 2225 442 2278 sicut
493 2222 882 2293 Septuaginta,
951 2232 1076 2277 cum
1132 2230 1325 2277 ventre
1379 2232 1435 2278 et
1491 2233 1784 2281 stercores

107 354 253 421 825

109 566 418 632 videlicet,
452 575 561 622 tam
593 584 718 623 eum
749 570 841 640 qui
878 571 1197 641 apparebat,
1217 588 1379 641 quam
1421 573 1514 642 qui
1546 573 1600 626 in
1632 588 1723 628 oc-

112 659 293 713 culto
323 668 460 723 erat,
480 660 780 724 hominem,
810 662 879 717 de
908 678 1016 733 quo
1046 663 1122 718 ait
1155 661 1356 719 Paulus
1384 683 1399 719 :
1451 664 1518 718 Et
1558 664 1605 718 si
1635 680 1727 718 ea:-

116 752 311 805 ιενὲον
367 753 521 806 homo
554 763 729 807 noster
786 756 1179 825 corrumpitur,
1212 757 1302 811 sed
1332 757 1551 811 interior
1573 772 1727 811 reno-

114 852 306 896 vatur
336 844 402 897 ⁷⁸.
431 843 571 898 Caro
592 843 739 898 enim
767 844 823 899 iu
855 844 1107 911 Domino,
1158 846 1336 901 omnis
1376 847 1495 917 ejus
1533 846 1728 902 huma-

118 935 313 999 nitas,
342 937 466 1007 quia
507 935 728 991 Verbum
779 954 902 992 caro
927 940 1125 1009 factum
1149 948 1225 994 est
1236 941 1322 1005 "°',
1352 939 1567 995 dicitur.
1596 938 1730 996 Pro.

121 1036 271 1098 pter
301 1030 446 1099 quod
475 1038 531 1085 et
552 1044 771 1084 carnem
818 1030 938 1101 ejus
989 1046 1113 1086 cum
1151 1032 1330 1101 capite
1372 1041 1428 1086 et
1469 1032 1723 1101 pedibus,

122 1120 231 1173 vel
268 1136 394 1174 cum
424 1120 601 1190 capite
635 1127 691 1175 et
736 1122 994 1176 extremis
1045 1122 1304 1178 videlicet
1355 1122 1607 1193 pedibus,
1649 1123 1731 1179 sic

123 1211 296 1265 enim
333 1211 513 1266 caeteri
539 1212 899 1282 interpretum
929 1212 1237 1278 ediderunt,
1273 1214 1434 1284 jussit
1463 1214 1684 1269 incendi
1712 1233 1725 1270 :

127 1311 201 1354 ut
240 1318 343 1370 per
368 1302 624 1372 praedic-ta
652 1304 818 1357 verba
864 1319 988 1359 eum
1024 1305 1117 1373 qui
1172 1321 1273 1375 pro
1316 1306 1475 1360 nobis
1536 1321 1731 1376 passus

132 1404 255 1459 est,
286 1412 408 1450 esse
446 1412 475 1449 a
503 1396 771 1466 principio
796 1397 924 1451 etin
944 1398 1255 1454 novissimis
1282 1400 1727 1470 intelligeremus,

132 1491 215 1545 de
265 1507 377 1561 quo
414 1493 485 1545 ait
525 1490 726 1546 Paulus
761 1511 776 1547 :
816 1492 950 1558 Quia
976 1495 1031 1548 in
1048 1496 1161 1564 ipso
1181 1505 1358 1550 creata
1383 1508 1502 1551 sunt
1532 1498 1730 1562 omnia,

136 1596 270 1651 qua
304 1582 361 1633 in
390 1580 550 1643 aclis,
578 1589 627 1635 et
652 1596 767 1652 qua:
795 1582 848 1634 in
871 1591 1031 1648 terra,
1064 1583 1293 1636 visibilia
1341 1590 1389 1636 et
1426 1582 1729 1648 invisibilia,

133 1674 259 1725 sive
282 1674 477 1734 throni,
507 1673 612 1727 sive
632 1673 1035 1738 dominationes,
1085 1674 1190 1728 sive
1234 1675 1585 1743 principatus,
1626 1675 1734 1730 sive

138 1776 458 1835 potestates.
484 1765 659 1819 omnia
688 1782 781 1834 per
807 1767 981 1835 ipsum
1019 1775 1068 1819 et
1106 1766 1162 1819 in
1217 1767 1331 1834 ipso
1375 1776 1552 1820 creata
1590 1775 1731 1830 sunt,

137 1869 195 1913 et
224 1860 341 1928 ipse
360 1869 436 1913 est
459 1870 580 1912 ante
603 1860 799 1921 omnia,
822 1867 869 1912 et
896 1858 1075 1912 omnia
1125 1858 1181 1911 in
1220 1858 1336 1927 ipso
1381 1867 1621 1911 constant
1646 1873 1664 1921 ;
1686 1868 1734 1912 et

142 1954 265 2019 ipse
293 1962 367 2005 est
397 1960 555 2020 caput
586 1950 815 2015 corporis
854 1950 1120 2016 Ecclesia,
1168 1951 1256 2021 qui
1299 1960 1371 2004 est
1397 1951 1734 2021 principium,

141 2043 535 2112 primogenitus
560 2059 592 2095 a
618 2042 835 2095 mortuis
868 2057 887 2094 :
918 2050 975 2094 ut
994 2042 1061 2095 sit
1094 2042 1201 2109 ipse
1238 2041 1294 2094 in
1336 2041 1572 2094 omnibus
1623 2040 1736 2110 pri—

143 2141 363 2185 matum
394 2143 569 2184 tenens
589 2131 655 2185 ⁷¹.
688 2130 916 2200 Insuper
942 2146 1064 2186 cum
1126 2130 1402 2186 intestinis
1454 2138 1510 2186 et
1567 2130 1731 2197 ﬁmo;

144 2313 354 2376 edunt,
385 2321 445 2365 ut
471 2314 596 2383 quia
625 2314 826 2368 mentis
851 2313 1207 2384 intelligibilis
1266 2324 1458 2369 venter
1507 2313 1735 2385 ﬁguram

144 2408 323 2478 gerit,
360 2407 503 2461 sicut
551 2406 606 2460 in
660 2404 943 2460 sacriﬁciis
999 2405 1230 2460 aliorum
1292 2405 1739 2460 holocaustorum

145 2499 523 2561 ostendimus,
553 2513 619 2553 ex
648 2512 715 2552 eo
744 2507 987 2552 mentem
1021 2497 1278 2551 habuisse
1320 2507 1563 2552 nostram
1615 2514 1741 2552 eum

146 2590 252 2660 qui
284 2606 385 2659 pro
411 2589 566 2644 nobis
594 2604 787 2659 passus
810 2596 915 2656 est,
953 2588 1179 2643 minime
1227 2588 1559 2659 ignoremus,
1596 2590 1742 2660 quod

147 2683 385 2754 quidam
406 2681 790 2737 haereticorum
816 2690 1038 2753 negant.
1072 2680 1260 2736 Fimus
1291 2690 1472 2736 autem
1518 2690 1741 2752 peccata

151 2777 384 2849 generis
427 2775 655 2830 humani
704 2775 1013 2846 significat,
1059 2790 1181 2845 qua:
1234 2773 1527 2829 cruciﬁxus
1578 2775 1633 2828 in
1686 2790 1744 2831 se

151 2870 443 2939 suscepit:
474 2868 591 2924 haec
617 2868 763 2924 enim
787 2868 947 2923 ﬁmus
994 2866 1205 2922 Domini
1250 2867 1619 2923 verisimiliter
1661 2867 1745 2924 di-

153 2971 389 3015 cuntur.
420 2958 606 3014 Fimus
631 2960 831 3029 quippe
865 2960 1092 3014 cum'sit
1142 2959 1479 3027 immundus,
1548 2976 1746 3031 geren-

155 3061 277 3107 tem
306 3067 416 3105 non
448 3052 662 3122 polluit,
683 3066 862 3121 neque
894 3062 1103 3106 natura:
1131 3060 1333 3107 nostra:
1369 3062 1472 3116 est,
1500 3053 1748 3122 quamvis

154 3144 230 3198 sit
263 3145 323 3197 in
356 3145 532 3208 nobis,
564 3144 705 3200 sicut
750 3152 805 3198 et
841 3154 1059 3213 peccata
1110 3152 1316 3209 nostra,
1351 3160 1472 3215 qua:
1514 3145 1748 3214 portavit

156 3235 454 3300 Dominus,
482 3244 537 3290 et
561 3236 735 3292 aliena
768 3236 989 3291 fuerunt
1011 3236 1079 3292 ab
1101 3252 1187 3302 eo,
1215 3246 1270 3293 et
1289 3253 1413 3293 eum
1438 3237 1748 3293 nullatenus

156 3332 503 3401 polluerunt,
554 3332 851 3401 permansit
894 3332 1040 3387 enim
1091 3333 1210 3387 sine
1251 3341 1497 3403 peccato.
1548 3332 1747 3388 Totum

154 3437 300 3491 ergo
332 3422 585 3488 vitulum,
614 3422 667 3477 id
693 3433 779 3478 est
803 3432 979 3478 totum
1002 3424 1305 3488 Christum,
1353 3431 1506 3479 extra
1570 3432 1749 3479 castra

157 3515 214 3570 in
251 3514 379 3570 loco
412 3510 791 3581 mundissimo,
814 3516 906 3571 ubi
932 3516 1139 3571 ellundi
1169 3517 1383 3572 cineres
1405 3516 1602 3582 solent,
1624 3514 1745 3586 ejici

155 3606 447 3677 legislator
468 3607 644 3675 jubet,
673 3605 1016 3677 apertissime
1044 3609 1291 3663 sacriﬁcii
1326 3608 1526 3664 Christi
1568 3609 1747 3663 locum

155 3697 475 3769 signiﬁcare
519 3699 764 3764 studens,
798 3709 949 3755 extra
984 3701 1131 3756 enim
1186 3710 1360 3755 castra
1414 3716 1604 3771 passus
1643 3709 1745 3766 est,

155 3788 314 3858 quod
374 3797 605 3843 testatur
658 3789 859 3846 Paulus
897 3790 1087 3846 dicens
1130 3810 1142 3845 :
1191 3790 1315 3846 Ideo
1382 3799 1431 3845 et
1477 3790 1747 3856 Jesus,ut

154 3882 521 3951 sanctiﬁcaret
541 3881 764 3952 plebem,
794 3890 943 3937 extra
971 3892 1181 3951 portam
1206 3898 1388 3950 passus
1418 3890 1492 3934 est
1514 3882 1581 3934 ⁷³.
1616 3879 1748 3946 Quis

155 3984 349 4030 autem
380 3977 618 4029 mundus
642 3986 724 4031 est
746 3975 946 4030 cineris
969 3975 1141 4039 locus,
1181 3972 1446 4044 Golgotha
1471 3972 1745 4033 videlicet,

155 4068 294 4121 etin
326 4076 535 4121 tantum
566 4068 822 4132 mundus,
850 4074 911 4121 ut
936 4066 1199 4121 mundum
1230 4074 1404 4120 totum
1439 4064 1555 4134 ipse
1586 4079 1749 4117 mun-

156 4159 340 4213 daret.
372 4159 585 4214 Cineris
616 4168 797 4215 autem
836 4168 983 4214 recte
1011 4158 1165 4212 locus
1195 4165 1279 4212 est
1307 4157 1507 4223 dictus,
1535 4155 1660 4226 quia
1692 4155 1748 4209 iu

155 4250 283 4321 ipso
309 4252 582 4307 exstincta
612 4260 740 4307 sunt
766 4259 985 4322 peccata
1010 4248 1238 4305 humani
1266 4247 1501 4321 generis,
1533 4248 1676 4303 unde
1694 4256 1749 4301 et

155 4343 408 4398 mundus
430 4342 583 4397 locus
604 4343 930 4413 appellatur.

228 4432 628 4504 Incendentque
674 4453 737 4489 ea
779 4452 934 4504 super
990 4434 1251 4505 lignorum
1301 4441 1519 4488 struem.
1577 4429 1745 4502 Ligna

157 4533 344 4579 autem
398 4525 453 4579 in
500 4524 622 4597 igne
673 4526 981 4595 Scripturas
1037 4539 1220 4580 sacras
1283 4523 1534 4577 diximus.
1587 4522 1748 4587 Qua:-

158 4633 383 4687 cunque
433 4628 615 4672 autem
666 4617 721 4671 in
756 4616 983 4673 Domino
1026 4627 1271 4686 tempore
1304 4614 1573 4685 passionis
1600 4623 1748 4685 gesta

160 4718 309 4772 sunt,
343 4706 417 4762 ad
440 4707 716 4777 implenda
741 4722 804 4761 ea
860 4723 982 4777 qua:
1006 4708 1286 4778 prophetae
1306 4705 1582 4768 dixerunt,
1620 4711 1749 4760 sunt

162 4807 337 4867 gesta,
392 4798 537 4867 quod
568 4796 877 4852 manifestat
913 4798 1173 4853 Dominus
1215 4797 1431 4867 quando
1477 4812 1507 4851 a
1546 4796 1749 4852 Iudaeis

161 4893 599 4963 comprehensus
636 4901 740 4956 est,
784 4893 1009 4948 dicens:
1058 4896 1331 4964 Tanquam
1367 4893 1438 4946 ad
1484 4891 1749 4945 latronem

162 4986 348 5039 existis
397 5000 515 5038 cum
563 4985 756 5055 gladiis
811 4994 861 5039 et
890 4986 1111 5056 fustibus
1146 4986 1579 5055 comprehendere
1627 5000 1747 5050 me;

163 5077 401 5146 quotidie
445 5076 501 5130 in
538 5077 730 5146 templo
754 5077 991 5132 sedebam
1028 5079 1233 5144 docens,
1264 5088 1313 5133 et
1338 5094 1441 5131 non
1471 5094 1550 5131 me
1581 5078 1751 5131 tenui-

161 5168 276 5222 stis.
314 5167 432 5222 Hoc
460 5178 637 5223 autem
666 5170 865 5241 factum
890 5179 985 5233 est,
1016 5178 1071 5223 ut
1098 5169 1484 5237 complerentur
1508 5167 1750 5235 Scriptu-

166 5276 237 5314 ra:
264 5262 725 5332 prophetarum".
770 5263 838 5317 Et
882 5277 1111 5317 rursus:
1146 5261 1295 5316 Jesus
1334 5270 1513 5315 autem
1568 5261 1749 5315 videns

164 5351 301 5419 quod
329 5352 510 5406 omnia
562 5360 924 5406 consummata
951 5360 1136 5416 essent,
1186 5362 1243 5405 ut
1266 5351 1572 5420 impleretur
1599 5350 1747 5406 Scri-

167 5451 344 5510 ptura,
394 5444 567 5501 dixit:
612 5442 824 5499 Sitio“.
870 5444 977 5498 Sed
1020 5459 1146 5499 cum
1189 5458 1288 5514 per
1335 5444 1544 5515 singula
1579 5442 1745 5514 ﬁgura

168 5532 469 5589 Dominicaa
489 5536 756 5605 passionis
787 5544 1063 5605 appareat,
1082 5544 1262 5590 tamen
1288 5536 1503 5605 planius
1525 5536 1744 5606 legisla-

167 5640 252 5685 tor
296 5631 519 5687 videtur
536 5632 641 5688 hoc
664 5632 719 5687 in
754 5631 1110 5702 sequentibus
1133 5630 1366 5702 ﬁgurare
1402 5632 1742 5702 mysterium.

239 5771 502 5827 "Ilﬂor.
552 5790 627 5832 tv,
696 5769 777 5826 l6.
855 5773 921 5804 7°'
983 5771 1140 5825 Joan.
1184 5770 1345 5834 1,“.
1422 5772 1462 5802 ⁷¹
1498 5770 1705 5826 Coloss.

1842 5772 2023 5831 t6-l8.
2118 5772 2163 5805 ν’
2194 5772 2359 5827 Hebr.
2394 5738 2513 5834 xm,
2562 5768 2647 5827 ta.

2511 5861 2585 6080 II
2648 5972 2653 5979 ι

171 5840 219 5875 ’⁸
241 5839 403 5900 σιοειι.
434 5844 641 5911 ιιι,Ξὸ
698 5844 742 5877 ⁷⁸
767 5841 951 5911 ,10³ηῄ
986 5857 1072 5911 xv,
1122 5840 1211 5897 ἥ.
1288 5840 1512 5897 "Joan.
1563 5858 1716 5908 xvut,
1770 5843 1852 5898 li.

852 5906 1024 6017 α

1298 363 1384 425 IN
1423 364 1861 428 LEVITICUM.
1896 394 1967 405 —-
1989 370 2137 430 LIB.
2180 356 2235 433 I.

104 473 374 546 Propter
423 474 565 545 quod
620 491 839 532 carnem
885 476 1025 547 ejus,
1081 477 1134 533 id
1164 489 1270 545 est,
1325 482 1721 536 humanitatem
1753 490 1799 544 Α
1895 483 2059 540 Vens.
2094 488 2272 542 l5-‘2l.
2312 506 2332 540 ι
2365 485 2520 554 Quod
2551 485 2594 542 si
2625 485 2805 541 omnis
2847 484 3006 541 turba
3035 482 3199 539 lsrael
3232 482 3405 555 igno-

1778 4310 1826 4368 ι)

3295 366 3403 438 826

1826 579 2048 640 raverit,
2094 587 2149 633 et
2203 596 2301 650 per
2354 578 2686 651 imperitiam
2756 577 2949 632 fecerit
3007 574 3153 646 quod
3211 584 3402 630 contra

1826 669 2140 724 mandatum
2183 669 2397 725 Domini
2441 680 2545 737 est,
2596 678 2651 725 et
2696 678 2883 740 postea
2921 667 3421 737 intellexeritpecr

1826 771 2008 819 catum
2052 778 2235 829 suum,
2285 763 2481 819 olferet
2528 762 2760 820 vitulum
2818 777 2917 831 pro
2950 769 3198 832 peccato,
3227 758 3403 814 addu-

1827 863 2025 924 cetque
2049 869 2172 909 eum
2200 853 2267 909 ad
2293 854 2494 910 ostium
2522 854 2879 919 tabernaculi,
2902 863 2958 909 et
2985 861 3191 929 ponent
3219 852 3406 907 senio-

1830 960 1917 1000 res
1942 946 2122 1015 populi
2154 961 2350 1002 manus
2393 962 2556 1015 super
2592 954 2757 1016 caput
2784 944 2905 1014 ejus
2935 958 3118 999 coram
3149 940 3401 996 Domino.

1829 1038 2220 1110 lmmolatoque
2270 1039 2442 1095 vitulo
2483 1039 2541 1094 in
2569 1048 2867 1109 conspectu
2911 1036 3150 1102 Domini,
3202 1033 3405 1089 inferet

1829 1132 2083 1188 sacerdos
2120 1133 2210 1203 qui
2239 1141 2436 1188 unctus
2458 1142 2560 1196 est,
2592 1132 2659 1187 de
2692 1131 2957 1202 sanguine
2983 1128 3103 1199 ejus
3128 1128 3183 1188 in
3222 1126 3407 1182 taber-

1828 1226 2086 1280 naculum
2115 1225 2432 1287 testimonii.
2465 1225 2635 1280 tincto
2663 1223 2834 1293 digito
2873 1235 3168 1291 aspergens
3200 1218 3406 1290 septies

1831 1328 2021 1374 contra
2050 1319 2251 1383 velum,
2280 1325 2552 1387 ponetque
2593 1316 2660 1370 de
2692 1330 2758 1369 eo
2781 1313 3101 1384 sanguinem
3138 1312 3192 1366 in
3224 1309 3410 1366 corni-

1831 1409 1935 1464 bus
1958 1408 2162 1472 altaris,
2196 1405 2339 1476 quod
2370 1414 2455 1459 est
2482 1419 2664 1459 coram
2697 1401 2923 1456 Domino
2950 1401 3003 1456 in
3049 1397 3410 1455 tabernaculo

1836 1498 2456 1566 testimonii.’lteliquum
2486 1504 2668 1550 autem
2691 1493 3011 1565 sanguinem
3038 1491 3232 1546 fundet
3252 1489 3408 1557 juxta

1833 1593 2008 1648 basim
2059 1591 2245 1646 altaris
2301 1589 2764 1651 holocaustorum,
2830 1584 2976 1656 quod
3034 1594 3120 1640 est
3171 1585 3226 1638 in
3265 1582 3411 1638 ostio

1836 1682 2168 1740 tabernaculi
2245 1681 2564 1746 testimonii,
2640 1694 2969 1749 omnemque
3012 1679 3133 1747 ejus
3196 1676 3409 1743 adipem

1836 1777 1988 1832 tollet
2012 1794 2027 1831 :
2059 1784 2114 1831 et
2142 1774 2379 1829 adolebit
2407 1789 2571 1843 super
2599 1773 2789 1827 altare.
2821 1770 2912 1827 Sic
2948 1770 3112 1825 faciet
3140 1778 3196 1823 et
3215 1768 3282 1823 de
3309 1767 3413 1823 hoc

1835 1870 2005 1926 vitulo
2052 1868 2320 1939 quomodo
2372 1866 2524 1932 fecit,
2569 1875 2624 1920 et
2668 1864 2838 1934 prius.
2865 1873 2921 1918 et
2961 1871 3181 1933 rogante
3212 1876 3311 1932 pro
3333 1860 3417 1914 eis

1834 1963 2136 2025 sacerdote,
2185 1958 2454 2030 propitius
2502 1956 2607 2012 erit
2661 1954 2949 2011 Dominus.
3000 1953 3185 2023 ipsum
3230 1959 3412 2007 autem

1837 2055 2067 2110 vitulum
2139 2052 2329 2107 clIeret
2394 2059 2548 2105 extra
2612 2055 2813 2111 castra,
2877 2054 3044 2116 atque
3100 2043 3411 2101 comburet,

1838 2147 1979 2203 sicut
2010 2155 2066 2201 et
2095 2146 2329 2217 priorem
2363 2144 2611 2209 vitulum,
2637 2140 2762 2212 quia
2789 2154 2887 2211 pro
2911 2146 3136 2210 peccato
3162 2143 3246 2191 est
3270 2133 3417 2189 mul-

1839 2240 2108 2296 titudinis.
2150 2257 2169 2289 ι

1909 2330 1992 2386 Nil
2024 2332 2078 2387 in
2112 2330 2195 2386 his
2227 2328 2499 2401 legislator
2519 2323 2881 2382 commutavit
2923 2323 3068 2394 quod
3097 2335 3221 2377 esse
3247 2316 3424 2390 possit

1839 2435 1989 2480 extra
2048 2423 2365 2494 praedictum
2420 2419 2769 2483 sacriﬁcium,
2825 2415 2971 2486 quod
3016 2422 3101 2469 est
3154 2410 3422 2483 principis

1841 2514 2185 2569 sacerdotum
2213 2531 2228 2568 :
2258 2511 2400 2566 idem
2429 2510 2574 2565 enim
2601 2523 2632 2563 a
2671 2506 2848 2562 turbis
2867 2504 3049 2568 lsrael,
3085 2511 3141 2558 et
3170 2518 3201 2556 a
3232 2515 3421 2556 sacer-

1843 2607 1968 2661 dote
1996 2604 2179 2661 oﬂ'erri
2216 2601 2495 2674 praecepit,
2524 2600 2754 2656 vitulum
2796 2597 2944 2652 enim
2985 2603 3043 2650 et
3073 2594 3167 2648 hic
3224 2601 3282 2647 et
3309 2590 3425 2645 illic

1843 2699 1997 2754 dixit.
2054 2696 2316 2752 Similiter
2359 2693 2523 2749 etiam
2573 2688 2894 2762 sanguinem
2948 2687 3005 2742 in
3067 2682 3427 2740 tabernaculo

1848 2786 2141 2845 testimonii
2171 2786 2354 2842 offerri
2383 2785 2559 2856 jubet.
2589 2782 2819 2838 vitulum
2855 2788 3036 2835 autem
3068 2782 3219 2832 extra
3245 2781 3425 2830 castra

1846 2878 2099 2935 incendi:
2142 2889 2306 2949 atque
2332 2875 2674 2947 apertissime
2708 2874 2762 2927 in
2793 2872 2904 2937 his,
2939 2885 3062 2941 qua:
3088 2867 3231 2923 dicta
3272 2874 3427 2930 sunt,

1846 2972 2150 3029 ostenditur
2196 2970 2325 3041 quia
2377 2968 2571 3024 eadem
2612 2975 2771 3023 erant
2800 2964 2975 3037 plebis
3017 2961 3429 3029 sacerdotisque

1848 3075 2088 3137 peccata.
2138 3063 2273 3119 Nam
2324 3077 2489 3134 quam
2533 3061 2603 3115 ob
2649 3073 2869 3115 causam
2903 3057 3048 3112 idem
3093 3054 3431 3110 sacriﬁcium

1775 3171 1817 3228 ο
1851 3173 1949 3228 pro
1999 3156 2078 3211 eis
2111 3153 2377 3210 offerret?
2427 3150 2582 3219 Quod
2610 3159 2793 3206 autem
2825 3148 2893 3204 de
2922 3146 3190 3203 sacriﬁcio
3226 3145 3434 3199 immu-

1848 3257 2019 3303 tatum
2051 3256 2155 3310 est,
2191 3246 2296 3300 huc
2322 3244 2493 3316 magis
2525 3243 2592 3298 ad
2631 3241 2940 3296 ﬁrmitatem
2990 3236 3251 3307 pertinet,
3283 3233 3434 3304 quod

1848 3357 2018 3396 unum
2050 3340 2121 3395 sit
2165 3337 2492 3393 sacriﬁcium
2518 3354 2533 3391 :
2569 3350 2694 3390 nam
2725 3333 2778 3387 in
2809 3331 3089 3388 sacerdote
3120 3343 3225 3382 non
3251 3326 3435 3382 dixit:

1851 3431 1908 3487 Si
1942 3429 2258 3502 cognoverit
2297 3435 2581 3499 peccatum
2610 3439 2793 3485 suum,
2826 3436 2928 3477 nec
2948 3420 3095 3475 enim
3139 3419 3433 3489 ignoratu-

1850 3541 1943 3580 rus
1969 3534 2085 3579 erat
2126 3523 2390 3577 Dominus
2436 3528 2748 3591 peccatum,
2801 3513 2949 3586 quod
3014 3522 3076 3568 ut
3127 3509 3434 3579 susciperet

1850 3619 2164 3673 incarnatus
2202 3624 2304 3671 est.
2357 3614 2433 3669 De
2472 3612 2628 3668 turba
2671 3620 2875 3672 autem,
2916 3606 2971 3662 id
3021 3611 3124 3671 est,
3156 3604 3225 3660 de
3270 3617 3440 3675 syna-

1848 3727 1978 3784 goga
2009 3711 2120 3766 sive
2146 3710 2213 3765 de
2244 3708 2423 3779 plebe,
2450 3703 2672 3760 attende
2700 3699 2829 3773 quid
2854 3699 2932 3755 ait
2960 3715 2976 3754 :

1920 3803 2069 3869 Quod
2095 3802 2141 3857 si
2165 3801 2332 3855 omnis
2361 3802 2513 3852 turba
2540 3792 2711 3849 lsrael
2743 3788 3090 3863 ignoraverit,
3122 3796 3170 3842 et
3201 3802 3293 3857 per
3327 3786 3442 3838 im.~

1849 3900 2093 3971 peritiam
2123 3895 2300 3969 fecerit
2359 3891 2497 3963 quod
2533 3898 2716 3943 contra
2759 3886 3068 3939 mandatum
3098 3880 3308 3935 Domini
3334 3885 3429 3941 est,

1850 3970 1897 4044 et
1923 3998 2099 4059 postea
2128 3984 2444 4040 intellexerit
2469 3989 2737 4046 peccatum
2770 3994 2947 4031 suum.
3005 3976 3148 4046 Ergo
3177 3974 3245 4027 ab
3277 3970 3433 4026 initio

1848 4081 2069 4152 quidem
2124 4093 2285 4133 suum
2333 4082 2619 4145 peccatum
2671 4071 3084 4142 ignoraverunt,
3115 4065 3210 4120 sed
3240 4072 3432 4135 postea

1838 4158 2245 4241 cognoverunt.
2297 4165 2366 4221 Et
2392 4164 2500 4219 hoc
2527 4161 2826 4217 ostendunt
2856 4159 2973 4228 ipsa
3002 4157 3169 4212 verba
3194 4154 3430 4216 Domini,

1850 4262 1926 4317 ait
1948 4261 2094 4317 enim
2122 4278 2137 4314 ε
2175 4257 2294 4314 Nisi
2336 4256 2604 4317 venissem,
2633 4265 2681 4308 et
2715 4253 2918 4308 locutus
2942 4250 3016 4305 eis
3045 4248 3279 4321 fuissem,
3315 4262 3434 4316 pec-

1852 4359 2027 4403 catum
2076 4364 2180 4403 non
2245 4345 2515 4409 haberent,
2574 4352 2633 4397 ut
2677 4344 2983 4414 ignorantes
3028 4340 3242 4407 utique,
3294 4353 3435 4392 nunc

1850 4451 2027 4495 autem
2069 4439 2456 4494 excusationem
2495 4452 2597 4490 non
2651 4417 2840 4489 [iubent
2878 4435 2941 4488 de
2985 4441 3200 4504 peccato
3251 4445 3345 4484 suo
3364 4429 3430 4491 ⁷⁸.

1852 4540 2038 4602 utpote
2072 4546 2170 4601 per
2198 4531 2318 4601 ejus
2347 4528 2653 4584 doctrinam
2683 4527 2979 4588 discentes,
3027 4523 3170 4594 quod
3216 4520 3435 4576 nescie-

1850 4622 1981 4677 bant
2012 4621 2200 4691 prius:
2238 4619 2457 4690 quando
2507 4632 2635 4689 ergo
2683 4630 2843 4671 suum
2898 4625 3185 4685 peccatum
3226 4625 3432 4680 cogno-

1849 4722 2065 4779 verunt,
2107 4723 2236 4768 tunc
2265 4712 2331 4767 ad
2357 4709 2684 4768 sacriﬁcium
2714 4705 2992 4778 Unigeniti
3036 4720 3097 4760 se
3125 4708 3432 4759 verterunt.

1851 4806 2058 4863 Deinde
2090 4806 2145 4860 in
2177 4804 2446 4860 sacriﬁcio
2492 4800 2793 4858 sacerdotis
2826 4799 3009 4870 ipsum
3047 4796 3289 4853 diximus
3325 4795 3432 4848 im-

1850 4900 2098 4973 posuisse
2126 4913 2348 4954 manum
2383 4911 2550 4967 super
2593 4903 2761 4967 caput
2793 4892 2968 4958 vituli,
3004 4890 3097 4946 hic
3129 4897 3314 4945 autem
3344 4901 3432 4940 se-

1850 4993 2035 5047 niores
2061 4991 2166 5045 hoc
2204 4989 2383 5045 facere
2411 4988 2565 5043 dicit.
2610 4986 2917 5056 Utrumque
2947 4982 3093 5039 enim
3142 4994 3333 5035 revera
3376 4977 3432 5030 in

1847 5082 2052 5138 Christi
2083 5080 2349 5137 sacriﬁcio
2384 5080 2663 5152 agebatur,
2693 5078 2747 5133 id
2781 5084 2885 5144 est,
2931 5074 3058 5145 quia
3088 5080 3146 5127 et
3178 5070 3437 5126 immine-

1850 5173 1983 5228 bant
2016 5171 2085 5227 ad
2133 5169 2622 5227 consummandum
2674 5167 2807 5224 illud
2846 5165 3093 5224 seniores
3138 5160 3347 5233 populi,
3383 5169 3439 5213 et

1853 5263 2080 5330 Scribze,
2143 5270 2199 5318 et
2247 5260 2482 5333 Caiphas
2535 5260 2790 5331 princeps
2846 5256 3233 5321 sacerdotum,
3287 5250 3438 5306 dice-

1850 5358 2122 5427 bantque:
2157 5354 2381 5425 Expedit
2417 5354 2563 5408 nobis
2602 5362 2657 5408 ut
2693 5370 2828 5407 unus
2851 5352 3003 5406 homo
3041 5347 3308 5403 moriatur
3342 5359 3438 5411 pro

1850 5450 2063 5521 populo,
2086 5459 2134 5504 et
2160 5465 2261 5503 non
2290 5456 2399 5501 tota
2423 5463 2546 5517 gens
2571 5455 2747 5515 pereat
2764 5446 2808 5478 "
2833 5461 2850 5512 ;
2879 5441 3075 5513 etquia
3097 5440 3247 5493 nullo
3276 5435 3438 5490 modo

1852 5544 2055 5614 expleri
2083 5543 2370 5614 potuisset,
2406 5541 2450 5594 si
2482 5556 2590 5595 non
2622 5538 2981 5606 semetipsum
3014 5533 3081 5588 ad
3116 5530 3431 5602 passionem

1854 5634 2115 5690 Dominus
2178 5633 2508 5698 tradidisset,
2570 5633 2624 5687 in
2689 5640 2898 5685 tantum
2959 5636 3019 5682 ut
3081 5624 3198 5695 ipse
3223 5621 3433 5677 diceret

2756 5767 2802 5801 ⁷³
2826 5763 3018 5821 Matth.
3054 5776 3203 5826 xxvi,
3230 5758 3321 5826 55',
3339 5756 3429 5814 56.

2501 5861 2589 6080 I
2648 5972 2653 5979 ι
