4046 6414
642 327 745 396 827

1841 330 2203 394 HESYCHII
2238 326 2714 391 PRESBYTEBI
3787 329 3871 396 823

644 445 839 498 Petro:
895 442 1050 500 Mitte
1083 445 1322 517 gladium
1360 457 1509 502 tuum
1562 448 1616 502 in
1676 447 1951 519 vaginam,
1997 446 2217 502 calicem
2247 447 2292 502 Α
2319 442 2532 497 Domini
2562 443 2668 506 sui,
2694 450 2746 495 et
2777 456 2880 494 non
2911 456 2965 495 se
2992 456 3324 509 prteparaus,
3369 456 3455 493 nec
3485 439 3689 509 faciens
3719 457 3873 494 mun-

638 551 791 605 queut
844 537 985 590 dedit
1029 539 1155 592 mihi
1188 539 1369 605 Pater,
1428 556 1531 593 non
1561 539 1733 594 bibam
1772 540 1924 595 illum
1945 540 2027 593 7"?
2058 539 2225 595 Festi-

639 626 801 696 nabat
864 627 1007 682 enim
1054 629 1373 699 dispensare
1400 639 1712 685 nostrorum
1756 639 2106 701 peccatorum
2133 647 2223 685 re-

639 717 976 783 missionem,
1032 721 1177 791 quod
1235 723 1539 777 necessarie
1585 724 1639 777 iu
1701 724 1787 778 his
1844 740 1966 793 quae
1994 733 2125 780 sunt
2155 725 2225 780 de

640 807 935 882 Synagogaa
963 812 1227 867 sacriﬁcio
1259 822 1343 868 est
1368 815 1796 884 consideratum;
1825 817 1900 871 ait
1926 818 2071 872 enim
2101 835 2114 870 :

715 900 803 955 Sic
831 904 990 974 faciet
1019 905 1083 959 de
1122 905 1215 958 hoc
1256 906 1419 960 vitulo
1459 909 1717 977 quomodo
1746 910 1870 979 fecit
1895 920 1944 963 et
1982 911 2148 979 prius,
2175 920 2224 965 et

636 1004 856 1062 rogante
903 1013 999 1065 pro
1053 998 1127 1051 eis
1159 999 1451 1065 sacerdote,
1505 1002 1765 1070 propitius
1796 1003 1894 1055 erit
1949 1002 2221 1057 Dominus.

637 1085 887 1142 Christus
935 1089 1079 1143 enim
1118 1089 1292 1145 factus
1335 1100 1419 1146 est
1458 1093 1615 1147 nobis
1653 1094 1966 1164 propitiatio
2011 1095 2065 1148 in
2095 1112 2224 1149 san-

638 1178 799 1246 guine
846 1196 964 1246 suo,
1016 1182 1157 1237 sicut
1190 1198 1220 1236 a
1252 1184 1409 1238 beato
1456 1183 1623 1239 Paulo
1665 1185 1927 1241 Romanis
1961 1188 2225 1257 scriptum

638 1270 803 1324 est".
858 1270 962 1327 Per
1008 1290 1167 1343 quem
1200 1275 1252 1328 in
1290 1285 1497 1330 tantum
1562 1288 1782 1347 peccata
1816 1280 2044 1336 remissa
2074 1292 2221 1345 sunt,

636 1370 909 1430 quatenus
939 1365 1041 1435 ipsi
1071 1382 1289 1436 quoque
1321 1368 1702 1423 remissionem
1736 1382 2102 1436 mererentur,
2132 1373 2224 1443 qui

638 1451 694 1506 in
723 1469 788 1507 eo
816 1466 1185 1525 peccaverunt
1211 1477 1224 1513 :
1247 1459 1315 1513 de
1351 1459 1483 1529 ipsis
1517 1460 1719 1530 quippe
1756 1462 2008 1539 dixerat:
2040 1462 2221 1526 Pater,

637 1544 843 1615 ignosce
867 1549 993 1614 illis,
1029 1553 1264 1605 nesciunt
1297 1553 1437 1606 enim
1463 1554 1591 1623 quid
1620 1554 1825 1625 faciunt
1848 1556 1911 1607 7°.
1953 1555 2057 1610 Sed
2095 1556 2224 1626 quid

638 1640 705 1694 ad
755 1641 914 1697 ﬁnem
969 1646 1218 1701 sacriﬁcii
1272 1647 1548 1717 legislator
1603 1648 1782 1703 dixit?
1824 1647 2032 1703 Sufﬁcit
2078 1648 2223 1704 enim

639 1732 798 1787 nobis
840 1733 972 1804 legis
1005 1737 1173 1806 ipsius
1197 1738 1499 1799 conclusio,
1546 1739 1614 1794 ad
1647 1739 2044 1795 manifestanda
2078 1756 2221 1810 prte-

639 1824 834 1879 sentia.
881 1826 1063 1897 Ipsum
1114 1839 1290 1884 autent
1338 1832 1561 1885 vitulum
1616 1832 1794 1900 εἶσι-ει
1841 1843 1989 1886 extra
2016 1843 2215 1900 castra,

638 1923 798 1985 atque
828 1918 1124 1983 'comburet,
1168 1922 1302 1974 sicut
1346 1930 1394 1975 et
1438 1921 1667 1991 priorem
1694 1922 1934 1986 vitulum,
1965 1925 2089 1994 quia
2127 1941 2221 1995 pro

637 2019 847 2071 peccato
889 2020 963 2064 est
1020 2011 1393 2066 multitudinis.
1430 2012 1590 2068 Vides
1618 2014 1891 2083 quomodo
1931 2016 2067 2070 nihil
2096 2033 2220 2070 mu-

641 2107 785 2154 tatur
823 2101 880 2156 iu
922 2105 1165 2159 secundo
1211 2105 1503 2171 sacriﬁcio,
1559 2116 1712 2161 extra
1744 2107 1849 2162 hoc
1871 2109 2014 2177 quod
2042 2110 2219 2179 primo

636 2196 720 2242 est
785 2193 929 2260 quod
986 2195 1338 2264 praecipitur:
1400 2204 1456 2249 et
1502 2197 1899 2265 quamobrem?
1948 2197 2085 2264 Quia
2120 2216 2220 2270 pro

636 2291 862 2348 peccato
904 2292 1008 2350 est,
1057 2285 1254 2356 inquit,
1298 2286 1679 2343 multitudinis.
1713 2287 1852 2361 Ergo
1900 2288 2004 2345 hoc
2043 2291 2220 2345 mani-

634 2371 853 2429 festum
899 2384 987 2431 est
1040 2385 1097 2431 et
1149 2376 1528 2446 indubitabile,
1586 2380 1713 2449 quia
1762 2381 1904 2435 idem
1933 2390 2218 2452 peccatum

633 2464 809 2533 plebis
861 2478 917 2524 et
949 2470 1251 2526 sacerdotis
1298 2472 1648 2537 intellexerit,
1676 2485 1729 2529 et
1758 2486 2044 2547 propterea
2074 2479 2216 2533 idem

633 2553 691 2608 in
733 2566 963 2628 utroque
1006 2562 1333 2618 sacriﬁcium
1368 2564 1658 2629 ordinavit,
1706 2583 1773 2623 ne
1833 2567 1962 2637 ipsis
1999 2570 2216 2638 quidem

632 2648 816 2703 verbis
862 2649 1135 2720 dividens,
1171 2655 1314 2724 quod
1355 2672 1466 2710 non
1498 2657 1703 2714 faceret
1728 2659 1830 2713 nisi
1858 2658 2044 2730 ﬁguras
2081 2660 2218 2717 fuis-

632 2748 756 2793 sent
787 2755 850 2795 ea
877 2757 998 2811 qua:
1025 2753 1155 2800 tunc
1184 2748 1504 2816 agebantur.

705 2831 864 2889 Vens.
894 2834 1087 2898 22-51,
1125 2856 1145 2889 ι
1184 2839 1241 2893 Si
1288 2840 1597 2909 peccaverit
1641 2841 1893 2914 princeps
1927 2853 1983 2900 et
2027 2842 2219 2901 fecerit

631 2937 801 2977 unum
860 2939 891 2979 e
942 2926 1192 2995 pluribus
1237 2945 1335 3000 per
1376 2931 1758 3002 ignorantiam,
1816 2936 1961 3004 quod
2006 2936 2216 2991 Domini

633 3014 750 3086 lege
795 3017 1138 3086 prohibetur,
1191 3029 1246 3075 et
1285 3032 1472 3091 postea
1547 3024 1877 3080 intellexerit
1929 3037 2214 3096 peccatum

2323 536 2449 589 dum
2491 536 2809 589 voluntatem
2863 534 2998 603 ejus,
3034 534 3307 602 vapulabit
3366 533 3570 588 multis.
3600 531 3701 597 Qui
3727 544 3872 590 autem

2322 643 2429 681 non
2479 628 2734 697 cognovit,
2792 635 2840 681 et
2871 642 2975 681 non
3024 627 3143 697 fecit
3193 627 3375 696 digna,
3426 626 3607 696 plagis
3636 627 3874 694 vapulabit

2323 717 2583 785 paucis”.
2604 716 2707 771 Sed
2738 715 2865 787 quid
2893 714 3326 787 subjunxit?Cui
3354 718 3542 770 datum
3560 725 3639 769 est
3661 717 3874 785 multum,

2324 806 2546 859 multum
2582 814 2848 877 qua'retur
2864 807 2930 860 ab
2960 823 3048 862 eo:
3073 816 3121 861 et
3148 808 3232 860 cui
3262 808 3519 860 creditum
3549 816 3629 860 est
3660 808 3876 875 multum,

2326 898 2550 952 multum
2575 899 2812 969 exigetur
2851 899 2915 953 ab
2950 899 3088 953 eo“.
3121 898 3279 955 Hune
3310 899 3555 970 intellige
3582 914 3725 962 esse,
3759 903 3879 969 quia

2326 990 2630 1062 legislature
2651 991 2828 1045 dictus
2858 999 2942 1046 est
2974 991 3255 1062 princeps,
3290 1007 3449 1060 quem
3476 991 3562 1046 sic
3611 1000 3669 1044 et
3688 993 3739 1044 in
3766 992 3880 1046 libro

2326 1084 2500 1139 Exodi
2536 1084 2787 1148 innitens,
2821 1083 2994 1139 dixit:
3021 1083 3136 1136 Diis
3158 1100 3259 1136 non
3302 1083 3575 1146 detrahes,
3603 1091 3653 1135 et
3684 1083 3881 1151 principi

2324 1174 2505 1245 populi
2542 1176 2618 1229 tui
2640 1192 2702 1229 ne
2742 1175 3154 1229 maledixeris“.
3196 1173 3302 1230 Sed
3342 1184 3398 1229 et
3428 1175 3629 1237 David,
3657 1177 3885 1229 sacerdo-

2327 1277 2429 1334 tes,
2486 1277 2542 1321 et
2575 1267 2812 1332 Scribas,
2856 1274 2912 1322 et
2957 1267 3278 1331 Pharis-eos,
3331 1277 3384 1321 et
3414 1268 3671 1322 seniores
3727 1270 3883 1337 populi

2325 1360 2637 1431 designans,
2674 1360 2752 1414 ait
2783 1378 2796 1414 :
2853 1361 3148 1415 Astiterunt
3186 1376 3333 1430 reges
3367 1370 3547 1425 teme,
3572 1370 3623 1413 et
3654 1361 3883 1428 principes

2325 1462 2669 1508 convenerunt
2718 1454 2773 1506 in
2801 1470 2963 1507 unum
2995 1454 3243 1507 adversus
3292 1450 3606 1515 Dominum,
3648 1463 3696 1505 et
3724 1455 3884 1507 adver-

2325 1563 2413 1601 sus
2468 1547 2729 1600 Christum
2759 1546 2872 1615 ejus
2892 1546 2956 1597 ⁸³.
3012 1546 3176 1615 Atqui
3226 1547 3373 1601 solus
3413 1544 3667 1601 Herodes
3711 1563 3815 1610 rex,
3839 1560 3883 1603 et

2325 1639 2530 1695 Pilatus
2570 1656 2771 1710 praeses
2817 1640 3065 1703 aderant,
3106 1639 3203 1694 sed
3249 1649 3303 1694 et
3330 1655 3484 1710 reges
3511 1648 3574 1699 et
3617 1639 3880 1709 principes,

2326 1729 2465 1784 sicut
2496 1730 2753 1791 diximus,
2792 1728 3104 1784 sacerdotes
3133 1736 3189 1781 et
3223 1726 3445 1782 Scribas
3491 1736 3556 1781 et
3584 1727 3878 1790 l’hariszos.

2325 1829 2548 1891 propter
2598 1819 2877 1875 scientiam
2933 1827 2989 1873 et
3036 1818 3431 1873 sublimitatem
3475 1835 3652 1889 quam
3708 1820 3882 1876 habere

2322 1912 2664 1976 videbantur,
2719 1911 2787 1966 ad
2834 1911 3341 1982 interpretationem
3400 1911 3539 1983 legis
3596 1910 3879 1981 appellavit

2322 2003 2421 2061 llic
2474 2020 2604 2075 ergo
2658 2004 2703 2059 si
2760 2004 3091 2074 peccaverit,
3148 2003 3363 2059 hircum
3422 2004 3650 2059 offeret.
3702 2004 3755 2057 Si
3783 2005 3882 2073 quis

2321 2105 2501 2151 autem
2546 2096 2614 2151 de
2652 2095 2874 2166 populo,
2905 2094 3040 2149 dicit
3078 2102 3262 2149 autem
3296 2095 3545 2158 idiotam,
3586 2095 3705 2149 sive
3741 2110 3882 2165 popu-

2321 2186 2512 2253 larem,
2564 2200 2676 2239 non
2710 2200 2835 2240 eum
2865 2184 2959 2253 qui
2991 2192 3139 2239 sorte
3168 2184 3461 2239 distinctus
3485 2193 3600 2245 est,
3637 2184 3706 2238 ad
3737 2186 3882 2239 medi-

2321 2279 2542 2333 tandam
2590 2279 2784 2349 legem,
2822 2293 2947 2332 nam
2994 2286 3050 2332 et
3092 2277 3180 2332 hic
3214 2278 3402 2347 utique
3437 2277 3707 2347 princeps
3732 2277 3880 2330 nomi-

2319 2376 2573 2432 naretur,
2622 2368 2712 2437 qui
2761 2382 2861 2437 pro
2920 2366 3114 2421 minori
3172 2376 3396 2436 peccato
3446 2382 3674 2437 capram
3712 2366 3883 2420 oﬁ‘erre

2320 2460 2648 2531 praecipitur,
2697 2458 3155 2527 quemadmodum
3201 2457 3288 2511 ille
3333 2458 3574 2521 hTrcum,
3629 2456 3718 2509 hic
3761 2456 3883 2511 femi-

2320 2567 2468 2616 nam,
2501 2552 2589 2605 ille
2624 2566 2846 2605 marem.
2897 2549 3242 2604 Plenitentiaa
3273 2549 3476 2619 quippe
3507 2550 3733 2618 utrique
3762 2550 3881 2602 indi-

2318 2652 2467 2715 gent,
2507 2650 2562 2697 et
2593 2642 2683 2696 ille
2713 2642 2930 2712 quidem
2974 2642 3258 2711 majorem,
3290 2642 3384 2711 qui
3424 2642 3737 2696 masculum
3765 2641 3880 2694 olle-

2318 2742 2424 2800 ret,
2487 2734 2755 2799 minorem
2814 2743 2996 2788 autem
3050 2733 3142 2803 qui
3201 2734 3508 2788 feminam:
3577 2750 3707 2789 cum
3758 2734 3880 2788 enim

2319 2826 2484 2881 unius
2512 2826 2584 2881 sit
2607 2827 2840 2898 generis,
2869 2834 3050 2879 tamen
3076 2825 3221 2894 quod
3254 2825 3437 2880 minus
3468 2835 3581 2889 est,
3614 2826 3669 2879 in
3705 2825 3879 2879 femina

2318 2920 2553 2987 positum
2598 2928 2701 2983 est,
2749 2918 3005 2988 quoniam
3076 2918 3351 2972 masculus
3410 2928 3585 2989 caput
3643 2920 3878 2973 uniuscu-

2314 3014 2511 3083 jusque
2537 3010 2751 3083 generis
2768 3018 3012 3081 putatur.
3046 3010 3518 3075 Quemadmodum
3544 3026 3682 3081 ergo
3703 3011 3877 3064 oblatio

632 3121 813 3171 suum,
877 3108 1071 3164 oﬁ'eret
1124 3111 1356 3167 hostiam
1394 3113 1642 3180 Domino,
1694 3116 1905 3171 hircum
1934 3117 2001 3172 de
2040 3119 2216 3189 capris

2320 3121 2494 3175 caprae
2544 3102 2867 3158 sacriﬁcium
2912 3117 3010 3172 pro
3056 3102 3485 3173 peccatosignat,
3518 3102 3604 3156 sic
3630 3103 3805 3158 hircus
3835 3114 3878 3155 et

632 3194 1059 3264 immaculatum,
1102 3211 1374 3273 ponetque
1404 3221 1625 3259 manum
1659 3221 1809 3261 suam
1861 3224 2025 3278 super
2049 3218 2215 3279 caput

633 3288 772 3356 ejus.
832 3288 1077 3360 Cumque
1125 3292 1489 3349 immolaverit
1540 3312 1665 3350 eum
1716 3298 1771 3351 in
1808 3298 1926 3353 loco
1956 3300 2045 3354 ubi
2076 3302 2216 3356 solet

634 3379 855 3431 mactari
882 3380 1255 3436 holocaustqu
1282 3400 1464 3438 coram
1513 3385 1760 3449 Domino,
1814 3388 1938 3455 quia
1970 3403 2067 3456 pro
2096 3404 2217 3457 pec-

634 3476 756 3522 cato
779 3478 879 3531 est,
907 3472 1077 3543 tinget
1106 3476 1359 3529 sacerdos
1386 3476 1616 3547 digitum
1650 3478 1703 3531 in
1722 3478 1988 3550 sanguine
2022 3479 2216 3536 hostiae

635 3576 734 3629 pro
780 3573 1023 3630 peccato,
1067 3574 1294 3637 tangens
1324 3583 1528 3623 cornua
1565 3569 1752 3624 altaris
1795 3571 2123 3636 holocausti,
2159 3585 2217 3630 et

636 3653 906 3722 reliquum
976 3656 1212 3712 fundens
1262 3658 1331 3713 ad
1380 3660 1550 3714 basim
1612 3662 1750 3729 ejus.
1808 3662 2032 3733 Adipem
2084 3682 2216 3720 vero

634 3741 877 3799 adolebit
920 3761 1102 3816 supra,
1149 3747 1291 3803 sicut
1336 3749 1391 3802 in
1441 3750 1670 3806 victimis
1719 3752 2067 3822 paciﬁcorum
2102 3756 2215 3811 ﬁeri

636 3837 794 3903 solet,
855 3840 1170 3910 rogabitque
1226 3858 1324 3911 pro
1354 3858 1420 3896 eo
1464 3851 1516 3896 et
1574 3860 1669 3911 pro
1727 3855 1949 3913 peccato
1981 3848 2119 3917 ejus,
2154 3865 2217 3905 ac

636 3928 939 3985 dimittetur
1000 3933 1069 3987 ei.
1107 3932 1261 3999 Quod
1293 3934 1335 3988 si
1371 3936 1675 4003 peccaverit
1700 3936 1879 3990 anima
1912 3954 2011 4007 per
2060 3940 2217 4010 igno-

634 4023 870 4077 rantiam
919 4025 985 4079 de
1033 4027 1231 4096 popqu
1289 4036 1465 4090 terrae,
1510 4037 1569 4081 ut
1621 4028 1782 4083 faciat
1822 4030 2118 4100 quidquam
2149 4048 2217 4087 ex

637 4112 721 4167 his
765 4129 884 4182 quae
918 4113 1126 4169 Domini
1154 4117 1270 4187 lege
1302 4118 1679 4187 prohibentur,
1714 4126 1877 4187 atque
1912 4119 2213 4189 delinquat,

632 4214 689 4259 et
730 4208 1049 4275 cognoverit
1092 4218 1374 4278 peccatum
1411 4226 1589 4276 suum,
1644 4210 1838 4265 oﬁ'eret
1859 4226 2078 4280 capram
2110 4212 2216 4267 im-

634 4300 980 4365 maculatam,
1022 4312 1294 4373 ponetque
1331 4319 1552 4358 manum
1593 4319 1759 4373 super
1812 4313 1975 4373 caput
2021 4304 2215 4361 hostiae

631 4404 753 4458 quae
814 4407 910 4460 pro
958 4403 1181 4463 peccato
1227 4404 1330 4460 est,
1362 4404 1418 4450 et
1478 4397 1780 4451 immolabit
1827 4412 1946 4452 eam
1985 4398 2042 4451 in
2091 4398 2213 4453 loco

634 4480 951 4538 holocausti.
982 4483 1264 4556 Tolletque
1285 4488 1539 4543 sacerdos
1566 4488 1632 4543 de
1659 4488 1922 4560 sanguine
1957 4489 2012 4543 in
2045 4489 2213 4560 digito

631 4589 752 4636 suo,
789 4584 844 4631 et
878 4578 1087 4649 tingens
1123 4595 1327 4634 cornua
1357 4580 1562 4645 altaris,
1607 4581 1875 4650 reliquum
1908 4581 2102 4637 fundet
2142 4583 2211 4637 ad

631 4666 802 4722 basim
838 4670 977 4739 ejus.
1021 4670 1250 4727 Omnem
1276 4683 1458 4729 autem
1492 4673 1748 4730 auferens
1773 4674 2009 4745 adipem,
2045 4676 2209 4732 sicuti

630 4759 831 4813 auferri
858 4762 997 4817 solet
1014 4764 1080 4818 de
1098 4764 1334 4820 victimis
1368 4766 1745 4835 paciﬁcorum,
1774 4765 2008 4821 adolebit
2041 4782 2210 4838 super

631 4849 799 4905 altare
820 4851 877 4905 in
905 4853 1128 4909 odorem
1153 4856 1433 4912 suavitatis
1457 4857 1708 4924 Domino,
1757 4858 2076 4930 rogabitque
2108 4876 2208 4931 pro

630 4953 719 5005 eo,
750 4948 806 4994 et
824 4940 1128 4999 dimittetur
1154 4945 1225 5000 ei.
1262 4963 1283 4997 ι

703 5028 1167 5095 Quemadmodum
1227 5035 1285 5091 in
1327 5039 1645 5108 spontaneis
1700 5038 2003 5100 sacriﬁciis.
2048 5040 2209 5097 diﬁ‘e-

631 5121 834 5175 rentias
881 5123 933 5177 in
987 5129 1489 5187 conversatiouibus
1534 5140 1590 5186 et
1629 5132 2036 5187 conditionibus
2082 5134 2209 5189 vitae

630 5210 977 5272 offerentium
1013 5219 1303 5286 ordinavit,
1333 5222 1403 5276 ita
1432 5239 1622 5277 rursus
1644 5240 1742 5294 pro
1777 5226 2014 5294 peccatis
2037 5227 2206 5280 sacri—

631 5300 749 5357 ﬁcia
779 5308 1002 5376 aequalia
1026 5325 1148 5367 esse
1169 5314 1401 5381 peccatis
1422 5314 1599 5384 jubet,
1627 5332 1860 5385 quorum
1892 5317 2210 5387 magnitudo

630 5409 738 5448 non
790 5398 966 5453 solum
1030 5417 1097 5456 ex
1159 5404 1373 5458 actione
1426 5404 1657 5473 peccati,
1718 5406 1814 5461 sed
1877 5422 1941 5461 ex
1975 5423 2208 5476 persona

629 5488 970 5554 peccantium
996 5493 1253 5560 ponitur:
1289 5504 1343 5551 et
1373 5496 1535 5551 nimis
1565 5506 1733 5559 recte,
1784 5498 1910 5566 quia
1941 5507 1995 5550 et
2024 5498 2205 5552 Domi-

630 5587 735 5627 nus
780 5578 1039 5645 apostolis
1093 5580 1260 5635 dixit:
1320 5579 1511 5636 Servus
1538 5599 1844 5652 cognoscens
1885 5585 2208 5639 voluntatem

2315 3214 2497 3268 capra,
2536 3211 2659 3251 cum
2691 3194 2806 3249 haec
2827 3195 2899 3249 sit
2923 3194 3169 3250 feminini
3204 3194 3439 3265 generis,
3472 3194 3666 3250 hircus
3697 3211 3879 3249 mascu-

2313 3287 2430 3351 lini,
2458 3285 2708 3341 sacriﬁcii
2738 3284 3169 3352 interpretantur
3197 3283 3304 3338 vim
3332 3300 3346 3350 ;
3378 3299 3487 3337 non
3519 3284 3673 3338 enim
3707 3284 3877 3337 frustra

2315 3378 2420 3433 hoc
2465 3377 2736 3447 legislator
2793 3375 3046 3440 intendit,
3103 3375 3198 3429 sed
3243 3374 3369 3444 quia
3418 3376 3611 3431 hircus
3637 3386 3692 3429 et
3721 3391 3872 3446 capra.

2316 3468 2429 3524 lloc
2451 3479 2632 3524 autem
2653 3467 3007 3538 Septuaginta
3029 3467 3082 3521 in
3115 3466 3303 3522 Graeco
3328 3468 3409 3522 sic
3432 3468 3627 3533 edunt,
3656 3478 3713 3523 ut
3739 3467 3876 3539 χίμα-

2319 3579 2411 3632 ρον
2448 3571 2502 3615 et
2530 3561 2797 3637 χίμαιραν
2832 3561 3018 3616 dicant
3058 3558 3242 3613 oﬁ'erri
3285 3559 3509 3626 debere,
3540 3561 3693 3630 quod
3728 3560 3874 3614 Latini

2316 3668 2380 3708 ex
2416 3653 2607 3708 eadem
2638 3651 2876 3706 editione
2909 3651 3251 3721 interpretati
3290 3661 3439 3716 sunt,
3470 3652 3690 3706 haedum
3724 3669 3781 3708 ex
3801 3668 3874 3707 ca-

2318 3747 2431 3817 pris
2460 3728 2782 3808 masculum,
2812 3754 2866 3798 et
2897 3760 3116 3815 capram
3149 3744 3216 3799 de
3239 3745 3409 3800 haedis
3435 3745 3710 3799 femellam
3739 3744 3873 3815 χίμα-

2318 3856 2411 3909 po;
2465 3850 2649 3892 autem
2693 3847 2749 3892 et
2793 3837 3026 3908 χίμαιρα
3078 3837 3222 3893 fetus
3278 3852 3567 3907 caprarum
3614 3849 3739 3893 sunt
3779 3854 3871 3908 χει·

2321 3930 2551 4000 μερίνοι,
2575 3929 2629 3983 id
2652 3937 2754 3994 est,
2780 3930 2874 3998 qui
2897 3929 3042 3984 circa
3083 3938 3302 3998 tempus
3333 3929 3530 3983 hiemis
3571 3940 3869 3989 nascuntur.

2316 4034 2441 4072 nam
2499 4018 2583 4073 bis
2638 4034 2736 4088 per
2776 4032 2981 4072 annum
3035 4018 3214 4087 capris
3262 4019 3629 4088 parientibus,
3681 4020 3869 4090 quidam

2317 4111 2459 4166 fetus
2489 4120 2734 4181 tempore
2767 4110 2983 4175 hiemis,
3017 4111 3238 4181 quidam
3268 4121 3451 4166 autem
3493 4114 3703 4167 aestatis
3734 4129 3869 4184 gene-

2316 4211 2528 4256 rantur.
2553 4201 2691 4256 Cum
2720 4216 2849 4273 ergo
2875 4202 2994 4257 haec
3020 4202 3096 4256 ita
3120 4216 3179 4257 se
3204 4202 3464 4267 habeant,
3512 4219 3613 4273 per
3665 4204 3867 4259 hiemem

2318 4292 2587 4348 tristitiam
2635 4292 2971 4363 poenitentia:
3020 4293 3213 4356 docet.
3262 4295 3317 4348 in
3374 4295 3654 4350 tristitiam
3699 4296 3867 4365 quippe

2318 4384 2410 4440 hic
2455 4393 2513 4440 et
2558 4383 2687 4439 ﬁetu
2717 4383 2857 4440 ﬁlios
2882 4392 3126 4455 generat,
3166 4385 3259 4440 sed
3296 4395 3479 4441 tamen
3509 4387 3606 4441 ﬁlii
3636 4387 3753 4457 ejus
3781 4402 3866 4440 non

2249 4477 2292 4532 ι)
2321 4482 2447 4528 sunt
2478 4489 2509 4528 a
2536 4474 2803 4529 sacriﬁcio
2854 4474 3153 4543 reprobati.
3204 4474 3361 4531 Unde
3403 4476 3661 4532 existimo
3692 4477 3860 4537 haedos,

2315 4568 2368 4623 id
2394 4576 2477 4622 est
2495 4567 2763 4638 χιμάρους
2789 4566 2987 4622 οιῐειτθ
3014 4567 3362 4637 pmniteutes,
3399 4577 3590 4639 utpote
3636 4570 3862 4624 ﬁuctuan-

2317 4669 2417 4726 tes,
2458 4659 2735 4729 przecepit,
2770 4668 2826 4714 et
2872 4668 2931 4713 ut
2972 4660 3063 4729 qui
3118 4660 3527 4715 diversitatibus
3570 4662 3859 4716 undarum:

2313 4751 2550 4822 peccatis
2586 4765 2645 4806 se
2674 4750 3004 4821 erigentibus
3054 4763 3438 4824 repugnantes,
3471 4753 3862 4809 misericorditer

2312 4844 2626 4899 omnimodo
2676 4844 3050 4900 salvabuntur.
3110 4844 3167 4900 Si
3215 4845 3363 4900 enim
3429 4855 3776 4916 permaneant
3818 4843 3859 4894 in

2317 4937 2658 5009 paenitentia,
2698 4944 2753 4992 et
2780 4951 2892 4990 non
2936 4935 3252 5006 desperent,
3295 4939 3447 4993 velut
3478 4938 3536 4992 in
3570 4944 3858 5008 tempestate

2317 5029 2688 5099 relinquentes
2729 5026 2886 5084 navis
2923 5028 3119 5083 animae
3144 5028 3532 5100 gubernacula,
3578 5027 3854 5082 liberabun-

2317 5129 2439 5186 tur;
2470 5121 2514 5175 si
2531 5128 2712 5175 autem
2738 5121 3167 5192 deSperaverint,
3190 5117 3647 5187 quemadmodum
3670 5115 3854 5186 quidam

2316 5213 2725 5283 gubernatores,
2780 5214 2863 5268 vel
2920 5221 3096 5267 nauta:
3150 5209 3349 5279 pavidi,
3407 5209 3589 5263 statim
3620 5212 3851 5276 pereunt;

2316 5321 2441 5360 nam
2476 5316 2531 5359 et
2559 5305 2820 5359 Dominus
2858 5303 3033 5358 dixit:
3082 5300 3243 5357 Orate
3282 5317 3343 5355 ne
3398 5300 3495 5368 ﬁat
3542 5301 3666 5369 fuga
3715 5303 3850 5349 vestra

2313 5397 2482 5451 hieme
2535 5397 2613 5450 vel
2635 5396 2865 5450 Sabbato
2886 5395 2931 5428 ⁸⁸
2964 5413 2979 5462 ;
3011 5396 3244 5449 hiemem
3293 5403 3510 5463 tempus
3555 5386 3852 5460 pmnitcntiz

2312 5490 2520 5551 dicens,
2571 5488 2866 5543 Sabbatum
2900 5502 3028 5541 vero
3062 5485 3231 5539 otium
3260 5483 3477 5547 animae,
3522 5492 3680 5551 atque
3709 5478 3851 5531 virtu-

2315 5593 2427 5636 tum
2469 5580 2828 5635 cessationem
2870 5576 3174 5648 intelligens
3210 5591 3224 5629 :
3278 5574 3348 5629 ad
3400 5573 3569 5629 otium
3618 5569 3849 5640 siquidem

701 5709 749 5787 ς
782 5709 969 5787 Μιιιιὴ.
1002 5715 1286 5787 χινινὸἳς
1335 5716 1492 5787 Joan.
1528 5735 1682 5786 xvm,
1719 5720 1806 5774 ll.
1882 5721 1925 5754 ⁷⁸
1960 5719 2118 5776 llom.
2151 5738 2211 5776 ιιι

2318 5721 2343 5776 ἱ.
2421 5720 2463 5753 7°
2494 5718 2630 5775 Luc.
2662 5732 2818 5782 mn,
2858 5704 2947 5770 διζ
3023 5715 3069 5747 ⁸⁰
3098 5714 3228 5768 Luc.
3268 5729 3363 5778 xu,
3393 5710 3481 5777 47,
3514 5710 3601 5765 i8.
3675 5706 3715 5738 ”
3741 5700 3842 5758 ibid.

654 5777 877 5836 'Exod.
938 5798 1068 5851 χχιι,
1112 5785 1213 5843 28.”
1276 5777 1322 5819 ⁵³
1356 5777 1680 5860 P81114142:
1741 5790 2000 5847 “Matth.
2062 5777 2340 5860 ιλιι-ξεί).

1451 5830 1664 6063 ᾧ

1451 5901 1665 6063 Ε
