  <div class='ocr_page' id='page_1' title='image "/cluster/home/n/w/nwhite01/storage/ocr_20150623/93/hvd.32044019208040/422.png"; bbox 0 0 4046 6406; ppageno 0'>
   <div class='ocr_carea' id='block_1_1' title="bbox 117 429 247 493">
    <p class='ocr_par' dir='ltr' id='par_1_1' title="bbox 117 429 247 493">
     <span class='ocr_line' id='line_1_1' title="bbox 117 429 247 493; baseline -0.031 1"><span class='ocrx_word' id='word_1_1' title='bbox 117 429 247 493; x_wconf 78' lang='lat'><strong>829</strong></span> 
     </span>
    </p>
   </div>
   <div class='ocr_carea' id='block_1_2' title="bbox 123 521 1802 617">
    <p class='ocr_par' dir='ltr' id='par_1_2' title="bbox 123 521 1802 617">
     <span class='ocr_line' id='line_1_2' title="bbox 123 521 1802 617; baseline -0.017 -13"><span class='ocrx_word' id='word_1_2' title='bbox 123 558 313 617; x_wconf 79' lang='lat' dir='ltr'><strong>atque</strong></span> <span class='ocrx_word' id='word_1_3' title='bbox 357 556 390 597; x_wconf 87' lang='lat' dir='ltr'><strong>a</strong></span> <span class='ocrx_word' id='word_1_4' title='bbox 432 536 588 595; x_wconf 85' lang='lat' dir='ltr'><strong>malis</strong></span> <span class='ocrx_word' id='word_1_5' title='bbox 645 534 989 593; x_wconf 86' lang='lat' dir='ltr'><strong>vacationem</strong></span> <span class='ocrx_word' id='word_1_6' title='bbox 1040 532 1226 589; x_wconf 83' lang='lat' dir='ltr'><strong>datum</strong></span> <span class='ocrx_word' id='word_1_7' title='bbox 1265 521 1666 615; x_wconf 65' lang='lat' dir='ltr'><strong>est&#39;Sabbatum</strong></span> <span class='ocrx_word' id='word_1_8' title='bbox 1708 540 1723 577; x_wconf 91' lang='lat'><strong>:</strong></span> <span class='ocrx_word' id='word_1_9' title='bbox 1758 532 1802 583; x_wconf 75' lang='grc' dir='ltr'>Α</span> 
     </span>
    </p>
   </div>
   <div class='ocr_carea' id='block_1_3' title="bbox 128 602 1746 699">
    <p class='ocr_par' dir='ltr' id='par_1_3' title="bbox 128 602 1746 699">
     <span class='ocr_line' id='line_1_3' title="bbox 128 602 1746 699; baseline -0.017 -6"><span class='ocrx_word' id='word_1_10' title='bbox 128 637 241 694; x_wconf 80' lang='lat' dir='ltr'><strong>sed</strong></span> <span class='ocrx_word' id='word_1_11' title='bbox 298 632 615 689; x_wconf 57' lang='lat' dir='ltr'><strong>Iudaeorum</strong></span> <span class='ocrx_word' id='word_1_12' title='bbox 662 642 794 699; x_wconf 87' lang='lat' dir='ltr'><strong>gens</strong></span> <span class='ocrx_word' id='word_1_13' title='bbox 829 642 860 680; x_wconf 95' lang='lat' dir='ltr'><strong>e</strong></span> <span class='ocrx_word' id='word_1_14' title='bbox 899 624 1117 680; x_wconf 90' lang='lat' dir='ltr'><strong>diverso</strong></span> <span class='ocrx_word' id='word_1_15' title='bbox 1156 621 1260 676; x_wconf 88' lang='lat' dir='ltr'><strong>hoc</strong></span> <span class='ocrx_word' id='word_1_16' title='bbox 1289 602 1516 673; x_wconf 63' lang='lat' dir='ltr'><strong>usa-est.</strong></span> <span class='ocrx_word' id='word_1_17' title='bbox 1567 613 1746 669; x_wconf 80' lang='lat' dir='ltr'><strong>Grave</strong></span> 
     </span>
    </p>
   </div>
   <div class='ocr_carea' id='block_1_4' title="bbox 133 706 1746 790">
    <p class='ocr_par' dir='ltr' id='par_1_4' title="bbox 133 706 1746 790">
     <span class='ocr_line' id='line_1_4' title="bbox 133 706 1746 790; baseline -0.02 -2"><span class='ocrx_word' id='word_1_18' title='bbox 133 742 338 788; x_wconf 84' lang='lat' dir='ltr'><strong>autem</strong></span> <span class='ocrx_word' id='word_1_19' title='bbox 384 735 470 781; x_wconf 85' lang='lat' dir='ltr'><strong>est</strong></span> <span class='ocrx_word' id='word_1_20' title='bbox 503 726 557 779; x_wconf 90' lang='lat' dir='ltr'><strong>in</strong></span> <span class='ocrx_word' id='word_1_21' title='bbox 597 732 841 790; x_wconf 85' lang='lat' dir='ltr'><strong>tempore</strong></span> <span class='ocrx_word' id='word_1_22' title='bbox 871 732 981 787; x_wconf 89' lang='lat' dir='ltr'><strong>quo</strong></span> <span class='ocrx_word' id='word_1_23' title='bbox 1022 711 1331 770; x_wconf 87' lang='lat' dir='ltr'><strong>necessaria</strong></span> <span class='ocrx_word' id='word_1_24' title='bbox 1360 716 1444 765; x_wconf 90' lang='lat' dir='ltr'><strong>est</strong></span> <span class='ocrx_word' id='word_1_25' title='bbox 1466 706 1746 778; x_wconf 75' lang='lat' dir='ltr'><strong>poeniten-</strong></span> 
     </span>
    </p>
   </div>
   <div class='ocr_carea' id='block_1_5' title="bbox 136 794 1731 891">
    <p class='ocr_par' dir='ltr' id='par_1_5' title="bbox 136 794 1731 891">
     <span class='ocr_line' id='line_1_5' title="bbox 136 794 1731 891; baseline -0.021 -10"><span class='ocrx_word' id='word_1_26' title='bbox 136 827 249 891; x_wconf 84' lang='lat' dir='ltr'><strong>tia,</strong></span> <span class='ocrx_word' id='word_1_27' title='bbox 282 831 343 879; x_wconf 87' lang='lat' dir='ltr'><strong>et</strong></span> <span class='ocrx_word' id='word_1_28' title='bbox 369 819 543 876; x_wconf 90' lang='lat' dir='ltr'><strong>multo</strong></span> <span class='ocrx_word' id='word_1_29' title='bbox 570 813 786 888; x_wconf 77' lang='lat' dir='ltr'><strong>gravius</strong></span> <span class='ocrx_word' id='word_1_30' title='bbox 832 825 942 881; x_wconf 87' lang='lat' dir='ltr'><strong>quo</strong></span> <span class='ocrx_word' id='word_1_31' title='bbox 967 816 1125 862; x_wconf 91' lang='lat' dir='ltr'><strong>vacat</strong></span> <span class='ocrx_word' id='word_1_32' title='bbox 1158 805 1226 860; x_wconf 91' lang='lat' dir='ltr'><strong>ab</strong></span> <span class='ocrx_word' id='word_1_33' title='bbox 1262 802 1520 858; x_wconf 91' lang='lat' dir='ltr'><strong>omnibus</strong></span> <span class='ocrx_word' id='word_1_34' title='bbox 1545 794 1731 867; x_wconf 88' lang='lat' dir='ltr'><strong>operi-</strong></span> 
     </span>
    </p>
   </div>
   <div class='ocr_carea' id='block_1_6' title="bbox 140 887 1748 987">
    <p class='ocr_par' dir='ltr' id='par_1_6' title="bbox 140 887 1748 987">
     <span class='ocr_line' id='line_1_6' title="bbox 140 887 1748 987; baseline -0.019 -11"><span class='ocrx_word' id='word_1_35' title='bbox 140 922 284 982; x_wconf 81' lang='lat' dir='ltr'><strong>bus,</strong></span> <span class='ocrx_word' id='word_1_36' title='bbox 337 924 664 987; x_wconf 88' lang='lat' dir='ltr'><strong>quemquam</strong></span> <span class='ocrx_word' id='word_1_37' title='bbox 718 903 917 960; x_wconf 88' lang='lat' dir='ltr'><strong>tentari</strong></span> <span class='ocrx_word' id='word_1_38' title='bbox 964 900 1052 956; x_wconf 87' lang='lat' dir='ltr'><strong>vel</strong></span> <span class='ocrx_word' id='word_1_39' title='bbox 1101 895 1543 968; x_wconf 77' lang='lat' dir='ltr'><strong>persecutionem</strong></span> <span class='ocrx_word' id='word_1_40' title='bbox 1590 887 1748 960; x_wconf 90' lang='lat' dir='ltr'><strong>pati:</strong></span> 
     </span>
    </p>
   </div>
   <div class='ocr_carea' id='block_1_7' title="bbox 146 985 1752 1068">
    <p class='ocr_par' dir='ltr' id='par_1_7' title="bbox 146 985 1752 1068">
     <span class='ocr_line' id='line_1_7' title="bbox 146 985 1752 1068; baseline -0.022 0"><span class='ocrx_word' id='word_1_41' title='bbox 146 1011 309 1068; x_wconf 85' lang='lat' dir='ltr'><strong>unde</strong></span> <span class='ocrx_word' id='word_1_42' title='bbox 359 985 529 1062; x_wconf 82' lang='lat' dir='ltr'><strong>etiam</strong></span> <span class='ocrx_word' id='word_1_43' title='bbox 575 1000 720 1055; x_wconf 91' lang='lat' dir='ltr'><strong>sicut</strong></span> <span class='ocrx_word' id='word_1_44' title='bbox 764 996 1026 1062; x_wconf 77' lang='lat' dir='ltr'><strong>majorem</strong></span> <span class='ocrx_word' id='word_1_45' title='bbox 1058 1005 1186 1045; x_wconf 89' lang='lat' dir='ltr'><strong>eum</strong></span> <span class='ocrx_word' id='word_1_46' title='bbox 1224 990 1316 1058; x_wconf 87' lang='lat' dir='ltr'><strong>qui</strong></span> <span class='ocrx_word' id='word_1_47' title='bbox 1354 985 1592 1040; x_wconf 89' lang='lat' dir='ltr'><strong>Sabbato</strong></span> <span class='ocrx_word' id='word_1_48' title='bbox 1625 994 1752 1051; x_wconf 91' lang='lat' dir='ltr'><strong>per-</strong></span> 
     </span>
    </p>
   </div>
   <div class='ocr_carea' id='block_1_8' title="bbox 150 1070 1753 1163">
    <p class='ocr_par' dir='ltr' id='par_1_8' title="bbox 150 1070 1753 1163">
     <span class='ocr_line' id='line_1_8' title="bbox 150 1070 1753 1163; baseline -0.023 -2"><span class='ocrx_word' id='word_1_49' title='bbox 150 1100 503 1160; x_wconf 84' lang='lat' dir='ltr'><strong>secutionem</strong></span> <span class='ocrx_word' id='word_1_50' title='bbox 560 1092 784 1163; x_wconf 89' lang='lat' dir='ltr'><strong>patitur,</strong></span> <span class='ocrx_word' id='word_1_51' title='bbox 836 1084 1193 1140; x_wconf 85' lang='lat' dir='ltr'><strong>novissimum</strong></span> <span class='ocrx_word' id='word_1_52' title='bbox 1245 1076 1576 1133; x_wconf 81' lang='lat' dir='ltr'><strong>numeravit.</strong></span> <span class='ocrx_word' id='word_1_53' title='bbox 1614 1070 1753 1137; x_wconf 85' lang='lat' dir='ltr'><strong>Quia</strong></span> 
     </span>
    </p>
   </div>
   <div class='ocr_carea' id='block_1_9' title="bbox 152 1167 1757 1261">
    <p class='ocr_par' dir='ltr' id='par_1_9' title="bbox 152 1167 1757 1261">
     <span class='ocr_line' id='line_1_9' title="bbox 152 1167 1757 1261; baseline -0.021 -13"><span class='ocrx_word' id='word_1_54' title='bbox 152 1207 295 1261; x_wconf 75' lang='lat' dir='ltr'><strong>ergo</strong></span> <span class='ocrx_word' id='word_1_55' title='bbox 344 1196 401 1244; x_wconf 91' lang='lat' dir='ltr'><strong>et</strong></span> <span class='ocrx_word' id='word_1_56' title='bbox 439 1182 596 1247; x_wconf 84' lang='lat' dir='ltr'><strong>hirci,</strong></span> <span class='ocrx_word' id='word_1_57' title='bbox 642 1180 730 1234; x_wconf 88' lang='lat' dir='ltr'><strong>vel</strong></span> <span class='ocrx_word' id='word_1_58' title='bbox 773 1191 974 1248; x_wconf 68' lang='lat' dir='ltr'><strong>capue,</strong></span> <span class='ocrx_word' id='word_1_59' title='bbox 1022 1174 1137 1228; x_wconf 90' lang='lat' dir='ltr'><strong>sive</strong></span> <span class='ocrx_word' id='word_1_60' title='bbox 1182 1170 1321 1225; x_wconf 69' lang='lat' dir='ltr'><strong>haedi</strong></span> <span class='ocrx_word' id='word_1_61' title='bbox 1374 1167 1655 1223; x_wconf 73' lang='lat' dir='ltr'><strong>virtutem.</strong></span> <span class='ocrx_word' id='word_1_62' title='bbox 1700 1170 1757 1217; x_wconf 88' lang='lat' dir='ltr'><strong>et</strong></span> 
     </span>
    </p>
   </div>
   <div class='ocr_carea' id='block_1_10' title="bbox 157 1254 1754 1340">
    <p class='ocr_par' dir='ltr' id='par_1_10' title="bbox 157 1254 1754 1340">
     <span class='ocr_line' id='line_1_10' title="bbox 157 1254 1754 1340; baseline -0.02 -1"><span class='ocrx_word' id='word_1_63' title='bbox 157 1254 492 1340; x_wconf 67' lang='lat' dir='ltr'><strong>diﬁ&#39;erentiae</strong></span> <span class='ocrx_word' id='word_1_64' title='bbox 542 1271 935 1329; x_wconf 87' lang='lat' dir='ltr'><strong>sacriﬁciorum</strong></span> <span class='ocrx_word' id='word_1_65' title='bbox 988 1264 1210 1320; x_wconf 89' lang='lat' dir='ltr'><strong>modum</strong></span> <span class='ocrx_word' id='word_1_66' title='bbox 1268 1260 1581 1324; x_wconf 84' lang='lat' dir='ltr'><strong>didicimus,</strong></span> <span class='ocrx_word' id='word_1_67' title='bbox 1642 1254 1754 1325; x_wconf 89' lang='lat' dir='ltr'><strong>jam</strong></span> 
     </span>
    </p>
   </div>
   <div class='ocr_carea' id='block_1_11' title="bbox 159 1350 1758 1440">
    <p class='ocr_par' dir='ltr' id='par_1_11' title="bbox 159 1350 1758 1440">
     <span class='ocr_line' id='line_1_11' title="bbox 159 1350 1758 1440; baseline -0.019 -9"><span class='ocrx_word' id='word_1_68' title='bbox 159 1375 456 1430; x_wconf 82' lang='lat' dir='ltr'><strong>videamus</strong></span> <span class='ocrx_word' id='word_1_69' title='bbox 488 1382 609 1440; x_wconf 61' lang='lat' dir='ltr'><strong>qua:</strong></span> <span class='ocrx_word' id='word_1_70' title='bbox 639 1366 695 1419; x_wconf 90' lang='lat' dir='ltr'><strong>in</strong></span> <span class='ocrx_word' id='word_1_71' title='bbox 726 1371 956 1430; x_wconf 91' lang='lat' dir='ltr'><strong>utroque</strong></span> <span class='ocrx_word' id='word_1_72' title='bbox 1007 1366 1243 1427; x_wconf 76' lang='lat' dir='ltr'><strong>aguntur</strong></span> <span class='ocrx_word' id='word_1_73' title='bbox 1278 1350 1567 1414; x_wconf 84' lang='lat' dir='ltr'><strong>sacriﬁcio,</strong></span> <span class='ocrx_word' id='word_1_74' title='bbox 1605 1362 1758 1403; x_wconf 86' lang='lat' dir='ltr'><strong>com-</strong></span> 
     </span>
    </p>
   </div>
   <div class='ocr_carea' id='block_1_12' title="bbox 164 1440 1761 1524">
    <p class='ocr_par' dir='ltr' id='par_1_12' title="bbox 164 1440 1761 1524">
     <span class='ocr_line' id='line_1_12' title="bbox 164 1440 1761 1524; baseline -0.019 -1"><span class='ocrx_word' id='word_1_75' title='bbox 164 1467 363 1523; x_wconf 87' lang='lat' dir='ltr'><strong>munia</strong></span> <span class='ocrx_word' id='word_1_76' title='bbox 406 1462 552 1518; x_wconf 90' lang='lat' dir='ltr'><strong>enim</strong></span> <span class='ocrx_word' id='word_1_77' title='bbox 602 1467 753 1521; x_wconf 89' lang='lat' dir='ltr'><strong>sunt,</strong></span> <span class='ocrx_word' id='word_1_78' title='bbox 803 1452 1060 1524; x_wconf 89' lang='lat' dir='ltr'><strong>quoniam</strong></span> <span class='ocrx_word' id='word_1_79' title='bbox 1116 1443 1454 1519; x_wconf 57' lang='lat' dir='ltr'><strong>paenitentiae</strong></span> <span class='ocrx_word' id='word_1_80' title='bbox 1512 1440 1636 1495; x_wconf 80' lang='lat' dir='ltr'><strong>linis</strong></span> <span class='ocrx_word' id='word_1_81' title='bbox 1704 1446 1761 1492; x_wconf 91' lang='lat' dir='ltr'><strong>et</strong></span> 
     </span>
    </p>
   </div>
   <div class='ocr_carea' id='block_1_13' title="bbox 166 1536 1759 1633">
    <p class='ocr_par' dir='ltr' id='par_1_13' title="bbox 166 1536 1759 1633">
     <span class='ocr_line' id='line_1_13' title="bbox 166 1536 1759 1633; baseline -0.019 -18"><span class='ocrx_word' id='word_1_82' title='bbox 166 1557 444 1633; x_wconf 76' lang='lat' dir='ltr'><strong>generalis</strong></span> <span class='ocrx_word' id='word_1_83' title='bbox 493 1552 741 1613; x_wconf 80' lang='lat' dir='ltr'><strong>eﬁ‘ectus,</strong></span> <span class='ocrx_word' id='word_1_84' title='bbox 782 1553 1128 1618; x_wconf 85' lang='lat' dir='ltr'><strong>peccatorum</strong></span> <span class='ocrx_word' id='word_1_85' title='bbox 1159 1536 1411 1594; x_wconf 87' lang='lat' dir='ltr'><strong>remissio</strong></span> <span class='ocrx_word' id='word_1_86' title='bbox 1440 1543 1548 1599; x_wconf 88' lang='lat' dir='ltr'><strong>est,</strong></span> <span class='ocrx_word' id='word_1_87' title='bbox 1592 1547 1759 1603; x_wconf 88' lang='lat' dir='ltr'><strong>quam</strong></span> 
     </span>
    </p>
   </div>
   <div class='ocr_carea' id='block_1_14' title="bbox 169 1637 1159 1725">
    <p class='ocr_par' dir='ltr' id='par_1_14' title="bbox 169 1637 1159 1725">
     <span class='ocr_line' id='line_1_14' title="bbox 169 1637 1159 1725; baseline -0.021 -17"><span class='ocrx_word' id='word_1_88' title='bbox 169 1660 367 1725; x_wconf 81' lang='lat' dir='ltr'><strong>aperte</strong></span> <span class='ocrx_word' id='word_1_89' title='bbox 405 1646 681 1719; x_wconf 86' lang='lat' dir='ltr'><strong>legislator</strong></span> <span class='ocrx_word' id='word_1_90' title='bbox 714 1640 900 1712; x_wconf 88' lang='lat' dir='ltr'><strong>posuit</strong></span> <span class='ocrx_word' id='word_1_91' title='bbox 936 1637 1159 1693; x_wconf 91' lang='lat' dir='ltr'><strong>dicens:</strong></span> 
     </span>
    </p>
   </div>
   <div class='ocr_carea' id='block_1_15' title="bbox 244 1717 1760 1810">
    <p class='ocr_par' dir='ltr' id='par_1_15' title="bbox 244 1717 1760 1810">
     <span class='ocr_line' id='line_1_15' title="bbox 244 1717 1760 1810; baseline -0.021 -11"><span class='ocrx_word' id='word_1_92' title='bbox 244 1743 397 1810; x_wconf 83' lang='lat' dir='ltr'><strong>Quod</strong></span> <span class='ocrx_word' id='word_1_93' title='bbox 427 1739 473 1794; x_wconf 97' lang='lat' dir='ltr'><strong>si</strong></span> <span class='ocrx_word' id='word_1_94' title='bbox 507 1733 799 1807; x_wconf 76' lang='lat' dir='ltr'><strong>peccaverit</strong></span> <span class='ocrx_word' id='word_1_95' title='bbox 838 1730 1020 1785; x_wconf 88' lang='lat' dir='ltr'><strong>anima</strong></span> <span class='ocrx_word' id='word_1_96' title='bbox 1051 1742 1143 1795; x_wconf 88' lang='lat' dir='ltr'><strong>per</strong></span> <span class='ocrx_word' id='word_1_97' title='bbox 1177 1720 1537 1795; x_wconf 79' lang='lat' dir='ltr'><strong>ignorantiam</strong></span> <span class='ocrx_word' id='word_1_98' title='bbox 1570 1717 1634 1771; x_wconf 88' lang='lat' dir='ltr'><strong>de</strong></span> <span class='ocrx_word' id='word_1_99' title='bbox 1662 1731 1760 1785; x_wconf 86' lang='lat' dir='ltr'><strong>po-</strong></span> 
     </span>
    </p>
   </div>
   <div class='ocr_carea' id='block_1_16' title="bbox 165 1807 1763 1911">
    <p class='ocr_par' dir='ltr' id='par_1_16' title="bbox 165 1807 1763 1911">
     <span class='ocr_line' id='line_1_16' title="bbox 165 1807 1763 1911; baseline -0.023 -16"><span class='ocrx_word' id='word_1_100' title='bbox 165 1807 303 1911; x_wconf 70' lang='lat' dir='ltr'><strong>pulo</strong></span> <span class='ocrx_word' id='word_1_101' title='bbox 355 1846 527 1895; x_wconf 63' lang='lat' dir='ltr'><strong>terrm,</strong></span> <span class='ocrx_word' id='word_1_102' title='bbox 581 1838 637 1884; x_wconf 87' lang='lat' dir='ltr'><strong>ut</strong></span> <span class='ocrx_word' id='word_1_103' title='bbox 689 1826 851 1899; x_wconf 82' lang='lat' dir='ltr'><strong>faciat</strong></span> <span class='ocrx_word' id='word_1_104' title='bbox 879 1822 1169 1893; x_wconf 80' lang='lat' dir='ltr'><strong>quidquam</strong></span> <span class='ocrx_word' id='word_1_105' title='bbox 1205 1832 1269 1870; x_wconf 79' lang='lat' dir='ltr'><strong>ea:</strong></span> <span class='ocrx_word' id='word_1_106' title='bbox 1299 1815 1378 1867; x_wconf 85' lang='lat' dir='ltr'><strong>his</strong></span> <span class='ocrx_word' id='word_1_107' title='bbox 1411 1826 1526 1883; x_wconf 69' lang='lat' dir='ltr'><strong>quae</strong></span> <span class='ocrx_word' id='word_1_108' title='bbox 1550 1807 1763 1862; x_wconf 87' lang='lat' dir='ltr'><strong>Domini</strong></span> 
     </span>
    </p>
   </div>
   <div class='ocr_carea' id='block_1_17' title="bbox 171 1900 1765 2002">
    <p class='ocr_par' dir='ltr' id='par_1_17' title="bbox 171 1900 1765 2002">
     <span class='ocr_line' id='line_1_17' title="bbox 171 1900 1765 2002; baseline -0.022 -16"><span class='ocrx_word' id='word_1_109' title='bbox 171 1900 679 2002; x_wconf 36' lang='lat' dir='ltr'><strong>vlegeprohibentur.</strong></span> <span class='ocrx_word' id='word_1_110' title='bbox 722 1917 839 1974; x_wconf 89' lang='lat' dir='ltr'><strong>Non</strong></span> <span class='ocrx_word' id='word_1_111' title='bbox 885 1913 1018 1970; x_wconf 86' lang='lat' dir='ltr'><strong>dicit</strong></span> <span class='ocrx_word' id='word_1_112' title='bbox 1064 1910 1229 1981; x_wconf 87' lang='lat' dir='ltr'><strong>quod,</strong></span> <span class='ocrx_word' id='word_1_113' title='bbox 1262 1906 1389 1977; x_wconf 88' lang='lat' dir='ltr'><strong>quia</strong></span> <span class='ocrx_word' id='word_1_114' title='bbox 1428 1905 1482 1958; x_wconf 91' lang='lat' dir='ltr'><strong>in</strong></span> <span class='ocrx_word' id='word_1_115' title='bbox 1518 1900 1765 1972; x_wconf 88' lang='lat' dir='ltr'><strong>quolibet</strong></span> 
     </span>
    </p>
   </div>
   <div class='ocr_carea' id='block_1_18' title="bbox 172 1992 1761 2095">
    <p class='ocr_par' dir='ltr' id='par_1_18' title="bbox 172 1992 1761 2095">
     <span class='ocr_line' id='line_1_18' title="bbox 172 1992 1761 2095; baseline -0.022 -15"><span class='ocrx_word' id='word_1_116' title='bbox 172 2021 567 2095; x_wconf 70' lang='lat' dir='ltr'><strong>pmvaricatus</strong></span> <span class='ocrx_word' id='word_1_117' title='bbox 596 2013 718 2086; x_wconf 91' lang='lat' dir='ltr'><strong>quis</strong></span> <span class='ocrx_word' id='word_1_118' title='bbox 759 2009 943 2072; x_wconf 86' lang='lat' dir='ltr'><strong>fuerit,</strong></span> <span class='ocrx_word' id='word_1_119' title='bbox 978 2006 1032 2060; x_wconf 91' lang='lat' dir='ltr'><strong>in</strong></span> <span class='ocrx_word' id='word_1_120' title='bbox 1063 2011 1231 2060; x_wconf 89' lang='lat' dir='ltr'><strong>totam</strong></span> <span class='ocrx_word' id='word_1_121' title='bbox 1273 2000 1448 2070; x_wconf 82' lang='lat' dir='ltr'><strong>legem</strong></span> <span class='ocrx_word' id='word_1_122' title='bbox 1472 1992 1761 2063; x_wconf 88' lang='lat' dir='ltr'><strong>delinquit,</strong></span> 
     </span>
    </p>
   </div>
   <div class='ocr_carea' id='block_1_19' title="bbox 176 2088 1770 2172">
    <p class='ocr_par' dir='ltr' id='par_1_19' title="bbox 176 2088 1770 2172">
     <span class='ocr_line' id='line_1_19' title="bbox 176 2088 1770 2172; baseline -0.022 0"><span class='ocrx_word' id='word_1_123' title='bbox 176 2117 329 2172; x_wconf 85' lang='lat' dir='ltr'><strong>sicut</strong></span> <span class='ocrx_word' id='word_1_124' title='bbox 357 2114 549 2169; x_wconf 83' lang='lat' dir='ltr'><strong>beatus</strong></span> <span class='ocrx_word' id='word_1_125' title='bbox 573 2106 740 2164; x_wconf 74' lang='lat' dir='ltr'><strong>Jacob</strong></span> <span class='ocrx_word' id='word_1_126' title='bbox 773 2103 879 2157; x_wconf 89' lang='lat' dir='ltr'><strong>ait:</strong></span> <span class='ocrx_word' id='word_1_127' title='bbox 914 2099 1223 2167; x_wconf 79' lang='lat' dir='ltr'><strong>Quicunque</strong></span> <span class='ocrx_word' id='word_1_128' title='bbox 1267 2101 1435 2146; x_wconf 87' lang='lat' dir='ltr'><strong>totam</strong></span> <span class='ocrx_word' id='word_1_129' title='bbox 1472 2088 1638 2159; x_wconf 82' lang='lat' dir='ltr'><strong>legem</strong></span> <span class='ocrx_word' id='word_1_130' title='bbox 1662 2100 1770 2139; x_wconf 85' lang='lat' dir='ltr'><strong>ser-</strong></span> 
     </span>
    </p>
   </div>
   <div class='ocr_carea' id='block_1_20' title="bbox 176 2185 1771 2273">
    <p class='ocr_par' dir='ltr' id='par_1_20' title="bbox 176 2185 1771 2273">
     <span class='ocr_line' id='line_1_20' title="bbox 176 2185 1771 2273; baseline -0.021 -9"><span class='ocrx_word' id='word_1_131' title='bbox 176 2207 409 2270; x_wconf 69' lang='lat' dir='ltr'><strong>vaverit,</strong></span> <span class='ocrx_word' id='word_1_132' title='bbox 450 2200 717 2273; x_wconf 71' lang='lat' dir='ltr'><strong>offenderit</strong></span> <span class='ocrx_word' id='word_1_133' title='bbox 772 2204 950 2249; x_wconf 86' lang='lat' dir='ltr'><strong>autem</strong></span> <span class='ocrx_word' id='word_1_134' title='bbox 978 2192 1035 2244; x_wconf 91' lang='lat' dir='ltr'><strong>in</strong></span> <span class='ocrx_word' id='word_1_135' title='bbox 1072 2204 1197 2253; x_wconf 91' lang='lat' dir='ltr'><strong>uno,</strong></span> <span class='ocrx_word' id='word_1_136' title='bbox 1228 2185 1461 2240; x_wconf 89' lang='lat' dir='ltr'><strong>omnium</strong></span> <span class='ocrx_word' id='word_1_137' title='bbox 1500 2197 1619 2236; x_wconf 88' lang='lat' dir='ltr'><strong>reus</strong></span> <span class='ocrx_word' id='word_1_138' title='bbox 1644 2195 1771 2233; x_wconf 81' lang='lat' dir='ltr'><strong>con-</strong></span> 
     </span>
    </p>
   </div>
   <div class='ocr_carea' id='block_1_21' title="bbox 179 2271 1773 2357">
    <p class='ocr_par' dir='ltr' id='par_1_21' title="bbox 179 2271 1773 2357">
     <span class='ocr_line' id='line_1_21' title="bbox 179 2271 1773 2357; baseline -0.021 -1"><span class='ocrx_word' id='word_1_139' title='bbox 179 2271 517 2357; x_wconf 63' lang='lat' dir='ltr'><strong>stituetur“.</strong></span> <span class='ocrx_word' id='word_1_140' title='bbox 557 2291 663 2347; x_wconf 85' lang='lat' dir='ltr'><strong>Sed</strong></span> <span class='ocrx_word' id='word_1_141' title='bbox 697 2297 753 2343; x_wconf 87' lang='lat' dir='ltr'><strong>et</strong></span> <span class='ocrx_word' id='word_1_142' title='bbox 780 2286 883 2341; x_wconf 90' lang='lat' dir='ltr'><strong>hoc</strong></span> <span class='ocrx_word' id='word_1_143' title='bbox 923 2282 1068 2354; x_wconf 88' lang='lat' dir='ltr'><strong>quod</strong></span> <span class='ocrx_word' id='word_1_144' title='bbox 1109 2280 1314 2334; x_wconf 91' lang='lat' dir='ltr'><strong>dictum</strong></span> <span class='ocrx_word' id='word_1_145' title='bbox 1347 2282 1452 2339; x_wconf 89' lang='lat' dir='ltr'><strong>est,</strong></span> <span class='ocrx_word' id='word_1_146' title='bbox 1489 2288 1587 2344; x_wconf 92' lang='lat' dir='ltr'><strong>per</strong></span> <span class='ocrx_word' id='word_1_147' title='bbox 1616 2271 1773 2344; x_wconf 90' lang='lat' dir='ltr'><strong>igno-</strong></span> 
     </span>
    </p>
   </div>
   <div class='ocr_carea' id='block_1_22' title="bbox 181 2365 1774 2455">
    <p class='ocr_par' dir='ltr' id='par_1_22' title="bbox 181 2365 1774 2455">
     <span class='ocr_line' id='line_1_22' title="bbox 181 2365 1774 2455; baseline -0.021 -6"><span class='ocrx_word' id='word_1_148' title='bbox 181 2388 575 2455; x_wconf 83' lang='lat' dir='ltr'><strong>rantiam,vel,</strong></span> <span class='ocrx_word' id='word_1_149' title='bbox 621 2384 765 2439; x_wconf 87' lang='lat' dir='ltr'><strong>sicut</strong></span> <span class='ocrx_word' id='word_1_150' title='bbox 816 2374 1190 2448; x_wconf 87' lang='lat' dir='ltr'><strong>Septuaginta,</strong></span> <span class='ocrx_word' id='word_1_151' title='bbox 1244 2384 1357 2425; x_wconf 91' lang='lat' dir='ltr'><strong>non</strong></span> <span class='ocrx_word' id='word_1_152' title='bbox 1419 2367 1631 2430; x_wconf 89' lang='lat' dir='ltr'><strong>volens,</strong></span> <span class='ocrx_word' id='word_1_153' title='bbox 1689 2365 1774 2419; x_wconf 90' lang='lat' dir='ltr'><strong>in-</strong></span> 
     </span>
    </p>
   </div>
   <div class='ocr_carea' id='block_1_23' title="bbox 184 2456 1778 2560">
    <p class='ocr_par' dir='ltr' id='par_1_23' title="bbox 184 2456 1778 2560">
     <span class='ocr_line' id='line_1_23' title="bbox 184 2456 1778 2560; baseline -0.021 -18"><span class='ocrx_word' id='word_1_154' title='bbox 184 2500 397 2560; x_wconf 85' lang='lat' dir='ltr'><strong>gruens</strong></span> <span class='ocrx_word' id='word_1_155' title='bbox 453 2482 639 2552; x_wconf 88' lang='lat' dir='ltr'><strong>jugum</strong></span> <span class='ocrx_word' id='word_1_156' title='bbox 711 2470 1091 2546; x_wconf 86' lang='lat' dir='ltr'><strong>peccatoribus</strong></span> <span class='ocrx_word' id='word_1_157' title='bbox 1154 2461 1434 2520; x_wconf 88' lang='lat' dir='ltr'><strong>servitutis</strong></span> <span class='ocrx_word' id='word_1_158' title='bbox 1495 2456 1778 2513; x_wconf 59' lang='lat' dir='ltr'><strong>diabolica</strong></span> 
     </span>
    </p>
   </div>
   <div class='ocr_carea' id='block_1_24' title="bbox 187 2554 1780 2638">
    <p class='ocr_par' dir='ltr' id='par_1_24' title="bbox 187 2554 1780 2638">
     <span class='ocr_line' id='line_1_24' title="bbox 187 2554 1780 2638; baseline -0.023 -3"><span class='ocrx_word' id='word_1_159' title='bbox 187 2554 553 2636; x_wconf 72' lang='lat' dir='ltr'><strong>demonstrat,</strong></span> <span class='ocrx_word' id='word_1_160' title='bbox 606 2566 750 2638; x_wconf 89' lang='lat' dir='ltr'><strong>quod</strong></span> <span class='ocrx_word' id='word_1_161' title='bbox 802 2562 906 2618; x_wconf 88' lang='lat' dir='ltr'><strong>sibi</strong></span> <span class='ocrx_word' id='word_1_162' title='bbox 956 2559 1059 2631; x_wconf 90' lang='lat' dir='ltr'><strong>ipsi</strong></span> <span class='ocrx_word' id='word_1_163' title='bbox 1113 2557 1181 2611; x_wconf 88' lang='lat' dir='ltr'><strong>ad</strong></span> <span class='ocrx_word' id='word_1_164' title='bbox 1234 2554 1438 2609; x_wconf 90' lang='lat' dir='ltr'><strong>malum</strong></span> <span class='ocrx_word' id='word_1_165' title='bbox 1493 2556 1780 2619; x_wconf 74' lang='lat' dir='ltr'><strong>vergentes</strong></span> 
     </span>
    </p>
   </div>
   <div class='ocr_carea' id='block_1_25' title="bbox 190 2640 1782 2740">
    <p class='ocr_par' dir='ltr' id='par_1_25' title="bbox 190 2640 1782 2740">
     <span class='ocr_line' id='line_1_25' title="bbox 190 2640 1782 2740; baseline -0.022 -16"><span class='ocrx_word' id='word_1_166' title='bbox 190 2667 718 2740; x_wconf 79' lang='lat' dir='ltr'><strong>superinduxerunt,</strong></span> <span class='ocrx_word' id='word_1_167' title='bbox 762 2657 905 2712; x_wconf 91' lang='lat' dir='ltr'><strong>sicut</strong></span> <span class='ocrx_word' id='word_1_168' title='bbox 946 2652 1111 2707; x_wconf 89' lang='lat' dir='ltr'><strong>lsaias</strong></span> <span class='ocrx_word' id='word_1_169' title='bbox 1142 2648 1258 2703; x_wconf 88' lang='lat' dir='ltr'><strong>ait:</strong></span> <span class='ocrx_word' id='word_1_170' title='bbox 1314 2643 1404 2699; x_wconf 68' lang='lat' dir='ltr'><strong>Va:</strong></span> <span class='ocrx_word' id='word_1_171' title='bbox 1435 2642 1524 2714; x_wconf 88' lang='lat' dir='ltr'><strong>qui</strong></span> <span class='ocrx_word' id='word_1_172' title='bbox 1567 2640 1782 2693; x_wconf 82' lang='lat' dir='ltr'><strong>trahunt</strong></span> 
     </span>
    </p>
   </div>
   <div class='ocr_carea' id='block_1_26' title="bbox 189 2732 1786 2832">
    <p class='ocr_par' dir='ltr' id='par_1_26' title="bbox 189 2732 1786 2832">
     <span class='ocr_line' id='line_1_26' title="bbox 189 2732 1786 2832; baseline -0.023 -15"><span class='ocrx_word' id='word_1_173' title='bbox 189 2769 415 2832; x_wconf 73' lang='lat' dir='ltr'><strong>peccata</strong></span> <span class='ocrx_word' id='word_1_174' title='bbox 448 2766 501 2810; x_wconf 88' lang='lat' dir='ltr'><strong>ut</strong></span> <span class='ocrx_word' id='word_1_175' title='bbox 532 2755 731 2807; x_wconf 79' lang='lat' dir='ltr'><strong>tristem</strong></span> <span class='ocrx_word' id='word_1_176' title='bbox 752 2750 980 2817; x_wconf 83' lang='lat' dir='ltr'><strong>longam,</strong></span> <span class='ocrx_word' id='word_1_177' title='bbox 1012 2753 1059 2796; x_wconf 89' lang='lat' dir='ltr'><strong>et</strong></span> <span class='ocrx_word' id='word_1_178' title='bbox 1090 2742 1223 2796; x_wconf 78' lang='lat' dir='ltr'><strong>sicut</strong></span> <span class='ocrx_word' id='word_1_179' title='bbox 1258 2739 1433 2809; x_wconf 88' lang='lat' dir='ltr'><strong>funem</strong></span> <span class='ocrx_word' id='word_1_180' title='bbox 1463 2732 1583 2803; x_wconf 88' lang='lat' dir='ltr'><strong>jugi</strong></span> <span class='ocrx_word' id='word_1_181' title='bbox 1614 2744 1786 2786; x_wconf 81' lang='lat' dir='ltr'><strong>vacca:</strong></span> 
     </span>
    </p>
   </div>
   <div class='ocr_carea' id='block_1_27' title="bbox 194 2823 1786 2923">
    <p class='ocr_par' dir='ltr' id='par_1_27' title="bbox 194 2823 1786 2923">
     <span class='ocr_line' id='line_1_27' title="bbox 194 2823 1786 2923; baseline -0.021 -16"><span class='ocrx_word' id='word_1_182' title='bbox 194 2847 614 2923; x_wconf 77' lang='lat' dir='ltr'><strong>iniquitatem“,</strong></span> <span class='ocrx_word' id='word_1_183' title='bbox 645 2857 754 2913; x_wconf 91' lang='lat' dir='ltr'><strong>quo</strong></span> <span class='ocrx_word' id='word_1_184' title='bbox 777 2838 995 2910; x_wconf 89' lang='lat' dir='ltr'><strong>quidam</strong></span> <span class='ocrx_word' id='word_1_185' title='bbox 1043 2831 1244 2902; x_wconf 88' lang='lat' dir='ltr'><strong>captivi</strong></span> <span class='ocrx_word' id='word_1_186' title='bbox 1274 2842 1329 2884; x_wconf 92' lang='lat' dir='ltr'><strong>et</strong></span> <span class='ocrx_word' id='word_1_187' title='bbox 1366 2825 1521 2881; x_wconf 90' lang='lat' dir='ltr'><strong>inviti</strong></span> <span class='ocrx_word' id='word_1_188' title='bbox 1553 2823 1786 2880; x_wconf 86' lang='lat' dir='ltr'><strong>trahun-</strong></span> 
     </span>
    </p>
   </div>
   <div class='ocr_carea' id='block_1_28' title="bbox 196 2912 1789 3003">
    <p class='ocr_par' dir='ltr' id='par_1_28' title="bbox 196 2912 1789 3003">
     <span class='ocr_line' id='line_1_28' title="bbox 196 2912 1789 3003; baseline -0.023 0"><span class='ocrx_word' id='word_1_189' title='bbox 196 2957 315 3003; x_wconf 86' lang='lat' dir='ltr'><strong>tur.</strong></span> <span class='ocrx_word' id='word_1_190' title='bbox 341 2944 447 2999; x_wconf 86' lang='lat' dir='ltr'><strong>Sed</strong></span> <span class='ocrx_word' id='word_1_191' title='bbox 482 2941 526 2997; x_wconf 89' lang='lat' dir='ltr'><strong>si</strong></span> <span class='ocrx_word' id='word_1_192' title='bbox 566 2938 632 2993; x_wconf 88' lang='lat' dir='ltr'><strong>ad</strong></span> <span class='ocrx_word' id='word_1_193' title='bbox 676 2949 863 2991; x_wconf 89' lang='lat' dir='ltr'><strong>sanam</strong></span> <span class='ocrx_word' id='word_1_194' title='bbox 904 2935 1248 2984; x_wconf 86' lang='lat' dir='ltr'><strong>revertantur</strong></span> <span class='ocrx_word' id='word_1_195' title='bbox 1290 2929 1553 2982; x_wconf 90' lang='lat' dir='ltr'><strong>mentem,</strong></span> <span class='ocrx_word' id='word_1_196' title='bbox 1587 2931 1615 2970; x_wconf 90' lang='lat' dir='ltr'><strong>a</strong></span> <span class='ocrx_word' id='word_1_197' title='bbox 1654 2912 1789 2969; x_wconf 88' lang='lat' dir='ltr'><strong>resti</strong></span> 
     </span>
    </p>
   </div>
   <div class='ocr_carea' id='block_1_29' title="bbox 202 3005 1792 3103">
    <p class='ocr_par' dir='ltr' id='par_1_29' title="bbox 202 3005 1792 3103">
     <span class='ocr_line' id='line_1_29' title="bbox 202 3005 1792 3103; baseline -0.024 -8"><span class='ocrx_word' id='word_1_198' title='bbox 202 3040 315 3094; x_wconf 82' lang='lat' dir='ltr'><strong>hac</strong></span> <span class='ocrx_word' id='word_1_199' title='bbox 347 3020 487 3093; x_wconf 30' lang='lat' dir='ltr'><strong>sive.</strong></span> <span class='ocrx_word' id='word_1_200' title='bbox 522 3033 653 3103; x_wconf 80' lang='lat' dir='ltr'><strong>iugo</strong></span> <span class='ocrx_word' id='word_1_201' title='bbox 696 3027 876 3083; x_wconf 80' lang='lat' dir='ltr'><strong>statim</strong></span> <span class='ocrx_word' id='word_1_202' title='bbox 923 3022 1285 3099; x_wconf 24' lang='lat' dir='ltr'><strong>relaxanturs</strong></span> <span class='ocrx_word' id='word_1_203' title='bbox 1315 3010 1473 3079; x_wconf 84' lang='lat' dir='ltr'><strong>Quod</strong></span> <span class='ocrx_word' id='word_1_204' title='bbox 1520 3005 1792 3079; x_wconf 87' lang='lat' dir='ltr'><strong>quomodo</strong></span> 
     </span>
    </p>
   </div>
   <div class='ocr_carea' id='block_1_30' title="bbox 203 3089 1795 3199">
    <p class='ocr_par' dir='ltr' id='par_1_30' title="bbox 203 3089 1795 3199">
     <span class='ocr_line' id='line_1_30' title="bbox 203 3089 1795 3199; baseline -0.023 -12"><span class='ocrx_word' id='word_1_205' title='bbox 203 3141 306 3187; x_wconf 88' lang='lat' dir='ltr'><strong>aut</strong></span> <span class='ocrx_word' id='word_1_206' title='bbox 350 3126 563 3199; x_wconf 84' lang='lat' dir='ltr'><strong>quando</strong></span> <span class='ocrx_word' id='word_1_207' title='bbox 587 3089 674 3186; x_wconf 66' lang='lat' dir='ltr'><strong>ﬁt,</strong></span> <span class='ocrx_word' id='word_1_208' title='bbox 712 3117 985 3190; x_wconf 85' lang='lat' dir='ltr'><strong>legislator</strong></span> <span class='ocrx_word' id='word_1_209' title='bbox 1029 3089 1288 3170; x_wconf 70' lang='lat' dir='ltr'><strong>ostendit,</strong></span> <span class='ocrx_word' id='word_1_210' title='bbox 1340 3104 1394 3159; x_wconf 92' lang='lat' dir='ltr'><strong>id</strong></span> <span class='ocrx_word' id='word_1_211' title='bbox 1425 3110 1533 3165; x_wconf 90' lang='lat' dir='ltr'><strong>est,</strong></span> <span class='ocrx_word' id='word_1_212' title='bbox 1577 3097 1795 3170; x_wconf 90' lang='lat' dir='ltr'><strong>quando</strong></span> 
     </span>
    </p>
   </div>
   <div class='ocr_carea' id='block_1_31' title="bbox 204 3193 1792 3295">
    <p class='ocr_par' dir='ltr' id='par_1_31' title="bbox 204 3193 1792 3295">
     <span class='ocr_line' id='line_1_31' title="bbox 204 3193 1792 3295; baseline -0.023 -14"><span class='ocrx_word' id='word_1_213' title='bbox 204 3225 333 3295; x_wconf 82' lang='lat' dir='ltr'><strong>ipse</strong></span> <span class='ocrx_word' id='word_1_214' title='bbox 386 3221 477 3292; x_wconf 85' lang='lat' dir='ltr'><strong>qui</strong></span> <span class='ocrx_word' id='word_1_215' title='bbox 538 3214 801 3288; x_wconf 85' lang='lat' dir='ltr'><strong>peccavit,</strong></span> <span class='ocrx_word' id='word_1_216' title='bbox 883 3213 1167 3279; x_wconf 86' lang='lat' dir='ltr'><strong>peccatum</strong></span> <span class='ocrx_word' id='word_1_217' title='bbox 1222 3214 1381 3255; x_wconf 92' lang='lat' dir='ltr'><strong>suum</strong></span> <span class='ocrx_word' id='word_1_218' title='bbox 1431 3193 1792 3267; x_wconf 86' lang='lat' dir='ltr'><strong>cognoverit:</strong></span> 
     </span>
    </p>
   </div>
   <div class='ocr_carea' id='block_1_32' title="bbox 1324 407 2258 477">
    <p class='ocr_par' dir='ltr' id='par_1_32' title="bbox 1324 407 2258 477">
     <span class='ocr_line' id='line_1_32' title="bbox 1324 407 2258 477; baseline -0.01 0"><span class='ocrx_word' id='word_1_219' title='bbox 1324 415 1406 477; x_wconf 86' lang='lat' dir='ltr'><strong>IN</strong></span> <span class='ocrx_word' id='word_1_220' title='bbox 1437 407 1879 477; x_wconf 80' lang='lat' dir='ltr'><strong>LEV&#39;ITICUM.</strong></span> <span class='ocrx_word' id='word_1_221' title='bbox 1908 432 1979 444; x_wconf 86' lang='lat'><strong>—</strong></span> <span class='ocrx_word' id='word_1_222' title='bbox 2014 409 2165 472; x_wconf 86' lang='lat' dir='ltr'><strong>LIB.</strong></span> <span class='ocrx_word' id='word_1_223' title='bbox 2206 409 2258 469; x_wconf 91' lang='grc' dir='ltr'><strong>Ι.</strong></span> 
     </span>
    </p>
   </div>
   <div class='ocr_carea' id='block_1_33' title="bbox 1831 493 3421 585">
    <p class='ocr_par' dir='ltr' id='par_1_33' title="bbox 1831 493 3421 585">
     <span class='ocr_line' id='line_1_33' title="bbox 1831 493 3421 585; baseline -0.014 -10"><span class='ocrx_word' id='word_1_224' title='bbox 1831 520 2034 575; x_wconf 89' lang='lat' dir='ltr'><strong>sarium</strong></span> <span class='ocrx_word' id='word_1_225' title='bbox 2091 521 2380 578; x_wconf 87' lang='lat' dir='ltr'><strong>habemus.</strong></span> <span class='ocrx_word' id='word_1_226' title='bbox 2440 514 2666 585; x_wconf 78' lang='lat' dir='ltr'><strong>propter</strong></span> <span class='ocrx_word' id='word_1_227' title='bbox 2727 503 2873 576; x_wconf 90' lang='lat' dir='ltr'><strong>quod</strong></span> <span class='ocrx_word' id='word_1_228' title='bbox 2922 510 2978 557; x_wconf 89' lang='lat' dir='ltr'><strong>et</strong></span> <span class='ocrx_word' id='word_1_229' title='bbox 3031 497 3167 555; x_wconf 76' lang='lat' dir='ltr'><strong>dixit</strong></span> <span class='ocrx_word' id='word_1_230' title='bbox 3212 493 3421 553; x_wconf 63' lang='lat' dir='ltr'><strong>David:</strong></span> 
     </span>
    </p>
   </div>
   <div class='ocr_carea' id='block_1_34' title="bbox 1845 587 3427 675">
    <p class='ocr_par' dir='ltr' id='par_1_34' title="bbox 1845 587 3427 675">
     <span class='ocr_line' id='line_1_34' title="bbox 1845 587 3427 675; baseline -0.018 -8"><span class='ocrx_word' id='word_1_231' title='bbox 1845 610 2129 665; x_wconf 78' lang='lat' dir='ltr'><strong>Peccatum</strong></span> <span class='ocrx_word' id='word_1_232' title='bbox 2187 625 2360 664; x_wconf 88' lang='lat' dir='ltr'><strong>meum</strong></span> <span class='ocrx_word' id='word_1_233' title='bbox 2408 605 2673 675; x_wconf 86' lang='lat' dir='ltr'><strong>cognitum</strong></span> <span class='ocrx_word' id='word_1_234' title='bbox 2712 598 2803 652; x_wconf 87' lang='lat' dir='ltr'><strong>tibi</strong></span> <span class='ocrx_word' id='word_1_235' title='bbox 2858 594 2995 665; x_wconf 82' lang='lat' dir='ltr'><strong>feci,</strong></span> <span class='ocrx_word' id='word_1_236' title='bbox 3048 600 3098 644; x_wconf 84' lang='lat' dir='ltr'><strong>et</strong></span> <span class='ocrx_word' id='word_1_237' title='bbox 3136 587 3427 658; x_wconf 81' lang='lat' dir='ltr'><strong>injustitias</strong></span> 
     </span>
    </p>
   </div>
   <div class='ocr_carea' id='block_1_35' title="bbox 1848 682 3432 771">
    <p class='ocr_par' dir='ltr' id='par_1_35' title="bbox 1848 682 3432 771">
     <span class='ocr_line' id='line_1_35' title="bbox 1848 682 3432 771; baseline -0.019 -16"><span class='ocrx_word' id='word_1_238' title='bbox 1848 720 1989 757; x_wconf 86' lang='lat' dir='ltr'><strong>meas</strong></span> <span class='ocrx_word' id='word_1_239' title='bbox 2020 719 2124 756; x_wconf 89' lang='lat' dir='ltr'><strong>non</strong></span> <span class='ocrx_word' id='word_1_240' title='bbox 2156 700 2360 771; x_wconf 88' lang='lat' dir='ltr'><strong>operui.</strong></span> <span class='ocrx_word' id='word_1_241' title='bbox 2420 696 2541 750; x_wconf 73' lang='lat' dir='ltr'><strong>Dixi</strong></span> <span class='ocrx_word' id='word_1_242' title='bbox 2568 686 2967 747; x_wconf 86' lang='lat' dir='ltr'><strong>:Pronuntiabo</strong></span> <span class='ocrx_word' id='word_1_243' title='bbox 3021 682 3297 733; x_wconf 74' lang='lat' dir='ltr'><strong>adversum</strong></span> <span class='ocrx_word' id='word_1_244' title='bbox 3351 691 3432 727; x_wconf 86' lang='lat' dir='ltr'><strong>me</strong></span> 
     </span>
    </p>
   </div>
   <div class='ocr_carea' id='block_1_36' title="bbox 1850 768 3433 866">
    <p class='ocr_par' dir='ltr' id='par_1_36' title="bbox 1850 768 3433 866">
     <span class='ocr_line' id='line_1_36' title="bbox 1850 768 3433 866; baseline -0.02 -16"><span class='ocrx_word' id='word_1_245' title='bbox 1850 797 2166 866; x_wconf 84' lang='lat' dir='ltr'><strong>injustitiam</strong></span> <span class='ocrx_word' id='word_1_246' title='bbox 2245 807 2418 847; x_wconf 88' lang='lat' dir='ltr'><strong>meam</strong></span> <span class='ocrx_word' id='word_1_247' title='bbox 2460 786 2705 847; x_wconf 89' lang='lat' dir='ltr'><strong>Domino,</strong></span> <span class='ocrx_word' id='word_1_248' title='bbox 2743 788 2791 833; x_wconf 90' lang='lat' dir='ltr'><strong>et</strong></span> <span class='ocrx_word' id='word_1_249' title='bbox 2851 787 2905 831; x_wconf 87' lang='lat' dir='ltr'><strong>tu</strong></span> <span class='ocrx_word' id='word_1_250' title='bbox 2960 771 3208 828; x_wconf 79' lang='lat' dir='ltr'><strong>remisisti</strong></span> <span class='ocrx_word' id='word_1_251' title='bbox 3234 768 3433 838; x_wconf 85' lang='lat' dir='ltr'><strong>iniqui-</strong></span> 
     </span>
    </p>
   </div>
   <div class='ocr_carea' id='block_1_37' title="bbox 3316 350 3425 445">
    <p class='ocr_par' dir='ltr' id='par_1_37' title="bbox 3316 350 3425 445">
     <span class='ocr_line' id='line_1_37' title="bbox 3316 350 3425 445; baseline -0.009 1"><span class='ocrx_word' id='word_1_252' title='bbox 3316 350 3425 445; x_wconf 63' lang='lat' dir='ltr'><strong>aiio</strong></span> 
     </span>
    </p>
   </div>
   <div class='ocr_carea' id='block_1_38' title="bbox 1853 856 3434 943">
    <p class='ocr_par' dir='ltr' id='par_1_38' title="bbox 1853 856 3434 943">
     <span class='ocr_line' id='line_1_38' title="bbox 1853 856 3434 943; baseline -0.023 -3"><span class='ocrx_word' id='word_1_253' title='bbox 1853 896 2014 940; x_wconf 86' lang='lat' dir='ltr'><strong>tatem</strong></span> <span class='ocrx_word' id='word_1_254' title='bbox 2043 882 2212 939; x_wconf 77' lang='lat' dir='ltr'><strong>cordis</strong></span> <span class='ocrx_word' id='word_1_255' title='bbox 2256 880 2359 934; x_wconf 89' lang='lat' dir='ltr'><strong>mei</strong></span> <span class='ocrx_word' id='word_1_256' title='bbox 2378 880 2445 931; x_wconf 76' lang='grc' dir='ltr'><strong>θ’.</strong></span> <span class='ocrx_word' id='word_1_257' title='bbox 2504 875 2797 943; x_wconf 86' lang='lat' dir='ltr'><strong>Propterea</strong></span> <span class='ocrx_word' id='word_1_258' title='bbox 2842 864 2931 918; x_wconf 88' lang='lat' dir='ltr'><strong>hic</strong></span> <span class='ocrx_word' id='word_1_259' title='bbox 2978 859 3252 932; x_wconf 89' lang='lat' dir='ltr'><strong>legislator</strong></span> <span class='ocrx_word' id='word_1_260' title='bbox 3286 856 3434 908; x_wconf 86' lang='lat' dir='ltr'><strong>intu-</strong></span> 
     </span>
    </p>
   </div>
   <div class='ocr_carea' id='block_1_39' title="bbox 1852 982 1961 1037">
    <p class='ocr_par' dir='ltr' id='par_1_39' title="bbox 1852 982 1961 1037">
     <span class='ocr_line' id='line_1_39' title="bbox 1852 982 1961 1037; baseline -0.009 -1"><span class='ocrx_word' id='word_1_261' title='bbox 1852 982 1915 1037; x_wconf 92' lang='lat' dir='ltr'><strong>lit</strong></span> <span class='ocrx_word' id='word_1_262' title='bbox 1947 998 1961 1035; x_wconf 92' lang='lat'><strong>:</strong></span> 
     </span>
    </p>
   </div>
   <div class='ocr_carea' id='block_1_40' title="bbox 1930 1035 3448 1137">
    <p class='ocr_par' dir='ltr' id='par_1_40' title="bbox 1930 1035 3448 1137">
     <span class='ocr_line' id='line_1_40' title="bbox 1930 1035 3448 1137; baseline -0.027 -8"><span class='ocrx_word' id='word_1_263' title='bbox 1930 1075 1995 1129; x_wconf 80' lang='lat' dir='ltr'><strong>Et</strong></span> <span class='ocrx_word' id='word_1_264' title='bbox 2029 1071 2192 1134; x_wconf 86' lang='lat' dir='ltr'><strong>tollet,</strong></span> <span class='ocrx_word' id='word_1_265' title='bbox 2224 1075 2271 1123; x_wconf 89' lang='lat' dir='ltr'><strong>et</strong></span> <span class='ocrx_word' id='word_1_266' title='bbox 2302 1070 2453 1137; x_wconf 88' lang='lat' dir='ltr'><strong>ponet</strong></span> <span class='ocrx_word' id='word_1_267' title='bbox 2477 1056 2717 1115; x_wconf 81' lang='lat' dir='ltr'><strong>sacerdos</strong></span> <span class='ocrx_word' id='word_1_268' title='bbox 2740 1049 3048 1121; x_wconf 85' lang='lat' dir='ltr'><strong>sanguinem</strong></span> <span class='ocrx_word' id='word_1_269' title='bbox 3104 1039 3307 1111; x_wconf 83' lang='lat' dir='ltr'><strong>peccati</strong></span> <span class='ocrx_word' id='word_1_270' title='bbox 3353 1035 3448 1090; x_wconf 79' lang='lat' dir='ltr'><strong>di-‘</strong></span> 
     </span>
    </p>
   </div>
   <div class='ocr_carea' id='block_1_41' title="bbox 1857 1127 3442 1238">
    <p class='ocr_par' dir='ltr' id='par_1_41' title="bbox 1857 1127 3442 1238">
     <span class='ocr_line' id='line_1_41' title="bbox 1857 1127 3442 1238; baseline -0.028 -15"><span class='ocrx_word' id='word_1_271' title='bbox 1857 1168 1965 1238; x_wconf 88' lang='lat' dir='ltr'><strong>gito</strong></span> <span class='ocrx_word' id='word_1_272' title='bbox 2038 1177 2195 1232; x_wconf 85' lang='lat' dir='ltr'><strong>super</strong></span> <span class='ocrx_word' id='word_1_273' title='bbox 2262 1127 2457 1213; x_wconf 79' lang='lat' dir='ltr'><strong>cornua</strong></span> <span class='ocrx_word' id='word_1_274' title='bbox 2514 1147 2703 1204; x_wconf 79' lang='lat' dir='ltr'><strong>altaris</strong></span> <span class='ocrx_word' id='word_1_275' title='bbox 2763 1134 3224 1196; x_wconf 77' lang='lat' dir='ltr'><strong>holocautomatis.</strong></span> <span class='ocrx_word' id='word_1_276' title='bbox 3286 1127 3442 1194; x_wconf 86' lang='lat' dir='ltr'><strong>Quod</strong></span> 
     </span>
    </p>
   </div>
   <div class='ocr_carea' id='block_1_42' title="bbox 1858 1223 3446 1325">
    <p class='ocr_par' dir='ltr' id='par_1_42' title="bbox 1858 1223 3446 1325">
     <span class='ocr_line' id='line_1_42' title="bbox 1858 1223 3446 1325; baseline -0.026 -11"><span class='ocrx_word' id='word_1_277' title='bbox 1858 1223 2216 1325; x_wconf 56' lang='lat' dir='ltr'><strong>hieronymus</strong></span> <span class='ocrx_word' id='word_1_278' title='bbox 2257 1247 2420 1304; x_wconf 88' lang='lat' dir='ltr'><strong>simili</strong></span> <span class='ocrx_word' id='word_1_279' title='bbox 2475 1257 2638 1300; x_wconf 88' lang='lat' dir='ltr'><strong>sensu</strong></span> <span class='ocrx_word' id='word_1_280' title='bbox 2691 1235 2867 1291; x_wconf 91' lang='lat' dir='ltr'><strong>edidit</strong></span> <span class='ocrx_word' id='word_1_281' title='bbox 2915 1232 3145 1286; x_wconf 87' lang='lat' dir='ltr'><strong>dicens:</strong></span> <span class='ocrx_word' id='word_1_282' title='bbox 3180 1223 3446 1279; x_wconf 80' lang='lat' dir='ltr'><strong>Tolletaue</strong></span> 
     </span>
    </p>
   </div>
   <div class='ocr_carea' id='block_1_43' title="bbox 1858 1312 3449 1411">
    <p class='ocr_par' dir='ltr' id='par_1_43' title="bbox 1858 1312 3449 1411">
     <span class='ocr_line' id='line_1_43' title="bbox 1858 1312 3449 1411; baseline -0.027 -6"><span class='ocrx_word' id='word_1_283' title='bbox 1858 1347 2103 1404; x_wconf 84' lang='lat' dir='ltr'><strong>sacerdos</strong></span> <span class='ocrx_word' id='word_1_284' title='bbox 2142 1344 2204 1397; x_wconf 89' lang='lat' dir='ltr'><strong>de</strong></span> <span class='ocrx_word' id='word_1_285' title='bbox 2224 1340 2480 1411; x_wconf 69' lang='lat' dir='ltr'><strong>sanguine</strong></span> <span class='ocrx_word' id='word_1_286' title='bbox 2520 1333 2683 1405; x_wconf 87' lang='lat' dir='ltr'><strong>digito</strong></span> <span class='ocrx_word' id='word_1_287' title='bbox 2712 1345 2807 1383; x_wconf 88' lang='lat' dir='ltr'><strong>suo</strong></span> <span class='ocrx_word' id='word_1_288' title='bbox 2838 1335 3053 1394; x_wconf 87' lang='lat' dir='ltr'><strong>tangens</strong></span> <span class='ocrx_word' id='word_1_289' title='bbox 3083 1333 3280 1373; x_wconf 90' lang='lat' dir='ltr'><strong>cornua</strong></span> <span class='ocrx_word' id='word_1_290' title='bbox 3306 1312 3449 1366; x_wconf 89' lang='lat' dir='ltr'><strong>alta-</strong></span> 
     </span>
    </p>
   </div>
   <div class='ocr_carea' id='block_1_44' title="bbox 1862 1403 3445 1503">
    <p class='ocr_par' dir='ltr' id='par_1_44' title="bbox 1862 1403 3445 1503">
     <span class='ocr_line' id='line_1_44' title="bbox 1862 1403 3445 1503; baseline -0.025 -11"><span class='ocrx_word' id='word_1_291' title='bbox 1862 1439 1956 1491; x_wconf 87' lang='lat' dir='ltr'><strong>ris.</strong></span> <span class='ocrx_word' id='word_1_292' title='bbox 2021 1403 2353 1503; x_wconf 79' lang='lat' dir='ltr'><strong>Sanguinem</strong></span> <span class='ocrx_word' id='word_1_293' title='bbox 2406 1403 2592 1479; x_wconf 85' lang='lat' dir='ltr'><strong>autem</strong></span> <span class='ocrx_word' id='word_1_294' title='bbox 2636 1416 2846 1492; x_wconf 85' lang='lat' dir='ltr'><strong>peccati</strong></span> <span class='ocrx_word' id='word_1_295' title='bbox 2880 1407 3191 1483; x_wconf 83' lang='lat' dir='ltr'><strong>appellavit,</strong></span> <span class='ocrx_word' id='word_1_296' title='bbox 3225 1403 3317 1474; x_wconf 91' lang='lat' dir='ltr'><strong>qui</strong></span> <span class='ocrx_word' id='word_1_297' title='bbox 3348 1415 3445 1472; x_wconf 86' lang='lat' dir='ltr'><strong>pro</strong></span> 
     </span>
    </p>
   </div>
   <div class='ocr_carea' id='block_1_45' title="bbox 1860 1492 3451 1600">
    <p class='ocr_par' dir='ltr' id='par_1_45' title="bbox 1860 1492 3451 1600">
     <span class='ocr_line' id='line_1_45' title="bbox 1860 1492 3451 1600; baseline -0.025 -17"><span class='ocrx_word' id='word_1_298' title='bbox 1860 1524 2098 1600; x_wconf 77' lang='lat' dir='ltr'><strong>peccatis</strong></span> <span class='ocrx_word' id='word_1_299' title='bbox 2144 1520 2393 1575; x_wconf 80' lang='lat' dir='ltr'><strong>oﬁ&#39;ertur.</strong></span> <span class='ocrx_word' id='word_1_300' title='bbox 2454 1514 2626 1583; x_wconf 86' lang='lat' dir='ltr'><strong>Hujus</strong></span> <span class='ocrx_word' id='word_1_301' title='bbox 2662 1505 2933 1580; x_wconf 86' lang='lat' dir='ltr'><strong>primitias</strong></span> <span class='ocrx_word' id='word_1_302' title='bbox 2983 1498 3239 1556; x_wconf 86' lang='lat' dir='ltr'><strong>sacerdos</strong></span> <span class='ocrx_word' id='word_1_303' title='bbox 3289 1492 3451 1547; x_wconf 82' lang='lat' dir='ltr'><strong>Chri-</strong></span> 
     </span>
    </p>
   </div>
   <div class='ocr_carea' id='block_1_46' title="bbox 1864 1583 3450 1685">
    <p class='ocr_par' dir='ltr' id='par_1_46' title="bbox 1864 1583 3450 1685">
     <span class='ocr_line' id='line_1_46' title="bbox 1864 1583 3450 1685; baseline -0.025 -11"><span class='ocrx_word' id='word_1_304' title='bbox 1864 1629 1983 1674; x_wconf 86' lang='lat' dir='ltr'><strong>stus</strong></span> <span class='ocrx_word' id='word_1_305' title='bbox 2032 1629 2201 1685; x_wconf 91' lang='lat' dir='ltr'><strong>super</strong></span> <span class='ocrx_word' id='word_1_306' title='bbox 2244 1622 2450 1666; x_wconf 91' lang='lat' dir='ltr'><strong>cornua</strong></span> <span class='ocrx_word' id='word_1_307' title='bbox 2494 1600 2685 1659; x_wconf 88' lang='lat' dir='ltr'><strong>altaris</strong></span> <span class='ocrx_word' id='word_1_308' title='bbox 2719 1588 3178 1653; x_wconf 90' lang='lat' dir='ltr'><strong>holocautomatis</strong></span> <span class='ocrx_word' id='word_1_309' title='bbox 3232 1583 3450 1644; x_wconf 77' lang='lat' dir='ltr'><strong>oﬂ&#39;eret,</strong></span> 
     </span>
    </p>
   </div>
   <div class='ocr_carea' id='block_1_47' title="bbox 1862 1673 3455 1774">
    <p class='ocr_par' dir='ltr' id='par_1_47' title="bbox 1862 1673 3455 1774">
     <span class='ocr_line' id='line_1_47' title="bbox 1862 1673 3455 1774; baseline -0.026 -9"><span class='ocrx_word' id='word_1_310' title='bbox 1862 1708 2119 1766; x_wconf 85' lang='lat' dir='ltr'><strong>videlicet</strong></span> <span class='ocrx_word' id='word_1_311' title='bbox 2151 1717 2318 1774; x_wconf 92' lang='lat' dir='ltr'><strong>super</strong></span> <span class='ocrx_word' id='word_1_312' title='bbox 2355 1710 2574 1754; x_wconf 84' lang='lat' dir='ltr'><strong>crucem</strong></span> <span class='ocrx_word' id='word_1_313' title='bbox 2606 1705 2793 1755; x_wconf 88' lang='lat' dir='ltr'><strong>suam;</strong></span> <span class='ocrx_word' id='word_1_314' title='bbox 2829 1687 2875 1741; x_wconf 90' lang='lat' dir='ltr'><strong>si</strong></span> <span class='ocrx_word' id='word_1_315' title='bbox 2915 1682 3062 1739; x_wconf 91' lang='lat' dir='ltr'><strong>enim</strong></span> <span class='ocrx_word' id='word_1_316' title='bbox 3095 1680 3265 1734; x_wconf 90' lang='lat' dir='ltr'><strong>altare</strong></span> <span class='ocrx_word' id='word_1_317' title='bbox 3298 1673 3455 1729; x_wconf 88' lang='lat' dir='ltr'><strong>holo-</strong></span> 
     </span>
    </p>
   </div>
   <div class='ocr_carea' id='block_1_48' title="bbox 1866 1762 3458 1855">
    <p class='ocr_par' dir='ltr' id='par_1_48' title="bbox 1866 1762 3458 1855">
     <span class='ocr_line' id='line_1_48' title="bbox 1866 1762 3458 1855; baseline -0.024 0"><span class='ocrx_word' id='word_1_318' title='bbox 1866 1794 2192 1855; x_wconf 90' lang='lat' dir='ltr'><strong>cautomatis</strong></span> <span class='ocrx_word' id='word_1_319' title='bbox 2222 1762 2235 1774; x_wconf 48' lang='grc' dir='ltr'><strong>Ι</strong></span> <span class='ocrx_word' id='word_1_320' title='bbox 2255 1787 2468 1846; x_wconf 89' lang='lat' dir='ltr'><strong>Domini</strong></span> <span class='ocrx_word' id='word_1_321' title='bbox 2499 1797 2699 1853; x_wconf 90' lang='lat' dir='ltr'><strong>corpus</strong></span> <span class='ocrx_word' id='word_1_322' title='bbox 2727 1788 2832 1842; x_wconf 91' lang='lat' dir='ltr'><strong>est,</strong></span> <span class='ocrx_word' id='word_1_323' title='bbox 2862 1774 3031 1843; x_wconf 88' lang='lat' dir='ltr'><strong>hujus</strong></span> <span class='ocrx_word' id='word_1_324' title='bbox 3061 1766 3254 1841; x_wconf 90' lang='lat' dir='ltr'><strong>procul</strong></span> <span class='ocrx_word' id='word_1_325' title='bbox 3290 1762 3458 1818; x_wconf 86' lang='lat' dir='ltr'><strong>dubio</strong></span> 
     </span>
    </p>
   </div>
   <div class='ocr_carea' id='block_1_49' title="bbox 1798 1851 3460 1943">
    <p class='ocr_par' dir='ltr' id='par_1_49' title="bbox 1798 1851 3460 1943">
     <span class='ocr_line' id='line_1_49' title="bbox 1798 1851 3460 1943; baseline -0.028 2"><span class='ocrx_word' id='word_1_326' title='bbox 1798 1872 1837 1925; x_wconf 73' lang='grc' dir='ltr'>Β</span> <span class='ocrx_word' id='word_1_327' title='bbox 1869 1900 2073 1943; x_wconf 89' lang='lat' dir='ltr'><strong>cornua</strong></span> <span class='ocrx_word' id='word_1_328' title='bbox 2113 1896 2247 1937; x_wconf 77' lang='lat' dir='ltr'><strong>crux</strong></span> <span class='ocrx_word' id='word_1_329' title='bbox 2293 1877 2420 1938; x_wconf 90' lang='lat' dir='ltr'><strong>erit,</strong></span> <span class='ocrx_word' id='word_1_330' title='bbox 2481 1873 2550 1927; x_wconf 90' lang='lat' dir='ltr'><strong>de</strong></span> <span class='ocrx_word' id='word_1_331' title='bbox 2586 1851 2690 1939; x_wconf 82' lang='lat' dir='ltr'><strong>qua</strong></span> <span class='ocrx_word' id='word_1_332' title='bbox 2721 1866 2975 1921; x_wconf 86' lang='lat' dir='ltr'><strong>llabacuc</strong></span> <span class='ocrx_word' id='word_1_333' title='bbox 3032 1857 3205 1912; x_wconf 82' lang='lat' dir='ltr'><strong>dixit:</strong></span> <span class='ocrx_word' id='word_1_334' title='bbox 3241 1851 3460 1907; x_wconf 86' lang='lat' dir='ltr'><strong>Cornua</strong></span> 
     </span>
    </p>
   </div>
   <div class='ocr_carea' id='block_1_50' title="bbox 1869 1950 3461 2032">
    <p class='ocr_par' dir='ltr' id='par_1_50' title="bbox 1869 1950 3461 2032">
     <span class='ocr_line' id='line_1_50' title="bbox 1869 1950 3461 2032; baseline -0.026 -2"><span class='ocrx_word' id='word_1_335' title='bbox 1869 1984 1989 2031; x_wconf 88' lang='lat' dir='ltr'><strong>sunt</strong></span> <span class='ocrx_word' id='word_1_336' title='bbox 2043 1973 2098 2027; x_wconf 90' lang='lat' dir='ltr'><strong>in</strong></span> <span class='ocrx_word' id='word_1_337' title='bbox 2142 1968 2382 2023; x_wconf 85' lang='lat' dir='ltr'><strong>manibus</strong></span> <span class='ocrx_word' id='word_1_338' title='bbox 2398 1960 2590 2032; x_wconf 77' lang='lat' dir='ltr'><strong>ejus&quot;.</strong></span> <span class='ocrx_word' id='word_1_339' title='bbox 2628 1954 2832 2009; x_wconf 83' lang='lat' dir='ltr'><strong>Oﬁ‘eret</strong></span> <span class='ocrx_word' id='word_1_340' title='bbox 2856 1962 3022 2019; x_wconf 83' lang='lat' dir='ltr'><strong>super</strong></span> <span class='ocrx_word' id='word_1_341' title='bbox 3047 1958 3201 2001; x_wconf 92' lang='lat' dir='ltr'><strong>suam</strong></span> <span class='ocrx_word' id='word_1_342' title='bbox 3242 1950 3461 1996; x_wconf 90' lang='lat' dir='ltr'><strong>crucem</strong></span> 
     </span>
    </p>
   </div>
   <div class='ocr_carea' id='block_1_51' title="bbox 1881 2345 2048 2402">
    <p class='ocr_par' dir='ltr' id='par_1_51' title="bbox 1881 2345 2048 2402">
     <span class='ocr_line' id='line_1_51' title="bbox 1881 2345 2048 2402; baseline -0.048 0"><span class='ocrx_word' id='word_1_343' title='bbox 1881 2345 2010 2402; x_wconf 85' lang='lat' dir='ltr'><strong>dicit</strong></span> <span class='ocrx_word' id='word_1_344' title='bbox 2033 2358 2048 2394; x_wconf 72' lang='grc' dir='ltr'><strong>ε</strong></span> 
     </span>
    </p>
   </div>
   <div class='ocr_carea' id='block_1_52' title="bbox 1956 2397 3478 2503">
    <p class='ocr_par' dir='ltr' id='par_1_52' title="bbox 1956 2397 3478 2503">
     <span class='ocr_line' id='line_1_52' title="bbox 1956 2397 3478 2503; baseline -0.03 -13"><span class='ocrx_word' id='word_1_345' title='bbox 1956 2397 2231 2503; x_wconf 78' lang='lat' dir='ltr'><strong>Reliquum</strong></span> <span class='ocrx_word' id='word_1_346' title='bbox 2296 2422 2608 2496; x_wconf 87' lang='lat' dir='ltr'><strong>sanguinem</strong></span> <span class='ocrx_word' id='word_1_347' title='bbox 2647 2412 2828 2487; x_wconf 81' lang='lat' dir='ltr'><strong>fundet</strong></span> <span class='ocrx_word' id='word_1_348' title='bbox 2875 2407 2945 2461; x_wconf 85' lang='lat' dir='ltr'><strong>ad</strong></span> <span class='ocrx_word' id='word_1_349' title='bbox 2974 2404 3142 2459; x_wconf 88' lang='lat' dir='ltr'><strong>basim</strong></span> <span class='ocrx_word' id='word_1_350' title='bbox 3173 2397 3286 2468; x_wconf 88' lang='lat' dir='ltr'><strong>ejus</strong></span> <span class='ocrx_word' id='word_1_351' title='bbox 3310 2435 3326 2460; x_wconf 93' lang='lat'><strong>,</strong></span> <span class='ocrx_word' id='word_1_352' title='bbox 3356 2408 3478 2448; x_wconf 87' lang='lat' dir='ltr'><strong>om-</strong></span> 
     </span>
    </p>
   </div>
   <div class='ocr_carea' id='block_1_53' title="bbox 1882 2484 3474 2594">
    <p class='ocr_par' dir='ltr' id='par_1_53' title="bbox 1882 2484 3474 2594">
     <span class='ocr_line' id='line_1_53' title="bbox 1882 2484 3474 2594; baseline -0.032 -8"><span class='ocrx_word' id='word_1_353' title='bbox 1882 2544 2008 2585; x_wconf 89' lang='lat' dir='ltr'><strong>nem</strong></span> <span class='ocrx_word' id='word_1_354' title='bbox 2056 2484 2433 2594; x_wconf 45' lang='lat' dir='ltr'><strong>plcenitentiam</strong></span> <span class='ocrx_word' id='word_1_355' title='bbox 2470 2484 2801 2581; x_wconf 70' lang='lat' dir='ltr'><strong>evangelicae</strong></span> <span class='ocrx_word' id='word_1_356' title='bbox 2848 2498 3042 2557; x_wconf 85' lang='lat' dir='ltr'><strong>tribuit</strong></span> <span class='ocrx_word' id='word_1_357' title='bbox 3077 2484 3474 2564; x_wconf 67' lang='lat' dir='ltr'><strong>praedicationi,</strong></span> 
     </span>
    </p>
   </div>
   <div class='ocr_carea' id='block_1_54' title="bbox 1887 2590 3471 2693">
    <p class='ocr_par' dir='ltr' id='par_1_54' title="bbox 1887 2590 3471 2693">
     <span class='ocr_line' id='line_1_54' title="bbox 1887 2590 3471 2693; baseline -0.032 -16"><span class='ocrx_word' id='word_1_358' title='bbox 1887 2590 2201 2693; x_wconf 39' lang='lat' dir='ltr'><strong>quam-esse</strong></span> <span class='ocrx_word' id='word_1_359' title='bbox 2225 2611 2396 2667; x_wconf 89' lang='lat' dir='ltr'><strong>basim</strong></span> <span class='ocrx_word' id='word_1_360' title='bbox 2422 2605 2608 2662; x_wconf 88' lang='lat' dir='ltr'><strong>altaris</strong></span> <span class='ocrx_word' id='word_1_361' title='bbox 2631 2600 2892 2656; x_wconf 78' lang='lat' dir='ltr'><strong>diximus.</strong></span> <span class='ocrx_word' id='word_1_362' title='bbox 2935 2591 3104 2644; x_wconf 79' lang='lat' dir='ltr'><strong>Recte</strong></span> <span class='ocrx_word' id='word_1_363' title='bbox 3132 2590 3316 2638; x_wconf 91' lang='lat' dir='ltr'><strong>autem</strong></span> <span class='ocrx_word' id='word_1_364' title='bbox 3351 2592 3471 2647; x_wconf 81' lang='lat' dir='ltr'><strong>poe-</strong></span> 
     </span>
    </p>
   </div>
   <div class='ocr_carea' id='block_1_55' title="bbox 1889 2670 3474 2769">
    <p class='ocr_par' dir='ltr' id='par_1_55' title="bbox 1889 2670 3474 2769">
     <span class='ocr_line' id='line_1_55' title="bbox 1889 2670 2099 2693; baseline -0.029 -15"><span class='ocrx_word' id='word_1_365' title='bbox 1889 2670 2048 2693; x_wconf 45' lang='lat' dir='ltr'><strong>,W---</strong></span> <span class='ocrx_word' id='word_1_366' title='bbox 2089 2670 2099 2672; x_wconf 15' lang='grc' dir='ltr'>ἡ</span> 
     </span>
     <span class='ocr_line' id='line_1_56' title="bbox 1889 2670 3474 2769; baseline -0.031 0"><span class='ocrx_word' id='word_1_367' title='bbox 1889 2712 2175 2769; x_wconf 90' lang='lat' dir='ltr'><strong>nitentiam</strong></span> <span class='ocrx_word' id='word_1_368' title='bbox 2223 2718 2441 2761; x_wconf 92' lang='lat' dir='ltr'><strong>omnem</strong></span> <span class='ocrx_word' id='word_1_369' title='bbox 2490 2694 2805 2768; x_wconf 68' lang='lat' dir='ltr'><strong>apostolicae</strong></span> <span class='ocrx_word' id='word_1_370' title='bbox 2836 2676 3209 2759; x_wconf 82' lang='lat' dir='ltr'><strong>pr:cdicationi</strong></span> <span class='ocrx_word' id='word_1_371' title='bbox 3238 2670 3431 2729; x_wconf 76' lang='lat' dir='ltr'><strong>tribuit</strong></span> <span class='ocrx_word' id='word_1_372' title='bbox 3459 2684 3474 2722; x_wconf 91' lang='lat'><strong>:</strong></span> 
     </span>
    </p>
   </div>
   <div class='ocr_carea' id='block_1_56' title="bbox 1891 2765 3473 2879">
    <p class='ocr_par' dir='ltr' id='par_1_56' title="bbox 1891 2765 3473 2879">
     <span class='ocr_line' id='line_1_57' title="bbox 1891 2765 3473 2879; baseline -0.033 -14"><span class='ocrx_word' id='word_1_373' title='bbox 1891 2809 2019 2879; x_wconf 88' lang='lat' dir='ltr'><strong>quia</strong></span> <span class='ocrx_word' id='word_1_374' title='bbox 2069 2802 2248 2859; x_wconf 90' lang='lat' dir='ltr'><strong>omnis</strong></span> <span class='ocrx_word' id='word_1_375' title='bbox 2292 2799 2413 2867; x_wconf 91' lang='lat' dir='ltr'><strong>ejus</strong></span> <span class='ocrx_word' id='word_1_376' title='bbox 2456 2789 2688 2847; x_wconf 88' lang='lat' dir='ltr'><strong>intentio</strong></span> <span class='ocrx_word' id='word_1_377' title='bbox 2735 2785 2851 2838; x_wconf 74' lang='lat' dir='ltr'><strong>hrec</strong></span> <span class='ocrx_word' id='word_1_378' title='bbox 2884 2786 2986 2844; x_wconf 89' lang='lat' dir='ltr'><strong>est,</strong></span> <span class='ocrx_word' id='word_1_379' title='bbox 3014 2783 3075 2829; x_wconf 93' lang='lat' dir='ltr'><strong>ut</strong></span> <span class='ocrx_word' id='word_1_380' title='bbox 3109 2767 3290 2825; x_wconf 92' lang='lat' dir='ltr'><strong>omnis</strong></span> <span class='ocrx_word' id='word_1_381' title='bbox 3315 2765 3473 2818; x_wconf 77' lang='lat' dir='ltr'><strong>homr.</strong></span> 
     </span>
     <span class='ocr_line' id='line_1_58' title="bbox 2745 2853 3473 2879; baseline -0.032 0"><span class='ocrx_word' id='word_1_382' title='bbox 2745 2874 2755 2879; x_wconf 86' lang='lat'>_</span> <span class='ocrx_word' id='word_1_383' title='bbox 3107 2871 3218 2879; x_wconf 62' lang='lat'><strong>___</strong></span> <span class='ocrx_word' id='word_1_384' title='bbox 3253 2853 3395 2879; x_wconf 48' lang='grc' dir='ltr'><strong>,ΜΛ</strong></span> <span class='ocrx_word' id='word_1_385' title='bbox 3426 2858 3473 2879; x_wconf 45' lang='grc' dir='ltr'><strong>Δ,</strong></span> 
     </span>
    </p>
   </div>
   <div class='ocr_carea' id='block_1_57' title="bbox 1893 2853 3481 2971">
    <p class='ocr_par' dir='ltr' id='par_1_57' title="bbox 1893 2853 3481 2971">
     <span class='ocr_line' id='line_1_59' title="bbox 1893 2853 3481 2971; baseline -0.033 -16"><span class='ocrx_word' id='word_1_386' title='bbox 1893 2853 2168 2971; x_wconf 58' lang='lat' dir='ltr'><strong>paenitens</strong></span> <span class='ocrx_word' id='word_1_387' title='bbox 2212 2905 2270 2945; x_wconf 89' lang='lat' dir='ltr'><strong>se</strong></span> <span class='ocrx_word' id='word_1_388' title='bbox 2321 2853 2648 2953; x_wconf 68' lang='lat' dir='ltr'><strong>corrigendo</strong></span> <span class='ocrx_word' id='word_1_389' title='bbox 2681 2874 2943 2931; x_wconf 86' lang='lat' dir='ltr'><strong>salvetur,</strong></span> <span class='ocrx_word' id='word_1_390' title='bbox 2990 2871 3219 2934; x_wconf 88' lang='lat' dir='ltr'><strong>propter</strong></span> <span class='ocrx_word' id='word_1_391' title='bbox 3250 2853 3396 2925; x_wconf 84' lang='lat' dir='ltr'><strong>quod</strong></span> <span class='ocrx_word' id='word_1_392' title='bbox 3424 2858 3481 2904; x_wconf 90' lang='lat' dir='ltr'><strong>et</strong></span> 
     </span>
     <span class='ocr_line' id='line_1_60' title="bbox 2970 2944 3481 2971; baseline -0.031 14"><span class='ocrx_word' id='word_1_393' title='bbox 2970 2959 2981 2970; x_wconf 82' lang='lat'><strong><em>-</em></strong></span> <span class='ocrx_word' id='word_1_394' title='bbox 3007 2958 3020 2971; x_wconf 88' lang='lat'><strong>-</strong></span> <span class='ocrx_word' id='word_1_395' title='bbox 3062 2963 3075 2971; x_wconf 87' lang='lat'><strong>-</strong></span> <span class='ocrx_word' id='word_1_396' title='bbox 3107 2952 3154 2971; x_wconf 43' lang='grc' dir='ltr'><strong>εκ-</strong></span> <span class='ocrx_word' id='word_1_397' title='bbox 3193 2944 3481 2971; x_wconf 63' lang='grc' dir='ltr'><strong>ινδ--..η-..ιτη</strong></span> 
     </span>
    </p>
   </div>
   <div class='ocr_carea' id='block_1_58' title="bbox 1898 2944 3485 3065">
    <p class='ocr_par' dir='ltr' id='par_1_58' title="bbox 1898 2944 3485 3065">
     <span class='ocr_line' id='line_1_61' title="bbox 1898 2944 2502 2971; baseline -0.03 0"><span class='ocrx_word' id='word_1_398' title='bbox 1898 2944 2163 2971; x_wconf 62' lang='grc' dir='ltr'><strong>γυνη-’νη-</strong></span> <span class='ocrx_word' id='word_1_399' title='bbox 2224 2944 2228 2945; x_wconf 55' lang='grc' dir='ltr'><em>ν</em></span> <span class='ocrx_word' id='word_1_400' title='bbox 2474 2944 2502 2953; x_wconf 69' lang='grc' dir='ltr'>ν</span> 
     </span>
     <span class='ocr_line' id='line_1_62' title="bbox 1898 2944 3485 3065; baseline -0.034 -16"><span class='ocrx_word' id='word_1_401' title='bbox 1898 2994 2130 3065; x_wconf 90' lang='lat' dir='ltr'><strong>primam</strong></span> <span class='ocrx_word' id='word_1_402' title='bbox 2155 2997 2342 3039; x_wconf 90' lang='lat' dir='ltr'><strong>vocem</strong></span> <span class='ocrx_word' id='word_1_403' title='bbox 2368 2978 2512 3032; x_wconf 87' lang='lat' dir='ltr'><strong>illam</strong></span> <span class='ocrx_word' id='word_1_404' title='bbox 2542 2971 2805 3025; x_wconf 87' lang='lat' dir='ltr'><strong>Dominus</strong></span> <span class='ocrx_word' id='word_1_405' title='bbox 2831 2958 3082 3033; x_wconf 90' lang='lat' dir='ltr'><strong>providet</strong></span> <span class='ocrx_word' id='word_1_406' title='bbox 3107 2952 3161 3006; x_wconf 87' lang='lat' dir='ltr'><strong>in</strong></span> <span class='ocrx_word' id='word_1_407' title='bbox 3193 2944 3485 3015; x_wconf 77' lang='lat' dir='ltr'><strong>Evangelia</strong></span> 
     </span>
     <span class='ocr_line' id='line_1_63' title="bbox 2610 3034 3485 3065; baseline -0.031 27"><span class='ocrx_word' id='word_1_408' title='bbox 2610 3064 2615 3065; x_wconf 25' lang='lat'><em>7</em></span> <span class='ocrx_word' id='word_1_409' title='bbox 2868 3054 2900 3065; x_wconf 72' lang='grc'><strong>⁶’</strong></span> <span class='ocrx_word' id='word_1_410' title='bbox 3086 3034 3485 3065; x_wconf 48' lang='grc' dir='ltr'><strong>λ’-ΑῌΑ-ἓκρι-ιηιιδί</strong></span> 
     </span>
    </p>
   </div>
   <div class='ocr_carea' id='block_1_59' title="bbox 1900 3034 3490 3141">
    <p class='ocr_par' dir='ltr' id='par_1_59' title="bbox 1900 3034 3490 3141">
     <span class='ocr_line' id='line_1_64' title="bbox 1900 3034 3490 3141; baseline -0.035 0"><span class='ocrx_word' id='word_1_411' title='bbox 1900 3034 2277 3141; x_wconf 63' lang='lat' dir='ltr'><strong>doctoralem:</strong></span> <span class='ocrx_word' id='word_1_412' title='bbox 2338 3064 2713 3125; x_wconf 70' lang='lat' dir='ltr'><strong>Paenitentiam</strong></span> <span class='ocrx_word' id='word_1_413' title='bbox 2791 3054 2955 3126; x_wconf 86' lang='lat' dir='ltr'><strong>agite,</strong></span> <span class='ocrx_word' id='word_1_414' title='bbox 3042 3034 3490 3116; x_wconf 84' lang='lat' dir='ltr'><strong>appropinquabit</strong></span> 
     </span>
    </p>
   </div>
   <div class='ocr_carea' id='block_1_60' title="bbox 1903 3133 3490 3239">
    <p class='ocr_par' dir='ltr' id='par_1_60' title="bbox 1903 3133 3490 3239">
     <span class='ocr_line' id='line_1_65' title="bbox 1903 3133 3490 3239; baseline -0.034 -9"><span class='ocrx_word' id='word_1_415' title='bbox 1903 3176 2043 3231; x_wconf 88' lang='lat' dir='ltr'><strong>enim</strong></span> <span class='ocrx_word' id='word_1_416' title='bbox 2089 3180 2305 3239; x_wconf 85' lang='lat' dir='ltr'><strong>regnum</strong></span> <span class='ocrx_word' id='word_1_417' title='bbox 2344 3146 2835 3217; x_wconf 71' lang='lat' dir='ltr'><strong>rcclorum&quot;;quia</strong></span> <span class='ocrx_word' id='word_1_418' title='bbox 2863 3141 3029 3197; x_wconf 84' lang='lat' dir='ltr'><strong>etiam</strong></span> <span class='ocrx_word' id='word_1_419' title='bbox 3052 3135 3119 3189; x_wconf 90' lang='lat' dir='ltr'><strong>ad</strong></span> <span class='ocrx_word' id='word_1_420' title='bbox 3161 3133 3265 3186; x_wconf 91' lang='lat' dir='ltr'><strong>hoc</strong></span> <span class='ocrx_word' id='word_1_421' title='bbox 3299 3142 3359 3183; x_wconf 91' lang='lat' dir='ltr'><strong>se</strong></span> <span class='ocrx_word' id='word_1_422' title='bbox 3392 3138 3490 3179; x_wconf 75' lang='lat' dir='ltr'><strong>ve-</strong></span> 
     </span>
    </p>
   </div>
   <div class='ocr_carea' id='block_1_61' title="bbox 1900 3213 3496 3324">
    <p class='ocr_par' dir='ltr' id='par_1_61' title="bbox 1900 3213 3496 3324">
     <span class='ocr_line' id='line_1_66' title="bbox 1900 3213 3496 3324; baseline -0.037 0"><span class='ocrx_word' id='word_1_423' title='bbox 1900 3271 2049 3324; x_wconf 92' lang='lat' dir='ltr'><strong>nisse</strong></span> <span class='ocrx_word' id='word_1_424' title='bbox 2091 3259 2246 3323; x_wconf 73' lang='lat' dir='ltr'><strong>dixit,</strong></span> <span class='ocrx_word' id='word_1_425' title='bbox 2278 3255 2353 3308; x_wconf 92' lang='lat' dir='ltr'><strong>ait</strong></span> <span class='ocrx_word' id='word_1_426' title='bbox 2383 3250 2528 3306; x_wconf 90' lang='lat' dir='ltr'><strong>enim</strong></span> <span class='ocrx_word' id='word_1_427' title='bbox 2562 3262 2577 3298; x_wconf 89' lang='lat'><strong>:</strong></span> <span class='ocrx_word' id='word_1_428' title='bbox 2626 3239 2750 3295; x_wconf 90' lang='lat' dir='ltr'><strong>Non</strong></span> <span class='ocrx_word' id='word_1_429' title='bbox 2783 3233 2898 3290; x_wconf 80' lang='lat' dir='ltr'><strong>ueni</strong></span> <span class='ocrx_word' id='word_1_430' title='bbox 2944 3242 3134 3284; x_wconf 81' lang='lat' dir='ltr'><strong>vocare</strong></span> <span class='ocrx_word' id='word_1_431' title='bbox 3189 3222 3379 3290; x_wconf 82' lang='lat' dir='ltr'><strong>iustos,</strong></span> <span class='ocrx_word' id='word_1_432' title='bbox 3402 3213 3496 3267; x_wconf 89' lang='lat' dir='ltr'><strong>sed</strong></span> 
     </span>
    </p>
   </div>
   <div class='ocr_carea' id='block_1_62' title="bbox 205 3284 1797 3388">
    <p class='ocr_par' dir='ltr' id='par_1_62' title="bbox 205 3284 1797 3388">
     <span class='ocr_line' id='line_1_67' title="bbox 205 3284 1797 3388; baseline -0.023 -13"><span class='ocrx_word' id='word_1_433' title='bbox 205 3332 393 3388; x_wconf 85' lang='lat' dir='ltr'><strong>neque</strong></span> <span class='ocrx_word' id='word_1_434' title='bbox 438 3313 583 3370; x_wconf 92' lang='lat' dir='ltr'><strong>enim</strong></span> <span class='ocrx_word' id='word_1_435' title='bbox 631 3309 789 3363; x_wconf 89' lang='lat' dir='ltr'><strong>aliter</strong></span> <span class='ocrx_word' id='word_1_436' title='bbox 832 3298 1212 3374; x_wconf 69' lang='lat' dir='ltr'><strong>pmnitentiam</strong></span> <span class='ocrx_word' id='word_1_437' title='bbox 1257 3308 1419 3366; x_wconf 86' lang='lat' dir='ltr'><strong>agere</strong></span> <span class='ocrx_word' id='word_1_438' title='bbox 1459 3294 1659 3361; x_wconf 90' lang='lat' dir='ltr'><strong>potest,</strong></span> <span class='ocrx_word' id='word_1_439' title='bbox 1691 3284 1797 3340; x_wconf 90' lang='lat' dir='ltr'><strong>nisi</strong></span> 
     </span>
    </p>
   </div>
   <div class='ocr_carea' id='block_1_63' title="bbox 209 3379 1800 3480">
    <p class='ocr_par' dir='ltr' id='par_1_63' title="bbox 209 3379 1800 3480">
     <span class='ocr_line' id='line_1_68' title="bbox 209 3379 1800 3480; baseline -0.024 -13"><span class='ocrx_word' id='word_1_440' title='bbox 209 3414 509 3480; x_wconf 80' lang='lat' dir='ltr'><strong>cegnoscat</strong></span> <span class='ocrx_word' id='word_1_441' title='bbox 555 3407 836 3473; x_wconf 88' lang='lat' dir='ltr'><strong>peccatum</strong></span> <span class='ocrx_word' id='word_1_442' title='bbox 887 3407 1071 3449; x_wconf 92' lang='lat' dir='ltr'><strong>suum.</strong></span> <span class='ocrx_word' id='word_1_443' title='bbox 1121 3389 1275 3443; x_wconf 87' lang='lat' dir='ltr'><strong>Tunc</strong></span> <span class='ocrx_word' id='word_1_444' title='bbox 1343 3383 1490 3439; x_wconf 89' lang='lat' dir='ltr'><strong>enim</strong></span> <span class='ocrx_word' id='word_1_445' title='bbox 1548 3379 1800 3450; x_wconf 90' lang='lat' dir='ltr'><strong>princeps</strong></span> 
     </span>
    </p>
   </div>
   <div class='ocr_carea' id='block_1_64' title="bbox 210 3473 1800 3567">
    <p class='ocr_par' dir='ltr' id='par_1_64' title="bbox 210 3473 1800 3567">
     <span class='ocr_line' id='line_1_69' title="bbox 210 3473 1800 3567; baseline -0.023 -7"><span class='ocrx_word' id='word_1_446' title='bbox 210 3505 453 3567; x_wconf 83' lang='lat' dir='ltr'><strong>hircum,</strong></span> <span class='ocrx_word' id='word_1_447' title='bbox 508 3497 621 3552; x_wconf 78' lang='lat' dir='ltr'><strong>sive</strong></span> <span class='ocrx_word' id='word_1_448' title='bbox 660 3492 921 3563; x_wconf 78' lang='grc' dir='ltr'>χίμαρον,</span> <span class='ocrx_word' id='word_1_449' title='bbox 968 3486 1013 3539; x_wconf 91' lang='lat' dir='ltr'><strong>is</strong></span> <span class='ocrx_word' id='word_1_450' title='bbox 1042 3492 1226 3538; x_wconf 88' lang='lat' dir='ltr'><strong>autem</strong></span> <span class='ocrx_word' id='word_1_451' title='bbox 1275 3479 1368 3549; x_wconf 87' lang='lat' dir='ltr'><strong>qui</strong></span> <span class='ocrx_word' id='word_1_452' title='bbox 1417 3473 1671 3531; x_wconf 90' lang='lat' dir='ltr'><strong>deturba</strong></span> <span class='ocrx_word' id='word_1_453' title='bbox 1696 3477 1800 3534; x_wconf 89' lang='lat' dir='ltr'><strong>est,</strong></span> 
     </span>
    </p>
   </div>
   <div class='ocr_carea' id='block_1_65' title="bbox 215 3567 1803 3659">
    <p class='ocr_par' dir='ltr' id='par_1_65' title="bbox 215 3567 1803 3659">
     <span class='ocr_line' id='line_1_70' title="bbox 215 3567 1803 3659; baseline -0.024 -7"><span class='ocrx_word' id='word_1_454' title='bbox 215 3596 415 3652; x_wconf 76' lang='lat' dir='ltr'><strong>offerat</strong></span> <span class='ocrx_word' id='word_1_455' title='bbox 439 3602 675 3659; x_wconf 89' lang='lat' dir='ltr'><strong>capram.</strong></span> <span class='ocrx_word' id='word_1_456' title='bbox 720 3583 835 3638; x_wconf 77' lang='lat' dir='ltr'><strong>sive</strong></span> <span class='ocrx_word' id='word_1_457' title='bbox 886 3578 1151 3649; x_wconf 80' lang='grc' dir='ltr'><strong>χίμαιραν</strong></span> <span class='ocrx_word' id='word_1_458' title='bbox 1182 3588 1197 3603; x_wconf 90' lang='grc'><strong>·</strong></span> <span class='ocrx_word' id='word_1_459' title='bbox 1234 3567 1585 3625; x_wconf 90' lang='lat' dir='ltr'><strong>immaculata</strong></span> <span class='ocrx_word' id='word_1_460' title='bbox 1622 3570 1803 3618; x_wconf 87' lang='lat' dir='ltr'><strong>autem</strong></span> 
     </span>
    </p>
   </div>
   <div class='ocr_carea' id='block_1_66' title="bbox 224 3664 1806 3753">
    <p class='ocr_par' dir='ltr' id='par_1_66' title="bbox 224 3664 1806 3753">
     <span class='ocr_line' id='line_1_71' title="bbox 224 3664 1806 3753; baseline -0.024 -12"><span class='ocrx_word' id='word_1_461' title='bbox 224 3697 479 3753; x_wconf 87' lang='lat' dir='ltr'><strong>utraque,</strong></span> <span class='ocrx_word' id='word_1_462' title='bbox 529 3672 927 3732; x_wconf 88' lang='lat' dir='ltr'><strong>immaculatam</strong></span> <span class='ocrx_word' id='word_1_463' title='bbox 971 3664 1242 3735; x_wconf 89' lang='lat' dir='ltr'><strong>siquidem</strong></span> <span class='ocrx_word' id='word_1_464' title='bbox 1285 3664 1505 3729; x_wconf 90' lang='lat' dir='ltr'><strong>oportet</strong></span> <span class='ocrx_word' id='word_1_465' title='bbox 1530 3668 1654 3709; x_wconf 88' lang='lat' dir='ltr'><strong>esse</strong></span> <span class='ocrx_word' id='word_1_466' title='bbox 1687 3665 1806 3721; x_wconf 66' lang='lat' dir='ltr'><strong>pae-</strong></span> 
     </span>
    </p>
   </div>
   <div class='ocr_carea' id='block_1_67' title="bbox 222 3743 1813 3835">
    <p class='ocr_par' dir='ltr' id='par_1_67' title="bbox 222 3743 1813 3835">
     <span class='ocr_line' id='line_1_72' title="bbox 222 3743 1813 3835; baseline -0.024 -2"><span class='ocrx_word' id='word_1_467' title='bbox 222 3775 537 3833; x_wconf 82' lang='lat' dir='ltr'><strong>nitentiam.</strong></span> <span class='ocrx_word' id='word_1_468' title='bbox 571 3768 703 3835; x_wconf 76' lang='lat' dir='ltr'><strong>Qua:</strong></span> <span class='ocrx_word' id='word_1_469' title='bbox 745 3773 929 3818; x_wconf 90' lang='lat' dir='ltr'><strong>autem</strong></span> <span class='ocrx_word' id='word_1_470' title='bbox 970 3758 1090 3828; x_wconf 83' lang='lat' dir='ltr'><strong>ejus</strong></span> <span class='ocrx_word' id='word_1_471' title='bbox 1126 3762 1212 3810; x_wconf 85' lang='lat' dir='ltr'><strong>est</strong></span> <span class='ocrx_word' id='word_1_472' title='bbox 1247 3748 1503 3806; x_wconf 87' lang='lat' dir='ltr'><strong>macula?</strong></span> <span class='ocrx_word' id='word_1_473' title='bbox 1546 3743 1813 3800; x_wconf 77' lang='lat' dir='ltr'><strong>Videlicet</strong></span> 
     </span>
    </p>
   </div>
   <div class='ocr_carea' id='block_1_68' title="bbox 228 3840 1809 3941">
    <p class='ocr_par' dir='ltr' id='par_1_68' title="bbox 228 3840 1809 3941">
     <span class='ocr_line' id='line_1_73' title="bbox 228 3840 1809 3941; baseline -0.026 -14"><span class='ocrx_word' id='word_1_474' title='bbox 228 3872 274 3927; x_wconf 90' lang='lat' dir='ltr'><strong>si</strong></span> <span class='ocrx_word' id='word_1_475' title='bbox 298 3872 521 3941; x_wconf 84' lang='lat' dir='ltr'><strong>peccato</strong></span> <span class='ocrx_word' id='word_1_476' title='bbox 545 3857 922 3928; x_wconf 88' lang='lat' dir='ltr'><strong>compatiatur,</strong></span> <span class='ocrx_word' id='word_1_477' title='bbox 943 3850 1030 3905; x_wconf 92' lang='lat' dir='ltr'><strong>vel</strong></span> <span class='ocrx_word' id='word_1_478' title='bbox 1055 3846 1263 3902; x_wconf 89' lang='lat' dir='ltr'><strong>amicus</strong></span> <span class='ocrx_word' id='word_1_479' title='bbox 1282 3843 1353 3897; x_wconf 91' lang='lat' dir='ltr'><strong>sit</strong></span> <span class='ocrx_word' id='word_1_480' title='bbox 1379 3840 1676 3911; x_wconf 62' lang='lat' dir='ltr'><strong>paenitens,</strong></span> <span class='ocrx_word' id='word_1_481' title='bbox 1707 3848 1809 3905; x_wconf 90' lang='lat' dir='ltr'><strong>pro</strong></span> 
     </span>
    </p>
   </div>
   <div class='ocr_carea' id='block_1_69' title="bbox 230 3934 1816 4034">
    <p class='ocr_par' dir='ltr' id='par_1_69' title="bbox 230 3934 1816 4034">
     <span class='ocr_line' id='line_1_74' title="bbox 230 3934 1816 4034; baseline -0.026 -15"><span class='ocrx_word' id='word_1_482' title='bbox 230 3934 344 4034; x_wconf 76' lang='grc' dir='ltr'>(ιιιό</span> <span class='ocrx_word' id='word_1_483' title='bbox 404 3956 516 4028; x_wconf 84' lang='lat' dir='ltr'><strong>agit</strong></span> <span class='ocrx_word' id='word_1_484' title='bbox 562 3946 943 4025; x_wconf 60' lang='lat' dir='ltr'><strong>paenitentiam</strong></span> <span class='ocrx_word' id='word_1_485' title='bbox 988 3959 1002 3994; x_wconf 90' lang='lat'><strong>:</strong></span> <span class='ocrx_word' id='word_1_486' title='bbox 1061 3944 1280 4009; x_wconf 89' lang='lat' dir='ltr'><strong>oportet</strong></span> <span class='ocrx_word' id='word_1_487' title='bbox 1338 3934 1486 3988; x_wconf 91' lang='lat' dir='ltr'><strong>enim</strong></span> <span class='ocrx_word' id='word_1_488' title='bbox 1537 3945 1660 3984; x_wconf 90' lang='lat' dir='ltr'><strong>eum</strong></span> <span class='ocrx_word' id='word_1_489' title='bbox 1691 3942 1816 3997; x_wconf 91' lang='lat' dir='ltr'><strong>per-</strong></span> 
     </span>
    </p>
   </div>
   <div class='ocr_carea' id='block_1_70' title="bbox 234 4021 1818 4119">
    <p class='ocr_par' dir='ltr' id='par_1_70' title="bbox 234 4021 1818 4119">
     <span class='ocr_line' id='line_1_75' title="bbox 234 4021 1818 4119; baseline -0.025 -7"><span class='ocrx_word' id='word_1_490' title='bbox 234 4059 379 4112; x_wconf 81' lang='lat' dir='ltr'><strong>fecto</strong></span> <span class='ocrx_word' id='word_1_491' title='bbox 405 4068 435 4105; x_wconf 88' lang='lat' dir='ltr'><strong>a</strong></span> <span class='ocrx_word' id='word_1_492' title='bbox 468 4052 692 4119; x_wconf 88' lang='lat' dir='ltr'><strong>peccato</strong></span> <span class='ocrx_word' id='word_1_493' title='bbox 712 4039 903 4095; x_wconf 91' lang='lat' dir='ltr'><strong>eodem</strong></span> <span class='ocrx_word' id='word_1_494' title='bbox 930 4045 1093 4104; x_wconf 86' lang='lat' dir='ltr'><strong>atque</strong></span> <span class='ocrx_word' id='word_1_495' title='bbox 1128 4025 1529 4085; x_wconf 89' lang='lat' dir='ltr'><strong>studiosissimo</strong></span> <span class='ocrx_word' id='word_1_496' title='bbox 1564 4021 1818 4077; x_wconf 57' lang='lat' dir='ltr'><strong>recedere</strong></span> 
     </span>
    </p>
   </div>
   <div class='ocr_carea' id='block_1_71' title="bbox 236 4130 616 4220">
    <p class='ocr_par' dir='ltr' id='par_1_71' title="bbox 236 4130 616 4220">
     <span class='ocr_line' id='line_1_76' title="bbox 236 4130 616 4220; baseline -0.021 -18"><span class='ocrx_word' id='word_1_497' title='bbox 236 4142 537 4220; x_wconf 83' lang='lat' dir='ltr'><strong>prOposito.</strong></span> <span class='ocrx_word' id='word_1_498' title='bbox 612 4130 616 4137; x_wconf 69' lang='grc'><strong>’</strong></span> 
     </span>
    </p>
   </div>
   <div class='ocr_carea' id='block_1_72' title="bbox 313 4202 1821 4299">
    <p class='ocr_par' dir='ltr' id='par_1_72' title="bbox 313 4202 1821 4299">
     <span class='ocr_line' id='line_1_77' title="bbox 313 4202 1821 4299; baseline -0.023 -7"><span class='ocrx_word' id='word_1_499' title='bbox 313 4236 512 4293; x_wconf 81' lang='lat' dir='ltr'><strong>Deinde</strong></span> <span class='ocrx_word' id='word_1_500' title='bbox 545 4232 772 4299; x_wconf 86' lang='lat' dir='ltr'><strong>imponet</strong></span> <span class='ocrx_word' id='word_1_501' title='bbox 804 4235 1020 4277; x_wconf 86' lang='lat' dir='ltr'><strong>manum</strong></span> <span class='ocrx_word' id='word_1_502' title='bbox 1055 4231 1207 4272; x_wconf 88' lang='lat' dir='ltr'><strong>suam</strong></span> <span class='ocrx_word' id='word_1_503' title='bbox 1241 4226 1396 4282; x_wconf 87' lang='lat' dir='ltr'><strong>super</strong></span> <span class='ocrx_word' id='word_1_504' title='bbox 1424 4216 1583 4276; x_wconf 87' lang='lat' dir='ltr'><strong>caput</strong></span> <span class='ocrx_word' id='word_1_505' title='bbox 1620 4202 1821 4257; x_wconf 72' lang='lat' dir='ltr'><strong>hostire.</strong></span> 
     </span>
    </p>
   </div>
   <div class='ocr_carea' id='block_1_73' title="bbox 240 4298 1824 4402">
    <p class='ocr_par' dir='ltr' id='par_1_73' title="bbox 240 4298 1824 4402">
     <span class='ocr_line' id='line_1_78' title="bbox 240 4298 1824 4402; baseline -0.027 -15"><span class='ocrx_word' id='word_1_506' title='bbox 240 4333 366 4402; x_wconf 81' lang='lat' dir='ltr'><strong>Ipse</strong></span> <span class='ocrx_word' id='word_1_507' title='bbox 418 4340 519 4397; x_wconf 90' lang='lat' dir='ltr'><strong>per</strong></span> <span class='ocrx_word' id='word_1_508' title='bbox 578 4315 932 4385; x_wconf 88' lang='lat' dir='ltr'><strong>semetipsum</strong></span> <span class='ocrx_word' id='word_1_509' title='bbox 994 4314 1279 4380; x_wconf 83' lang='lat' dir='ltr'><strong>peccatum</strong></span> <span class='ocrx_word' id='word_1_510' title='bbox 1334 4298 1714 4361; x_wconf 80' lang='lat' dir='ltr'><strong>manifestans,</strong></span> <span class='ocrx_word' id='word_1_511' title='bbox 1769 4300 1824 4347; x_wconf 90' lang='lat' dir='ltr'><strong>et</strong></span> 
     </span>
    </p>
   </div>
   <div class='ocr_carea' id='block_1_74' title="bbox 242 4388 1829 4481">
    <p class='ocr_par' dir='ltr' id='par_1_74' title="bbox 242 4388 1829 4481">
     <span class='ocr_line' id='line_1_79' title="bbox 242 4388 1829 4481; baseline -0.026 -1"><span class='ocrx_word' id='word_1_512' title='bbox 242 4437 401 4481; x_wconf 88' lang='lat' dir='ltr'><strong>suam</strong></span> <span class='ocrx_word' id='word_1_513' title='bbox 438 4415 673 4473; x_wconf 69' lang='lat' dir='ltr'><strong>oﬁ‘erens</strong></span> <span class='ocrx_word' id='word_1_514' title='bbox 701 4404 1122 4465; x_wconf 80' lang='lat' dir='ltr'><strong>confessionem.</strong></span> <span class='ocrx_word' id='word_1_515' title='bbox 1144 4398 1265 4465; x_wconf 89' lang='lat' dir='ltr'><strong>Ipse</strong></span> <span class='ocrx_word' id='word_1_516' title='bbox 1284 4401 1489 4451; x_wconf 88' lang='lat' dir='ltr'><strong>autem.</strong></span> <span class='ocrx_word' id='word_1_517' title='bbox 1524 4388 1829 4445; x_wconf 87' lang='lat' dir='ltr'><strong>secundum</strong></span> 
     </span>
    </p>
   </div>
   <div class='ocr_carea' id='block_1_75' title="bbox 248 4479 1829 4585">
    <p class='ocr_par' dir='ltr' id='par_1_75' title="bbox 248 4479 1829 4585">
     <span class='ocr_line' id='line_1_80' title="bbox 248 4479 1829 4585; baseline -0.027 -12"><span class='ocrx_word' id='word_1_518' title='bbox 248 4509 643 4585; x_wconf 86' lang='lat' dir='ltr'><strong>Septuaginta,</strong></span> <span class='ocrx_word' id='word_1_519' title='bbox 696 4515 806 4556; x_wconf 91' lang='lat' dir='ltr'><strong>non</strong></span> <span class='ocrx_word' id='word_1_520' title='bbox 860 4493 1079 4558; x_wconf 89' lang='lat' dir='ltr'><strong>occidit,</strong></span> <span class='ocrx_word' id='word_1_521' title='bbox 1134 4488 1232 4544; x_wconf 89' lang='lat' dir='ltr'><strong>sed</strong></span> <span class='ocrx_word' id='word_1_522' title='bbox 1289 4486 1377 4540; x_wconf 88' lang='lat' dir='ltr'><strong>alii</strong></span> <span class='ocrx_word' id='word_1_523' title='bbox 1416 4500 1431 4550; x_wconf 92' lang='lat'><strong>;</strong></span> <span class='ocrx_word' id='word_1_524' title='bbox 1466 4482 1633 4538; x_wconf 90' lang='lat' dir='ltr'><strong>habet</strong></span> <span class='ocrx_word' id='word_1_525' title='bbox 1683 4479 1829 4534; x_wconf 90' lang='lat' dir='ltr'><strong>enim</strong></span> 
     </span>
    </p>
   </div>
   <div class='ocr_carea' id='block_1_76' title="bbox 247 4548 2402 4667">
    <p class='ocr_par' dir='ltr' id='par_1_76' title="bbox 247 4548 2402 4667">
     <span class='ocr_line' id='line_1_81' title="bbox 248 4548 1425 4585; baseline -0.035 -12"><span class='ocrx_word' id='word_1_526' title='bbox 248 4548 643 4585; x_wconf 63' lang='grc' dir='ltr'>σεμιυισδιηω,</span> <span class='ocrx_word' id='word_1_527' title='bbox 698 4548 806 4556; x_wconf 78' lang='lat'><strong>.-..__</strong></span> <span class='ocrx_word' id='word_1_528' title='bbox 868 4548 973 4552; x_wconf 44' lang='grc' dir='ltr'><strong>--ν</strong></span> <span class='ocrx_word' id='word_1_529' title='bbox 1068 4548 1079 4558; x_wconf 49' lang='grc' dir='ltr'><strong>Ι</strong></span> <span class='ocrx_word' id='word_1_530' title='bbox 1419 4548 1425 4550; x_wconf 83' lang='lat'>_</span> 
     </span>
     <span class='ocr_line' id='line_1_82' title="bbox 247 4548 2402 4667; baseline -0.03 0"><span class='ocrx_word' id='word_1_531' title='bbox 247 4605 620 4667; x_wconf 88' lang='lat' dir='ltr'><strong>necessarium</strong></span> <span class='ocrx_word' id='word_1_532' title='bbox 653 4606 709 4652; x_wconf 90' lang='lat' dir='ltr'><strong>et</strong></span> <span class='ocrx_word' id='word_1_533' title='bbox 747 4594 979 4648; x_wconf 89' lang='lat' dir='ltr'><strong>aliorum</strong></span> <span class='ocrx_word' id='word_1_534' title='bbox 1024 4584 1282 4640; x_wconf 78' lang='lat' dir='ltr'><strong>auxilium</strong></span> <span class='ocrx_word' id='word_1_535' title='bbox 1315 4580 1382 4633; x_wconf 90' lang='lat' dir='ltr'><strong>ad</strong></span> <span class='ocrx_word' id='word_1_536' title='bbox 1408 4577 1735 4635; x_wconf 88' lang='lat' dir='ltr'><strong>orationem,</strong></span> <span class='ocrx_word' id='word_1_537' title='bbox 1771 4578 1832 4624; x_wconf 92' lang='lat' dir='ltr'><strong>ut</strong></span> <span class='ocrx_word' id='word_1_538' title='bbox 1865 4568 1906 4621; x_wconf 83' lang='lat' dir='ltr'><strong>D</strong></span> <span class='ocrx_word' id='word_1_539' title='bbox 1935 4563 2167 4627; x_wconf 70' lang='lat' dir='ltr'><strong>persona</strong></span> <span class='ocrx_word' id='word_1_540' title='bbox 2212 4548 2402 4611; x_wconf 66' lang='grc' dir='ltr'><strong>³903ῐο</strong></span> 
     </span>
     <span class='ocr_line' id='line_1_83' title="bbox 1660 4631 2401 4667; baseline -0.026 19"><span class='ocrx_word' id='word_1_541' title='bbox 1660 4664 1669 4667; x_wconf 50' lang='grc' dir='ltr'>λ</span> <span class='ocrx_word' id='word_1_542' title='bbox 1788 4662 1800 4667; x_wconf 75' lang='grc'><strong>·</strong></span> <span class='ocrx_word' id='word_1_543' title='bbox 1947 4648 2158 4667; x_wconf 59' lang='grc' dir='ltr'><strong>-λι-ρι-οι-</strong></span> <span class='ocrx_word' id='word_1_544' title='bbox 2222 4631 2401 4667; x_wconf 61' lang='lat' dir='ltr'><strong>dimica</strong></span> 
     </span>
    </p>
   </div>
   <div class='ocr_carea' id='block_1_77' title="bbox 250 4631 2350 4767">
    <p class='ocr_par' dir='ltr' id='par_1_77' title="bbox 250 4631 2350 4767">
     <span class='ocr_line' id='line_1_84' title="bbox 250 4631 1381 4667; baseline -0.031 0"><span class='ocrx_word' id='word_1_545' title='bbox 250 4631 620 4667; x_wconf 72' lang='lat' dir='ltr'><strong>necessarium</strong></span> <span class='ocrx_word' id='word_1_546' title='bbox 653 4631 709 4652; x_wconf 71' lang='lat' dir='ltr'><strong>cu.</strong></span> <span class='ocrx_word' id='word_1_547' title='bbox 747 4631 979 4648; x_wconf 62' lang='lat' dir='ltr'><strong>num...“</strong></span> <span class='ocrx_word' id='word_1_548' title='bbox 1024 4631 1281 4640; x_wconf 80' lang='lat'><strong>.....-.--..-__</strong></span> <span class='ocrx_word' id='word_1_549' title='bbox 1319 4631 1381 4633; x_wconf 38' lang='grc' dir='ltr'>η</span> 
     </span>
     <span class='ocr_line' id='line_1_85' title="bbox 250 4631 2350 4767; baseline -0.027 -10"><span class='ocrx_word' id='word_1_550' title='bbox 250 4697 580 4767; x_wconf 86' lang='lat' dir='ltr'><strong>suscipiatur</strong></span> <span class='ocrx_word' id='word_1_551' title='bbox 620 4690 740 4760; x_wconf 85' lang='lat' dir='ltr'><strong>ejus</strong></span> <span class='ocrx_word' id='word_1_552' title='bbox 786 4677 1125 4755; x_wconf 73' lang='lat' dir='ltr'><strong>prenitentia.</strong></span> <span class='ocrx_word' id='word_1_553' title='bbox 1177 4672 1332 4729; x_wconf 90' lang='lat' dir='ltr'><strong>Unde</strong></span> <span class='ocrx_word' id='word_1_554' title='bbox 1378 4684 1482 4724; x_wconf 93' lang='lat' dir='ltr'><strong>nec</strong></span> <span class='ocrx_word' id='word_1_555' title='bbox 1523 4662 1840 4722; x_wconf 89' lang='lat' dir='ltr'><strong>omnimodo</strong></span> <span class='ocrx_word' id='word_1_556' title='bbox 1944 4648 2190 4713; x_wconf 67' lang='grc' dir='ltr'><strong>ρθεσαίαν</strong></span> <span class='ocrx_word' id='word_1_557' title='bbox 2221 4631 2350 4753; x_wconf 53' lang='lat' dir='ltr'><strong>dif“</strong></span> 
     </span>
     <span class='ocr_line' id='line_1_86' title="bbox 1240 4726 2316 4767; baseline -0.03 29"><span class='ocrx_word' id='word_1_558' title='bbox 1240 4766 1243 4767; x_wconf 65' lang='grc'><strong><em>⁷</em></strong></span> <span class='ocrx_word' id='word_1_559' title='bbox 1380 4763 1390 4767; x_wconf 79' lang='grc'><strong>’</strong></span> <span class='ocrx_word' id='word_1_560' title='bbox 1947 4742 2087 4767; x_wconf 74' lang='grc' dir='ltr'><strong><em>ΙηηΙη</em></strong></span> <span class='ocrx_word' id='word_1_561' title='bbox 2121 4726 2269 4767; x_wconf 65' lang='grc' dir='ltr'>εηηιθ</span> <span class='ocrx_word' id='word_1_562' title='bbox 2304 4763 2316 4767; x_wconf 86' lang='lat'>_</span> 
     </span>
    </p>
   </div>
   <div class='ocr_carea' id='block_1_78' title="bbox 253 4763 1486 4852">
    <p class='ocr_par' dir='ltr' id='par_1_78' title="bbox 253 4763 1486 4852">
     <span class='ocr_line' id='line_1_87' title="bbox 253 4763 1486 4852; baseline -0.032 0"><span class='ocrx_word' id='word_1_563' title='bbox 253 4792 570 4852; x_wconf 80' lang='lat' dir='ltr'><strong>sacerdotes</strong></span> <span class='ocrx_word' id='word_1_564' title='bbox 596 4780 847 4838; x_wconf 88' lang='lat' dir='ltr'><strong>occidere</strong></span> <span class='ocrx_word' id='word_1_565' title='bbox 872 4770 1163 4845; x_wconf 72' lang='lat' dir='ltr'><strong>praecepit;</strong></span> <span class='ocrx_word' id='word_1_566' title='bbox 1200 4766 1278 4820; x_wconf 90' lang='lat' dir='ltr'><strong>ait</strong></span> <span class='ocrx_word' id='word_1_567' title='bbox 1306 4763 1486 4818; x_wconf 88' lang='lat' dir='ltr'><strong>enim:</strong></span> 
     </span>
    </p>
   </div>
   <div class='ocr_carea' id='block_1_79' title="bbox 1900 3304 3495 3430">
    <p class='ocr_par' dir='ltr' id='par_1_79' title="bbox 1900 3304 3495 3430">
     <span class='ocr_line' id='line_1_88' title="bbox 1900 3304 3495 3430; baseline -0.036 -16"><span class='ocrx_word' id='word_1_568' title='bbox 1900 3363 2196 3430; x_wconf 83' lang='lat' dir='ltr'><strong>peccatores</strong></span> <span class='ocrx_word' id='word_1_569' title='bbox 2231 3304 2318 3400; x_wconf 52' lang='lat' dir='ltr'><strong>,ad</strong></span> <span class='ocrx_word' id='word_1_570' title='bbox 2368 3329 2811 3413; x_wconf 68' lang='lat' dir='ltr'><strong>paenitentiam&quot;.</strong></span> <span class='ocrx_word' id='word_1_571' title='bbox 2874 3324 3005 3379; x_wconf 91' lang='lat' dir='ltr'><strong>Post</strong></span> <span class='ocrx_word' id='word_1_572' title='bbox 3044 3318 3163 3372; x_wconf 49' lang='lat' dir='ltr'><strong>haec</strong></span> <span class='ocrx_word' id='word_1_573' title='bbox 3191 3309 3324 3382; x_wconf 91' lang='lat' dir='ltr'><strong>quid</strong></span> <span class='ocrx_word' id='word_1_574' title='bbox 3368 3304 3495 3361; x_wconf 86' lang='lat' dir='ltr'><strong>facit</strong></span> 
     </span>
    </p>
   </div>
   <div class='ocr_carea' id='block_1_80' title="bbox 1903 3432 2895 3506">
    <p class='ocr_par' dir='ltr' id='par_1_80' title="bbox 1903 3432 2895 3506">
     <span class='ocr_line' id='line_1_89' title="bbox 1903 3432 2895 3506; baseline -0.041 1"><span class='ocrx_word' id='word_1_575' title='bbox 1903 3446 2158 3506; x_wconf 89' lang='lat' dir='ltr'><strong>sacerdos</strong></span> <span class='ocrx_word' id='word_1_576' title='bbox 2178 3443 2200 3495; x_wconf 90' lang='lat'><strong>?</strong></span> <span class='ocrx_word' id='word_1_577' title='bbox 2888 3432 2895 3435; x_wconf 68' lang='grc'><em>’</em></span> 
     </span>
    </p>
   </div>
   <div class='ocr_carea' id='block_1_81' title="bbox 1976 3488 3498 3595">
    <p class='ocr_par' dir='ltr' id='par_1_81' title="bbox 1976 3488 3498 3595">
     <span class='ocr_line' id='line_1_90' title="bbox 1976 3488 3498 3595; baseline -0.035 0"><span class='ocrx_word' id='word_1_578' title='bbox 1976 3539 2194 3595; x_wconf 89' lang='lat' dir='ltr'><strong>Omnem</strong></span> <span class='ocrx_word' id='word_1_579' title='bbox 2229 3537 2403 3584; x_wconf 77' lang='lat' dir='ltr'><strong>autem</strong></span> <span class='ocrx_word' id='word_1_580' title='bbox 2434 3520 2639 3589; x_wconf 81' lang='lat' dir='ltr'><strong>adipem</strong></span> <span class='ocrx_word' id='word_1_581' title='bbox 2666 3513 2933 3583; x_wconf 78' lang='lat' dir='ltr'><strong>auferens,</strong></span> <span class='ocrx_word' id='word_1_582' title='bbox 2973 3503 3107 3557; x_wconf 84' lang='lat' dir='ltr'><strong>sicut</strong></span> <span class='ocrx_word' id='word_1_583' title='bbox 3137 3493 3340 3567; x_wconf 89' lang='lat' dir='ltr'><strong>auferri</strong></span> <span class='ocrx_word' id='word_1_584' title='bbox 3369 3488 3498 3545; x_wconf 83' lang='lat' dir='ltr'><strong>solet</strong></span> 
     </span>
    </p>
   </div>
   <div class='ocr_carea' id='block_1_82' title="bbox 1908 3583 3503 3692">
    <p class='ocr_par' dir='ltr' id='par_1_82' title="bbox 1908 3583 3503 3692">
     <span class='ocr_line' id='line_1_91' title="bbox 1908 3583 3503 3692; baseline -0.034 -3"><span class='ocrx_word' id='word_1_585' title='bbox 1908 3635 1972 3689; x_wconf 87' lang='lat' dir='ltr'><strong>de</strong></span> <span class='ocrx_word' id='word_1_586' title='bbox 1995 3628 2216 3686; x_wconf 83' lang='lat' dir='ltr'><strong>victimis</strong></span> <span class='ocrx_word' id='word_1_587' title='bbox 2231 3620 2595 3692; x_wconf 77' lang='lat' dir='ltr'><strong>paci/icorum.</strong></span> <span class='ocrx_word' id='word_1_588' title='bbox 2635 3606 2706 3663; x_wconf 90' lang='lat' dir='ltr'><strong>Ut</strong></span> <span class='ocrx_word' id='word_1_589' title='bbox 2735 3597 3060 3674; x_wconf 63' lang='lat' dir='ltr'><strong>paenitentis</strong></span> <span class='ocrx_word' id='word_1_590' title='bbox 3100 3604 3265 3648; x_wconf 91' lang='lat' dir='ltr'><strong>omne</strong></span> <span class='ocrx_word' id='word_1_591' title='bbox 3295 3583 3503 3639; x_wconf 54' lang='lat' dir='ltr'><strong>deside.</strong></span> 
     </span>
    </p>
   </div>
   <div class='ocr_carea' id='block_1_83' title="bbox 1911 3672 3500 3781">
    <p class='ocr_par' dir='ltr' id='par_1_83' title="bbox 1911 3672 3500 3781">
     <span class='ocr_line' id='line_1_92' title="bbox 1911 3672 2750 3692; baseline -0.038 -3"><span class='ocrx_word' id='word_1_592' title='bbox 1911 3672 1971 3689; x_wconf 70' lang='grc' dir='ltr'><strong>μυ</strong></span> <span class='ocrx_word' id='word_1_593' title='bbox 1998 3672 2315 3692; x_wconf 45' lang='grc' dir='ltr'><strong>υ.-,....-.-τ-μ</strong></span> <span class='ocrx_word' id='word_1_594' title='bbox 2356 3672 2366 3689; x_wconf 79' lang='grc'>,</span> <span class='ocrx_word' id='word_1_595' title='bbox 2738 3672 2750 3674; x_wconf 95' lang='lat'>_</span> 
     </span>
     <span class='ocr_line' id='line_1_93' title="bbox 1911 3672 3500 3781; baseline -0.037 1"><span class='ocrx_word' id='word_1_596' title='bbox 1911 3726 2056 3781; x_wconf 89' lang='lat' dir='ltr'><strong>rium</strong></span> <span class='ocrx_word' id='word_1_597' title='bbox 2109 3729 2330 3775; x_wconf 89' lang='lat' dir='ltr'><strong>sursum</strong></span> <span class='ocrx_word' id='word_1_598' title='bbox 2384 3703 2660 3776; x_wconf 86' lang='lat' dir='ltr'><strong>respiciat,</strong></span> <span class='ocrx_word' id='word_1_599' title='bbox 2716 3697 2771 3751; x_wconf 89' lang='lat' dir='ltr'><strong>id</strong></span> <span class='ocrx_word' id='word_1_600' title='bbox 2821 3700 2927 3753; x_wconf 90' lang='lat' dir='ltr'><strong>est,</strong></span> <span class='ocrx_word' id='word_1_601' title='bbox 2984 3686 3183 3743; x_wconf 71' lang='lat' dir='ltr'><strong>caelum</strong></span> <span class='ocrx_word' id='word_1_602' title='bbox 3232 3672 3500 3734; x_wconf 90' lang='lat' dir='ltr'><strong>intendat,</strong></span> 
     </span>
    </p>
   </div>
   <div class='ocr_carea' id='block_1_84' title="bbox 1916 3764 3509 3876">
    <p class='ocr_par' dir='ltr' id='par_1_84' title="bbox 1916 3764 3509 3876">
     <span class='ocr_line' id='line_1_94' title="bbox 1916 3764 3509 3876; baseline -0.035 -4"><span class='ocrx_word' id='word_1_603' title='bbox 1916 3824 2047 3871; x_wconf 92' lang='lat' dir='ltr'><strong>tunc</strong></span> <span class='ocrx_word' id='word_1_604' title='bbox 2078 3810 2228 3866; x_wconf 89' lang='lat' dir='ltr'><strong>enim</strong></span> <span class='ocrx_word' id='word_1_605' title='bbox 2269 3764 2887 3876; x_wconf 38' lang='lat' dir='ltr'><strong>poteridpmnitentiam</strong></span> <span class='ocrx_word' id='word_1_606' title='bbox 2928 3775 3182 3836; x_wconf 85' lang='lat' dir='ltr'><strong>oﬁ‘ereuti</strong></span> <span class='ocrx_word' id='word_1_607' title='bbox 3230 3772 3285 3825; x_wconf 93' lang='lat' dir='ltr'><strong>in</strong></span> <span class='ocrx_word' id='word_1_608' title='bbox 3322 3764 3509 3837; x_wconf 82' lang='lat' dir='ltr'><strong>paciﬁ-</strong></span> 
     </span>
    </p>
   </div>
   <div class='ocr_carea' id='block_1_85' title="bbox 1917 3863 3507 3966">
    <p class='ocr_par' dir='ltr' id='par_1_85' title="bbox 1917 3863 3507 3966">
     <span class='ocr_line' id='line_1_95' title="bbox 1917 3863 3507 3966; baseline -0.04 1"><span class='ocrx_word' id='word_1_609' title='bbox 1917 3922 2107 3966; x_wconf 88' lang='lat' dir='ltr'><strong>corum</strong></span> <span class='ocrx_word' id='word_1_610' title='bbox 2134 3896 2401 3958; x_wconf 88' lang='lat' dir='ltr'><strong>sacriﬁcio</strong></span> <span class='ocrx_word' id='word_1_611' title='bbox 2434 3884 2699 3960; x_wconf 87' lang='lat' dir='ltr'><strong>reputari.</strong></span> <span class='ocrx_word' id='word_1_612' title='bbox 2738 3879 2846 3936; x_wconf 86' lang='lat' dir='ltr'><strong>Sed</strong></span> <span class='ocrx_word' id='word_1_613' title='bbox 2880 3874 3005 3946; x_wconf 90' lang='lat' dir='ltr'><strong>quis</strong></span> <span class='ocrx_word' id='word_1_614' title='bbox 3050 3871 3123 3925; x_wconf 93' lang='lat' dir='ltr'><strong>sit</strong></span> <span class='ocrx_word' id='word_1_615' title='bbox 3160 3864 3284 3921; x_wconf 91' lang='lat' dir='ltr'><strong>ﬁnis</strong></span> <span class='ocrx_word' id='word_1_616' title='bbox 3312 3863 3507 3915; x_wconf 89' lang='lat' dir='ltr'><strong>horum</strong></span> 
     </span>
    </p>
   </div>
   <div class='ocr_carea' id='block_1_86' title="bbox 1919 3980 2659 4073">
    <p class='ocr_par' dir='ltr' id='par_1_86' title="bbox 1919 3980 2659 4073">
     <span class='ocr_line' id='line_1_96' title="bbox 1919 3980 2659 4073; baseline -0.036 -15"><span class='ocrx_word' id='word_1_617' title='bbox 1919 4016 2040 4073; x_wconf 76' lang='lat' dir='ltr'><strong>quae</strong></span> <span class='ocrx_word' id='word_1_618' title='bbox 2065 3998 2210 4054; x_wconf 92' lang='lat' dir='ltr'><strong>dicta</strong></span> <span class='ocrx_word' id='word_1_619' title='bbox 2237 3998 2385 4052; x_wconf 91' lang='lat' dir='ltr'><strong>sunt,</strong></span> <span class='ocrx_word' id='word_1_620' title='bbox 2416 3980 2659 4039; x_wconf 90' lang='lat' dir='ltr'><strong>addidit:</strong></span> 
     </span>
    </p>
   </div>
   <div class='ocr_carea' id='block_1_87' title="bbox 1990 4039 3514 4155">
    <p class='ocr_par' dir='ltr' id='par_1_87' title="bbox 1990 4039 3514 4155">
     <span class='ocr_line' id='line_1_97' title="bbox 1990 4039 3514 4155; baseline -0.036 -13"><span class='ocrx_word' id='word_1_621' title='bbox 1990 4084 2314 4155; x_wconf 85' lang='lat' dir='ltr'><strong>Rogabitque</strong></span> <span class='ocrx_word' id='word_1_622' title='bbox 2331 4091 2425 4146; x_wconf 86' lang='lat' dir='ltr'><strong>pro</strong></span> <span class='ocrx_word' id='word_1_623' title='bbox 2450 4089 2508 4127; x_wconf 91' lang='lat' dir='ltr'><strong>eo</strong></span> <span class='ocrx_word' id='word_1_624' title='bbox 2537 4067 2803 4125; x_wconf 86' lang='lat' dir='ltr'><strong>sacerdos,</strong></span> <span class='ocrx_word' id='word_1_625' title='bbox 2829 4068 2877 4115; x_wconf 93' lang='lat' dir='ltr'><strong>et</strong></span> <span class='ocrx_word' id='word_1_626' title='bbox 2905 4054 3207 4111; x_wconf 87' lang='lat' dir='ltr'><strong>dimittetur</strong></span> <span class='ocrx_word' id='word_1_627' title='bbox 3222 4044 3289 4097; x_wconf 89' lang='lat' dir='ltr'><strong>ei.</strong></span> <span class='ocrx_word' id='word_1_628' title='bbox 3322 4039 3514 4107; x_wconf 84' lang='lat' dir='ltr'><strong>Neque</strong></span> 
     </span>
     <span class='ocr_line' id='line_1_98' title="bbox 2954 4130 3484 4155; baseline -0.032 17"><span class='ocrx_word' id='word_1_629' title='bbox 2954 4148 2968 4155; x_wconf 81' lang='lat'><em>‘</em></span> <span class='ocrx_word' id='word_1_630' title='bbox 2994 4148 3005 4155; x_wconf 88' lang='grc'><strong>·</strong></span> <span class='ocrx_word' id='word_1_631' title='bbox 3136 4140 3169 4155; x_wconf 83' lang='grc'><strong>-”</strong></span> <span class='ocrx_word' id='word_1_632' title='bbox 3194 4154 3197 4155; x_wconf 55' lang='grc' dir='ltr'><em>ν</em></span> <span class='ocrx_word' id='word_1_633' title='bbox 3220 4136 3290 4155; x_wconf 56' lang='grc' dir='ltr'><strong>Αεμ</strong></span> <span class='ocrx_word' id='word_1_634' title='bbox 3338 4130 3484 4155; x_wconf 69' lang='grc' dir='ltr'><strong>-ιὲ-..ἶι</strong></span> 
     </span>
    </p>
   </div>
   <div class='ocr_carea' id='block_1_88' title="bbox 1924 4130 3519 4239">
    <p class='ocr_par' dir='ltr' id='par_1_88' title="bbox 1924 4130 3519 4239">
     <span class='ocr_line' id='line_1_99' title="bbox 1990 4130 2342 4155; baseline -0.037 4"><span class='ocrx_word' id='word_1_635' title='bbox 1990 4130 2305 4155; x_wconf 67' lang='lat' dir='ltr'><strong>’“’U“&quot;&quot;&#39;l&quot;&#39;</strong></span> <span class='ocrx_word' id='word_1_636' title='bbox 2332 4130 2342 4146; x_wconf 82' lang='grc' dir='ltr'>ι</span> 
     </span>
     <span class='ocr_line' id='line_1_100' title="bbox 1924 4130 3519 4239; baseline -0.035 -1"><span class='ocrx_word' id='word_1_637' title='bbox 1924 4182 2073 4239; x_wconf 90' lang='lat' dir='ltr'><strong>enim</strong></span> <span class='ocrx_word' id='word_1_638' title='bbox 2126 4171 2307 4231; x_wconf 88' lang='lat' dir='ltr'><strong>idonei</strong></span> <span class='ocrx_word' id='word_1_639' title='bbox 2357 4180 2549 4223; x_wconf 87' lang='lat' dir='ltr'><strong>sumus</strong></span> <span class='ocrx_word' id='word_1_640' title='bbox 2608 4165 2830 4231; x_wconf 86' lang='lat' dir='ltr'><strong>peccata</strong></span> <span class='ocrx_word' id='word_1_641' title='bbox 2880 4136 3294 4207; x_wconf 84' lang='lat' dir='ltr'><strong>nobismetipsis</strong></span> <span class='ocrx_word' id='word_1_642' title='bbox 3334 4130 3519 4187; x_wconf 86' lang='lat' dir='ltr'><strong>dimit-</strong></span> 
     </span>
    </p>
   </div>
   <div class='ocr_carea' id='block_1_89' title="bbox 1926 4219 3513 4336">
    <p class='ocr_par' dir='ltr' id='par_1_89' title="bbox 1926 4219 3513 4336">
     <span class='ocr_line' id='line_1_101' title="bbox 1926 4219 3513 4336; baseline -0.036 -5"><span class='ocrx_word' id='word_1_643' title='bbox 1926 4284 2068 4336; x_wconf 87' lang='lat' dir='ltr'><strong>tere,</strong></span> <span class='ocrx_word' id='word_1_644' title='bbox 2097 4264 2352 4323; x_wconf 88' lang='lat' dir='ltr'><strong>Christus</strong></span> <span class='ocrx_word' id='word_1_645' title='bbox 2394 4265 2576 4311; x_wconf 89' lang='lat' dir='ltr'><strong>autem</strong></span> <span class='ocrx_word' id='word_1_646' title='bbox 2610 4219 2769 4304; x_wconf 77' lang='lat' dir='ltr'><strong>nobis</strong></span> <span class='ocrx_word' id='word_1_647' title='bbox 2794 4232 3246 4314; x_wconf 89' lang='lat' dir='ltr'><strong>propitiationem</strong></span> <span class='ocrx_word' id='word_1_648' title='bbox 3277 4219 3513 4295; x_wconf 84' lang='lat' dir='ltr'><strong>perlicit.</strong></span> 
     </span>
    </p>
   </div>
   <div class='ocr_carea' id='block_1_90' title="bbox 1928 4320 3523 4427">
    <p class='ocr_par' dir='ltr' id='par_1_90' title="bbox 1928 4320 3523 4427">
     <span class='ocr_line' id='line_1_102' title="bbox 1928 4320 3523 4427; baseline -0.039 -3"><span class='ocrx_word' id='word_1_649' title='bbox 1928 4365 2086 4423; x_wconf 90' lang='lat' dir='ltr'><strong>Unde</strong></span> <span class='ocrx_word' id='word_1_650' title='bbox 2136 4368 2193 4415; x_wconf 92' lang='lat' dir='ltr'><strong>et</strong></span> <span class='ocrx_word' id='word_1_651' title='bbox 2225 4356 2345 4427; x_wconf 87' lang='lat' dir='ltr'><strong>ejus</strong></span> <span class='ocrx_word' id='word_1_652' title='bbox 2382 4362 2516 4405; x_wconf 91' lang='lat' dir='ltr'><strong>voce</strong></span> <span class='ocrx_word' id='word_1_653' title='bbox 2544 4339 2857 4398; x_wconf 89' lang='lat' dir='ltr'><strong>sacerdotes</strong></span> <span class='ocrx_word' id='word_1_654' title='bbox 2890 4331 2945 4385; x_wconf 92' lang='lat' dir='ltr'><strong>in</strong></span> <span class='ocrx_word' id='word_1_655' title='bbox 2976 4320 3299 4383; x_wconf 86' lang='lat' dir='ltr'><strong>Ecclesiam,</strong></span> <span class='ocrx_word' id='word_1_656' title='bbox 3333 4320 3523 4382; x_wconf 88' lang='lat' dir='ltr'><strong>utpote</strong></span> 
     </span>
    </p>
   </div>
   <div class='ocr_carea' id='block_1_91' title="bbox 335 4774 1795 4939">
    <p class='ocr_par' dir='ltr' id='par_1_91' title="bbox 335 4774 1795 4939">
     <span class='ocr_line' id='line_1_103' title="bbox 335 4774 1486 4847; baseline -0.03 1"><span class='ocrx_word' id='word_1_657' title='bbox 335 4792 570 4847; x_wconf 73' lang='lat' dir='ltr'><strong>:erdotes</strong></span> <span class='ocrx_word' id='word_1_658' title='bbox 596 4780 847 4838; x_wconf 88' lang='lat' dir='ltr'><strong>occidere</strong></span> <span class='ocrx_word' id='word_1_659' title='bbox 872 4774 1163 4845; x_wconf 72' lang='lat' dir='ltr'><strong>praecepit;</strong></span> <span class='ocrx_word' id='word_1_660' title='bbox 1200 4774 1278 4820; x_wconf 88' lang='lat' dir='ltr'><strong>ait</strong></span> <span class='ocrx_word' id='word_1_661' title='bbox 1306 4774 1486 4818; x_wconf 88' lang='lat' dir='ltr'><strong>enim:</strong></span> 
     </span>
     <span class='ocr_line' id='line_1_104' title="bbox 335 4847 1795 4939; baseline -0.027 0"><span class='ocrx_word' id='word_1_662' title='bbox 335 4882 577 4939; x_wconf 73' lang='lat' dir='ltr'><strong>Occiderit</strong></span> <span class='ocrx_word' id='word_1_663' title='bbox 620 4890 738 4929; x_wconf 88' lang='lat' dir='ltr'><strong>eum</strong></span> <span class='ocrx_word' id='word_1_664' title='bbox 774 4874 832 4923; x_wconf 87' lang='lat' dir='ltr'><strong>in</strong></span> <span class='ocrx_word' id='word_1_665' title='bbox 876 4867 987 4921; x_wconf 87' lang='lat' dir='ltr'><strong>loco</strong></span> <span class='ocrx_word' id='word_1_666' title='bbox 1020 4864 1075 4916; x_wconf 90' lang='lat' dir='ltr'><strong>in</strong></span> <span class='ocrx_word' id='word_1_667' title='bbox 1117 4875 1216 4930; x_wconf 90' lang='lat' dir='ltr'><strong>quo</strong></span> <span class='ocrx_word' id='word_1_668' title='bbox 1257 4856 1566 4910; x_wconf 86' lang='lat' dir='ltr'><strong>occiduntur</strong></span> <span class='ocrx_word' id='word_1_669' title='bbox 1592 4847 1795 4903; x_wconf 76' lang='lat' dir='ltr'><strong>Iiolocm</strong></span> 
     </span>
    </p>
   </div>
   <div class='ocr_carea' id='block_1_92' title="bbox 1903 4774 3536 4939">
    <p class='ocr_par' dir='ltr' id='par_1_92' title="bbox 1946 4774 3536 4939">
     <span class='ocr_line' id='line_1_105' title="bbox 1946 4774 3536 4882; baseline -0.037 0"><span class='ocrx_word' id='word_1_670' title='bbox 1946 4837 2146 4882; x_wconf 86' lang='lat' dir='ltr'><strong>terram</strong></span> <span class='ocrx_word' id='word_1_671' title='bbox 2192 4799 2364 4871; x_wconf 72' lang='lat' dir='ltr'><strong>soluta</strong></span> <span class='ocrx_word' id='word_1_672' title='bbox 2400 4813 2551 4862; x_wconf 90' lang='lat' dir='ltr'><strong>erunt</strong></span> <span class='ocrx_word' id='word_1_673' title='bbox 2595 4810 2643 4856; x_wconf 90' lang='lat' dir='ltr'><strong>et</strong></span> <span class='ocrx_word' id='word_1_674' title='bbox 2683 4799 2739 4852; x_wconf 86' lang='lat' dir='ltr'><strong>in</strong></span> <span class='ocrx_word' id='word_1_675' title='bbox 2785 4792 2932 4852; x_wconf 71' lang='lat' dir='ltr'><strong>coelo,</strong></span> <span class='ocrx_word' id='word_1_676' title='bbox 2966 4797 3014 4843; x_wconf 90' lang='lat' dir='ltr'><strong>et</strong></span> <span class='ocrx_word' id='word_1_677' title='bbox 3042 4794 3366 4857; x_wconf 68' lang='lat' dir='ltr'><strong>quiscunque</strong></span> <span class='ocrx_word' id='word_1_678' title='bbox 3398 4774 3536 4844; x_wconf 80' lang='lat' dir='ltr'><strong>liga-</strong></span> 
     </span>
     <span class='ocr_line' id='line_1_106' title="bbox 1946 4869 3359 4939; baseline -0.017 6"><span class='ocrx_word' id='word_1_679' title='bbox 1946 4913 2121 4939; x_wconf 76' lang='lat'><strong>---_:..--</strong></span> <span class='ocrx_word' id='word_1_680' title='bbox 2152 4921 2305 4939; x_wconf 57' lang='grc' dir='ltr'><strong>...ηομ</strong></span> <span class='ocrx_word' id='word_1_681' title='bbox 2339 4911 2557 4939; x_wconf 74' lang='lat' dir='ltr'><strong>ron-nm-</strong></span> <span class='ocrx_word' id='word_1_682' title='bbox 2591 4891 2756 4939; x_wconf 82' lang='lat' dir='ltr'><strong>[inata</strong></span> <span class='ocrx_word' id='word_1_683' title='bbox 2786 4888 2939 4939; x_wconf 87' lang='lat' dir='ltr'><strong>erunt</strong></span> <span class='ocrx_word' id='word_1_684' title='bbox 2979 4887 3029 4932; x_wconf 88' lang='lat' dir='ltr'><strong>et</strong></span> <span class='ocrx_word' id='word_1_685' title='bbox 3066 4878 3123 4930; x_wconf 89' lang='lat' dir='ltr'><strong>in</strong></span> <span class='ocrx_word' id='word_1_686' title='bbox 3151 4869 3359 4926; x_wconf 69' lang='lat' dir='ltr'><strong>caelo”.</strong></span> 
     </span>
    </p>
   </div>
   <div class='ocr_carea' id='block_1_93' title="bbox 258 4939 1846 5036">
    <p class='ocr_par' dir='ltr' id='par_1_93' title="bbox 258 4939 1846 5036">
     <span class='ocr_line' id='line_1_107' title="bbox 258 4939 1846 5036; baseline -0.028 -1"><span class='ocrx_word' id='word_1_687' title='bbox 258 4984 487 5035; x_wconf 86' lang='lat' dir='ltr'><strong>tomata.</strong></span> <span class='ocrx_word' id='word_1_688' title='bbox 537 4969 675 5036; x_wconf 89' lang='lat' dir='ltr'><strong>Quia</strong></span> <span class='ocrx_word' id='word_1_689' title='bbox 718 4970 901 5017; x_wconf 89' lang='lat' dir='ltr'><strong>autem</strong></span> <span class='ocrx_word' id='word_1_690' title='bbox 977 4953 1228 5010; x_wconf 90' lang='lat' dir='ltr'><strong>occidant</strong></span> <span class='ocrx_word' id='word_1_691' title='bbox 1268 4963 1378 5003; x_wconf 90' lang='lat' dir='ltr'><strong>non</strong></span> <span class='ocrx_word' id='word_1_692' title='bbox 1423 4943 1663 5006; x_wconf 89' lang='lat' dir='ltr'><strong>addidit;</strong></span> <span class='ocrx_word' id='word_1_693' title='bbox 1717 4939 1846 4993; x_wconf 81' lang='lat' dir='ltr'><strong>licet</strong></span> 
     </span>
    </p>
   </div>
   <div class='ocr_carea' id='block_1_94' title="bbox 258 5034 1847 5129">
    <p class='ocr_par' dir='ltr' id='par_1_94' title="bbox 258 5034 1847 5129">
     <span class='ocr_line' id='line_1_108' title="bbox 258 5034 1847 5129; baseline -0.028 -1"><span class='ocrx_word' id='word_1_694' title='bbox 258 5072 412 5129; x_wconf 88' lang='lat' dir='ltr'><strong>enim</strong></span> <span class='ocrx_word' id='word_1_695' title='bbox 458 5068 514 5121; x_wconf 91' lang='lat' dir='ltr'><strong>in</strong></span> <span class='ocrx_word' id='word_1_696' title='bbox 561 5057 829 5118; x_wconf 87' lang='lat' dir='ltr'><strong>sacriﬁcio</strong></span> <span class='ocrx_word' id='word_1_697' title='bbox 871 5046 1211 5124; x_wconf 60' lang='lat' dir='ltr'><strong>paenitentia:</strong></span> <span class='ocrx_word' id='word_1_698' title='bbox 1250 5040 1474 5097; x_wconf 82' lang='lat' dir='ltr'><strong>alternis</strong></span> <span class='ocrx_word' id='word_1_699' title='bbox 1520 5036 1599 5091; x_wconf 90' lang='lat' dir='ltr'><strong>uti</strong></span> <span class='ocrx_word' id='word_1_700' title='bbox 1637 5034 1847 5103; x_wconf 88' lang='lat' dir='ltr'><strong>adjuto-</strong></span> 
     </span>
    </p>
   </div>
   <div class='ocr_carea' id='block_1_95' title="bbox 262 5124 1850 5229">
    <p class='ocr_par' dir='ltr' id='par_1_95' title="bbox 262 5124 1850 5229">
     <span class='ocr_line' id='line_1_109' title="bbox 262 5124 1850 5229; baseline -0.027 -12"><span class='ocrx_word' id='word_1_701' title='bbox 262 5164 385 5228; x_wconf 84' lang='lat' dir='ltr'><strong>riis,</strong></span> <span class='ocrx_word' id='word_1_702' title='bbox 411 5158 553 5229; x_wconf 89' lang='lat' dir='ltr'><strong>quod</strong></span> <span class='ocrx_word' id='word_1_703' title='bbox 582 5158 810 5207; x_wconf 87' lang='lat' dir='ltr'><strong>testatur</strong></span> <span class='ocrx_word' id='word_1_704' title='bbox 838 5143 1075 5200; x_wconf 84' lang='lat' dir='ltr'><strong>Jacobus</strong></span> <span class='ocrx_word' id='word_1_705' title='bbox 1101 5159 1113 5193; x_wconf 90' lang='lat'><strong>:</strong></span> <span class='ocrx_word' id='word_1_706' title='bbox 1142 5136 1321 5197; x_wconf 88' lang='lat' dir='ltr'><strong>Orate,</strong></span> <span class='ocrx_word' id='word_1_707' title='bbox 1347 5132 1553 5189; x_wconf 87' lang='lat' dir='ltr'><strong>dicens,</strong></span> <span class='ocrx_word' id='word_1_708' title='bbox 1569 5142 1662 5195; x_wconf 87' lang='lat' dir='ltr'><strong>pro</strong></span> <span class='ocrx_word' id='word_1_709' title='bbox 1684 5124 1850 5178; x_wconf 86' lang='lat' dir='ltr'><strong>alter-</strong></span> 
     </span>
    </p>
   </div>
   <div class='ocr_carea' id='block_1_96' title="bbox 265 5218 1850 5308">
    <p class='ocr_par' dir='ltr' id='par_1_96' title="bbox 265 5218 1850 5308">
     <span class='ocr_line' id='line_1_110' title="bbox 265 5218 1850 5308; baseline -0.026 -1"><span class='ocrx_word' id='word_1_710' title='bbox 265 5264 452 5308; x_wconf 84' lang='lat' dir='ltr'><strong>utrum</strong></span> <span class='ocrx_word' id='word_1_711' title='bbox 500 5255 556 5299; x_wconf 88' lang='lat' dir='ltr'><strong>ut</strong></span> <span class='ocrx_word' id='word_1_712' title='bbox 607 5235 965 5297; x_wconf 80' lang='lat' dir='ltr'><strong>satvemini&quot;.</strong></span> <span class='ocrx_word' id='word_1_713' title='bbox 1030 5228 1139 5284; x_wconf 88' lang='lat' dir='ltr'><strong>Sed</strong></span> <span class='ocrx_word' id='word_1_714' title='bbox 1180 5224 1351 5280; x_wconf 91' lang='lat' dir='ltr'><strong>multo</strong></span> <span class='ocrx_word' id='word_1_715' title='bbox 1382 5218 1850 5291; x_wconf 86' lang='lat' dir='ltr'><strong>magisjustorum</strong></span> 
     </span>
    </p>
   </div>
   <div class='ocr_carea' id='block_1_97' title="bbox 264 5306 1855 5408">
    <p class='ocr_par' dir='ltr' id='par_1_97' title="bbox 264 5306 1855 5408">
     <span class='ocr_line' id='line_1_111' title="bbox 264 5306 1855 5408; baseline -0.028 -6"><span class='ocrx_word' id='word_1_716' title='bbox 264 5354 490 5402; x_wconf 86' lang='lat' dir='ltr'><strong>utamur</strong></span> <span class='ocrx_word' id='word_1_717' title='bbox 522 5335 810 5408; x_wconf 89' lang='lat' dir='ltr'><strong>adjutorio,</strong></span> <span class='ocrx_word' id='word_1_718' title='bbox 842 5331 959 5400; x_wconf 92' lang='lat' dir='ltr'><strong>ipse</strong></span> <span class='ocrx_word' id='word_1_719' title='bbox 981 5325 1126 5381; x_wconf 91' lang='lat' dir='ltr'><strong>enim</strong></span> <span class='ocrx_word' id='word_1_720' title='bbox 1157 5316 1422 5377; x_wconf 88' lang='lat' dir='ltr'><strong>subdidit,</strong></span> <span class='ocrx_word' id='word_1_721' title='bbox 1457 5311 1687 5366; x_wconf 82' lang='lat' dir='ltr'><strong>Multum</strong></span> <span class='ocrx_word' id='word_1_722' title='bbox 1716 5306 1855 5361; x_wconf 84' lang='lat' dir='ltr'><strong>valet</strong></span> 
     </span>
    </p>
   </div>
   <div class='ocr_carea' id='block_1_98' title="bbox 271 5400 1860 5502">
    <p class='ocr_par' dir='ltr' id='par_1_98' title="bbox 271 5400 1860 5502">
     <span class='ocr_line' id='line_1_112' title="bbox 271 5400 1860 5502; baseline -0.027 -9"><span class='ocrx_word' id='word_1_723' title='bbox 271 5437 452 5494; x_wconf 89' lang='lat' dir='ltr'><strong>oratio</strong></span> <span class='ocrx_word' id='word_1_724' title='bbox 481 5431 618 5502; x_wconf 87' lang='lat' dir='ltr'><strong>justi</strong></span> <span class='ocrx_word' id='word_1_725' title='bbox 646 5420 940 5481; x_wconf 74' lang='lat' dir='ltr'><strong>assidua”.</strong></span> <span class='ocrx_word' id='word_1_726' title='bbox 970 5415 1074 5473; x_wconf 89' lang='lat' dir='ltr'><strong>Ubi</strong></span> <span class='ocrx_word' id='word_1_727' title='bbox 1115 5420 1299 5467; x_wconf 89' lang='lat' dir='ltr'><strong>autem</strong></span> <span class='ocrx_word' id='word_1_728' title='bbox 1341 5400 1628 5461; x_wconf 88' lang='lat' dir='ltr'><strong>occident?</strong></span> <span class='ocrx_word' id='word_1_729' title='bbox 1654 5400 1860 5453; x_wconf 88' lang='lat' dir='ltr'><strong>Secun-</strong></span> 
     </span>
    </p>
   </div>
   <div class='ocr_carea' id='block_1_99' title="bbox 274 5487 1863 5593">
    <p class='ocr_par' dir='ltr' id='par_1_99' title="bbox 274 5487 1863 5593">
     <span class='ocr_line' id='line_1_113' title="bbox 274 5487 1863 5593; baseline -0.03 -8"><span class='ocrx_word' id='word_1_730' title='bbox 274 5530 414 5586; x_wconf 83' lang='lat' dir='ltr'><strong>dum</strong></span> <span class='ocrx_word' id='word_1_731' title='bbox 462 5487 834 5593; x_wconf 72' lang='lat' dir='ltr'><strong>Septuaginta,</strong></span> <span class='ocrx_word' id='word_1_732' title='bbox 875 5513 932 5565; x_wconf 89' lang='lat' dir='ltr'><strong>in</strong></span> <span class='ocrx_word' id='word_1_733' title='bbox 965 5512 1239 5574; x_wconf 86' lang='lat' dir='ltr'><strong>conspectu</strong></span> <span class='ocrx_word' id='word_1_734' title='bbox 1280 5496 1513 5553; x_wconf 90' lang='lat' dir='ltr'><strong>Domini.</strong></span> <span class='ocrx_word' id='word_1_735' title='bbox 1568 5490 1749 5557; x_wconf 89' lang='lat' dir='ltr'><strong>Quare</strong></span> <span class='ocrx_word' id='word_1_736' title='bbox 1782 5487 1863 5540; x_wconf 83' lang='lat' dir='ltr'><strong>lc-</strong></span> 
     </span>
    </p>
   </div>
   <div class='ocr_carea' id='block_1_100' title="bbox 282 5581 1867 5695">
    <p class='ocr_par' dir='ltr' id='par_1_100' title="bbox 282 5581 1867 5695">
     <span class='ocr_line' id='line_1_114' title="bbox 282 5581 1867 5695; baseline -0.03 -18"><span class='ocrx_word' id='word_1_737' title='bbox 282 5581 827 5695; x_wconf 49' lang='lat' dir='ltr'><strong>gislator-explanat,</strong></span> <span class='ocrx_word' id='word_1_738' title='bbox 877 5603 953 5657; x_wconf 90' lang='lat' dir='ltr'><strong>ait</strong></span> <span class='ocrx_word' id='word_1_739' title='bbox 981 5598 1169 5656; x_wconf 90' lang='lat' dir='ltr'><strong>enim:</strong></span> <span class='ocrx_word' id='word_1_740' title='bbox 1213 5589 1422 5645; x_wconf 85' lang='lat' dir='ltr'><strong>Peccati</strong></span> <span class='ocrx_word' id='word_1_741' title='bbox 1466 5593 1564 5640; x_wconf 85' lang='lat' dir='ltr'><strong>est.</strong></span> <span class='ocrx_word' id='word_1_742' title='bbox 1607 5581 1711 5635; x_wconf 87' lang='lat' dir='ltr'><strong>Pro</strong></span> <span class='ocrx_word' id='word_1_743' title='bbox 1737 5593 1867 5649; x_wconf 85' lang='lat' dir='ltr'><strong>pec-</strong></span> 
     </span>
    </p>
   </div>
   <div class='ocr_carea' id='block_1_101' title="bbox 284 5678 1874 5783">
    <p class='ocr_par' dir='ltr' id='par_1_101' title="bbox 284 5678 1874 5783">
     <span class='ocr_line' id='line_1_115' title="bbox 284 5678 1874 5783; baseline -0.029 -9"><span class='ocrx_word' id='word_1_744' title='bbox 284 5724 414 5774; x_wconf 87' lang='lat' dir='ltr'><strong>cato</strong></span> <span class='ocrx_word' id='word_1_745' title='bbox 452 5711 655 5783; x_wconf 89' lang='lat' dir='ltr'><strong>quippe</strong></span> <span class='ocrx_word' id='word_1_746' title='bbox 697 5706 754 5761; x_wconf 91' lang='lat' dir='ltr'><strong>in</strong></span> <span class='ocrx_word' id='word_1_747' title='bbox 797 5702 1095 5769; x_wconf 90' lang='lat' dir='ltr'><strong>conspectu</strong></span> <span class='ocrx_word' id='word_1_748' title='bbox 1131 5686 1347 5745; x_wconf 91' lang='lat' dir='ltr'><strong>Domini</strong></span> <span class='ocrx_word' id='word_1_749' title='bbox 1394 5678 1640 5739; x_wconf 83' lang='lat' dir='ltr'><strong>conﬁteri</strong></span> <span class='ocrx_word' id='word_1_750' title='bbox 1686 5689 1874 5730; x_wconf 73' lang='lat' dir='ltr'><strong>ncces-</strong></span> 
     </span>
    </p>
   </div>
   <div class='ocr_carea' id='block_1_102' title="bbox 1607 5791 2573 5872">
    <p class='ocr_par' dir='ltr' id='par_1_102' title="bbox 1607 5791 2573 5872">
     <span class='ocr_line' id='line_1_116' title="bbox 1607 5791 2573 5872; baseline -0.028 0"><span class='ocrx_word' id='word_1_751' title='bbox 1607 5816 1692 5872; x_wconf 77' lang='grc'><strong>16.</strong></span> <span class='ocrx_word' id='word_1_752' title='bbox 1768 5813 1813 5845; x_wconf 72' lang='grc'><strong>⁸⁸</strong></span> <span class='ocrx_word' id='word_1_753' title='bbox 1839 5810 1971 5868; x_wconf 88' lang='lat' dir='ltr'><strong>ibid.</strong></span> <span class='ocrx_word' id='word_1_754' title='bbox 2045 5807 2090 5839; x_wconf 73' lang='grc' dir='ltr'><strong>⁸ο</strong></span> <span class='ocrx_word' id='word_1_755' title='bbox 2131 5802 2271 5859; x_wconf 81' lang='lat' dir='ltr'><strong>Psal.</strong></span> <span class='ocrx_word' id='word_1_756' title='bbox 2320 5810 2468 5860; x_wconf 65' lang='lat' dir='ltr'><strong>sim,</strong></span> <span class='ocrx_word' id='word_1_757' title='bbox 2518 5791 2573 5872; x_wconf 55' lang='lat'><strong>5:</strong></span> 
     </span>
    </p>
   </div>
   <div class='ocr_carea' id='block_1_103' title="bbox 1580 5867 2597 5944">
    <p class='ocr_par' dir='ltr' id='par_1_103' title="bbox 1580 5867 2597 5944">
     <span class='ocr_line' id='line_1_117' title="bbox 1580 5867 2597 5944; baseline -0.029 1"><span class='ocrx_word' id='word_1_758' title='bbox 1580 5867 2118 5944; x_wconf 10' lang='lat' dir='ltr'><strong>’;&#39;;\lattli.7xvi,i9.</strong></span> <span class='ocrx_word' id='word_1_759' title='bbox 2550 5867 2597 5890; x_wconf 69' lang='lat'><strong><em>&quot;</em></strong></span> 
     </span>
    </p>
   </div>
   <div class='ocr_carea' id='block_1_104' title="bbox 2018 4975 3542 5079">
    <p class='ocr_par' dir='ltr' id='par_1_104' title="bbox 2018 4975 3542 5079">
     <span class='ocr_line' id='line_1_118' title="bbox 2018 4975 3542 5079; baseline -0.033 -1"><span class='ocrx_word' id='word_1_760' title='bbox 2018 5022 2183 5079; x_wconf 79' lang='lat' dir='ltr'><strong>Vens.</strong></span> <span class='ocrx_word' id='word_1_761' title='bbox 2212 5011 2402 5073; x_wconf 72' lang='lat'><strong>&#39;52—&#39;55.</strong></span> <span class='ocrx_word' id='word_1_762' title='bbox 2451 5027 2470 5061; x_wconf 73' lang='grc' dir='ltr'><strong>ι</strong></span> <span class='ocrx_word' id='word_1_763' title='bbox 2506 5005 2604 5061; x_wconf 89' lang='lat' dir='ltr'><strong>Sin</strong></span> <span class='ocrx_word' id='word_1_764' title='bbox 2631 5010 2814 5057; x_wconf 90' lang='lat' dir='ltr'><strong>autem</strong></span> <span class='ocrx_word' id='word_1_765' title='bbox 2853 4998 2922 5053; x_wconf 91' lang='lat' dir='ltr'><strong>de</strong></span> <span class='ocrx_word' id='word_1_766' title='bbox 2955 4987 3249 5065; x_wconf 89' lang='lat' dir='ltr'><strong>pecoribus</strong></span> <span class='ocrx_word' id='word_1_767' title='bbox 3276 4975 3542 5037; x_wconf 88' lang='lat' dir='ltr'><strong>obtulerit</strong></span> 
     </span>
    </p>
   </div>
   <div class='ocr_carea' id='block_1_105' title="bbox 1948 5072 3541 5176">
    <p class='ocr_par' dir='ltr' id='par_1_105' title="bbox 1948 5072 3541 5176">
     <span class='ocr_line' id='line_1_119' title="bbox 1948 5072 3541 5176; baseline -0.033 -5"><span class='ocrx_word' id='word_1_768' title='bbox 1948 5115 2223 5172; x_wconf 89' lang='lat' dir='ltr'><strong>victimam</strong></span> <span class='ocrx_word' id='word_1_769' title='bbox 2254 5120 2352 5176; x_wconf 86' lang='lat' dir='ltr'><strong>pro</strong></span> <span class='ocrx_word' id='word_1_770' title='bbox 2384 5104 2633 5172; x_wconf 89' lang='lat' dir='ltr'><strong>peccato,</strong></span> <span class='ocrx_word' id='word_1_771' title='bbox 2665 5107 2824 5149; x_wconf 84' lang='lat' dir='ltr'><strong>ovem</strong></span> <span class='ocrx_word' id='word_1_772' title='bbox 2857 5087 3073 5143; x_wconf 88' lang='lat' dir='ltr'><strong>scilicet</strong></span> <span class='ocrx_word' id='word_1_773' title='bbox 3112 5072 3541 5135; x_wconf 87' lang='lat' dir='ltr'><strong>immaculatam,</strong></span> 
     </span>
    </p>
   </div>
   <div class='ocr_carea' id='block_1_106' title="bbox 1954 5165 3546 5280">
    <p class='ocr_par' dir='ltr' id='par_1_106' title="bbox 1954 5165 3546 5280">
     <span class='ocr_line' id='line_1_120' title="bbox 1954 5165 3546 5280; baseline -0.033 -16"><span class='ocrx_word' id='word_1_774' title='bbox 1954 5214 2119 5280; x_wconf 89' lang='lat' dir='ltr'><strong>ponet</strong></span> <span class='ocrx_word' id='word_1_775' title='bbox 2155 5212 2374 5256; x_wconf 91' lang='lat' dir='ltr'><strong>manum</strong></span> <span class='ocrx_word' id='word_1_776' title='bbox 2420 5206 2586 5262; x_wconf 90' lang='lat' dir='ltr'><strong>super</strong></span> <span class='ocrx_word' id='word_1_777' title='bbox 2622 5194 2787 5257; x_wconf 88' lang='lat' dir='ltr'><strong>caput</strong></span> <span class='ocrx_word' id='word_1_778' title='bbox 2820 5182 2960 5251; x_wconf 89' lang='lat' dir='ltr'><strong>ejus,</strong></span> <span class='ocrx_word' id='word_1_779' title='bbox 3009 5183 3065 5231; x_wconf 87' lang='lat' dir='ltr'><strong>et</strong></span> <span class='ocrx_word' id='word_1_780' title='bbox 3090 5165 3397 5228; x_wconf 87' lang='lat' dir='ltr'><strong>immolabit</strong></span> <span class='ocrx_word' id='word_1_781' title='bbox 3422 5175 3546 5216; x_wconf 92' lang='lat' dir='ltr'><strong>eam</strong></span> 
     </span>
    </p>
   </div>
   <div class='ocr_carea' id='block_1_107' title="bbox 1958 5257 3549 5357">
    <p class='ocr_par' dir='ltr' id='par_1_107' title="bbox 1958 5257 3549 5357">
     <span class='ocr_line' id='line_1_121' title="bbox 1958 5257 2506 5280; baseline -0.033 0"><span class='ocrx_word' id='word_1_782' title='bbox 1958 5257 1983 5280; x_wconf 75' lang='grc' dir='ltr'><strong>Γ</strong></span> <span class='ocrx_word' id='word_1_783' title='bbox 1995 5257 2058 5262; x_wconf 67' lang='lat'><strong>&quot;&#39;</strong></span> <span class='ocrx_word' id='word_1_784' title='bbox 2072 5257 2086 5260; x_wconf 68' lang='lat'><em>‘</em></span> <span class='ocrx_word' id='word_1_785' title='bbox 2104 5257 2114 5259; x_wconf 63' lang='lat'><strong><em>‘</em></strong></span> <span class='ocrx_word' id='word_1_786' title='bbox 2492 5257 2506 5262; x_wconf 88' lang='lat'><strong>-</strong></span> 
     </span>
     <span class='ocr_line' id='line_1_122' title="bbox 1958 5257 3549 5357; baseline -0.034 1"><span class='ocrx_word' id='word_1_787' title='bbox 1958 5303 2013 5357; x_wconf 91' lang='lat' dir='ltr'><strong>in</strong></span> <span class='ocrx_word' id='word_1_788' title='bbox 2043 5300 2164 5354; x_wconf 85' lang='lat' dir='ltr'><strong>loco</strong></span> <span class='ocrx_word' id='word_1_789' title='bbox 2203 5291 2292 5348; x_wconf 89' lang='lat' dir='ltr'><strong>ubi</strong></span> <span class='ocrx_word' id='word_1_790' title='bbox 2323 5289 2501 5346; x_wconf 85' lang='lat' dir='ltr'><strong>solent</strong></span> <span class='ocrx_word' id='word_1_791' title='bbox 2551 5282 2994 5338; x_wconf 87' lang='lat' dir='ltr'><strong>holocaustorum</strong></span> <span class='ocrx_word' id='word_1_792' title='bbox 3043 5263 3176 5321; x_wconf 66' lang='lat' dir='ltr'><strong>caedi</strong></span> <span class='ocrx_word' id='word_1_793' title='bbox 3208 5257 3423 5320; x_wconf 63' lang='lat' dir='ltr'><strong>hostias,</strong></span> <span class='ocrx_word' id='word_1_794' title='bbox 3454 5268 3549 5307; x_wconf 91' lang='lat' dir='ltr'><strong>su-</strong></span> 
     </span>
    </p>
   </div>
   <div class='ocr_carea' id='block_1_108' title="bbox 1964 5348 3552 5457">
    <p class='ocr_par' dir='ltr' id='par_1_108' title="bbox 1964 5348 3552 5457">
     <span class='ocr_line' id='line_1_123' title="bbox 1964 5348 3552 5457; baseline -0.033 -10"><span class='ocrx_word' id='word_1_795' title='bbox 1964 5396 2184 5457; x_wconf 89' lang='lat' dir='ltr'><strong>metque</strong></span> <span class='ocrx_word' id='word_1_796' title='bbox 2244 5377 2502 5437; x_wconf 78' lang='lat' dir='ltr'><strong>sacerdos</strong></span> <span class='ocrx_word' id='word_1_797' title='bbox 2553 5374 2621 5428; x_wconf 90' lang='lat' dir='ltr'><strong>de</strong></span> <span class='ocrx_word' id='word_1_798' title='bbox 2672 5364 2939 5437; x_wconf 88' lang='lat' dir='ltr'><strong>sanguine</strong></span> <span class='ocrx_word' id='word_1_799' title='bbox 2986 5359 3106 5428; x_wconf 82' lang='lat' dir='ltr'><strong>ejus</strong></span> <span class='ocrx_word' id='word_1_800' title='bbox 3137 5353 3309 5424; x_wconf 90' lang='lat' dir='ltr'><strong>digito</strong></span> <span class='ocrx_word' id='word_1_801' title='bbox 3336 5361 3462 5407; x_wconf 89' lang='lat' dir='ltr'><strong>suo,</strong></span> <span class='ocrx_word' id='word_1_802' title='bbox 3494 5348 3552 5395; x_wconf 88' lang='lat' dir='ltr'><strong>et</strong></span> 
     </span>
     <span class='ocr_line' id='line_1_124' title="bbox 2982 5433 3552 5457; baseline -0.03 17"><span class='ocrx_word' id='word_1_803' title='bbox 2982 5449 2994 5457; x_wconf 83' lang='grc'><strong><em>⁸</em></strong></span> <span class='ocrx_word' id='word_1_804' title='bbox 3115 5444 3147 5457; x_wconf 81' lang='grc'><strong>·”</strong></span> <span class='ocrx_word' id='word_1_805' title='bbox 3290 5456 3315 5457; x_wconf 42' lang='grc' dir='ltr'>η</span> <span class='ocrx_word' id='word_1_806' title='bbox 3362 5433 3552 5457; x_wconf 61' lang='grc' dir='ltr'><strong>ἒ--...,Ιιιι</strong></span> 
     </span>
    </p>
   </div>
   <div class='ocr_carea' id='block_1_109' title="bbox 1970 5433 3554 5550">
    <p class='ocr_par' dir='ltr' id='par_1_109' title="bbox 1970 5433 3554 5550">
     <span class='ocr_line' id='line_1_125' title="bbox 1970 5433 2800 5457; baseline -0.035 -10"><span class='ocrx_word' id='word_1_807' title='bbox 1970 5433 2184 5457; x_wconf 64' lang='grc' dir='ltr'><strong>...νηιη</strong></span> <span class='ocrx_word' id='word_1_808' title='bbox 2245 5433 2266 5437; x_wconf 83' lang='grc'><strong><em>-</em></strong></span> <span class='ocrx_word' id='word_1_809' title='bbox 2320 5433 2360 5435; x_wconf 44' lang='grc' dir='ltr'>η</span> <span class='ocrx_word' id='word_1_810' title='bbox 2779 5433 2800 5437; x_wconf 87' lang='lat'>_</span> 
     </span>
     <span class='ocr_line' id='line_1_126' title="bbox 1970 5433 3554 5550; baseline -0.033 -14"><span class='ocrx_word' id='word_1_811' title='bbox 1970 5490 2196 5550; x_wconf 85' lang='lat' dir='ltr'><strong>tangens</strong></span> <span class='ocrx_word' id='word_1_812' title='bbox 2229 5485 2434 5529; x_wconf 79' lang='lat' dir='ltr'><strong>cornua</strong></span> <span class='ocrx_word' id='word_1_813' title='bbox 2471 5463 2654 5519; x_wconf 90' lang='lat' dir='ltr'><strong>altaris</strong></span> <span class='ocrx_word' id='word_1_814' title='bbox 2692 5449 3021 5516; x_wconf 86' lang='lat' dir='ltr'><strong>holocausti,</strong></span> <span class='ocrx_word' id='word_1_815' title='bbox 3050 5444 3325 5513; x_wconf 86' lang='lat' dir='ltr'><strong>reliquum</strong></span> <span class='ocrx_word' id='word_1_816' title='bbox 3362 5433 3554 5489; x_wconf 82' lang='lat' dir='ltr'><strong>fundet</strong></span> 
     </span>
     <span class='ocr_line' id='line_1_127' title="bbox 3089 5526 3528 5550; baseline -0.03 9"><span class='ocrx_word' id='word_1_817' title='bbox 3089 5536 3110 5550; x_wconf 77' lang='grc'><strong><em>⁵</em></strong></span> <span class='ocrx_word' id='word_1_818' title='bbox 3221 5547 3264 5550; x_wconf 44' lang='grc' dir='ltr'><strong>κ-</strong></span> <span class='ocrx_word' id='word_1_819' title='bbox 3319 5526 3528 5550; x_wconf 62' lang='grc' dir='ltr'><strong>-.Ιζηηηη</strong></span> 
     </span>
    </p>
   </div>
   <div class='ocr_carea' id='block_1_110' title="bbox 1971 5526 3553 5630">
    <p class='ocr_par' dir='ltr' id='par_1_110' title="bbox 1971 5526 3553 5630">
     <span class='ocr_line' id='line_1_128' title="bbox 1972 5526 2251 5550; baseline -0.032 -15"><span class='ocrx_word' id='word_1_820' title='bbox 1972 5526 2193 5550; x_wconf 43' lang='lat' dir='ltr'><strong>“nam,</strong></span> <span class='ocrx_word' id='word_1_821' title='bbox 2239 5526 2251 5529; x_wconf 37' lang='grc' dir='ltr'>τ</span> 
     </span>
     <span class='ocr_line' id='line_1_129' title="bbox 1971 5526 3553 5630; baseline -0.034 -3"><span class='ocrx_word' id='word_1_822' title='bbox 1971 5572 2040 5627; x_wconf 90' lang='lat' dir='ltr'><strong>ab</strong></span> <span class='ocrx_word' id='word_1_823' title='bbox 2090 5565 2258 5624; x_wconf 89' lang='lat' dir='ltr'><strong>basim</strong></span> <span class='ocrx_word' id='word_1_824' title='bbox 2304 5561 2444 5630; x_wconf 90' lang='lat' dir='ltr'><strong>ejus.</strong></span> <span class='ocrx_word' id='word_1_825' title='bbox 2498 5566 2714 5609; x_wconf 89' lang='lat' dir='ltr'><strong>omnem</strong></span> <span class='ocrx_word' id='word_1_826' title='bbox 2771 5557 2986 5617; x_wconf 86' lang='lat' dir='ltr'><strong>quoque</strong></span> <span class='ocrx_word' id='word_1_827' title='bbox 3014 5536 3268 5593; x_wconf 82' lang='lat' dir='ltr'><strong>auferens</strong></span> <span class='ocrx_word' id='word_1_828' title='bbox 3316 5526 3553 5595; x_wconf 88' lang='lat' dir='ltr'><strong>adipem,</strong></span> 
     </span>
    </p>
   </div>
   <div class='ocr_carea' id='block_1_111' title="bbox 1978 5621 3557 5718">
    <p class='ocr_par' dir='ltr' id='par_1_111' title="bbox 1978 5621 3557 5718">
     <span class='ocr_line' id='line_1_130' title="bbox 1978 5621 3557 5718; baseline -0.034 0"><span class='ocrx_word' id='word_1_829' title='bbox 1978 5663 2119 5718; x_wconf 92' lang='lat' dir='ltr'><strong>sicut</strong></span> <span class='ocrx_word' id='word_1_830' title='bbox 2146 5654 2345 5712; x_wconf 77' lang='lat' dir='ltr'><strong>auferri</strong></span> <span class='ocrx_word' id='word_1_831' title='bbox 2377 5650 2515 5705; x_wconf 89' lang='lat' dir='ltr'><strong>solet</strong></span> <span class='ocrx_word' id='word_1_832' title='bbox 2568 5644 2737 5712; x_wconf 90' lang='lat' dir='ltr'><strong>adeps</strong></span> <span class='ocrx_word' id='word_1_833' title='bbox 2766 5634 2955 5692; x_wconf 89' lang='lat' dir='ltr'><strong>arietis</strong></span> <span class='ocrx_word' id='word_1_834' title='bbox 2987 5629 3080 5700; x_wconf 89' lang='lat' dir='ltr'><strong>qui</strong></span> <span class='ocrx_word' id='word_1_835' title='bbox 3110 5621 3423 5682; x_wconf 88' lang='lat' dir='ltr'><strong>immolatur</strong></span> <span class='ocrx_word' id='word_1_836' title='bbox 3457 5627 3557 5684; x_wconf 87' lang='lat' dir='ltr'><strong>pro</strong></span> 
     </span>
    </p>
   </div>
   <div class='ocr_carea' id='block_1_112' title="bbox 2677 5757 3556 5841">
    <p class='ocr_par' dir='ltr' id='par_1_112' title="bbox 2677 5757 3556 5841">
     <span class='ocr_line' id='line_1_131' title="bbox 2677 5757 3556 5841; baseline -0.027 -2"><span class='ocrx_word' id='word_1_837' title='bbox 2677 5786 2724 5820; x_wconf 67' lang='lat'><strong><em>9°</em></strong></span> <span class='ocrx_word' id='word_1_838' title='bbox 2754 5780 2954 5837; x_wconf 81' lang='lat' dir='ltr'><strong>liabac.</strong></span> <span class='ocrx_word' id='word_1_839' title='bbox 2987 5790 3069 5841; x_wconf 85' lang='lat' dir='ltr'><strong>ut,</strong></span> <span class='ocrx_word' id='word_1_840' title='bbox 3121 5772 3177 5828; x_wconf 69' lang='grc'><strong>4.</strong></span> <span class='ocrx_word' id='word_1_841' title='bbox 3283 5764 3329 5798; x_wconf 76' lang='grc'><strong>’⁸</strong></span> <span class='ocrx_word' id='word_1_842' title='bbox 3362 5757 3556 5815; x_wconf 79' lang='lat' dir='ltr'><strong>Matth.</strong></span> 
     </span>
    </p>
   </div>
   <div class='ocr_carea' id='block_1_113' title="bbox 364 5823 1553 5913">
    <p class='ocr_par' dir='ltr' id='par_1_113' title="bbox 364 5823 1553 5913">
     <span class='ocr_line' id='line_1_132' title="bbox 364 5823 1553 5913; baseline -0.03 -4"><span class='ocrx_word' id='word_1_843' title='bbox 364 5853 414 5886; x_wconf 82' lang='grc'><strong>⁸⁵</strong></span> <span class='ocrx_word' id='word_1_844' title='bbox 439 5849 553 5906; x_wconf 73' lang='lat' dir='ltr'><strong>Jac.</strong></span> <span class='ocrx_word' id='word_1_845' title='bbox 577 5864 642 5913; x_wconf 84' lang='lat' dir='ltr'><strong>ll,</strong></span> <span class='ocrx_word' id='word_1_846' title='bbox 674 5845 761 5900; x_wconf 77' lang='grc'><strong>10.</strong></span> <span class='ocrx_word' id='word_1_847' title='bbox 834 5840 884 5913; x_wconf 52' lang='grc' dir='ltr'><strong>δέ</strong></span> <span class='ocrx_word' id='word_1_848' title='bbox 900 5829 1205 5913; x_wconf 41' lang='grc' dir='ltr'><strong>Ῐεδηξηω.</strong></span> <span class='ocrx_word' id='word_1_849' title='bbox 1279 5827 1325 5858; x_wconf 82' lang='grc'><strong>⁸⁷</strong></span> <span class='ocrx_word' id='word_1_850' title='bbox 1362 5823 1479 5913; x_wconf 43' lang='lat' dir='ltr'><strong>Jac;</strong></span> <span class='ocrx_word' id='word_1_851' title='bbox 1500 5837 1553 5886; x_wconf 92' lang='lat' dir='ltr'><strong>v,</strong></span> 
     </span>
    </p>
   </div>
   <div class='ocr_carea' id='block_1_114' title="bbox 300 5893 1504 5993">
    <p class='ocr_par' dir='ltr' id='par_1_114' title="bbox 300 5893 1504 5993">
     <span class='ocr_line' id='line_1_133' title="bbox 300 5893 1504 5993; baseline -0.029 -12"><span class='ocrx_word' id='word_1_852' title='bbox 300 5939 386 5993; x_wconf 85' lang='lat' dir='ltr'><strong>ut,</strong></span> <span class='ocrx_word' id='word_1_853' title='bbox 411 5893 817 5978; x_wconf 39' lang='lat' dir='ltr'><strong>iuvh&#39;lZu—ch,</strong></span> <span class='ocrx_word' id='word_1_854' title='bbox 857 5910 948 5965; x_wconf 74' lang='lat'><strong>32.</strong></span> <span class='ocrx_word' id='word_1_855' title='bbox 1023 5893 1261 5958; x_wconf 26' lang='lat' dir='ltr'><strong>“’Joan.</strong></span> <span class='ocrx_word' id='word_1_856' title='bbox 1293 5912 1384 5962; x_wconf 77' lang='lat' dir='ltr'><strong>xx,</strong></span> <span class='ocrx_word' id='word_1_857' title='bbox 1412 5893 1504 5948; x_wconf 71' lang='lat'><strong>23.</strong></span> 
     </span>
    </p>
   </div>
  </div>
