3946 6464
493 415 597 486 831

490 625 733 689 Domini.
761 626 1084 698 rogabitque
1142 642 1243 698 pro
1273 644 1361 693 eo,
1393 639 1451 685 et
1496 645 1597 700 pro
1660 640 1886 703 peccato
1935 633 2078 704 ejus,

490 727 548 774 et
571 717 877 773 dimittetur
901 717 1000 772 illi.
1043 736 1062 770 ι

564 806 933 877 Semetipsum
997 822 1146 863 nunc
1213 825 1432 880 quoque
1492 827 1731 884 sequens
1800 813 2081 885 legislator

490 899 754 956 oblationi
810 914 989 969 caprae
1032 900 1148 955 sive
1205 901 1484 968 chimerae,
1531 921 1694 976 quam
1742 905 1983 963 diximus
2011 907 2083 963 ab

494 992 581 1047 his
632 991 721 1061 qui
755 1000 884 1044 sunt
934 989 1004 1045 de
1041 992 1267 1061 populo,
1304 1003 1360 1049 et
1385 995 1477 1065 qui
1509 1013 1617 1051 non
1650 1008 1999 1069 occupantur
2026 999 2084 1055 in

495 1083 856 1138 meditatione
900 1080 1052 1153 legis,
1086 1082 1273 1138 oﬂerri
1300 1100 1462 1140 ovem
1491 1101 1708 1157 quoque
1736 1090 2025 1157 conjunxit
2065 1109 2080 1146 :

493 1174 753 1244 quoniam
788 1173 840 1226 in
886 1172 1088 1243 populo
1114 1182 1168 1227 et
1199 1174 1384 1230 idiotis
1414 1177 1673 1246 possibile
1723 1188 1809 1234 est
1836 1195 1959 1235 esse
1988 1178 2088 1233 ali-

495 1280 634 1335 quos
678 1264 840 1318 etiam
871 1264 1168 1335 simplices,
1199 1267 1397 1336 quibus
1437 1270 1727 1325 conveniat
1757 1271 1875 1327 ovis
1907 1274 2086 1328 sacri-

497 1355 697 1419 ﬁcium,
728 1355 875 1425 quod
925 1365 1031 1410 tam
1072 1357 1125 1411 in
1190 1358 1644 1416 holocautomatis
1694 1379 1857 1432 quam
1913 1364 2086 1420 sacri-

494 1444 631 1498 ﬁciis
656 1444 845 1499 hostiae
872 1444 1221 1515 paciﬁcorum
1269 1446 1692 1505 demonstratur.
1723 1453 1924 1521 Aperte
1958 1469 2086 1524 ergo

495 1535 771 1604 legislator
797 1537 1103 1607 approbare
1143 1538 1392 1607 cupiens,
1417 1542 1545 1611 quia
1588 1558 1699 1597 non
1725 1545 1906 1599 solum
1930 1545 2087 1615 prin-

495 1641 642 1695 ccps.
701 1627 751 1681 id
780 1636 864 1683 est
918 1630 1147 1685 scientia
1174 1631 1477 1697 sublimior,
1511 1649 1614 1689 nec
1645 1644 1853 1691 tantum
1906 1653 2087 1707 popu-

496 1719 648 1783 laris,
682 1722 777 1775 sed
804 1731 858 1776 et
886 1722 932 1776 si
963 1722 1085 1792 quis
1119 1732 1201 1777 est
1253 1725 1309 1779 in
1356 1728 1712 1796 popularibus
1757 1730 2011 1800 simplex.
2041 1731 2086 1786 si

497 1811 637 1865 forte
702 1815 1030 1882 peccaverit,
1075 1816 1220 1886 quod
1272 1826 1329 1871 et
1384 1818 1472 1874 hic
1521 1820 1589 1874 ad
1650 1822 2082 1893 redemptionem

496 1912 847 1972 peccatorum
894 1907 1087 1961 debeat
1136 1910 1534 1978 penitentiam,
1593 1913 1712 1968 ovis
1756 1916 2082 1971 sacriﬁcium
2117 1885 2159 1939 Β

500 1995 821 2052 introduxit.
874 1996 997 2054 ldeo
1029 2011 1213 2055 autem
1254 2018 1365 2055 non
1404 2004 1652 2069 arietem,
1683 2006 1779 2060 sed
1821 2023 2002 2070 ovem.
2031 2008 2087 2062 id

500 2095 604 2150 est,
646 2087 928 2152 feminam,
988 2098 1044 2144 et
1095 2106 1205 2145 non
1257 2094 1561 2148 masculum
1590 2097 1847 2167 prazcepit
1875 2098 2085 2166 oﬂ'erri,

503 2177 630 2245 quia
660 2178 1015 2247 popularibus
1040 2180 1365 2237 feminarum
1406 2184 1735 2241 sacriﬁcium
1765 2189 2085 2258 deputavit:

503 2281 599 2322 eos
648 2267 736 2323 hic
772 2269 864 2340 qui
902 2269 1074 2342 legem
1117 2273 1393 2343 accipiunt
1432 2276 1713 2333 evidenter
1772 2290 2088 2337 contestans

505 2373 567 2419 ut
597 2366 910 2436 quicunque
945 2368 1311 2440 principatum
1363 2372 1588 2428 sortitus
1618 2382 1722 2441 est,
1756 2386 1809 2430 et
1848 2386 1931 2431 est
1967 2377 2090 2432 aliis

505 2456 789 2511 sublimior
816 2458 1066 2523 scientia,
1102 2477 1211 2515 non
1241 2463 1415 2517 solam
1461 2464 1718 2519 exhibeat
1766 2467 2087 2536 simplicita-

508 2554 638 2611 tem,
666 2562 791 2601 cnm
818 2558 1065 2619 oporteat
1090 2568 1216 2608 eum
1248 2552 1412 2609 etiam
1448 2556 1772 2625 prudentem
1798 2573 1921 2612 esse
1947 2561 2089 2614 sicut

505 2648 852 2709 serpentem,
904 2644 1362 2713 quemadmodum
1406 2646 1699 2704 Dominus
1758 2651 1915 2705 ait".
1983 2654 2088 2718 Qui

504 2746 637 2786 vero
663 2747 771 2787 non
800 2742 884 2788 est
911 2735 1054 2802 talis,
1080 2736 1159 2792 'id
1182 2748 1266 2793 est
1290 2737 1383 2809 qui
1415 2755 1523 2793 non
1557 2741 1801 2796 abundat
1834 2743 2085 2808 scientia,

505 2833 562 2877 et
590 2832 877 2893 propterea
904 2827 957 2881 in
989 2828 1188 2898 populo
1215 2829 1395 2901 deget,
1423 2832 1513 2889 hic
1541 2834 1792 2902 quamvis
1841 2834 1912 2889 sit
1943 2836 2091 2889 sim-

507 2914 654 2983 plex,
718 2915 763 2970 si
818 2918 1097 2989 contingat
1146 2928 1207 2973 ut
1255 2930 1467 2991 peccet,
1520 2937 1624 2977 nec
1669 2923 1769 2992 ipsi
1803 2935 2087 2993 peccatum

507 3006 844 3077 ignoscetur,
889 3010 998 3076 nisi
1026 3027 1122 3081 per
1150 3012 1481 3069 oblationem
1514 3017 1852 3085 poenitentiae
1891 3034 2089 3087 pecca-

508 3106 625 3152 tum
676 3100 914 3156 diluerit.
964 3101 1103 3157 Cum
1160 3120 1285 3175 ergo
1320 3105 1436 3160 ltzec
1465 3106 1537 3161 ita
1582 3123 1643 3162 se
1679 3109 1937 3174 habeant,
1975 3126 2086 3165 non

508 3199 672 3260 egent
722 3202 919 3247 cetera
968 3194 1344 3265 expositione:
1383 3213 1507 3253 cum
1554 3200 1702 3255 enim
1756 3202 2084 3258 sacriﬁcium
2114 3227 2158 3285 ο

507 3295 608 3352 pro
641 3293 865 3352 peccato
894 3284 986 3348 sit,
1018 3287 1177 3342 simul
1224 3288 1314 3344 hic
1338 3288 1408 3345 de
1444 3306 1607 3362 capra
1632 3301 1688 3348 et
1717 3292 1787 3348 de
1815 3309 1918 3349 ove
1942 3310 2087 3365 prae-

507 3376 670 3445 cepit.
702 3375 858 3433 Unde
885 3395 1109 3436 necesse
1136 3395 1245 3436 non
1272 3394 1375 3445 est.
1423 3401 1547 3441 cum
1579 3386 1868 3444 tendamus
1896 3388 1966 3444 ad
1998 3404 2089 3446 se-

508 3467 750 3537 quentia,
781 3470 876 3527 diu
906 3472 962 3527 in
992 3477 1357 3545 prmsentibus
1392 3479 1694 3536 immorari.

1138 3630 1365 3691 CAPUT
1404 3636 1469 3692 V.

587 3739 752 3796 Vens.
779 3741 928 3796 1-15.
961 3760 981 3796 ι
1025 3743 1083 3800 Si
1134 3747 1450 3815 peccaverit
1488 3748 1693 3815 anima,
1748 3758 1804 3806 et
1855 3752 2095 3810 audierit

511 3846 700 3887 vocem
731 3832 987 3901 jurantis,
1016 3835 1277 3907 testisque
1315 3838 1482 3894 fuerit
1504 3841 1649 3911 quod
1678 3851 1773 3897 aut
1803 3843 1920 3914 ipse
1936 3845 2091 3914 vidit,

512 3923 879 3978 autconscius
912 3933 1017 3990 est,
1050 3926 1153 3981 nisi
1179 3926 1523 3994 indicaverit,
1560 3934 1801 4006 portabit
1833 3933 2095 4007 iniquita-

513 4022 622 4070 tem
648 4030 822 4071 suam.
844 4018 1036 4072 Anima
1054 4035 1178 4089 quae
1204 4022 1441 4094 tetigerit
1476 4024 1682 4095 aliquid
1726 4027 2093 4098 immundum,

513 4106 628 4161 sive
655 4108 796 4177 quod
825 4109 1065 4164 occisum
1084 4126 1115 4166 a
1137 4113 1308 4168 bestia
1331 4123 1436 4177 est.
1462 4125 1557 4171 aut
1580 4134 1680 4189 per
1708 4135 1767 4175 se
1790 4130 2091 4191 mortuum,

516 4199 598 4252 vel
626 4200 905 4269 quodlibet
932 4201 1080 4257 aliud
1111 4206 1306 4274 reptile
1349 4215 1405 4262 et
1438 4209 1605 4265 oblita
1637 4210 1805 4267 fuerit
1838 4215 2090 4270 immun-

514 4290 661 4354 ditite
688 4307 820 4355 suae,
852 4308 943 4347 rea
970 4302 1071 4357 est,
1094 4302 1150 4349 et
1188 4296 1475 4368 delinquit.
1510 4301 1579 4355 Et
1604 4301 1648 4356 si
1674 4303 1911 4376 tetigerit
1930 4306 2096 4375 quid-

514 4384 658 4458 piam
680 4383 749 4437 de
786 4383 1128 4440 immunditia
1162 4386 1420 4453 hominis,
1463 4391 1618 4461 juxta
1648 4408 1868 4449 omnem
1901 4396 2097 4467 impu-

516 4473 752 4539 ritatem,
780 4490 886 4547 qua
916 4475 1082 4544 pollui
1101 4477 1259 4544 solet,
1289 4481 1568 4552 oblitaque
1590 4487 1909 4556 cognoverit
1931 4497 2089 4557 post-

1729 422 2093 487 HE—SYCHII
2131 424 2605 487 PRESBYTERI

491 534 754 607 paciﬁcis,
810 543 868 590 et
920 534 1187 592 cremabit
1237 551 1405 607 super
1455 537 1627 593 altare
1678 540 1735 597 in
1785 542 2073 598 incensum
2101 544 2152 602 Α
2179 542 2532 597 fundamenta
2560 540 2699 609 ejus,
2725 554 2851 610 quia
2882 552 2984 609 pro
3011 546 3239 609 peccato
3266 544 3392 593 est.
3415 528 3668 587 alterum
3688 550 3809 586 vero

3709 419 3805 482 8'2

2182 632 2419 689 adolebit
2450 631 2851 695 holocaustum,
2879 637 2941 685 ut
2983 628 3100 683 ﬁeri
3125 628 3295 690 solet,
3336 622 3692 694 rogabitque
3718 640 3809 693 pro

2182 739 2251 779 eo
2270 722 2548 787 sacerdos,
2570 729 2626 775 et
2653 736 2754 791 pro
2796 729 3026 790 peccato
3077 719 3216 789 ejus,
3253 726 3323 771 et
3356 714 3693 769 dimittetur
3743 716 3807 768 ei.

2184 815 2343 882 Quod
2392 813 2571 869 sinon
2604 811 2845 883 quiverit
2872 824 3073 865 manus
3120 809 3240 880 ejus
3265 806 3506 861 oﬂ'erre
3537 804 3682 857 duos
3705 812 3812 856 tur-

2183 916 2355 972 tures,
2387 906 2472 962 vel
2493 905 2633 962 duos
2664 905 2843 976 pullos
2887 903 3174 964 columbae,
3205 900 3433 956 offeret
3459 913 3571 967 pro
3595 906 3814 965 peccato

2184 998 2442 1063 similam,
2472 1007 2679 1068 partem
2700 996 2829 1068 ephi
2858 995 3126 1051 decimam
3156 1010 3172 1060 ;
3222 1008 3352 1047 non
3389 990 3595 1044 mittet
3619 988 3674 1041 in
3703 1003 3811 1044 eam

2184 1089 2389 1153 oleum.
2425 1104 2529 1144 nec
2549 1086 2730 1143 thuris
2760 1085 2966 1156 aliquid
2986 1085 3251 1155 imponet,
3283 1081 3435 1152 quia
3460 1095 3572 1150 pro
3601 1091 3815 1148 peccato

2185 1124 2389 1153 νιουιιι.
2426 1124 2529 1144 ..υυ
2554 1124 2730 1143 ,ιω-..ο
2760 1124 2966 1156 ...ηιωυ
2988 1124 3251 1155 ....,,υ..ν.,
3284 1124 3435 1152 Ψ...-
3462 1124 3568 1150 rw
3601 1124 3813 1148 την..-

2185 1189 2289 1244 est,
2315 1180 2598 1248 tradetque
2625 1192 2745 1232 eam
2794 1175 3084 1237 sacerdoti,
3138 1174 3231 1244 qui
3280 1173 3547 1244 plenum
3599 1185 3671 1223 ex
3711 1180 3816 1225 toto
3944 1124 3946 1279 |

2184 1268 2448 1341 pugillum
2478 1266 2762 1331 hauriens,
2798 1265 3062 1322 cremabit
3088 1279 3256 1335 super
3315 1262 3519 1317 altare
3573 1260 3633 1315 in

2186 1368 2516 1416 numentum
2590 1359 2709 1428 ejus
2766 1357 2860 1428 qui
2912 1355 3152 1420 obtulit,
3212 1368 3446 1426 rogans
3550 1365 3659 1421 pro
3726 1350 3814 1403 illo

2187 1462 2242 1508 et
2292 1452 2540 1523 expians.
2597 1449 2884 1521 Reliquam
2918 1463 3053 1504 vero
3101 1456 3323 1518 partem
3388 1444 3526 1515 ipse
3597 1441 3811 1497 habebit

2189 1544 2245 1599 in
2268 1560 2517 1599 munere.
2549 1562 2568 1596 ι

2261 1636 2401 1691 Num
2425 1636 2617 1690 eadem
2650 1633 2926 1706 legislator
2952 1633 3199 1704 repetit?
3223 1630 3382 1687 Cum
3422 1626 3487 1682 in
3520 1623 3808 1697 praeteritis

2189 1732 2390 1802 quippe
2412 1730 2639 1786 dixisset
2658 1729 2829 1800 quod,
2865 1729 2909 1784 si
2943 1725 3253 1799 peccaverit
3283 1724 3367 1780 de
3396 1720 3626 1793 populo
3658 1726 3809 1776 terra:

2189 1838 2287 1892 per
2320 1820 2702 1893 ignorantiam,
2727 1829 2788 1873 ut
2816 1818 2978 1874 faciat
3011 1815 3295 1888 quidpiam
3328 1828 3407 1867 ex
3439 1810 3538 1865 his
3562 1807 3803 1879 quat-Do-

2188 1913 2321 1967 mini
2375 1912 2491 1983 lege
2530 1910 2891 1981 prohibentur
2940 1916 3105 1977 atque
3167 1905 3501 1972 delinquat.
3566 1900 3805 1953 Genera-

2189 2005 2313 2059 liter
2335 2003 2403 2058 de
2424 2002 2578 2057 omni
2597 2010 2820 2071 peccato
2852 1999 3179 2071 praecipiens
3206 2006 3264 2052 et
3292 1994 3528 2065 jubens
3551 2005 3677 2060 qua:
3714 1990 3802 2044 de-

2188 2094 2383 2149 berent
2418 2091 2628 2156 oﬁerri,
2658 2104 2809 2145 nunc
2828 2102 3045 2159 quoque
3068 2086 3137 2141 de
3193 2084 3427 2141 eisdem
3491 2078 3625 2134 aliis
3670 2092 3801 2146 quo-

2189 2186 2483 2243 dammodo
2512 2184 2729 2239 videtur
2755 2182 2970 2237 sancire
2996 2178 3383 2235 sermonibus.
3423 2170 3798 2271 Quamobrem

2189 2287 2373 2333 autem
2404 2276 2659 2348 superius
2690 2275 2938 2346 quaedam
2975 2288 3075 2343 pro
3091 2280 3339 2342 peccato,
3367 2276 3433 2321 et
3480 2280 3603 2319 non
3624 2277 3798 2363 omnia

2189 2369 2457 2440 exposuit.
2482 2367 2779 2438 Oportebat
2820 2365 3023 2435 quippe
3093 2370 3154 2417 ut
3176 2370 3271 2415 aut
3294 2358 3504 2414 omnia
3534 2371 3640 2426 per
3693 2358 3799 2455 sin-

2189 2463 2310 2535 gula
2339 2469 2663 2531 exponeret,
2691 2468 2787 2513 aut
2824 2457 3045 2529 penitus
3094 2454 3256 2517 nihil,
3316 2466 3482 2551 cum‘
3526 2445 3794 2551 generalis

2189 2557 2239 2612 ei
2288 2555 2686 2612 demonstratio
2729 2551 2938 2624 peccati
3001 2548 3297 2604 sufﬁceret.
3359 2544 3483 2600 Sed
3553 2557 3670 2597 non
3726 2544 3793 2593 ita

2190 2663 2249 2704 se
2311 2648 2515 2703 habent
2562 2646 2729 2701 verba
2788 2641 3140 2715 legislatoris,
3211 2638 3363 2694 sicut
3419 2634 3655 2730 quidam
3700 2646 3792 2730 ne-

2193 2740 2457 2811 gligenter
2536 2736 2775 2807 legentes
2871 2731 3219 2789 existimant.
3316 2725 3575 2794 Quando
3656 2725 3792 2776 enim

2190 2829 2332 2883 dixit
2372 2846 2385 2882 :
3109 2908 3121 2916 ‘
3550 2903 3563 2916 .

2261 2918 2473 2984 Quodsi
2515 2917 2808 2986 peccaverit
2840 2914 2905 2968 de
2959 2908 3153 2982 populo
3191 2916 3352 2963 terra:
3378 2921 3484 2975 per
3543 2908 3789 2973 ignorau-

2190 3013 2342 3075 tiam,
2371 3022 2429 3065 ut
2457 3012 2619 3084 faciat
2640 3009 2919 3081 quidpiam
2949 3023 3015 3061 ea:
3043 3005 3123 3059 his
3145 3018 3263 3074 qua:
3292 2998 3520 3055 Domini
3544 2998 3655 3067 lege
3668 3010 3782 3065 pro-

2188 3106 2453 3170 hibentur,
2481 3113 2642 3175 atque
2665 3102 2957 3171 delinquat,
2988 3096 3300 3155 sensibilem
3322 3092 3595 3190 lsraelem
3609 3098 3786 3190 esten—

2190 3198 2288 3264 dit,
2322 3197 2415 3267 qui
2436 3210 2770 3266 cognoscens
2804 3194 2895 3249 Dei
2933 3192 3221 3256 mandata,
3258 3205 3373 3245 non
3403 3185 3607 3244 debuit
3628 3179 3779 3251 quid-

2193 3287 2341 3360 piam
2372 3286 2506 3360 legis
2539 3284 2864 3358 transgredi.
2897 3282 3300 3354 Transgressus
3326 3289 3547 3339 autem,
3567 3271 3782 3342 implere

2191 3381 2377 3438 debuit
2397 3396 2461 3436 ea
2492 3396 2615 3450 qua:
2640 3379 2706 3434 ad
2742 3376 3126 3449 paenitentiam
3150 3373 3458 3445 pertinent.
3522 3367 3578 3423 In
3645 3379 3775 3436 prae-

2192 3473 2335 3530 senti
2361 3481 2545 3527 autem
2577 3471 2812 3525 dicens:
2863 3468 2921 3523 Si
2963 3466 3276 3538 peccaverit
3317 3465 3531 3523 anima,
3582 3470 3772 3553 nequa-

2192 3581 2359 3637 quam
2392 3562 2621 3629 addidit,
2657 3561 2725 3616 de
2761 3559 2961 3631 populo
2978 3568 3158 3620 teme,
3185 3568 3241 3610 et
3270 3554 3613 3609 rectissime.
3645 3546 3773 3637 Dicit

2192 3634 2341 3714 enim
2369 3665 2590 3726 peccata
2626 3671 2658 3709 a
2683 3653 2885 3723 quibus
2904 3666 3131 3706 necesse
3187 3649 3279 3711 sit,
3308 3643 3620 3701 secundum
3640 3634 3773 3706 quod

2194 3748 2539 3811 aitJacobus,
2558 3746 2723 3801 etiam
2736 3746 2842 3799 .hos
2856 3742 2947 3813 qui
2964 3750 3092 3797 sunt
3118 3756 3182 3795 ex
3207 3737 3466 3810 gentibus
3490 3730 3765 3788 abstinere.

2195 3839 2250 3897 id
2266 3848 2350 3896 est
2376 3837 2711 3908 idolothytis,
2732 3844 2789 3891 et
2808 3832 3113 3897 suﬁ'ocatis,
3151 3840 3209 3886 et
3263 3828 3557 3899 sanguine,
3584 3832 3638 3878 et
3670 3820 3769 3873 lur-

2196 3932 2499 3988 nicatione.
2530 3930 2591 3984 ln
2621 3928 2709 3984 his
2732 3928 2879 3983 enim
2922 3925 3173 3981 invenies
3228 3922 3521 3993 sequentia
3576 3926 3768 4016 connu-

2196 4031 2426 4079 merata.
2452 4021 2659 4077 Deinde
2688 4020 2941 4090 superius
2970 4017 3114 4089 quod
3171 4025 3254 4071 est
3280 4023 3571 4085 peccatum
3591 4016 3765 4061 unius-

2196 4116 2463 4187 cujusque
2484 4128 2582 4184 per
2608 4111 2965 4181 semetipsum
3002 4106 3398 4177 delinquentis,
3429 4098 3650 4200 etquod
3677 4109 3767 4200 per

2196 4220 2257 4263 se
2283 4205 2407 4274 quis
2436 4202 2627 4275 gessit,
2649 4200 2984 4269 designatur.
3013 4198 3113 4252 Hic
3142 4205 3327 4251 autem
3365 4210 3496 4250 eum
3526 4190 3617 4262 qui
3644 4187 3760 4288 alie-

2197 4300 2283 4355 nis
2307 4295 2541 4369 peccatis
2561 4291 2991 4350 communicavit
3042 4290 3412 4355 demonstrat,
3466 4287 3572 4341 hoc
3627 4291 3758 4381 etum

2198 4399 2374 4446 tactus
2399 4385 2665 4442 immundi
2700 4392 2757 4439 et
2780 4380 3084 4444 morticini,
3144 4388 3201 4433 et
3241 4394 3272 4432 a
3302 4378 3496 4433 bestiis
3522 4378 3655 4443 capti
3684 4378 3758 4422 in-

2196 4481 2338 4545 nuit,
2363 4494 2473 4534 non
2497 4492 2593 4548 per
2623 4474 2933 4546 aenigmata,
2964 4471 3058 4527 sed
3082 4476 3272 4537 aperte
3297 4480 3601 4537 exponens.
3626 4456 3758 4531 quod

516 4580 602 4626 ea.
660 4566 970 4633 subiacebit
1021 4568 1245 4626 delicto.
1292 4574 1490 4629 Anima
1527 4552 1980 4648 quze'juraveri‘t,
2034 4587 2093 4635 et
2127 4583 2169 4637 ι)
2197 4573 2415 4645 quidam
2449 4568 2781 4639 despiciunt,
2803 4565 2980 4631 idest,
3023 4562 3251 4617 alterius
3279 4562 3333 4616 in
3359 4572 3603 4615 errorem
3636 4552 3751 4608 mit-

514 4658 802 4731 protulerit
826 4660 985 4718 lablls
1013 4663 1147 4729 suis,
1179 4671 1239 4718 ut
1260 4665 1345 4721 vel
1368 4666 1508 4721 male
1536 4668 1667 4737 quid
1693 4668 1875 4725 facere
1902 4671 2089 4737 vellet,

2194 4665 2360 4719 tentis
2381 4678 2491 4717 non
2511 4674 2740 4731 arguere
2798 4670 3063 4715 errorem,
3114 4653 3211 4709 sed
3258 4665 3588 4709 consensum
3632 4657 3753 4716 prat-

514 4751 602 4806 νθι
642 4755 799 4815 bene.
836 4761 892 4809 et
914 4753 1153 4825 idipsum
1200 4756 1516 4826 juramento
1538 4767 1595 4813 et
1619 4776 1872 4816 sermone
1902 4763 2090 4818 ﬁrma-
2192 4755 2343 4809 bere.
2373 4752 2529 4807 Nunc
2552 4766 2683 4822 ergo
2710 4746 3099 4817 ostenditquia
3118 4754 3175 4800 et
3200 4745 3256 4799 in
3288 4745 3395 4799 hoc
3420 4741 3750 4800 oblationem.

513 4845 654 4900 verit
704 4845 978 4915 oblitaque
1005 4856 1191 4915 postea
1245 4848 1576 4905 intellexerit
1600 4850 1863 4907 delictum
1895 4868 2082 4922 suum,

515 4947 638 5009 agat
686 4938 1064 5007 paenitentiam
1087 4955 1187 5011 pro
1212 4953 1458 5010 peccato,
1487 4952 1542 4998 et
1572 4944 1767 4999 oll‘erat
1791 4961 1987 5017 agnam
2023 4948 2094 5003 de

516 5029 787 5102 gregibus.
819 5029 935 5086 sive
958 5046 1199 5101 capram,
1228 5033 1512 5108 orabitque
1563 5052 1661 5107 pro
1689 5053 1756 5094 eo
1809 5041 2093 5104 sacerdos,

516 5129 573 5176 et
601 5136 701 5189 pro
728 5130 951 5189 peccato
980 5121 1119 5189 ejus.
1151 5120 1248 5175 Sin
1284 5133 1465 5182 autem
1501 5141 1611 5182 non
1631 5129 1869 5196 potuerit
1888 5129 2091 5185 oﬁ‘erre

518 5226 706 5284 pecus,
733 5210 929 5265 oﬁ‘erat
948 5210 1086 5266 duos
1115 5220 1355 5268 turtures
1387 5216 1467 5269 vel
1496 5216 1634 5272 duos
1665 5219 1841 5287 pullos
1879 5220 2097 5274 colum-

518 5300 710 5361 barum
745 5300 993 5365 Domino,
1026 5317 1190 5356 unum
1257 5319 1357 5373 pro
1387 5316 1630 5375 peccato,
1660 5316 1717 5362 et
1750 5309 1985 5363 alterum
2040 5309 2096 5364 in

519 5390 920 5456 holocaustum,
954 5392 1213 5464 dabitque
1256 5411 1352 5452 eos
1372 5398 1666 5453 sacerdoti.
1696 5398 1798 5464 Qui
1854 5399 2093 5469 primum

519 5476 757 5537 oll‘erens
775 5494 875 5549 pro
895 5490 1139 5550 peccato,
1168 5485 1508 5554 retorquebit
1529 5495 1694 5555 caput
1715 5486 1836 5555 ejus
1863 5488 1933 5542 ad
1956 5502 2094 5556 pen-

520 5569 701 5636 nulas,
732 5569 807 5625 ita
841 5573 1053 5630 utcollo
1084 5575 1305 5642 haereat,
1331 5587 1387 5632 et
1410 5593 1518 5631 non
1540 5579 1761 5647 penitus
1798 5579 2097 5650 abrumpa-

522 5668 632 5726 tur,
654 5669 709 5715 et
728 5670 980 5734 asperget
1001 5664 1069 5719 de
1098 5666 1364 5735 sanguine
1416 5667 1538 5736 ejus
1586 5658 1857 5738 parietem
1884 5669 2102 5727 altaris.

523 5748 795 5824 Quidquid
819 5763 1002 5810 autem
1031 5755 1299 5827 reliquum
1317 5755 1502 5827 fuerit,
1530 5756 1694 5815 faciet
1720 5758 1988 5817 distillare
2039 5761 2108 5817 ad

598 5890 643 5922 "
661 5887 854 5949 Matth.
885 5908 939 5957 ι,
972 5891 1055 5947 l6.

2194 4861 2315 4901 eam
2378 4843 2633 4899 videlicet
2680 4857 2803 4911 quze
2846 4840 2914 4895 ad
2961 4838 3300 4909 pmnitentiae
3374 4832 3753 4893 absolutionem

2196 4938 2454 5010 pertinet,
2478 4933 2843 4990 necessariam
2868 4933 3196 4987 habeamus.
3703 5013 3713 5025 .

2265 5030 2324 5085 Si
2354 5029 2641 5099 peccaverit
2684 5029 2890 5088 anima,
2926 5035 2975 5080 et
3032 5025 3268 5079 audierit
3324 5040 3501 5078 vocem
3522 5022 3749 5115 juratttt'S.

2201 5122 2443 5193 testisque
2464 5118 2797 5190 fuerit,quod
2827 5126 2922 5169 aut
2955 5117 3065 5185 ipse
3104 5116 3255 5179 vidit,
3294 5124 3383 5168 aut
3434 5109 3741 5212 consciust-il.

2200 5215 2368 5281 idest,
2404 5213 2450 5267 si
2471 5212 2652 5282 aliqua
2683 5212 2884 5281 furtum
2911 5221 3005 5262 aut
3060 5208 3238 5261 dolum
3257 5209 3501 5279 faciente,
3533 5213 3575 5259 et
3596 5208 3749 5272 μεμι-

2199 5308 2427 5361 randum
2451 5320 2547 5375 pro
2577 5306 2650 5358 eis
2676 5306 2857 5366 dante,
2887 5305 3064 5358 videns
3087 5302 3297 5372 aliquis
3308 5302 3509 5372 furtum
3539 5304 3623 5351 aut
3667 5289 3745 5343 da‘

2201 5394 2307 5449 lum
2336 5412 2489 5465 quem
2511 5396 2655 5465 fecit,
2715 5393 2796 5447 vel
2830 5392 2990 5446 aliter
3017 5393 3251 5445 conscius
3283 5390 3421 5460 quod
3449 5389 3577 5460 false
3597 5383 3739 5453 jurel.

2201 5503 2302 5541 non
2324 5486 2632 5554 prodiderit,
2654 5484 2885 5555 portabit
2929 5484 3285 5554 iniquitatem.
3319 5481 3387 5535 Et
3442 5489 3596 5535 recte.
3633 5468 3739 5526 Nam

2206 5578 2293 5633 cui
2315 5578 2469 5634 licuit
2494 5594 2722 5649 arguere
2754 5587 3058 5645 peccatum,
3090 5586 3146 5631 et
3194 5575 3347 5638 texit,
3410 5575 3615 5643 adjutor
3648 5563 3742 5665 citi!

2208 5669 2398 5741 procul
2420 5670 2585 5725 dubio
2615 5669 2791 5724 factus
2818 5678 2922 5723 est.
2961 5667 3064 5734 Qui
3110 5683 3242 5723 vero
3264 5668 3555 5722 auxiliatus
3576 5669 3662 5721 est,
3691 5668 3735 5707 ιη

2212 5761 2573 5833 semetipsum
2630 5770 2917 5833 peccatum
2970 5760 3150 5817 traxit.
3200 5758 3318 5817 Non
3382 5760 3553 5817 solum
3593 5760 3738 5810 autem
