4046 6442
76 438 219 504 833

1279 435 1360 498 IN
1395 434 1838 500 LEVITICUM.
1882 461 1946 475 -
1987 437 2137 499 LIB.
2178 439 2232 501 Ι.

3284 447 3389 512 Itth

86 550 595 621 praedictipeceati
659 547 1065 606 immunditiam
1113 547 1423 602 cvitandam
1476 547 1704 618 putavit,
1742 554 1779 610 Α
1812 547 2216 603 conniventiam
2248 545 2476 619 prabet,
2516 548 2602 605 vel
2663 548 2718 605 in
2772 566 2840 606 eo
2891 553 3037 623 quod
3070 553 3393 626 placentia-

86 646 211 699 sed
230 654 289 699 et
314 645 362 698 si
389 644 514 714 quis
542 643 782 712 tetigerit
837 658 1056 697 omnem
1089 656 1204 696 rem
1228 641 1586 706 immundam,
1610 650 1704 696 aut

84 735 491 799 morticinam,
525 743 622 789 aut
650 749 681 787 a
715 728 907 789 bestiis
952 741 1192 802 captam,
1252 719 1363 786 non
1430 733 1701 803 corporis,

81 814 223 881 δεξί’
242 826 322 880 rei
350 826 664 881 immundas
691 825 937 880 actiones
964 824 1257 879 ostendere
1291 823 1540 894 cupiens,
1597 838 1703 878 nec

81 916 233 983 illas
260 916 644 971 immunditias
691 930 830 987 quas
866 914 1180 971 Judzeorum
1228 930 1363 987 gens
1402 915 1699 969 existimat.

85 1007 246 1073 Quae
284 1008 396 1063 sint
424 1016 609 1062 autem
666 1008 918 1063 actiones
982 1023 1213 1077 quarum
1275 1006 1704 1060 communicatio

82 1101 260 1155 sicut
293 1099 702 1155 immundarum
733 1099 988 1155 evitanda
1015 1107 1119 1163 est,
1146 1097 1397 1152 Salvator
1425 1097 1702 1168 apostolos

80 1191 321 1255 docuit,
364 1193 593 1248 dicens:
653 1192 836 1247 Adhuc
860 1201 909 1247 et
947 1208 1034 1246 vos
1078 1192 1191 1244 sine
1246 1190 1511 1244 intellectu
1537 1190 1705 1244 estis?

80 1281 339 1338 Nescitis
367 1286 492 1356 quia
524 1301 676 1339 omne
703 1286 842 1357 quod
896 1285 1192 1357 ingreditur
1233 1284 1289 1336 in
1345 1300 1423 1349 os,
1479 1283 1534 1336 in
1579 1298 1705 1336 ven-

89 1382 249 1428 trem
284 1376 453 1441 vadit,
485 1378 622 1431 etin
669 1392 929 1430 secessum
986 1374 1247 1429 emittitur
1279 1389 1299 1427 :
1353 1388 1469 1443 qua:
1525 1381 1703 1425 autem

86 1468 460 1538 egrediuntur
485 1468 550 1522 de
574 1483 684 1531 ore,
711 1468 774 1521 de
795 1467 949 1520 corde
977 1474 1168 1520 exeunt
1192 1505 1207 1530 ,
1278 1474 1327 1519 et
1370 1466 1480 1519 lucc
1528 1464 1703 1533 inqui-

88 1569 243 1612 nant
275 1559 540 1612 hominem
561 1559 587 1612 ?
618 1558 825 1613 Etenim
854 1560 916 1612 de
971 1558 1124 1611 corde
1146 1567 1335 1610 exeunt
1357 1557 1700 1627 cogitationes

87 1650 291 1713 malit,
320 1650 629 1717 homicidia,
660 1650 953 1715 adulteria,
987 1650 1127 1720 falsa
1178 1650 1499 1710 testimonia,
1532 1651 1699 1720 furta,

86 1743 460 1814 blasphemia.
500 1740 628 1799 Hice
646 1751 766 1797 sunt
811 1757 927 1814 qua:
956 1743 1294 1813 coinquinant
1317 1743 1699 1810 hominem)“.

92 1835 349 1908 Propter
379 1837 525 1908 quod
556 1845 612 1892 et
633 1836 929 1891 immunda:
979 1851 1091 1901 res,
1151 1844 1341 1906 utpote
1390 1836 1700 1906 polluentes

86 1942 201 1981 eos
229 1943 260 1981 a
302 1928 504 1998 quibus
529 1934 845 1999 tanguntur,
879 1925 933 1981 id
964 1933 1047 1981 est
1068 1940 1163 1981 eos
1179 1927 1268 1996 qui
1288 1926 1695 1981 communicant
1733 1912 1770 1966 Β

86 2021 205 2083 eis.
234 2037 265 2075 a
312 2020 622 2092 legislatore
680 2017 970 2073 intellecta:
1030 2024 1160 2072 sunt
1228 2017 1550 2072 morticinae.
1599 2016 1695 2072 His

86 2110 299 2165 similis
322 2119 407 2165 est
434 2111 488 2164 in
525 2109 823 2181 polluendo
880 2109 1046 2163 homo
1110 2107 1203 2179 qui
1252 2124 1349 2179 per
1409 2118 1693 2179 peccatum

86 2215 356 2259 mortuus
385 2213 488 2271 est,
516 2204 582 2258 de
610 2203 864 2273 qualibus
896 2201 1162 2256 Dominus
1200 2202 1417 2256 dicebat
1441 2219 1453 2254 :
1480 2202 1695 2256 Dimitte

85 2304 338 2348 mortuos
366 2293 581 2360 sepelire
604 2301 837 2347 mortuos
859 2307 979 2345 suos
1014 2292 1083 2348 “.
1115 2290 1161 2343 A
1189 2290 1379 2345 bestiis
1396 2298 1575 2344 autem
1598 2304 1695 2343 ca-

85 2397 228 2456 ptus
258 2396 363 2453 est,
392 2387 506 2457 qui,
527 2394 789 2457 operante
822 2385 876 2438 in
907 2399 976 2439 eo
1000 2383 1237 2444 diabolo,
1273 2391 1483 2438 tractus
1502 2391 1587 2437 est
1625 2381 1695 2437 ad

82 2477 342 2547 aliquam
376 2478 648 2531 actionem
676 2477 897 2539 malam,
947 2474 1409 2545 quemadmodum
1433 2473 1601 2528 Judas
1624 2474 1691 2528 ad

86 2567 432 2623 tradendum
467 2568 779 2634 Dominum,
813 2569 883 2623 de
941 2583 1052 2639 quo
1079 2565 1323 2622 Joannes
1360 2566 1693 2637 evangelista

82 2666 173 2714 ait
218 2680 234 2716 :
273 2660 343 2714 Et
369 2663 513 2734 facta
536 2678 704 2726 cana,
767 2661 1083 2735 imminente
1110 2660 1322 2714 diabolo
1354 2661 1410 2714 in
1433 2678 1521 2714 cor
1554 2660 1689 2729 ejus,

85 2766 151 2809 ut
191 2758 573 2810 tradereteunt
606 2755 773 2809 ludas
829 2753 1061 2810 Simonis
1112 2754 1384 2809 Iscariotte
1403 2755 1504 2808 "‘.
1552 2755 1692 2821 Quia

94 2856 295 2902 autem
326 2848 381 2901 in
402 2844 543 2901 LXX
574 2846 948 2911 translatione,
985 2861 1097 2900 non
1150 2844 1291 2900 dixit
1315 2843 1635 2915 simpliciter
1659 2860 1691 2899 a

86 2938 272 2993 bestia
306 2948 548 3009 captum,
584 2938 680 2993 sed
716 2936 945 3002 addidit,
1000 2936 1370 2998 immundum,
1412 2935 1505 3005 qui
1536 2943 1621 2990 est
1659 2949 1692 2989 a

86 3028 278 3083 bestia
314 3037 526 3098 captus,
562 3038 721 3098 putas
747 3042 857 3081 non
903 3033 989 3081 est
1017 3026 1335 3080 omnimodo
1365 3034 1422 3080 et
1447 3026 1690 3080 immun-

84 3123 240 3178 dus?
272 3122 345 3178 Et
373 3122 609 3178 dicimus
642 3140 656 3176 :
691 3121 1067 3192 Nequaquam.
1119 3119 1307 3191 Neque
1336 3120 1481 3175 enim
1514 3118 1692 3174 onmis

84 3218 187 3287 qui
223 3234 257 3271 a
291 3216 464 3271 bestia
486 3215 716 3287 capitur,
745 3215 860 3285 jam
920 3214 1237 3271 omnimodo
1266 3214 1335 3268 ab
1372 3229 1436 3267 ea
1467 3222 1523 3268 et
1550 3212 1693 3268 occi-

86 3310 265 3364 ditur.
300 3308 553 3363 Forsitan
583 3310 731 3363 enim
757 3318 814 3364 et
844 3317 1131 3380 postquam
1161 3308 1374 3377 capitur
1407 3307 1689 3370 liberatur,

87 3402 244 3456 sicut
276 3402 472 3457 Petrus
504 3421 518 3456 :
550 3402 741 3457 incidit
778 3402 927 3457 enim
986 3403 1040 3455 in
1075 3400 1279 3456 diaboli
1303 3400 1515 3469 laqueo,
1553 3408 1694 3454 tem-

88 3510 231 3562 pore
274 3494 606 3565 negationis.
640 3494 744 3549 Sed
774 3502 829 3548 et
896 3494 1228 3565 resipiscens
1258 3496 1452 3559 evasit,
1478 3502 1533 3547 et
1564 3493 1697 3548 dicit

96 3603 233 3641 cum
263 3586 478 3641 David:
521 3587 711 3640 Anima
741 3603 859 3641 mea
915 3587 1049 3640 sicut
1093 3602 1274 3655 passer
1311 3595 1488 3655 erepta
1519 3594 1594 3638 est
1633 3585 1696 3637 de

89 3679 291 3749 laqueo
318 3680 626 3734 venantium
647 3680 713 3733 9’.
751 3679 849 3734 llic
872 3695 1005 3749 ergo
1062 3677 1380 3732 immundus
1427 3692 1538 3732 non
1566 3686 1649 3731 est
1675 3692 1691 3743 ;

88 3767 476 3837 sedquaadam
506 3766 850 3829 diﬁerentite,
908 3768 961 3820 id
1002 3776 1105 3831 est,
1164 3767 1466 3820 secundum
1528 3765 1690 3830 LXX,

90 3859 523 3913 morticinorum
556 3859 747 3929 positae
773 3866 924 3912 sunt.
954 3856 1031 3912 De
1064 3857 1265 3927 quibus
1296 3857 1695 3927 quaedamdixit

90 3966 220 4005 esse
252 3966 475 4020 pecora,
512 3951 758 4022 quaedam
786 3965 919 4005 vero
946 3950 1408 4004 abominatioues.
1447 3950 1691 4004 lllortici-

91 4058 230 4097 num
262 4053 451 4098 autem
471 4059 661 4114 pecus,
697 4053 781 4099 est
814 4044 978 4098 homo
1039 4058 1137 4113 per
1164 4042 1531 4113 insipientiam
1562 4056 1693 4112 pee-

90 4151 252 4199 cans.
288 4147 347 4191 et
370 4137 643 4208 pecudum
676 4146 865 4191 contra
894 4137 1069 4207 legem
1106 4135 1272 4189 vitam
1307 4135 1535 4199 ducens,
1556 4149 1693 4204 qua-

92 4230 242 4284 libus
272 4232 353 4283 ait
376 4230 545 4283 David
571 4245 584 4281 :
622 4229 796 4283 Nolite
813 4230 929 4297 ﬁeri
954 4232 1089 4283 sicut
1121 4246 1285 4301 equus
1313 4240 1361 4283 et
1389 4229 1584 4290 mulus.
1636 4230 1693 4282 in

93 4320 288 4387 quibus
314 4335 421 4371 non
448 4332 520 4374 est
547 4320 840 4373 intellectus
870 4321 915 4352 ⁸⁸
949 4338 962 4386 ;
994 4320 1087 4375 sed
1148 4320 1311 4375 etiam
1345 4320 1414 4375 de
1444 4321 1695 4390 qualibus

94 4408 371 4466 Jeremias
402 4413 478 4467 ait
510 4428 521 4464 :
547 4412 650 4479 Qui
677 4415 986 4467 admissarii
1009 4415 1137 4485 facti
1166 4428 1309 4479 sunt,
1338 4416 1691 4485 unusquisque

97 4520 284 4558 eorum
312 4509 385 4559 ad
416 4520 638 4559 uxorem
670 4507 899 4575 proximi
927 4507 1011 4559 sui
1057 4506 1410 4560 Itinnidmt”.
1463 4505 1690 4560 Abomi-

1722 3274 1765 3334 C

1808 639 1900 703 lia,
1935 640 2111 695 modis
2134 641 2392 695 omnibus
2444 642 2725 712 polluitur.
2757 644 2855 699 llic
2876 661 3073 701 sensus
3129 664 3197 703 eo
3228 652 3394 707 minio

1807 732 1864 787 in
1934 734 2190 803 praesenti
2263 750 2483 805 quoque
2556 737 2918 794 translatione
2949 739 2996 794 si
3051 740 3388 806 intendatur,

1806 824 1974 880 venit.

1874 913 1979 969 Sed
2005 923 2054 969 et
2088 916 2136 970 si
2164 916 2387 987 tetigerit
2412 918 2685 984 quidpiam
2707 920 2771 973 de
2802 920 3136 977 immunditia
3166 925 3393 980 hominis

1798 1004 1960 1075 jua'ta
1988 1023 2194 1061 omnem
2219 1009 2587 1077 impuritatem
2624 1027 2726 1081 qua
2769 1011 2936 1081 pollui
2963 1013 3114 1078 solet,
3151 1016 3215 1068 de
3245 1016 3390 1070 omni

1804 1099 2066 1152 munditia
2099 1100 2213 1168 ejus
2243 1117 2608 1171 quamcunque
2638 1115 2857 1173 tangens
2914 1104 3148 1173 pollutus
3207 1107 3387 1178 fuerit.

1804 1189 1947 1244 Dicit
1974 1197 2156 1244 autem
2217 1194 2517 1245 secundum
2561 1192 2820 1258 litteram,
2872 1209 2969 1249 eos
3026 1196 3117 1265 qui
3165 1197 3392 1252 seminis

1802 1280 2007 1336 ﬂuxum
2032 1282 2335 1352 patiuntur,
2361 1290 2418 1337 et
2453 1294 2844 1350 menstruatas,
2866 1294 2921 1339 et
2946 1289 3208 1356 quosdam
3231 1289 3388 1356 alios,

1802 1373 1871 1428 de
1912 1373 2114 1443 quibus
2130 1374 2386 1429 subtilius
2416 1375 2533 1445 ipse
2571 1374 2850 1446 legislator
2874 1379 3038 1448 paulo
3073 1388 3193 1448 post
3229 1380 3388 1444 dicit,

1804 1464 1860 1519 in
1887 1464 2085 1533 quibus
2121 1466 2316 1519 horum
2351 1466 2751 1536 expositionem
2800 1471 3202 1525 reservavimus
3234 1488 3247 1522 :
3282 1473 3390 1525 hoc

1802 1558 2144 1613 solummodo
2192 1575 2338 1614 nunc
2376 1575 2478 1629 pro
2523 1563 3045 1617 commemoratione
3097 1575 3387 1633 ponentes,

1801 1649 1945 1718 quod
1980 1666 2091 1705 non
2115 1650 2295 1705 omnis
2316 1652 2661 1706 immunditia
2720 1653 2963 1709 hominis
3011 1656 3204 1724 polluit
3263 1666 3387 1709 tan-

1800 1750 2041 1811 gentem,
2084 1741 2315 1812 ideoque
2336 1742 2485 1796 enim
2522 1742 2660 1797 dixit
2691 1758 2705 1796 :
2734 1744 2902 1799 Juxta
2926 1762 3133 1800 omnem
3158 1747 3388 1816 impuri-

1802 1843 1961 1888 tatem
1991 1850 2094 1904 qua
2124 1835 2290 1903 pollui
2312 1834 2463 1901 solet,
2514 1836 2816 1890 secundum
2870 1837 3014 1891 LXX
3068 1850 3249 1893 autem
3321 1841 3387 1895 ab

1802 1928 1945 1981 omni
1966 1927 2303 1981 immunditia
2332 1926 2467 1996 ejus,
2500 1944 2662 1998 quant
2693 1938 2912 1999 tangens
2943 1930 3172 1999 pollutus
3204 1934 3388 2003 fuerit.

1800 2017 1932 2084 Quae
1956 2019 2066 2072 sint
2092 2027 2276 2073 autem
2312 2019 2396 2073 hae
2434 2034 2561 2074 cum
2595 2019 2663 2074 de
2721 2020 2803 2075 eis
2846 2019 3124 2093 legislator
3170 2023 3387 2079 locutus

1802 2108 1984 2174 fuerit,
2019 2111 2266 2165 dicemus
2298 2128 2313 2166 :

1871 2203 2066 2257 Anima
2092 2202 2491 2274 quwjuraverit
2526 2214 2576 2257 et
2629 2204 2906 2273 protulerit
2955 2204 3110 2260 labiis
3152 2205 3283 2261 suis.
3324 2204 3384 2261 Id

1799 2305 1885 2351 est
1918 2304 2102 2365 aperte
2127 2282 2472 2365 promittens,
2506 2297 2651 2366 quod
2680 2297 2821 2351 LXX
2867 2297 3080 2365 dicunt,
3127 2313 3385 2369 separaris

1801 2386 1986 2451 labris,
2022 2395 2083 2441 ut
2116 2386 2199 2441 vel
2232 2386 2372 2441 male
2411 2388 2541 2457 quid
2571 2387 2751 2442 facere
2793 2388 2975 2452 vellet,
3011 2388 3096 2442 vel
3125 2390 3283 2454 bene,
3328 2388 3385 2443 in

1800 2480 1998 2549 quibus
2028 2489 2313 2551 peccatum
2340 2488 2446 2546 est,
2480 2481 2701 2550 quando
2750 2480 2798 2534 is
2827 2480 2920 2550 qui
2961 2480 3101 2535 bene
3131 2480 3387 2550 promisit

1798 2573 1981 2628 facere
2011 2574 2296 2639 mentitur,
2323 2584 2418 2627 aut
2456 2573 2549 2644 qni
2590 2572 2730 2627 mala
2786 2574 3025 2628 minatus
3047 2584 3149 2637 est,
3176 2574 3383 2628 verita-

1799 2672 1909 2720 tem
1940 2665 2093 2721 dicit.
2121 2664 2276 2731 Quod
2313 2674 2369 2720 et
2407 2664 2653 2719 Herodes
2698 2680 2992 2734 perpessus
3020 2672 3125 2728 est,
3159 2664 3253 2734 qui
3284 2680 3385 2735 pro

1798 2772 1865 2811 eo
1891 2757 2034 2827 quod
2056 2756 2260 2827 juravit
2284 2755 2579 2811 llerodiadi
2601 2755 2868 2811 Joannem
2892 2755 3185 2826 Baptistam
3205 2756 3385 2826 capite

1797 2848 2164 2913 detruncavit,
2201 2849 2475 2919 oblitaque
2498 2856 2686 2919 postea
2734 2849 3063 2903 intellexerit
3122 2848 3382 2904 delictum

1797 2956 1977 2996 suum.
2002 2939 2197 2995 Omnia
2223 2940 2340 2995 llch
2378 2940 2632 2995 videlicet
2659 2955 2782 3009 qua!
2813 2938 2958 2995 dicta
3000 2949 3151 3002 sunt.
3207 2955 3385 2996 unus-

1796 3034 2027 3104 quisque
2049 3049 2173 3089 cum
2204 3033 2440 3088 senserit
2465 3043 2519 3087 et
2540 3034 2885 3105 cognoverit,
2914 3033 3384 3103 conﬁteaturpec-

1797 3136 1979 3182 catum
2004 3126 2148 3197 quod
2182 3126 2331 3191 fecit,
2369 3136 2424 3181 et
2453 3126 2860 3198 otfcratagnam
2894 3125 2962 3181 de
2987 3126 3241 3197 gregibus
3270 3126 3387 3182 sive

1798 3233 2043 3289 capram,
2077 3218 2203 3288 quia
2230 3220 2299 3274 de
2324 3216 2511 3288 aliquo
2536 3219 2629 3289 qui
2651 3218 2719 3274 de
2764 3219 2967 3289 populo
2996 3229 3101 3285 est,
3132 3218 3386 3273 videlicet

1798 3314 1867 3369 de
1891 3312 2051 3384 vulgo
2078 3311 2324 3381 loquitur
2343 3312 2446 3365 hoc
2474 3312 2613 3375 loco,
2661 3311 2804 3365 inter
2832 3326 2969 3380 quos
2990 3311 3252 3381 possibile
3300 3321 3386 3365 est

1798 3404 2095 3474 simplicem
2120 3404 2432 3475 quempiam
2478 3402 2715 3457 inveniri
2748 3418 2939 3473 agnam
2993 3401 3061 3457 de
3107 3402 3383 3474 gregibus.

1797 3506 1991 3567 utpote
2042 3507 2226 3567 aptam
2281 3492 2536 3564 simplici,
2608 3491 3067 3562 quemadmodum
3128 3493 3389 3565 superius

1797 3588 2034 3642 diximus
2066 3588 2119 3641 in
2146 3588 2270 3648 hoc,
2302 3584 2370 3639 de
2402 3600 2511 3654 quo
2541 3600 2691 3639 nunc
2719 3598 2905 3638 sermo
2950 3592 3056 3649 est,
3110 3572 3384 3638 sacriﬁcio

1795 3679 1912 3734 sive
1964 3678 2287 3749 prenitentia
2375 3685 2522 3730 recte
2597 3673 2904 3731 custodivit
2947 3674 3160 3742 olierri,
3216 3673 3382 3729 ﬁnem

1797 3771 2084 3839 adjiciens.

1871 3862 2158 3931 Orabitque
2186 3876 2283 3927 pro
2316 3875 2374 3913 eo
2395 3859 2661 3923 sacerdos,
2722 3867 2771 3913 et
2836 3874 2932 3929 pro
2982 3868 3196 3928 peccato
3244 3856 3378 3928 ejus.

1797 3952 2090 4007 (ionsuetis
2117 3951 2289 4005 utitur
2321 3950 2522 4014 verbis,
2578 3950 2631 4003 in
2660 3949 2982 4004 memoriam
3014 3959 3255 4004 nostram
3293 3965 3384 4003 re-

1796 4060 2002 4098 vocans
2049 4060 2110 4097 ea
2135 4060 2256 4113 quae
2300 4041 2553 4112 superius
2586 4043 2640 4095 in
2680 4042 3066 4111 deprecatione
3098 4058 3194 4111 pro
3258 4058 3383 4112 pec-

1797 4136 1933 4191 catis
1964 4136 2221 4206 przecepit
2256 4135 2460 4205 peragi,
2504 4151 2626 4204 qua:
2690 4135 2887 4189 iterum
2913 4133 3118 4197 dicere,
3190 4144 3381 4205 utpote

1798 4227 1967 4281 semel
2002 4227 2164 4290 dicta,
2190 4225 2560 4280 necessarium
2581 4239 2687 4279 non
2713 4225 2998 4281 habemus.
3027 4225 3385 4280 Solummodo

1798 4328 1980 4371 autem
2008 4316 2111 4371 hoc
2134 4315 2475 4385 adjiciamus,
2513 4322 2574 4369 ut
2601 4313 2643 4368 si
2693 4314 2820 4384 quid
2866 4317 3062 4369 horum
3126 4316 3383 4386 princeps

1797 4409 2127 4482 peccaverit,
2165 4408 2376 4462 hircum
2406 4407 2473 4461 de
2495 4406 2675 4476 capris
2693 4407 2907 4471 offerat,
2934 4408 3380 4463 oblationemsibi

1800 4502 2017 4571 dignam
2049 4510 2104 4555 et
2137 4500 2538 4570 paenitentiam.
2569 4497 2674 4551 Per
2704 4499 2806 4553 hoc
2830 4502 2975 4554 enim
3007 4501 3151 4570 quod
3194 4502 3380 4555 multi-

98 4600 366 4653 nationes
386 4606 572 4654 autem
610 4598 927 4664 immundae,
960 4598 1128 4653 veluti
1154 4614 1341 4665 canes,
1389 4606 1447 4654 et
1494 4598 1688 4661 simia),
1726 4627 1772 4682 ι)
1802 4594 2070 4659 tudinem,
2107 4600 2163 4647 et
2190 4593 2243 4646 in
2274 4592 2359 4646 his
2383 4591 2449 4645 de
2474 4590 2675 4659 quibus
2703 4606 2850 4645 nunc
2875 4593 3029 4657 dixit,
3059 4593 3111 4646 id
3150 4601 3237 4647 est
3291 4609 3381 4646 sa-

101 4700 157 4746 et
193 4707 543 4763 quaecunque
568 4691 694 4746 talia
717 4699 868 4755 sunt,
929 4692 997 4746 de
1049 4691 1377 4746 animalibus
1422 4691 1697 4761 appellau-

100 4788 210 4844 tur,
240 4796 367 4851 qure
414 4780 577 4836 etiam
599 4781 668 4836 ab
697 4780 1011 4836 inﬁdelibus
1028 4780 1381 4845 colebantur;
1412 4781 1495 4837 vel
1519 4780 1695 4851 quod-

98 4872 230 4928 libet
261 4873 477 4944 reptile,
517 4873 572 4928 id
593 4881 679 4928 est
713 4872 858 4944 quod
889 4888 1059 4944 super
1095 4881 1341 4929 ventrem
1373 4888 1532 4927 suum
1580 4881 1693 4927 tra-

103 4965 276 5031 hitur,
315 4981 439 5035 qua:
468 4966 827 5023 nihilominus
850 4950 1213 5039 Symmachus
1241 4976 1297 5021 et
1320 4966 1511 5037 Aquila
1531 4967 1694 5037 repti-

102 5055 174 5110 lia
198 5056 520 5119 ediderunt,
547 5056 693 5112 LXX
724 5065 909 5113 autem
942 5058 1382 5112 abominationes.
1410 5059 1551 5130 Ergo
1598 5074 1696 5129 per

102 5147 219 5204 hac
257 5157 373 5204 tam
409 5148 746 5205 idololatrias
795 5150 1143 5220 apertissime
1203 5149 1473 5223 signiﬁcat
1533 5167 1697 5221 quam

107 5237 155 5293 in
184 5240 297 5295 alio
322 5240 469 5296 malo
498 5240 771 5307 viventes,
800 5242 854 5297 id
885 5250 971 5297 est
996 5243 1052 5295 in
1075 5241 1215 5297 dolis
1283 5252 1339 5297 et
1368 5243 1424 5297 in
1470 5243 1695 5313 rapinis,

104 5330 219 5385 sive
248 5330 309 5385 in
334 5330 456 5386 aliis
476 5330 887 5402 cupiditatibus.
923 5331 1019 5387 His
1047 5332 1303 5387 omnibus
1334 5334 1377 5387 si
1413 5335 1536 5404 quis
1555 5343 1701 5390 tactu

103 5425 627 5493 communicaverit,
644 5436 700 5482 et
712 5427 919 5483 oblitus
935 5425 1232 5491 luerim/el,
1254 5436 1315 5481 ut
1334 5425 1477 5481 LXX
1489 5427 1703 5492 dicunt,

106 5517 331 5575 latuerit
359 5520 514 5575 illum
551 5538 566 5576 :
600 5520 862 5591 quoniam
889 5518 1096 5575 oblivio
1126 5520 1325 5575 anima:
1377 5519 1701 5577 etobscuri-

106 5621 189 5669 tas
221 5615 451 5680 mentis,
486 5613 602 5670 sive
616 5614 759 5670 actio
782 5611 1265 5683 mala,inquinatio
1294 5620 1398 5681 est,
1425 5614 1476 5667 in
1508 5612 1703 5689 borum

106 5712 282 5771 tactu,
319 5704 373 5760 id
407 5713 495 5762 est
524 5706 611 5762 vel
636 5705 692 5761 in
708 5719 777 5761 eo
803 5706 950 5777 quod
996 5703 1122 5774 quis
1176 5703 1291 5759 haec
1343 5695 1705 5775 operantibus

177 5842 247 5874 "'
278 5838 476 5896 Matth.
527 5858 621 5911 av,
664 5843 751 5898 ιϐ.
828 5843 873 5875 ’⁸
898 5840 1089 5897 Matth.
1135 5857 1251 5905 vm,
1281 5839 1376 5895 ἓξ.
1449 5840 1515 5873 ’⁸⁸
1551 5838 1710 5897 Joan.
1733 5856 1855 5906 xm,
1882 5842 1938 5893 2.
2013 5834 2059 5866 ’⁷
2095 5832 2235 5886 Psal-
2258 5845 2446 5895 CXXIII.
2479 5832 2529 5886 7.

113 5926 246 5968 rem.
280 5927 339 5974 v,
375 5912 428 5966 8.

1801 4687 2072 4743 criﬁcium
2103 4685 2303 4740 ollerre
2362 4682 2639 4754 praecepit,
2710 4684 3059 4738 manifestum
3117 4694 3201 4740 est
3252 4702 3380 4740 cum

1800 4781 1963 4836 etiam
1995 4780 2062 4835 de
2090 4778 2339 4850 principe
2374 4776 2571 4831 similia
2604 4776 2861 4831 voluisse.
2903 4775 2973 4831 Ut
2995 4786 3179 4832 autem
3201 4788 3255 4832 et
3283 4779 3381 4833 ali-

1799 4881 1883 4928 ter
1905 4872 2140 4936 dicatur,
2163 4868 2392 4938 eumqui
2413 4868 2465 4922 in
2486 4868 2712 4923 scientia
2730 4868 3056 4933 excellebat,
3079 4883 3182 4922 nec
3200 4869 3379 4939 ipsum

1799 4978 2027 5035 peccare
2052 4969 2388 5033 oportuerat,
2421 4975 2526 5015 nec
2567 4960 2792 5015 alterius
2821 4960 3224 5016 communicare
3254 4977 3383 5032 pec-

1800 5058 1957 5115 catis.
1984 5055 2103 5111 Non
2128 5054 2275 5110 enim
2316 5054 2383 5108 ad
2438 5053 2716 5116 virtutem,
2769 5054 2863 5108 sed
2919 5054 2986 5108 ad
3036 5054 3382 5125 iniquitatem

1799 5150 2123 5208 aamulantes
2152 5162 2230 5213 se,
2259 5145 2534 5201 invenitur
2581 5145 2908 5215 producere,
2939 5146 3053 5201 sive
3083 5161 3382 5216 provocare

1799 5245 2099 5315 subjectos.
2161 5238 2391 5309 Propter
2444 5237 2589 5307 quod
2656 5236 2807 5301 illud,
2863 5237 3015 5307 quasi
3077 5237 3222 5308 quod
3278 5253 3382 5293 nec

1800 5337 2023 5394 evenire
2048 5334 2296 5396 deberet,
2330 5329 2693 5384 indiscussum
2722 5329 2960 5401 reliquit.
2998 5328 3109 5385 Sed
3156 5340 3212 5385 et
3276 5330 3383 5386 hoc

1802 5428 2105 5486 notandum
2156 5434 2260 5486 est,
2317 5423 2443 5493 quia
2498 5422 2752 5477 delictum
2836 5423 3127 5493 aliquando
3161 5423 3382 5492 quidem

1804 5517 2094 5589 specialem
2131 5514 2495 5583 iniquitatem,
2530 5526 2649 5580 quae
2670 5519 2861 5565 contra
2887 5512 3060 5566 solum
3101 5514 3385 5583 praesumi-

1803 5622 1894 5666 tur
1917 5607 2113 5672 Deum,
2146 5605 2322 5676 qualis
2339 5612 2424 5658 est
2472 5618 2594 5672 qua:
2634 5601 2687 5655 in
2745 5613 2982 5668 sanctos,
3043 5613 3136 5657 aut
3162 5620 3282 5673 qua:
3327 5603 3384 5658 in

1800 5698 2187 5776 jusjurandum
2208 5695 2607 5758 committitur;
2641 5692 2932 5764 aliquando
2983 5706 3167 5749 autem
3220 5710 3384 5750 omne

2608 5832 2654 5863 "
2682 5829 2825 5885 Psal.
2860 5846 3045 5896 xxxix,
3068 5830 3123 5885 9.
3215 5832 3261 5889 ε·
3292 5829 3383 5887 Je-
