3946 6404
659 409 767 474 835

1855 410 2219 472 HESYCHII
2257 408 2729 473 PRESBYTERI
3786 420 3866 485 836

659 528 945 592 peccatum
972 518 1116 589 quod
1142 518 1209 575 ad
1234 518 1521 575 scientiam
1559 518 1830 590 pervenit,
1857 521 2129 591 legislator
2154 537 2248 591 ap-
2273 528 2317 581 Α
2348 536 2474 589 que,
2501 522 2723 590 quando
2778 522 3081 578 secundum
3136 524 3497 582 intentionem
3557 527 3865 587 Dominicam.

660 612 845 682 pellat,
878 622 932 666 et
960 620 1247 682 propterea
1270 612 1339 665 ab
1365 628 1431 666 eo
1477 611 1679 681 ubique
1719 612 1957 681 cognitio
2002 612 2233 682 peccati,

661 706 776 759 sive
815 713 1200 775 anteponatur,
1235 705 1349 759 sive
1372 704 1930 759 subinl'eraturmodis
1959 703 2233 768 omnibus,

661 798 917 851 delictum
949 796 1168 859 dicitur,
1197 805 1257 849 ut
1283 798 1536 850 ostendat
1577 796 1702 865 quia
1735 812 1898 850 omne
1926 804 2234 864 peccatum,

661 895 946 957 postquam
970 887 1339 956 cognoscitur,
1383 886 1438 940 in
1462 887 1638 957 ipsum
1670 886 2009 956 delinquitur
2046 888 2235 951 Deum,

661 986 718 1032 et
755 977 877 1031 ideo
910 976 1213 1046 appellatur
1235 976 1517 1037 delictum,
1548 976 1600 1031 id
1632 985 1715 1030 est
1732 976 2108 1046 πλημμελεια,
2128 991 2237 1029 non

663 1066 807 1120 enim
842 1064 958 1119 sine
976 1079 1137 1119 causa
1164 1061 1436 1131 legislator
1467 1065 1571 1119 hoc
1619 1079 1872 1119 sermone
1924 1064 2240 1134 frequenter

663 1156 853 1211 utitur.
892 1152 1025 1208 Nam
1052 1162 1106 1209 et
1136 1154 1594 1219 quemadmodum
1653 1155 1973 1210 diﬂ'erentes
2010 1171 2240 1209 conver-

662 1247 901 1302 sationes
928 1245 1209 1300 hominum
1238 1244 1292 1298 in
1325 1245 1561 1299 exordiis
1616 1245 1740 1300 libri
1795 1261 1893 1316 per
1927 1246 2242 1301 holocauto-

660 1348 808 1394 mata
839 1347 895 1393 et
917 1336 1183 1393 sacriﬁcia
1213 1337 1471 1391 salutaria
1498 1338 1809 1409 designans,
1840 1338 2113 1409 legislator
2128 1354 2238 1392 non

662 1432 872 1487 frustra
902 1431 1209 1502 proposuit,
1246 1431 1340 1485 sed
1370 1430 1485 1484 vias
1529 1429 1749 1493 multas,
1777 1438 1832 1485 et
1854 1430 2053 1500 januas
2112 1446 2242 1500 ape-

663 1524 771 1579 rire
800 1524 1067 1594 cupiens:
1102 1524 1180 1579 sic
1211 1531 1266 1578 et
1289 1523 1449 1578 modo
1471 1538 1581 1577 non
1642 1538 1806 1576 unam
1833 1523 2092 1593 speciem,
2143 1524 2239 1578 sed

665 1617 873 1669 multas
906 1615 973 1669 de
1020 1615 1386 1669 oblationibus
1440 1629 1540 1683 pro
1591 1623 1817 1683 peccato
1868 1614 2117 1677 sancivit,
2182 1622 2242 1668 ut

659 1706 931 1776 pluriores
967 1706 1158 1763 modos
1188 1705 1527 1776 poenitentiae
1585 1716 1921 1775 pr0poneret
1946 1724 1959 1759 :
1982 1707 2111 1776 quia
2136 1721 2242 1761 nec

659 1813 853 1854 omnes
879 1800 1131 1854 homines
1148 1816 1340 1855 omnes
1377 1800 1567 1854 modos
1590 1798 1815 1869 implere
1836 1809 2085 1869 possunt,
2137 1814 2241 1855 nec

2339 622 2503 681 atque
2526 630 2591 668 eo
2615 615 2887 670 mediante
2914 616 3242 672 oll'eruntur.
3283 618 3383 684 Qui
3435 622 3659 689 primum
3700 623 3868 690 οπετειυ

2340 719 2435 770 pro
2469 713 2705 771 peccato.
2750 703 2875 758 Ideo
2903 705 3137 773 primum
3174 708 3271 774 pro
3295 717 3521 776 peccato
3550 710 3747 773 oﬁ‘eret,
3774 715 3869 779 quia

2341 803 2504 843 nemo
2532 798 2711 857 potest
2736 789 3113 845 holocaustum
3159 791 3300 855 ﬁeri,
3336 793 3443 847 nisi
3502 794 3653 863 prius
3675 794 3814 848 iuerlt
3849 814 3870 850 ε

2341 887 2567 948 peccato
2599 880 2736 934 liber
2769 879 3017 934 eﬁ'ectus.
3051 881 3159 935 Sed
3205 883 3330 951 quis
3373 883 3542 953 hujus
3590 886 3768 939 modus
3810 898 3871 940 est

2346 970 2649 1026 libertatis?

2410 1062 2753 1133 Retorquebit
2802 1063 3055 1118 sacerdos
3110 1073 3271 1133 caput
3332 1063 3450 1134 ejus
3517 1066 3589 1120 ad
3642 1067 3871 1134 pennulat,

2339 1154 2416 1207 ita
2453 1164 2510 1207 ut
2537 1154 2669 1207 collo
2689 1156 2906 1217 haereat,
2932 1163 2981 1207 et
3004 1171 3106 1207 non
3129 1157 3339 1223 penitus
3387 1156 3755 1223 abrumpatur.
3799 1155 3874 1210 Per

2340 1244 2561 1308 collum,
2593 1244 2738 1314 quod
2784 1242 2923 1297 LXX
2972 1244 3325 1314 sphondylum
3369 1246 3705 1315 interpretati
3758 1257 3869 1307 sunt,

2341 1345 2513 1391 totum
2546 1352 2744 1407 corpus
2769 1336 3111 1407 intelligitur,
3147 1338 3272 1407 quia
3301 1338 3425 1392 colli
3477 1338 3718 1402 lirmitas,
3762 1340 3873 1391 sani-

2341 1438 2445 1495 tas,
2468 1438 2524 1484 et
2550 1429 2906 1483 subsistentia
2936 1429 3103 1484 totius
3151 1430 3400 1498 corporis
3442 1438 3554 1485 est.
3610 1428 3734 1495 Quia
3775 1446 3872 1501 ergo

2339 1517 2480 1572 solet
2507 1525 2670 1588 caput
2702 1533 2801 1588 pro
2818 1528 3001 1572 mente
3023 1518 3195 1588 accipi
3218 1518 3273 1571 in
3294 1518 3483 1573 divina
3508 1517 3787 1586 Scriptura,
3802 1533 3873 1585 pro

2339 1624 2406 1664 eo
2443 1610 2590 1678 quod
2621 1624 2777 1663 mens
2812 1609 3181 1680 principatum
3218 1618 3369 1664 tenet
3407 1609 3464 1663 in
3498 1610 3734 1671 homine,
3765 1610 3871 1663 unde

2340 1711 2395 1756 et
2423 1701 2590 1756 David
2625 1702 2734 1756 Deo
2764 1701 2979 1757 dicebat
3010 1718 3023 1754 :
3058 1701 3132 1755 Tu
3172 1701 3549 1755 contribulasti
3598 1702 3758 1769 capita
3777 1703 3873 1753 dra-

2341 1810 2529 1847 conum
2560 1801 2737 1847 subter
2765 1810 2931 1863 aquas
2960 1793 3002 1859 ¹,
3030 1801 3271 1847 mentem
3323 1793 3607 1860 videlicet,
3629 1793 3745 1847 dum
3769 1808 3873 1861 aqua

661 1888 838 1943 omnis
861 1890 1053 1944 modus
1078 1890 1415 1960 paenitentia:
1446 1890 1501 1943 in
1532 1889 1682 1943 omni
1712 1899 1935 1958 peccato
1958 1890 2235 1945 convenit.
2273 1875 2312 1929 Β
2344 1872 2688 1956 baptismatis
2730 1885 3111 1941 remissionem
3166 1886 3474 1956 praebente.
3526 1900 3678 1939 mens
3720 1886 3873 1939 diaboli

661 1978 892 2043 Quando
920 1981 1068 2033 enim
1097 1980 1435 2050 pmnitentia,
1460 1996 1698 2044 saccum,
1746 1988 1801 2033 et
1845 1980 2134 2049 jejunium,
2186 1990 2241 2035 et

661 2069 942 2139 lacrymas,
978 2078 1031 2123 et
1056 2070 1358 2124 orationem
1390 2071 1727 2135 continuam,
1753 2082 1809 2125 et
1830 2072 2237 2143 vigiliasexigit,

660 2163 872 2233 aliaque
902 2163 1097 2220 similia
1133 2164 1469 2234 :quomodo,
1512 2164 1662 2218 verhi
1696 2164 1890 2234 gratia,
1924 2174 2236 2232 senectute,

662 2263 755 2307 aut
785 2255 942 2309 aliter
971 2270 1201 2325 corpore
1241 2255 1512 2319 inﬁrmus,
1572 2254 1734 2309 talem
1778 2238 1941 2327 agere
1962 2257 2241 2326 poeniten-

664 2346 791 2400 tiam
827 2347 1179 2417 prevalebit?
1207 2345 1463 2416 Nunquid
1514 2361 1644 2419 ergo
1698 2347 1787 2402 hic
1834 2356 2057 2417 propter
2096 2347 2242 2401 inﬁr-

662 2439 903 2493 mitatem
929 2447 1024 2493 aut
1054 2439 1286 2493 similem
1315 2448 1529 2493 aztatem
1598 2439 1879 2509 repellitur
1909 2455 1939 2493 a
1970 2442 2241 2510 pmniten-

664 2530 773 2584 tia?
793 2530 952 2585 Nullo
979 2531 1161 2597 modo,
1185 2530 1351 2585 habet
1386 2531 1531 2584 enim
1585 2531 1750 2585 alium
1779 2532 2001 2586 modum
2032 2532 2100 2585 ad
2137 2532 2240 2585 im-

662 2622 982 2691 petraudam
1013 2622 1389 2677 remissionem
1430 2629 1802 2691 peccatorum.
1861 2622 1967 2677 Sed
1995 2623 2119 2693 quis
2150 2624 2242 2679 hic

659 2712 751 2778 sit,
774 2713 1057 2783 sequentia
1083 2716 1478 2777 demonstrant;
1506 2715 1583 2768 ait
1612 2713 1759 2768 enim
1798 2728 1812 2766 :

730 2803 788 2859 Si
817 2815 993 2859 autem
1020 2822 1123 2860 non
1160 2808 1388 2875 potuerit
1415 2807 1599 2875 o/j‘erre
1660 2823 1837 2877 pecus.
1906 2805 2062 2873 Quod
2099 2805 2236 2861 LXX

663 2895 1011 2967 interpretati
1041 2909 1204 2953 sunt:
1242 2898 1301 2952 Si
1325 2908 1502 2952 autem
1524 2914 1628 2951 non
1652 2898 1880 2951 valuerit
1906 2915 2095 2952 manus
2127 2899 2240 2968 ejus

662 2988 732 3041 ad
762 3005 929 3053 ovem,
961 2989 1209 3045 volentes
1227 3006 1323 3059 per
1347 3004 1504 3045 ovem
1527 3004 1751 3059 caprum
1786 2990 1870 3043 vel
1912 3005 2128 3059 capram
2156 2991 2242 3043 in-

662 3079 850 3152 telligi,
895 3080 1048 3150 quasi
1093 3095 1384 3135 commune
1438 3089 1580 3135 esset
1633 3095 1805 3152 genus
1845 3095 2130 3150 caprarum
2187 3088 2243 3133 et

2342 1979 2644 2033 conteritur
2676 1995 2691 2035 :
2724 1993 2821 2047 per
2880 1978 2985 2034 hoc
3024 1993 3152 2049 ergo
3201 1979 3344 2047 quod
3372 1979 3583 2033 dicitur
3629 1976 3785 2031 LXX:
3826 1977 3872 2032 Et

2344 2079 2582 2139 erumpet
2612 2070 2856 2123 sacerdos
2887 2079 3045 2138 caput
3066 2070 3179 2139 ejus
3208 2084 3226 2124 :
3258 2085 3511 2139 praesens
3537 2084 3665 2124 vero
3691 2069 3873 2123 transla-

2346 2162 2467 2216 tio:
2500 2160 2835 2231 Retorquebit
2860 2168 3018 2226 caput
3075 2160 3189 2228 ejus
3228 2167 3277 2213 et
3339 2158 3627 2226 pennulas,
3660 2160 3761 2212 vult
3802 2174 3874 2211 nos

2342 2271 2452 2308 non
2478 2254 2685 2308 servire
2708 2267 2885 2322 neque
2916 2252 3152 2322 compati
3183 2252 3432 2322 corpori,
3496 2251 3595 2308 sed
3653 2249 3871 2318 abrumpi,

2341 2345 2427 2399 vel
2458 2343 2779 2413 retorqueri,
2805 2351 2864 2397 ut
2890 2358 2999 2397 non
3030 2357 3099 2396 ex
3126 2358 3283 2412 aequo
3307 2352 3583 2414 repugnet
3605 2342 3702 2413 legi
3722 2341 3875 2396 mentis

2342 2439 2426 2491 lex
2460 2437 2687 2506 peccati,
2716 2451 2839 2506 quae
2865 2435 3265 2490 consuetudine
3290 2435 3562 2506 peccandi
3589 2435 3643 2489 in
3666 2435 3873 2488 membris

2343 2530 2549 2584 habitat
2576 2528 2838 2597 corporis,
2866 2542 3044 2596 neque
3068 2527 3346 2597 captivum
3395 2526 3568 2582 ducat
3626 2526 3873 2587 hominem,

2342 2621 2486 2674 sicut
2516 2619 2717 2673 Paulus
2748 2618 2824 2672 ait
2846 2618 2887 2671 '.
2915 2617 3052 2684 Quia
3074 2628 3256 2672 autem
3285 2632 3395 2672 non
3427 2617 3693 2673 debemus
3718 2632 3773 2670 ex
3789 2626 3874 2669 toto

2341 2724 2541 2779 corpus
2570 2706 2864 2771 adversari,
2891 2722 2994 2762 nec
3017 2717 3320 2762 creaturam
3377 2706 3515 2761 illud
3545 2704 3733 2761 diaboli
3762 2704 3876 2758 aesti-

2343 2815 2512 2862 mare,
2546 2798 2688 2853 sicut
2716 2796 2933 2866 quidam
2966 2805 3181 2867 putant,
3210 2797 3305 2851 sed
3326 2795 3705 2852 subdereillud
3718 2794 3872 2848 menti:

2342 2899 2632 2960 propterea
2653 2904 2759 2943 non
2786 2888 3044 2956 przecepit
3063 2898 3227 2959 caput
3255 2903 3285 2943 a
3326 2889 3469 2943 collo
3492 2888 3746 2959 separari,
3770 2899 3877 2939 unus

2342 2984 2547 3053 quippe
2603 2982 2962 3051 ejusdemque
2988 2990 3118 3035 sunt
3170 2990 3413 3051 utraeque
3468 2990 3743 3036 creaturae.
3795 2976 3875 3032 Sed

2342 3075 2625 3146 sequentia
2650 3075 2930 3129 videamus
2968 3091 2981 3128 :

663 3172 865 3237 ovium,
895 3172 1040 3227 sicut
1065 3172 1323 3237 diximus,
1349 3174 1452 3227 hoc
1482 3172 1573 3227 hic
1633 3172 1852 3243 planius
1892 3172 2093 3237 edidit,
2147 3173 2238 3242 qui

2412 3189 2481 3244 Et
2512 3198 2754 3259 aspergat
2783 3189 2847 3243 de
2876 3188 3137 3258 sanguine
3194 3187 3343 3243 illius
3394 3188 3655 3257 parietem
3703 3182 3874 3239 altaris.

662 3265 919 3318 utomnia
954 3265 1071 3320 inec
1106 3265 1621 3335 comprehenderet,
1657 3280 1824 3336 pecus
1856 3264 2057 3335 posuit.
2082 3264 2237 3319 Unde

661 3365 718 3411 et
745 3357 833 3411 alii
862 3358 1225 3427 interpretum
1259 3360 1312 3413 in
1345 3359 1449 3414 hoc
1487 3359 1607 3414 loco
1646 3374 1745 3429 pro
1795 3374 1908 3424 ove,
1932 3358 1989 3412 hi
2013 3358 2237 3428 quidem

618 3492 621 3493 ν
662 3450 939 3517 pascualia
966 3490 982 3516 ,
1006 3451 1095 3503 alii
1121 3460 1302 3505 autem
1335 3468 1399 3504 ex
1432 3469 1605 3522 grege,
1650 3452 1896 3506 volentes
1932 3467 2029 3521 per
2059 3452 2165 3505 hoc
2184 3460 2240 3505 et

662 3554 856 3610 capras
893 3540 1225 3611 signiﬁcare,
1258 3542 1569 3597 ediderunt.
1618 3542 1674 3597 Si
1703 3558 1831 3613 ergo
1862 3543 1952 3598 hic
1977 3559 2090 3597 non
2146 3559 2240 3614 po-

664 3634 830 3687 tuerit
864 3632 1063 3687 oﬁ'erre
1093 3649 1283 3702 pecus,
1310 3635 1508 3689 oﬁ‘eret
1533 3650 1631 3705 pro
1668 3646 1896 3705 peccato
1946 3652 2046 3691 suo
2091 3637 2237 3707 quod

664 3723 935 3792 peccavit,
970 3724 1109 3777 duos
1143 3734 1404 3788 turtures,
1440 3735 1534 3779 aut
1558 3726 1695 3779 duos
1731 3727 1909 3795 pullos
1956 3728 2240 3781 columba-

665 3829 786 3867 rum
818 3814 1069 3870 Domino.
1103 3814 1468 3881 Quamobrem
1520 3818 1893 3873 necessarium
1936 3819 2102 3873 nimis
2155 3829 2241 3874 est

664 3904 944 3960 reminisci
982 3922 1106 3974 nos,
1132 3908 1261 3977 quia
1314 3910 1792 3980 contemplativam
1845 3912 2012 3967 vitam
2068 3922 2123 3967 et
2182 3914 2237 3969 itt

664 3994 1018 4051 meditatione
1045 4008 1483 4064 conversantcm,
1513 4009 1567 4053 et
1610 4000 1867 4055 nmndam
1892 4009 2055 4071 atque
2102 4003 2238 4057 sim-

664 4088 857 4157 plicetn
893 4088 1205 4160 signiﬁcari,
1243 4106 1338 4161 per
1372 4092 1546 4160 pullos
1572 4093 1951 4148 columbarum
1971 4104 2027 4149 et
2059 4105 2237 4149 turtu-

666 4194 788 4233 rum
813 4182 1067 4251 superius
1100 4183 1356 4239 diximus.
1388 4183 1527 4255 Ergo
1577 4187 1670 4255 qui
1701 4202 1808 4240 non
1844 4196 2023 4257 potest
2043 4202 2239 4242 vacare

664 4271 721 4325 in
749 4275 1008 4329 continua
1037 4274 1327 4332 alﬂictione
1356 4286 1411 4332 et
1443 4294 1709 4343 mrumna,
1743 4288 1800 4332 ut
1824 4296 2020 4349 panem
2077 4296 2236 4334 suum

663 4376 788 4415 cum
818 4364 1004 4419 cinere
1050 4366 1317 4429 comedat,
1371 4374 1427 4422 et
1487 4377 1677 4438 potum
1730 4385 1888 4423 suum
1928 4386 2051 4425 cum
2108 4370 2238 4425 ﬂetu

667 4461 955 4524 temperet,
980 4456 1192 4527 aliaque
1218 4458 1301 4513 his
1331 4459 1529 4514 similia
1585 4462 1857 4531 pmnitens
1878 4471 2020 4533 agat,
2084 4463 2238 4519 verbi

2345 3281 2611 3352 Quidquid
2633 3291 2812 3335 autem
2835 3281 3093 3351 reliquum
3123 3281 3305 3351 fuerit,
3345 3281 3506 3350 faciet
3528 3278 3773 3334 distillare
3825 3276 3876 3327 ad

2344 3376 2692 3444 fundamenta
2724 3372 2859 3441 ejus,
2894 3373 3019 3442 quia
3046 3387 3141 3440 pro
3173 3382 3384 3442 peccato
3409 3380 3510 3426 est.
3540 3365 3874 3425 Pariesaltaris

2344 3476 2543 3531 corpus
2564 3460 2767 3515 Christi
2796 3458 3138 3529 intelligitur,
3172 3458 3241 3513 de
3265 3474 3373 3528 quo
3403 3459 3525 3528 ipse
3558 3457 3786 3511 Christus
3809 3453 3871 3506 di-

2344 3552 2535 3607 cebat:
2558 3549 2750 3605 Solvite
2778 3549 3029 3613 templum
3048 3550 3163 3615 hoc,
3181 3560 3230 3603 et
3257 3551 3422 3603 tribus
3441 3548 3623 3603 diebus
3653 3544 3874 3613 ωάὶρίαὺο

2345 3644 2477 3698 illud
2499 3645 2539 3698 ³.
2571 3644 3003 3699 Fundamentum
3036 3653 3217 3698 autem
3231 3642 3369 3713 ejus,
3406 3643 3526 3697 sive
3554 3683 3569 3708 ,
3623 3638 3871 3695 secundum

2344 3737 2489 3806 quod
2523 3736 2665 3790 LXX
2687 3737 3029 3806 interpretati
3052 3745 3200 3801 sunt,
3215 3736 3402 3789 basim.
3425 3733 3580 3789 Basis
3594 3733 3726 3788 enim
3745 3742 3873 3784 evan-

2345 3828 2541 3899 gelium
2576 3838 2677 3883 est.
2703 3828 2863 3898 Ergo,
2936 3828 3238 3883 secundum
3278 3826 3640 3881 intentionem
3669 3819 3870 3878 sacriﬁcii

2344 3918 2545 3974 Christi
2574 3928 2629 3973 et
2648 3920 2977 3991 evangelicae
3006 3920 3291 3985 doctrina},
3315 3919 3475 3988 jubet
3496 3918 3656 3973 etiam
3688 3916 3774 3969 hoc
3797 3924 3871 3981 pro

2346 4011 2583 4081 peccatis
2613 4011 2940 4067 sacriﬁcium
2969 4011 3156 4068 offerri
3182 4029 3195 4063 :
3218 4022 3512 4083 propterea
3544 4008 3752 4070 addidit,
3774 4004 3867 4074 quia

2344 4120 2440 4168 pro
2477 4114 2690 4173 peccato
2710 4115 2805 4160 est.
2838 4106 2986 4161 Iiihil
3016 4106 3220 4177 quippe
3261 4106 3339 4160 sic
3373 4121 3403 4160 a
3432 4103 3665 4175 peccatis
3684 4099 3868 4168 eripere.

2344 4196 2800 4265 quemadmodum
2832 4197 3034 4254 Christi
3060 4199 3291 4253 imitatio
3320 4208 3375 4253 et
3417 4195 3717 4253 obedientia
3738 4205 3868 4246 evan-

2345 4285 2529 4356 gelicae
2552 4288 2971 4357 praedicationis,
2994 4298 3190 4359 potest,
3212 4289 3303 4344 cui
3328 4288 3372 4342 si
3392 4288 3517 4357 quis
3547 4287 3612 4342 sit
3636 4281 3868 4339 obediens.

2343 4379 2577 4435 alterum
2609 4380 2849 4436 adolebit
2876 4382 3275 4449 holocaustum,
3315 4390 3374 4435 ut
3409 4380 3528 4436 ﬁeri
3549 4379 3698 4441 solet,
3745 4373 3867 4427 idest

2344 4474 2799 4543 quemadmodum
2821 4483 3035 4545 oportet
3060 4475 3435 4530 holocaustum
3456 4473 3593 4528 ﬁeri.
3610 4468 3747 4537 Quod
3762 4459 3867 4519 LXI

664 4546 857 4615 gratia,
892 4547 1210 4604 inﬁrmitate
1235 4561 1329 4606 aut
1366 4552 1469 4606 alia
1533 4568 1861 4622 quacunque
1910 4556 2239 4610 necessitate
2276 4575 2317 4629 ι)
2346 4566 2505 4637 plane
2520 4568 2801 4621 secundum
2827 4569 2922 4620 hoc
2959 4568 3149 4631 edunt,
3186 4567 3240 4621 id
3262 4576 3363 4633 εει,
3399 4566 3561 4621 faciet
3588 4571 3864 4626 autemquo-

663 4640 1002 4707 prohihetur,
1032 4642 1118 4695 hic
1136 4642 1240 4695 alio
1252 4642 1413 4696 modo
1438 4658 1598 4713 agere
1620 4652 1799 4712 potest
1841 4644 2240 4713 pmnitcntiam,

662 4731 832 4788 veluti
893 4734 1134 4789 oﬁ‘erens
1189 4736 1566 4805 semetipsum,
1627 4736 1695 4790 ad
1761 4739 2241 4807 contemplandum

663 4821 859 4887 Deum,
892 4832 947 4876 et
972 4824 1038 4877 ad
1067 4825 1558 4893 perscrutationem
1610 4824 1743 4897 legis
1775 4826 1917 4895 ejus,
1967 4836 2244 4897 totamque

665 4925 907 4968 mentem
940 4930 1093 4968 suam
1122 4930 1453 4970 consecratis
1481 4917 1688 4972 ewlesti
1744 4919 2166 4981 conversationi,
2211 4936 2242 4974 a

662 5005 895 5059 terrenis
925 5006 1089 5060 rebus
1119 5006 1432 5075 plenissime
1459 5010 1722 5064 cohibens
1748 5026 1826 5077 se,
1851 5027 1947 5080 per
1978 5012 2080 5065 hoc
2098 5013 2241 5066 enim

662 5091 737 5154 ei,
771 5101 827 5147 et
867 5102 1222 5163 peccatorum
1265 5097 1541 5162 remissio,
1570 5108 1624 5152 et
1650 5100 2247 5173 justiﬁeatioprocura-

666 5192 775 5242 tur.
806 5186 961 5241 Unde
989 5201 1180 5240 eorum
1216 5188 1545 5255 oﬁ‘eruntur,
1573 5208 1739 5245 unum
1768 5193 1987 5262 quidem
2014 5210 2248 5264 propee-

662 5286 805 5343 cato,
839 5280 893 5334 id
924 5289 1006 5335 est
1030 5282 1099 5335 ad
1133 5280 1578 5338 ettiuttdationeiii
1608 5286 1836 5355 peccati.
1866 5286 2095 5340 alterum
2117 5304 2245 5342 vero

664 5364 721 5418 in
756 5365 1156 5435 holocaustum,
1184 5372 1336 5440 quasi
1361 5372 1414 5425 in
1434 5372 1842 5443 eruciﬁgentetn
1865 5358 2239 5445 semetipsum,

663 5462 1136 5517 conversationem
1165 5465 1249 5519 vel
1274 5465 1460 5530 vitam,
1486 5476 1542 5520 et
1593 5466 1910 5535 plenissime
1962 5466 2073 5522 Deo
2130 5480 2240 5523 tra-

662 5549 885 5607 dzntem
916 5554 1247 5610 immolatur.
1281 5554 1488 5611 Oﬂeret
1537 5565 1722 5611 autem
1782 5556 1897 5611 haec
1947 5559 2239 5625 sacerdoti,

661 5644 881 5700 Christo
912 5647 1116 5719 utique.
1149 5648 1305 5703 Tunc
1334 5648 1481 5703 enim
1518 5648 1854 5717 acceptabilc
1888 5657 1972 5704 est
2025 5660 2240 5705 utrum-

728 5822 749 5858 ³
786 5822 931 5879 Psal.
987 5841 1172 5893 Lxxtn,
1206 5827 1289 5881 l3.
1344 5829 1388 5858 η’
1414 5826 1571 5881 Rom.
1613 5842 1707 5890 vn,
1738 5826 1827 5879 25.
1906 5828 1926 5858 ³
1959 5827 2114 5882 Joan.
2151 5844 2209 5894 ιι,
2247 5830 2330 5884 l9.

2348 4658 2511 4713 modo
2570 4659 2751 4713 debet.
2797 4657 3029 4729 Oportet
3076 4660 3282 4729 quippe
3321 4674 3446 4713 eum
3508 4657 3596 4727 qui
3626 4663 3801 4725 patrem
3828 4655 3866 4697 rt

2348 4759 2602 4815 matrem,
2633 4759 2688 4804 et
2713 4749 2928 4815 fratres,
2959 4760 3019 4805 et
3062 4752 3244 4805 omnia
3287 4750 3565 4806 saecularia
3588 4746 3764 4802 renuit.
3790 4741 3864 4793 ho-

2348 4844 2653 4898 locaustum
2685 4844 2824 4908 ﬁeri,
2855 4844 2898 4898 si
2931 4845 3093 4899 modo
3140 4846 3256 4899 vult
3310 4860 3432 4900 esse
3496 4837 3793 4911 aereptabile
3824 4839 3863 4882 el

2347 4931 2686 5002 intelligibile
2722 4932 3123 4988 holocaustum.
3155 4934 3284 4989 Hzec
3334 4934 3378 4988 si
3412 4933 3643 4995 faciatis,
3678 4925 3757 4997 qui
3779 4934 3861 4975 υοιι

2350 5032 2533 5093 potest
2561 5023 2836 5092 praedictis
2886 5025 3062 5079 modis
3104 5025 3480 5095 paenitentiam
3527 5035 3694 5093 agere,
3715 5017 3757 5069 id
3804 5017 3865 5063 est

2349 5113 2572 5183 vigiliis,
2595 5120 2651 5166 et
2676 5128 2856 5177 sacco,
2886 5122 2937 5167 et
2973 5114 3092 5167 aliis
3124 5114 3396 5169 similibus
3410 5107 3862 5167 alllictionibusJO‘

2344 5206 2490 5276 gahit
2513 5221 2609 5275 pro
2639 5221 2709 5261 eo
2735 5206 3082 5274 intelligibilis
3127 5206 3401 5271 sacerdos,
3457 5214 3515 5260 et
3558 5218 3648 5274 pro
3689 5200 3863 5268 peccat"

2344 5296 2481 5365 ejus,
2515 5303 2570 5348 et
2590 5294 2899 5348 dimittetur
2922 5294 2993 5348 ei.
3044 5295 3393 5350 Admirabilis
3415 5296 3568 5349 valde
3594 5306 3710 5361 ergo
3755 5284 3861 5336 Delli

2343 5394 2429 5440 est
2462 5386 2627 5453 hujus
2662 5386 2799 5441 lator
2829 5386 2984 5455 legis,
3015 5387 3107 5456 qui
3151 5387 3387 5452 veniam,
3436 5395 3614 5457 utpote
3670 5381 3861 5434 clemens

2347 5477 2722 5532 imbecillitate
2744 5479 2960 5547 generis
2984 5478 3209 5533 humani
3239 5478 3449 5541 tribuit,
3477 5486 3533 5532 et
3558 5473 3754 5530 modum
3794 5480 3858 5516 νεα

2347 5569 2491 5639 perit
2520 5585 2617 5639 per
2647 5585 2808 5639 quem
2838 5585 2949 5624 non
3012 5572 3221 5624 minora
3273 5570 3533 5640 consequi
3580 5564 3859 5621 inﬁrmantia

2348 5662 2579 5731 possint.
2614 5660 2752 5726 Quia
2771 5670 2951 5716 autem
2988 5678 3096 5716 non
3127 5678 3287 5717 omne
3305 5662 3460 5716 facile
3514 5670 3592 5714 est
3617 5656 3676 5712 ad
3721 5650 3856 5722 ρωνιο
