4046 6404
186 460 298 524 837

1361 462 1442 523 ΙΝ
1483 464 1919 527 LEVITICUM.
1950 492 2020 503 --
2046 469 2201 532 ‘LIB.
2234 471 2285 532 Ι.

3348 485 3456 550 838

189 571 417 626 tendum
447 579 685 641 tempus,
719 570 828 627 lmo
880 571 1174 643 aliquando
1193 584 1247 628 et
1280 573 1515 640 diﬁicile,
1578 577 1630 631 id
1684 586 1769 631 est
1796 584 1844 639 Α
1872 580 2081 633 modios
2130 584 2374 651 capiens.
2424 584 2566 658 Ergo
2606 586 2856 646 Christus
2886 601 2971 646 est
3001 590 3093 662 qui
3128 594 3455 653 sacriﬁcium

184 664 412 733 quando
449 664 603 726 abusi
637 679 826 721 sumus
871 666 985 734 ipsa
1020 665 1362 735 pmnitentia,
1407 669 1770 737 virtutemque

184 758 315 826 ejus
341 757 741 839 quodammodo
769 758 1109 814 abolevitnus
1140 776 1152 811 :
1176 760 1322 829 quod
1351 761 1555 825 evenit,
1585 762 1629 816 si
1647 762 1770 831 quis

188 849 333 905 forte
364 866 593 920 peccans
618 860 673 904 et
702 851 966 920 pmnitere
1000 867 1058 906 se
1076 852 1340 908 simulans
1370 853 1437 907 ad
1459 854 1561 907 hoc
1581 869 1771 907 rursus

186 940 401 1007 redeat,
429 941 644 1009 quando
664 940 927 996 etPetrus
977 942 1388 1012 reprehendens
1439 944 1551 997 ait:
1586 942 1770 996 Evenit

186 1034 267 1088 eis
300 1050 381 1087 res
408 1033 518 1087 veri
551 1033 848 1102 proverbii:
876 1032 1034 1088 Canis
1054 1050 1288 1088 reversus
1318 1032 1388 1087 ad
1421 1050 1574 1087 suum
1604 1033 1771 1086 vomi-

188 1135 327 1189 tum,
350 1132 399 1177 et
426 1139 513 1177 sus
541 1122 649 1175 lota
680 1124 734 1176 in
761 1123 1037 1177 volutabra
1087 1126 1217 1178 caeni
1250 1125 1290 1178 ⁸.
1336 1123 1443 1178 Sed
1467 1133 1521 1178 et
1550 1124 1768 1177 Paulus.

185 1215 271 1268 Ne
294 1216 431 1285 quis,
463 1214 541 1268 ait
568 1214 879 1285 fornicator,
931 1225 1025 1269 aut
1059 1218 1334 1286 profanus,
1368 1224 1426 1268 ut
1454 1215 1621 1281 Esau,
1684 1216 1773 1279 qui

184 1317 403 1376 propter
424 1323 587 1360 unam
619 1322 790 1360 escam
818 1307 1048 1361 vendidit
1096 1308 1420 1377 primitivum
1448 1324 1623 1361 suam.
1653 1307 1773 1361 Sci-

188 1409 298 1452 tote
328 1400 468 1453 enim
492 1399 615 1467 quia
639 1409 685 1452 et
720 1410 901 1469 postea
920 1398 1230 1453 hereditate
1262 1399 1668 1452 benedictionem
1690 1415 1774 1452 re-

188 1490 444 1559 probatus
504 1500 599 1545 est.
632 1490 752 1544 Non
778 1491 919 1544 enim
960 1492 1155 1545 invenit
1197 1492 1515 1561 poenitentia:
1579 1491 1771 1557 locum,

188 1598 493 1652 quanquam
512 1597 630 1634 cum
648 1581 896 1651 lacrymis
932 1583 1239 1653 eaquisisset
1261 1600 1379 1636 eam
1402 1584 1443 1636 ⁸.
1467 1581 1608 1654 Ergo
1645 1584 1773 1653 quia

192 1676 393 1729 talibus
423 1690 531 1728 non
561 1674 734 1728 facilis
766 1675 1039 1743 prmbetur
1061 1675 1395 1744 poenitentiae
1418 1675 1619 1741 aditus,
1645 1690 1773 1730 ecce

188 1780 339 1819 nunc
366 1764 641 1833 legislator
666 1764 875 1829 innuit;
907 1765 983 1817 ait
1008 1764 1153 1818 enim
1193 1779 1207 1816 :

257 1852 413 1920 Quod
438 1854 484 1908 si
509 1871 612 1908 non
646 1855 865 1925 quiverit
898 1872 1085 1909 manus
1130 1854 1250 1924 ejus
1286 1856 1468 1925 oﬂ'erre
1501 1856 1632 1909 duos
1658 1866 1773 1909 tur-

1872 671 2052 735 otl'ert,
2096 683 2151 727 et
2196 675 2314 745 ipse
2364 688 2447 732 est
2494 680 2819 735 sacriﬁcium
2847 684 2992 753 quod
3035 685 3281 741 oﬂ‘ertur.
3318 687 3457 759 Ephi

1872 764 2016 817 cnim
2049 780 2171 820 cum
2206 768 2279 822 sit
2315 785 2569 825 mensura
2602 774 2765 826 trium
2809 760 3137 840 modiorum,
3173 778 3458 836 evidenter

1872 852 2198 912 Trinitatem
2249 858 2446 921 innuit,
2476 878 2598 931 qua:
2631 880 2734 917 una
2782 867 3002 935 quidem
3043 884 3301 924 mensura
3349 882 3454 937 est,

1870 947 1998 1015 quia
2029 964 2134 1001 una
2176 949 2228 1002 in
2260 964 2324 1004 ea
2358 960 2442 1005 est
2480 952 2679 1007 Deitas.
2712 953 2847 1008 Tres
2877 966 3060 1011 autem
3096 958 3261 1013 habet
3299 976 3456 1014 men-

1871 1052 2049 1101 suras,
2083 1037 2133 1091 id
2165 1048 2269 1103 est,
2311 1048 2423 1094 tres
2465 1056 2730 1111 personas
2779 1047 3067 1115 perfectas,
3102 1058 3157 1102 et
3198 1059 3275 1104 tot
3325 1052 3455 1107 sub-

1871 1130 2173 1195 sistentias,
2204 1142 2263 1187 ut
2291 1134 2640 1190 manifestum
2675 1137 2746 1191 sit
2779 1154 2889 1191 non
2924 1155 3026 1194 nos
3055 1157 3303 1210 peccare,
3337 1145 3455 1213 ejus

1871 1232 2083 1293 partem
2112 1238 2335 1277 carnem
2370 1224 2585 1279 Domini
2616 1228 2885 1296 dicentes,
2913 1241 3139 1302 propter
3169 1234 3455 1305 insepara-

1869 1314 2036 1369 bilem
2084 1330 2209 1390 cu_m
2256 1331 2320 1370 ea
2373 1316 2638 1373 incarnati
2685 1318 2848 1374 Verbi
2900 1322 3223 1377 unitionem.
3274 1326 3454 1390 Quare

1872 1415 2055 1461 autem
2088 1384 2368 1462 Tanimis
2394 1424 2520 1478 pars
2546 1410 2666 1463 est?
2696 1410 2820 1479 quia
2854 1411 3200 1468 indivisibilis
3226 1384 3344 1483 ejus
3372 1423 3457 1469 est

1871 1498 2044 1568 gloria
2078 1508 2132 1553 et
2160 1499 2355 1565 virtus,
2392 1500 2463 1555 ita
2503 1509 2563 1554 ut
2603 1501 2803 1557 Paulus
2845 1503 2912 1556 de
2949 1502 3167 1558 Christo
3197 1505 3404 1560 diceret
3438 1523 3451 1559 :

1874 1589 1943 1645 In
1975 1592 2087 1660 ipso
2130 1592 2333 1645 habitat
2374 1593 2542 1646 omnis
2572 1593 2841 1663 plenitudo
2876 1595 3169 1649 divinitatis
3202 1612 3454 1664 corpora-

1874 1684 1996 1738 liter
2025 1685 2068 1738 ".
2103 1682 2211 1738 Sed
2239 1693 2295 1737 et
2321 1684 2561 1739 Joannes
2595 1704 2607 1739 :
2638 1683 2740 1749 Qui
2776 1695 2954 1755 negat,
2992 1687 3185 1756 inquit,
3228 1686 3452 1754 Filium,

1872 1790 1967 1829 nec
1992 1775 2209 1829 Patrem
2252 1776 2406 1829 habet
2434 1792 2453 1829 :
2485 1763 2891 1844 Qui’couﬁtetur
2922 1775 3124 1842 Jesum,
3160 1788 3207 1830 et
3240 1777 3456 1831 Patrem

1876 1866 2033 1920 habet
2061 1867 2105 1921 ⁸.
2152 1867 2293 1938 Ergo
2342 1868 2474 1937 ephi
2524 1868 2743 1936 quidem
2792 1866 2883 1921 hic
2929 1868 3242 1923 incarnatus
3287 1868 3453 1936 Dens,

191 1959 334 2000 tures
365 1946 447 2000 vel
489 1947 618 1999 duos
658 1945 831 2015 pullos
861 1946 1131 2000 columbae.
1174 1948 1312 2012 Quia
1344 1963 1473 2002 vero
1506 1947 1621 2003 haec
1660 1963 1769 2003 non

1882 1958 2115 2014 Verbum
2150 1969 2337 2029 utpote
2377 1960 2586 2014 habens
2636 1961 2689 2013 in
2733 1974 2792 2015 se
2838 1958 3120 2014 Trinitatis
3152 1960 3456 2030 plenitudi-

188 2049 375 2109 potest
419 2040 758 2105 omnimodo,
808 2054 911 2094 nec
956 2038 1171 2094 haedum
1226 2050 1317 2093 aut
1357 2055 1513 2094 ovem
1560 2049 1769 2110 potest;

189 2149 361 2203 quare
389 2143 567 2188 autem
589 2149 696 2187 non
736 2143 914 2203 potest
942 2152 955 2187 :
992 2148 1112 2198 seu,
1166 2143 1225 2186 ut
1255 2132 1395 2186 LXX
1427 2134 1636 2199 dicunt,
1670 2150 1772 2187 non

189 2226 433 2281 invenit?
475 2225 601 2295 quia
647 2225 854 2280 divitiis
896 2224 1231 2295 poenitentiae
1280 2225 1420 2279 male
1468 2241 1618 2289 usus,
1661 2240 1773 2279 non

187 2334 285 2371 eas
311 2318 775 2387 quemadmodum
808 2317 1117 2387 oportebat,
1160 2318 1436 2386 expendit.
1471 2316 1615 2383 Quid
1644 2333 1773 2387 ergo

187 2408 378 2472 faciet,
417 2417 475 2462 ut
510 2424 621 2462 non
664 2408 974 2477 desperatio
1001 2408 1049 2462 ei
1088 2423 1251 2461 causa
1297 2407 1617 2477 perditionis
1645 2407 1773 2460 ﬁat?

258 2497 443 2570 Olferet
471 2517 564 2569 pro
592 2509 805 2571 peccato
831 2516 927 2553 suo
956 2499 1213 2564 similam,
1244 2508 1451 2569 partem
1482 2499 1600 2569 ephi
1633 2498 1773 2552 deci-

188 2608 337 2645 mam
364 2607 383 2646 :
414 2608 516 2646 non
551 2593 722 2646 mittet
766 2593 822 2645 in
866 2608 985 2645 eam
1019 2590 1214 2657 oleum,
1251 2607 1343 2644 nec
1372 2591 1537 2644 thuris
1569 2590 1773 2661 aliquid

187 2691 372 2750 ponet,
420 2682 545 2751 quia
592 2698 689 2751 pro
731 2690 942 2750 peccato
978 2690 1075 2736 est.
1112 2679 1239 2736 Hazc
1282 2697 1410 2753 ergo
1463 2682 1676 2751 species
1722 2681 1770 2735 ei

189 2774 530 2844 pumitentia:
576 2789 837 2829 concessa
884 2783 967 2829 est
1007 2789 1168 2843 quam
1200 2772 1359 2828 dixit.
1397 2773 1622 2827 Auxiari
1672 2789 1772 2827 au-

190 2876 301 2922 tem
330 2877 389 2922 et
419 2867 611 2922 timere
638 2867 822 2931 debet,
852 2881 924 2920 ne
964 2864 1103 2920 forte
1133 2881 1243 2920 non
1274 2864 1604 2935 suscipiatur
1629 2864 1768 2935 ejus,

189 2968 381 3029 utpote
430 2960 749 3029 frequenter
776 2958 1050 3028 injuriata,
1078 2958 1439 3029 poenitentia;
1480 2969 1770 3029 propterea

188 3064 293 3105 nec
340 3050 522 3105 oleum
569 3048 936 3120 superlundit,
971 3057 1157 3118 utpote
1204 3049 1459 3103 dubitans
1498 3064 1569 3102 an
1610 3049 1773 3102 mise-

189 3140 429 3196 ricordia
456 3150 511 3195 et
538 3140 920 3210 compassione
946 3139 1142 3208 dignus
1182 3140 1271 3193 sit.
1316 3138 1422 3194 Sed
1458 3154 1562 3193 nec
1596 3138 1771 3193 thuris

186 3233 397 3302 aliquid
437 3231 691 3301 imponit,
720 3239 910 3301 utpote
939 3231 1032 3299 qui
1063 3230 1242 3285 nescit
1268 3238 1445 3284 utrum
1474 3230 1597 3283 boni
1633 3230 1771 3283 odo-

189 3326 265 3379 ris
316 3325 393 3379 sit
436 3325 556 3395 ejus
598 3323 797 3385 oratio,
820 3338 982 3392 quam
1028 3322 1346 3391 frequenter
1385 3322 1772 3392 praevaricatus

186 3428 289 3473 est.
324 3417 481 3473 Unde
510 3417 627 3472 Joel
656 3415 921 3487 propheta
952 3416 1021 3471 ad
1049 3416 1263 3486 plebem
1288 3415 1601 3471 Judaaorum
1626 3415 1775 3470 diee-

188 3510 282 3565 bat
318 3528 333 3564 :
373 3508 758 3564 Cauvertimini
820 3510 891 3563 ad
958 3508 1240 3563 Dominum
1297 3509 1464 3562 Deum
1521 3521 1771 3574 vestrum,

187 3605 313 3672 quia
364 3603 615 3672 benignus
666 3610 713 3655 et
761 3602 1057 3655 misericors
1087 3610 1185 3666 est,
1216 3602 1423 3668 patiens
1460 3608 1507 3654 et
1550 3599 1774 3653 multum

191 3697 509 3760 misericors,
539 3704 587 3748 et
616 3694 935 3764 prwstabilis
975 3711 1134 3763 super
1173 3693 1405 3748 malitia.
1448 3692 1577 3758 Quis
1606 3695 1700 3748 scit
1729 3694 1774 3747 si

188 3797 530 3842 convertatur
558 3798 606 3841 et
648 3788 904 3857 ignoscat,
936 3796 985 3840 et
1024 3786 1289 3856 relinquat
1330 3797 1446 3856 post
1474 3803 1529 3841 se
1560 3787 1774 3841 benedi-

190 3880 455 3933 ctionem?
507 3877 843 3949 Sacri/icium
893 3888 941 3932 et
989 3878 1220 3931 libamen
1263 3878 1489 3931 Domina
1533 3879 1637 3931 Deo
1678 3895 1775 3931 uo-

187 3981 296 4025 stro
330 3971 372 4024 ‘.
428 3971 494 4024 Et
547 3970 824 4040 quomodo
881 3968 1163 4023 dubitatur
1211 3968 1279 4024 de
1330 3968 1682 4023 misericorde
1720 3978 1776 4024 et

192 4064 455 4133 patiente,
501 4073 557 4119 et
600 4064 787 4117 multae
831 4061 1221 4127 miserationis,
1260 4060 1303 4116 si
1337 4070 1689 4115 convertatur
1720 4070 1776 4116 et

194 4159 483 4227 pleniteat,
509 4168 565 4212 et
594 4158 638 4212 si
667 4155 996 4212 sacriﬁcium
1020 4164 1113 4208 aut
1143 4154 1381 4208 libamen
1413 4169 1510 4223 pro
1540 4153 1776 4223 peccatis

192 4250 449 4321 accipiat,
483 4249 590 4303 nisi
619 4249 748 4318 quia
782 4247 986 4318 populo
1017 4247 1255 4316 maligno
1285 4254 1341 4299 et
1370 4244 1617 4316 diligenti
1646 4262 1775 4315 pec-

192 4352 309 4397 cata
338 4341 618 4412 loquitur?
648 4340 752 4406 Qui
788 4355 912 4394 eum
945 4352 1093 4408 saepe
1117 4337 1310 4409 egerit,
1341 4352 1621 4406 nunquam
1652 4354 1777 4407 per-

195 4434 333 4488 stitit
378 4434 435 4487 in
478 4450 614 4504 pura
638 4432 957 4503 poenitentia
990 4448 1003 4484 :
1035 4445 1164 4502 ergo
1197 4444 1300 4484 nec
1340 4430 1778 4501 desperationem

197 4526 298 4581 illis
350 4525 530 4580 facere
562 4528 697 4589 vult,
737 4538 839 4578 nec
880 4537 1071 4577 rursus
1113 4538 1208 4577 eos
1260 4522 1591 4592 praenitentes
1623 4523 1780 4577 valde

1874 2066 2023 2107 netu.
2060 2050 2280 2106 Decima
2318 2060 2499 2105 autem
2539 2052 2659 2121 ejus
2701 2061 2786 2108 est
2828 2066 2955 2105 caro
2992 2069 3003 2103 :
3039 2051 3279 2121 primum
3326 2052 3454 2115 qui-

1874 2142 1998 2196 dem
2054 2150 2113 2195 ut
2166 2141 2546 2196 ostenderetur
2601 2142 2906 2196 sublimitas
2963 2142 3263 2197 divinitatis
3313 2143 3453 2212 ejus,

1873 2240 2142 2301 quantum
2189 2233 2255 2286 ad
2306 2232 2721 2297 humanitatem,
2763 2241 2988 2301 propter
3039 2233 3183 2302 quod
3230 2244 3285 2288 et
3331 2250 3457 2303 pars

1873 2323 2103 2387 dicitur;
2147 2324 2345 2378 deinde
2377 2340 2476 2393 pro
2506 2340 2570 2377 eo
2603 2325 2749 2392 quod
2780 2324 2989 2394 integro
3020 2324 3243 2385 homine
3279 2325 3460 2380 incar—

1873 2422 2039 2466 natus
2088 2422 2173 2466 est
2219 2413 2364 2466 Deus
2408 2410 2669 2475 Verbum,
2707 2420 2761 2465 et
2809 2412 2904 2481 qui
2958 2413 3133 2482 legem
3182 2414 3453 2484 impleret.

1874 2499 2178 2570 Utrumque
2208 2501 2354 2555 enim
2382 2500 2593 2554 decima
2623 2499 2914 2568 signiﬁcat,
2938 2503 3065 2570 quia
3093 2511 3150 2556 et
3180 2504 3459 2572 perfectus

1874 2603 1956 2649 est
1983 2592 2241 2647 denarius
2273 2607 2558 2647 numerus.
2599 2593 2794 2647 Decem
2825 2602 3008 2649 autem
3038 2598 3293 2651 mandata
3325 2596 3459 2668 legis

1874 2692 2024 2749 sunt,
2050 2682 2194 2737 unde
2225 2692 2279 2735 et
2308 2682 2532 2736 decima:
2560 2698 2573 2734 :
2596 2681 2863 2737 decimam
2888 2693 3098 2754 partem
3125 2686 3457 2756 praecipuam

1873 2775 2166 2839 sacerdoti,
2205 2773 2428 2828 Christo
2470 2773 2741 2839 videlicet,
2789 2774 2874 2828 lex
2915 2775 3218 2844 deputavit,
3269 2785 3460 2846 utpote

1874 2885 2069 2925 massae
2120 2878 2322 2923 nostra:
2362 2867 2634 2939 primitias
2676 2869 2922 2924 habenti.
2959 2870 3283 2940 Quicunque
3330 2886 3459 2941 ergo

1874 2960 2256 3031 paenitentiam
2292 2976 2436 3029 saepe
2470 2961 2836 3028 praevaricans
2869 2961 3111 3026 violabit,
3155 2978 3458 3032 rursusque

1874 3051 1990 3105 vult
2016 3065 2178 3121 agere
2208 3050 2610 3118 paenitentiam,
2635 3052 2691 3104 in
2726 3066 2822 3121 spe
2843 3050 3043 3105 Christi
3076 3062 3220 3122 agat,
3248 3053 3339 3122 qui
3370 3054 3457 3106 in-

1872 3143 2112 3213 quisitus
2141 3159 2171 3197 a
2202 3143 2363 3197 Petro
2392 3159 2406 3196 :
2436 3142 2494 3197 Si
2535 3144 2823 3212 peccaverit
2866 3143 2923 3195 in
2966 3160 3050 3196 me
3085 3145 3252 3214 frater
3292 3160 3455 3211 meus,

1800 3273 1843 3333 Ο
1874 3236 2075 3307 quoties
2120 3235 2328 3288 dimitto
2380 3236 2448 3300 ei,
2484 3251 2649 3305 usque
2679 3234 2909 3305 septies?
2958 3234 3097 3289 dixit
3129 3252 3142 3287 :
3174 3234 3295 3288 Non
3341 3237 3458 3289 dico

1876 3329 1970 3383 tibi
2000 3344 2160 3399 usque
2186 3328 2395 3396 septies,
2430 3330 2521 3382 sed
2551 3344 2715 3397 usque
2744 3327 3043 3397 septuagies
3072 3328 3261 3395 septirs
3285 3330 3326 3380 ’.
3358 3328 3459 3383 Hic

1873 3438 2003 3493 ergo
2047 3436 2229 3476 sermo
2288 3436 2442 3490 Speltl
2484 3419 2819 3490 poenitentiae
2855 3419 2935 3473 eis
2972 3420 3171 3488 quibus
3204 3418 3459 3489 impossi-

1873 3515 1999 3569 bilis
2028 3514 2243 3569 videtur
2262 3513 2492 3584 praebet.
2518 3511 2747 3581 Propter
2765 3510 2911 3579 quod
2935 3509 3195 3566 hauriens
3220 3513 3288 3566 de
3313 3511 3461 3565 obla-

1874 3608 2024 3663 tione
2073 3606 2263 3676 implet
2314 3605 2577 3677 pugillum
2623 3605 2679 3657 in
2728 3612 3148 3660 monumentum
3196 3603 3316 3672 ejus
3362 3604 3457 3672 qui

1873 3698 2092 3764 obtulit,
2125 3708 2181 3752 et
2212 3706 2421 3752 cremat
2464 3712 2633 3767 super
2666 3697 2857 3762 altare,
2894 3698 2947 3752 id
2986 3706 3091 3761 est,
3123 3710 3333 3750 memor
3372 3697 3458 3750 sui

1873 3788 2050 3855 verbi,
2083 3786 2229 3858 quod
2259 3802 2357 3856 pro
2390 3784 2476 3840 his
2515 3785 2810 3850 salvandis,
2840 3784 2934 3855 qui
2974 3785 3042 3839 ad
3075 3798 3135 3838 se
3164 3782 3459 3838 veniebant

1874 3881 2135 3953 apostolis
2177 3879 2315 3934 dixit
2350 3897 2364 3933 :
2394 3878 2515 3933 Non
2545 3880 2787 3948 peribunt
2820 3879 2877 3931 in
2922 3886 3198 3942 retentum,
3228 3886 3276 3929 et
3310 3892 3461 3929 nemo

1875 3992 1966 4030 eas
1996 3975 2167 4043 rapiet
2196 3974 2260 4027 de
2290 3988 2449 4026 manu
2480 3988 2595 4025 mea
2631 3972 2697 4023 ¹⁰.
2732 3968 3058 4024 Venientem
3093 3969 3158 4022 ad
3195 3983 3256 4021 se
3288 3967 3462 4021 salvat

1875 4082 2001 4121 eum
2066 4065 2158 4134 qui
2207 4078 2350 4133 saepe
2394 4061 2623 4131 deliquit
2662 4061 2716 4115 in
2754 4059 3155 4131 pcenitentiam.
3193 4056 3333 4124 Quid
3364 4071 3463 4126 pro

1876 4174 1943 4214 eo
1973 4158 2214 4213 oﬁerens
2244 4155 2507 4227 pugillum
2540 4155 2596 4207 in
2628 4162 3070 4216 monumentum,
3111 4152 3165 4205 id
3199 4159 3302 4215 est,
3335 4165 3461 4203 ver-

1877 4251 2006 4305 bum
2052 4248 2354 4303 secundum
2395 4245 2541 4316 quod
2587 4244 2841 4315 promisit
2878 4260 2974 4300 eos
3010 4245 3103 4315 qui
3144 4244 3312 4300 semel
3357 4244 3461 4298 sub

1877 4360 2043 4399 nianu
2088 4342 2209 4412 ejus
2254 4340 2385 4395 iacti
2436 4339 2643 4394 fuerint
2691 4353 2799 4392 non
2841 4339 3042 4409 perire.
3076 4338 3149 4391 De
3184 4338 3287 4391 hoc
3329 4352 3459 4407 ergo

1880 4436 2087 4507 pugillo
2135 4433 2423 4488 mulierem
2471 4446 2591 4501 qua:
2638 4430 2868 4502 ﬁguram
2918 4431 3139 4501 gerebat
3182 4429 3459 4493 Ecclesiae,

1882 4530 1999 4599 ipse
2043 4527 2346 4583 introduxit
2376 4525 2654 4579 dicentem
2688 4540 2703 4577 :
2737 4521 3071 4592 Congaudete
3109 4522 3256 4584 mihi,
3290 4521 3462 4572 inveni

196 4632 549 4687 praesumere,
583 4624 748 4685 atque
790 4615 912 4669 ideo
954 4614 1139 4670 verbis
1183 4622 1266 4667 est
1305 4614 1488 4668 dubiis
1520 4630 1651 4669 usus
1678 4632 1691 4667 :
1726 4624 1778 4669 ct
1813 4634 1857 4688 ι)
1883 4637 2001 4675 eum
2027 4620 2337 4672 drachmam
2366 4632 2525 4686 quam
2554 4613 2889 4683 perdideram
2915 4612 2979 4663 ¹¹.
3020 4610 3062 4662 A
3093 4608 3279 4662 multis
3312 4608 3459 4661 enim

196 4709 553 4778 quamobrem
588 4724 698 4762 non
735 4707 1023 4778 oportebat
1056 4704 1539 4775 przesumptionem
1586 4704 1667 4759 eis
1699 4704 1779 4758 fa-

197 4801 297 4855 cile
326 4800 471 4864 dari,
504 4816 573 4855 ne
597 4803 720 4855 data
764 4796 1141 4869 praesumptio,
1182 4794 1249 4848 ad
1286 4795 1390 4849 alia
1426 4810 1617 4850 rursus
1647 4810 1778 4865 pec-

198 4901 313 4944 cata
370 4906 468 4946 eos
524 4890 946 4961 negligentiores
999 4886 1271 4951 elliceret,
1325 4884 1472 4939 velut
1521 4885 1777 4940 relaxatis

200 4984 495 5053 prioribus,
529 4984 777 5037 inlirmos
816 4981 1017 5051 quippe
1054 4980 1317 5049 quosdam
1373 4988 1429 5033 et
1463 4978 1780 5033 inconstan-

203 5085 280 5130 tes
308 5077 365 5130 iu
400 5076 697 5130 virtutibus
728 5074 1003 5144 legislator
1036 5072 1234 5126 innuit.

268 5165 462 5220 Tradet
508 5176 689 5219 autem
730 5182 850 5218 eam
895 5164 1174 5216 sacerdoti.
1218 5161 1311 5215 ille
1357 5171 1560 5226 autem,
1598 5169 1785 5231 utpote

202 5258 323 5325 pius
346 5256 604 5312 Christus
633 5274 648 5312 :
675 5258 881 5325 quippe
909 5264 991 5309 est
1018 5255 1109 5325 qui
1136 5254 1466 5309 etiamnunc
1498 5269 1596 5323 per
1619 5253 1785 5324 signi-

202 5346 509 5401 ﬁcationem
542 5348 864 5419 intelligitur
892 5347 1211 5402 sacerdotis.

273 5438 373 5503 Qui
418 5440 634 5508 plenum
675 5456 739 5494 ea:
787 5449 894 5493 toto
932 5438 1190 5510 pugillum
1228 5441 1496 5506 hauriens,
1531 5441 1783 5496 cremabit

205 5548 359 5601 super
387 5533 561 5586 altare
592 5534 646 5586 in
679 5541 1075 5586 monumentum
1108 5531 1241 5600 ejus.
1278 5532 1382 5597 Qui
1425 5534 1623 5589 obtulit
1659 5550 1788 5605 spe-

206 5624 319 5679 cies
355 5624 670 5689 oblationis,
704 5624 1053 5693 acceptabilis
1099 5633 1183 5678 est
1232 5624 1360 5695 ephi
1406 5628 1604 5683 simile.
1648 5630 1788 5699 Ephi

207 5720 387 5769 autem
418 5730 675 5769 mensura
702 5724 787 5770 est
815 5713 980 5768 trium
1019 5730 1426 5784 mensurarum,
1459 5718 1513 5771 id
1542 5728 1646 5785 est,
1678 5728 1789 5775 tres

279 5846 365 5901 ‘ll
400 5846 542 5904 Petr.
578 5866 637 5915 ιι,
671 5850 761 5904 22.

212 5929 364 5983 non,
404 5920 494 5987 21,
521 5918 611 5975 22.
692 5922 733 5954 "
764 5920 921 5978 Joan.
960 5938 1011 5987 κ,
1037 5922 1127 5979 28.
1207 5922 1245 5954 ¹¹
1280 5923 1413 5976 Luc.
1434 5938 1523 5988 xv,
1549 5923 1603 5977 9.

836 5851 857 5882 '
888 5850 1175 5935 Hebrlltn,
1207 5851 1297 5935 16,
1336 5852 1420 5904 l7.
1499 5852 1520 5883 ⁸
1549 5852 1695 5935 έοει.
1732 5873 1790 5925 ιι,
1822 5858 1910 5922 15,
1965 5857 2048 5935 ll.
2128 5855 2147 5886 "
2170 5852 2378 5909 Coloss.
2409 5868 2445 5906 ιι
2505 5852 2558 5906 9.

1888 4711 2029 4767 male
2060 4706 2386 4780 paenitentia
2416 4706 2695 4761 utentibus
2721 4702 2933 4773 perdita
2965 4699 3142 4755 fuerat
3172 4697 3309 4751 ratio
3335 4710 3460 4765 spe-

1886 4802 2074 4857 raudae
2123 4798 2478 4870 pmnitentiae,
2526 4797 2619 4851 sed
2640 4795 2942 4850 secundum
2987 4788 3303 4862 praedictum
3343 4801 3465 4841 mo-

1886 4894 2017 4948 dum
2064 4891 2286 4945 inventa
2332 4898 2435 4943 est.
2483 4888 2597 4942 lloc
2644 4902 2773 4958 ergo
2816 4889 3231 4940 monumentum
3274 4877 3464 4933 oﬂ'eret

1887 5000 2055 5055 super
2100 4982 2270 5036 altare
2318 4995 2519 5049 corpus
2567 4994 2745 5042 suum,
2781 4976 2925 5047 quod
2970 4987 3132 5028 omne
3180 4978 3463 5041 peccatum

1889 5078 2154 5145 suscepit,
2196 5073 2359 5128 etiam
2412 5071 2543 5126 illud
2598 5070 2742 5140 quod
2796 5066 3082 5123 videbatur
3133 5059 3467 5132 impossibile

1887 5182 2049 5239 posse
2078 5165 2301 5221 salvari.
2333 5164 2561 5234 Propter
2592 5162 2736 5233 quod
2767 5159 2972 5215 addidit
3002 5175 3017 5211 :

1958 5257 2095 5324 Quia
2127 5275 2221 5329 pro
2248 5268 2459 5327 peccato
2485 5265 2579 5309 est.
2608 5254 2918 5309 Ostende-ns
2942 5249 3067 5318 quia
3096 5246 3162 5301 ad
3186 5244 3465 5300 Christum

1888 5353 2067 5407 solum
2114 5353 2354 5422 pertinet
2408 5348 2655 5404 omnium
2706 5351 2927 5414 peccata
2974 5339 3279 5407 suscipere.
3324 5333 3464 5405 Ergo

1887 5444 1943 5499 hi
2003 5444 2096 5514 qui
2157 5442 2533 5514 pmnitentiam
2592 5452 2738 5507 saepe
2796 5433 3071 5505 peccando
3130 5426 3469 5500 praevarirati

1887 5547 2039 5600 sunt,
2078 5547 2354 5607 postremo
2391 5542 2572 5587 autem
2609 5529 3003 5599 pmnituerunt,
3033 5538 3099 5577 ex
3140 5537 3206 5574 eo
3242 5518 3467 5588 quidem

1886 5631 2031 5699 quod
2074 5630 2391 5695 frequenter
2436 5621 2772 5693 prmvaricati
2818 5626 2966 5678 sunt,
3000 5627 3152 5685 spem
3178 5608 3467 5680 opteniten-

1886 5723 1974 5775 tia:
2011 5736 2119 5773 non
2156 5718 2358 5772 habent
2392 5733 2405 5769 ς
2437 5716 2687 5769 Christus
2730 5721 2921 5765 tamen
2961 5706 3123 5761 etiam
3166 5703 3243 5756 sic
3285 5713 3463 5763 orare,

2647 5849 2668 5878 "
2705 5847 2722 5900 1
2755 5846 2911 5900 Joan.
2936 5859 3002 5909 ιι,
3032 5841 3125 5895 23.
3220 5838 3243 5869 ³
3271 5834 3463 5890 Μειιιι
