4046 6446
599 484 709 556 839

1799 486 2165 552 HESYCHII
2203 484 2676 551 PRESBYTERI

3764 480 3852 546 810

599 604 655 657 id
696 607 781 656 est
822 598 1104 671 suscipere
1151 598 1554 671 paenitentiam,
1584 610 1808 671 propter
1846 617 2006 657 suum
2042 601 2182 673 pati-
2211 609 2257 666 Α
2286 601 2476 667 semel,
2515 601 2623 665 bis.
2650 601 2737 655 vel
2776 608 2876 663 ter,
2928 599 3023 655 sed
3072 615 3215 670 smpe
3249 598 3303 655 in
3347 599 3548 655 iisdem
3588 597 3646 651 in
3677 599 3855 667 quibus

599 701 693 748 tur
723 692 972 757 verbum,
1002 692 1146 762 quod
1170 691 1842 762 manifestantsequentia,
1865 709 1987 747 cum
2015 691 2182 748 dicit:

672 783 884 854 Rogans
914 799 1008 853 pro
1028 783 1122 836 illo
1154 792 1204 837 et
1236 784 1477 854 expiatis.
1512 783 1632 850 Vel,
1665 784 1809 839 sicut
1827 784 1967 839 LXX
1994 784 2186 839 edide-

602 883 734 929 runt
776 894 789 929 :
819 875 887 929 Et
919 875 1089 929 orabit
1118 891 1214 943 pro
1251 892 1311 929 eo
1341 876 1604 935 sacerdos,
1635 885 1682 928 et
1712 892 1806 943 pro
1833 885 2044 944 peccato
2073 874 2187 944 ejus

603 978 743 1041 quod
772 970 1027 1040 peccavit,
1057 978 1108 1024 et
1137 970 1433 1024 dimittetur
1461 972 1529 1025 ei.
1578 970 1647 1026 Ut
1677 986 1744 1026 ex
1775 970 1880 1026 hoc
1936 970 2187 1025 intendas

606 1064 732 1133 quia
766 1063 1176 1117 multitudinem
1207 1072 1554 1132 peccatorum
1594 1064 1939 1119 commissam
1979 1062 2188 1134 signiti-

603 1162 712 1207 cat.
746 1152 1114 1219 Quamobrem
1145 1151 1309 1206 etiam
1340 1152 1408 1205 ab
1428 1169 1539 1206 uno
1577 1154 1795 1217 horum,
1828 1161 2015 1222 utpote
2044 1168 2189 1222 saepe

606 1244 797 1296 eadem
829 1250 1110 1312 peccante.
1140 1257 1394 1313 sagpeque
1438 1244 1505 1298 de
1544 1244 1737 1298 eadem
1771 1260 1829 1299 re
1862 1245 2186 1314 poenitente,

607 1345 774 1404 atque
810 1334 1171 1390 nihilominus
1199 1335 1432 1390 iterante
1460 1346 1767 1407 peccatum,
1799 1337 1958 1407 eaAin
1990 1338 2189 1407 quibus

606 1427 998 1496 praevaricatus
1015 1437 1118 1491 est,
1136 1428 1511 1498 paenitentiam
1532 1439 1677 1485 recte
1694 1400 1948 1485 δαείη-(πῆ
1965 1430 2191 1485 dimittit

611 1526 668 1571 et
689 1518 1033 1588 deprecatur.
1056 1520 1371 1577 Misericors
1403 1530 1487 1576 est
1501 1521 1649 1576 enim
1668 1530 1724 1576 et
1740 1521 1913 1576 ﬁdelis
1933 1522 2189 1577 sacerdos

607 1610 677 1666 ad
706 1611 875 1666 Deum
897 1612 990 1681 qui
1015 1622 1205 1667 exorat
1242 1628 1342 1683 pro
1367 1614 1609 1683 peccatis
1649 1615 1852 1685 populi.
1886 1615 1991 1669 Sed
2023 1615 2188 1670 etiam

606 1703 700 1773 qui
724 1702 848 1758 linis
867 1703 939 1757 sit
956 1703 1120 1773 hujus
1138 1702 1459 1768 sanctionis,
1474 1720 1885 1775 cognoscamus,
1903 1706 2187 1775 sequitur:

681 1790 961 1862 Reliquam
985 1810 1106 1847 vero
1121 1802 1327 1862 partem
1346 1795 1453 1862 ipse
1474 1793 1682 1848 habebit
1704 1795 1760 1848 in
1778 1812 2010 1851 munere.
2036 1794 2191 1861 Quod

612 1882 902 1937 ediderunt
939 1882 1133 1946 :Quod
1167 1892 1343 1936 autem
1386 1882 1640 1953 reliquum
1681 1884 1861 1955 fuerit,
1902 1885 1969 1939 sit
2015 1900 2193 1938 sacer-

613 1976 772 2041 dotis,
817 1976 1260 2045 quemadmodum
1298 1947 1619 2044 sacriﬁcium
1664 1947 1875 2041 similia,
1913 1977 2060 2047 atqui
2097 1977 2192 2029 hoc
2220 1947 2266 2007 Β

615 2065 937 2119 sacriﬁcium
964 2068 1155 2122 simila:
1181 2076 1276 2122 est.
1311 2068 1585 2122 Decimum
1615 2072 1819 2137 quippe
1846 2067 1973 2137 cphi
2005 2067 2195 2124 similae

608 2155 877 2229 ‘pmcepit
905 2154 1114 2212 oﬁ‘erri.
1148 2155 1257 2212 Sed
1283 2157 1411 2224 quia
1445 2156 1678 2211 similam
1708 2156 2041 2228 theologiam
2071 2172 2195 2212 esse

617 2248 818 2312 novit,
858 2247 974 2301 haec
1018 2256 1200 2303 autem
1242 2249 1450 2304 oblatio
1486 2264 1596 2304 non
1640 2258 1848 2303 tantum
1890 2248 2194 2321 theologite,

620 2351 890 2409 quantum
917 2341 1257 2410 pmnitentia:
1280 2350 1385 2405 est,
1409 2356 1506 2411 per
1527 2342 1991 2412 comparationem
2019 2352 2202 2396 osten-

620 2432 704 2486 dit
761 2432 888 2501 quia
931 2431 1051 2485 haac
1099 2431 1203 2487 alia
1243 2431 1491 2501 quaedam
1523 2442 1607 2486 est
1638 2442 1789 2486 extra
1829 2434 1973 2487 illam
2006 2449 2022 2486 :
2054 2433 2199 2487 unde

619 2523 694 2578 ibi
725 2523 947 2592 quidem
978 2524 1121 2592 quod
1156 2524 1426 2594 reliquum
1464 2524 1589 2591 fuit,
1620 2526 1803 2579 Aaron
1830 2535 1887 2580 et
1918 2524 2039 2580 ﬁliis
2081 2525 2201 2594 ejus

616 2613 923 2684 deputavit.
958 2613 1095 2669 Esse
1120 2624 1300 2670 autem
1339 2615 1579 2670 diximus
1606 2616 1727 2686 ejus
1759 2616 1917 2682 ﬁlios,
1952 2616 2072 2671 illos
2107 2617 2198 2687 qui

620 2707 880 2763 sublimia
905 2716 963 2763 et
990 2706 1175 2763 divina
1214 2707 1517 2778 intelligere
1548 2717 1799 2777 possunt.
1836 2708 1942 2777 Ipsi
1979 2708 2200 2777 quidem

618 2807 917 2869 pascuntur
959 2799 1029 2855 de
1056 2800 1301 2854 scientia:
1341 2800 1605 2870 reliquiis,
1644 2800 1802 2871 cujus
1839 2807 2011 2854 totum
2039 2808 2203 2870 atque

622 2909 897 2948 summam
944 2892 1001 2946 in
1038 2892 1195 2946 cmlis
1222 2891 1472 2948 Christus
1514 2893 1704 2961 habet,
1731 2892 1875 2962 apud
1914 2906 2077 2962 quem
2116 2908 2204 2946 sa~

622 2986 848 3055 pientia:
878 2984 1121 3039 thesauri
1166 2992 1222 3038 et
1248 2984 1514 3049 scientiae,
1541 2986 1682 3040 sicut
1718 2985 1796 3038 ait
1825 2985 2115 3055 Apostolus
2137 2985 2202 3046 ",

622 3077 935 3132 absconditi
990 3085 1138 3129 sunt.
1190 3076 1346 3130 Nunc
1384 3085 1566 3132 autem
1617 3093 1726 3130 non
1764 3078 1942 3131 Aaron
1988 3087 2044 3131 ct
2082 3076 2205 3131 ﬁliis

624 3170 767 3240 ejus,
799 3169 894 3226 sed
928 3168 1197 3224 sacerdoti
1227 3169 1372 3238 quod
1406 3168 1674 3239 reliquum
1719 3179 1826 3234 est,
1865 3168 2084 3224 Christo
2120 3169 2203 3223 vi-

625 3262 847 3328 delicet,
882 3261 1027 3317 sicut
1052 3270 1109 3317 et
1140 3261 1470 3317 sacriﬁcium
1516 3263 1707 3318 simila:
1738 3272 1824 3319 est
1865 3263 1919 3319 in
1959 3279 2203 3318 munere.

627 3355 771 3427 Ergo
798 3355 925 3427 quia
955 3355 1188 3412 similam
1218 3371 1341 3410 esse
1372 3355 1699 3427 theologiam
1726 3356 1983 3420 diximus,
2014 3356 2070 3409 in
2098 3355 2207 3410 duo

627 3446 822 3500 cadent
871 3460 1114 3514 praesens
1144 3444 1474 3500 sacriﬁcium
1506 3444 1784 3510 dividitur,
1816 3445 1866 3499 id
1898 3453 2008 3509 est,
2038 3446 2093 3499 in
2123 3461 2208 3501 re-

631 3535 951 3591 missionem
1005 3546 1352 3606 peccatorum
1394 3536 1773 3606 ptnnitentiam
1822 3537 2024 3608 agenti,
2056 3545 2111 3591 et
2150 3536 2206 3590 in

632 3627 964 3699 theologiam
994 3626 1240 3681 Christo.
1277 3626 1461 3681 Solius
1495 3627 1641 3681 enim
1677 3626 1769 3681 Dei
1799 3636 1884 3682 est
1907 3628 2205 3698 ignoscere,

632 3721 800 3775 etiam
832 3734 899 3774 ea
930 3733 1165 3787 quorum
1198 3718 1552 3786 impossibilis
1586 3718 1802 3774 videtur
1839 3719 2109 3775 remissio.
2140 3720 2210 3774 Et

634 3820 787 3866 recte
816 3810 872 3865 in
900 3825 1028 3864 eum
1055 3809 1434 3880 multipliciter
1462 3810 1565 3864 hoc
1593 3810 1920 3865 sacriﬁcium
1948 3812 2016 3866 ad
2051 3812 2208 3867 theo-

635 3899 834 3971 logiam
875 3900 1173 3955 invenitur.
1208 3900 1344 3954 lllud
1374 3908 1558 3954 autem
1594 3915 1707 3955 non
1746 3901 2050 3966 admireris,
2082 3902 2210 3972 quia

636 3990 692 4045 iu
739 3989 1064 4060 quibusdam
1112 3990 1388 4060 personis,
1427 3991 1511 4045 vel
1553 3992 1607 4046 in
1644 3993 1903 4061 peccatis,
1937 3992 2209 4048 diﬁicilem
2241 4040 2244 4042 γ

635 4098 762 4138 esse
795 4082 1004 4137 aditum
1044 4082 1384 4154 pmnitentia:
1422 4082 1694 4147 diximus;
1726 4084 1800 4138 ait
1823 4087 2027 4155 quippe
2068 4084 2212 4140 Pau—

636 4178 773 4233 lus:
816 4175 1121 4231 Voluntarie
1164 4176 1302 4231 enim
1338 4176 1671 4244 peccantibus
1720 4177 1888 4241 nobis,
1929 4186 2041 4246 post
2090 4194 2213 4248 per-

638 4275 844 4337 ceptam
878 4265 1126 4318 notitiam
1152 4265 1413 4328 ueritatis,
1447 4280 1548 4318 non
1573 4264 1693 4334 jam
1711 4282 1805 4334 pro
1820 4277 2031 4334 peccato
2055 4267 2214 4321 relin-

637 4359 820 4429 quitur
868 4354 1041 4413 hostia
1075 4356 1153 4420 ";
1202 4357 1305 4412 hoc
1360 4357 1507 4427 quod
1558 4356 1797 4412 diximus
1843 4355 2080 4425 diﬂicilc,
2118 4374 2215 4427 pro

642 4443 985 4518 impossibile
1014 4456 1301 4516 ponentes,
1334 4463 1458 4502 nam
1490 4448 1631 4502 idem
1668 4447 1723 4502 in
1756 4448 2216 4518 subsequentibus

641 4540 720 4595 ait
752 4555 768 4594 :
798 4538 1129 4610 lmpossibile
1163 4549 1238 4593 est
1270 4541 1408 4594 enim
1435 4557 1519 4595 eos
1546 4542 1633 4612 qui
1659 4540 1818 4594 semel
1850 4550 1971 4594 sunt
2014 4540 2217 4594 illumi-

2286 692 2619 763 pmnituerat
2646 692 3114 763 praevaricantem,
3146 692 3533 763 ptenitentiam
3565 705 3725 744 suam
3755 705 3859 746 ait:

2290 784 2580 839 maledicto
2628 784 2924 853 proximam
2976 795 3035 838 et
3082 784 3389 854 reprobam,
3424 784 3674 853 ejusque
3717 782 3862 837 ﬁnem

2288 874 2344 928 in
2377 873 2757 928 combustione
2787 888 2909 927 esse
2942 872 3050 927 nisi
3088 872 3399 943 resipuerit.
3440 872 3665 927 Nolens
3699 883 3864 924 autem

2290 964 2730 1033 desperationem
2808 961 2991 1016 facere
3062 960 3406 1016 auditoribus
3478 958 3614 1014 suis
3666 977 3681 1013 :
3727 971 3870 1014 erant

2289 1057 2495 1128 quippe
2538 1056 2659 1110 sine
2712 1054 2882 1111 dubio
2928 1053 3151 1125 quidam
3204 1054 3260 1107 in
3297 1052 3379 1108 eis
3421 1052 3795 1123 negligentes,
3824 1061 3871 1104 et

2290 1147 2567 1203 luxuriose
2593 1146 2915 1218 paenitentia
2947 1152 3164 1200 utentes
3199 1160 3214 1198 :
3245 1146 3618 1215 quamobrem
3662 1156 3773 1194 non
3814 1142 3870 1195 ad

2289 1240 2611 1303 alios'hazc,
2639 1238 2735 1293 sed
2779 1238 2846 1292 ad
2884 1252 2982 1293 eos
3029 1235 3322 1293 scribebat.
3367 1234 3511 1302 Quia
3552 1246 3697 1305 ergo
3734 1243 3876 1286 erant

2290 1333 2511 1404 quidam
2539 1331 2693 1398 tales,
2723 1329 2975 1400 adjunxit
3009 1344 3025 1383 :
3067 1326 3605 1397 Conﬁdiuiusautem
3644 1324 3873 1389 detrahis,

2291 1423 2504 1493 fratres,
2525 1418 2764 1481 meliora,
2789 1427 2837 1472 et
2859 1419 3115 1472 viciniora
3145 1417 3327 1481 saluti,
3360 1416 3581 1471 tametsi
3615 1416 3700 1467 ita
3718 1415 3876 1483 loqui-

2292 1527 2412 1564 mur
2445 1511 2489 1541 ¹⁶
2522 1527 2539 1564 :
2568 1510 2730 1564 simul
2759 1518 2817 1564 et
2850 1521 3058 1564 terrere
3085 1524 3180 1563 eos
3208 1509 3301 1579 qui
3338 1508 3633 1575 luxuriose
3665 1506 3877 1559 uteban.

2292 1610 2383 1657 tur
2411 1602 2756 1672 poenitentia,
2784 1610 2841 1656 et
2869 1602 3069 1656 bonam
3108 1616 3261 1671 spem
3302 1616 3495 1655 rursus
3531 1600 3873 1670 promittere,

2291 1692 2337 1745 si
2386 1691 2688 1762 migrarent
2725 1707 2755 1745 a
2788 1690 3002 1745 luxuria
3046 1695 3295 1760 cupiens.
3328 1688 3570 1759 Propter
3610 1689 3763 1757 quod
3807 1688 3876 1742 lea

2294 1786 2541 1857 gislator,
2570 1801 2673 1840 nec
2698 1787 2879 1841 oleum
2906 1786 3171 1842 oblationi
3203 1785 3324 1856 ipsi,
3357 1801 3461 1840 nec
3488 1785 3634 1839 thus
3663 1784 3874 1844 addidit.

2294 1879 2549 1935 timorem
2596 1879 2873 1935 incutiens
2923 1880 3301 1945 oli‘erentibus,
3356 1887 3414 1935 et
3462 1889 3666 1934 tamen
3714 1878 3874 1933 susci-

2297 1971 2540 2042 pientem
2573 1972 2714 2027 hanc
2742 1973 3081 2028 sacerdotem
3115 1971 3273 2027 dixit.
3566 2030 3579 2037 ο

2366 2059 2532 2117 Vsus.
2567 2063 2748 2118 14-16.
2786 2083 2804 2115 ς
2840 2063 3080 2120 Locutus
3110 2073 3195 2119 est
3223 2063 3485 2119 Dominus
3522 2063 3599 2119 ad
3647 2060 3873 2132 Moysen,

2298 2155 2541 2211 dicens:
2585 2156 2782 2210 Anima
2836 2156 2882 2211 si
2944 2156 3307 2227 praevaricans
3361 2156 3740 2211 caremonias
3794 2170 3875 2223 per

2300 2264 2568 2311 errorem,
2606 2249 2661 2302 in
2693 2248 2778 2303 his
2804 2265 2924 2319 quae
2965 2250 3192 2304 Domino
3220 2260 3350 2303 sunt
3376 2248 3736 2305 sanctiﬁcata
3764 2262 3877 2316 pec-

2299 2342 2526 2405 caverit,
2554 2340 2746 2396 oﬁ'cret
2779 2357 2881 2411 pro
2908 2341 3110 2397 delicto
3152 2358 3252 2397 suo
3284 2343 3514 2397 arietem
3562 2341 3873 2395 immacula-

2304 2444 2419 2486 tum
2447 2434 2515 2487 de
2536 2432 2810 2505 gregibus,
2835 2433 2926 2502 qui
2951 2434 3056 2488 emi
3084 2443 3262 2503 potest
3286 2434 3503 2488 duobus
3532 2433 3719 2493 siclis,
3742 2432 3874 2500 juxta

2302 2525 2519 2595 pondus
2567 2524 2887 2589 sanctuarii,
2929 2523 3217 2594 ipsumque
3266 2526 3413 2595 quod
3463 2525 3661 2579 intulit
3704 2524 3872 2578 damni

2303 2615 2579 2680 restituet,
2613 2624 2670 2669 et
2705 2615 2952 2684 quintam
3004 2624 3211 2685 partem
3244 2625 3412 2685 ponet
3449 2631 3623 2686 supra
3670 2620 3875 2667 tradens

2302 2706 2597 2769 sacerdoti,
2627 2707 2720 2775 qui
2767 2706 2977 2774 rogabit
3017 2721 3117 2776 pro
3152 2720 3218 2760 eo
3259 2706 3500 2761 oﬁ'erens
3541 2704 3796 2767 arietem,
3826 2716 3871 2760 ct

2302 2797 2607 2851 dimittetur
2643 2798 2714 2851 ei.
2750 2814 2769 2847 ι

2375 2886 2588 2941 Βοηυω
2637 2888 2856 2958 quidem
2904 2897 2990 2943 est
3014 2888 3083 2943 ab
3126 2886 3273 2942 omni
3315 2897 3544 2959 peccato
3584 2888 3865 2951 abstinere,

2305 2983 2536 3035 maxime
2562 2992 2741 3037 tamen
2764 2981 2832 3036 ab
2846 2997 2913 3034 eo
2930 2982 3071 3051 quod
3087 2992 3273 3035 contra
3296 2993 3482 3036 sancta
3501 2981 3868 3045 committitur,

2308 3073 2438 3141 quia
2470 3074 2614 3127 Deus
2642 3072 2887 3143 perillud
2911 3073 3219 3143 injuriatur.
3239 3073 3514 3139 Quantum
3546 3082 3737 3127 autem
3757 3073 3863 3131 hoc.

2307 3175 2363 3219 et
2399 3180 2562 3233 quam
2592 3163 2837 3219 terribile
2864 3163 2954 3230 sit,
2985 3179 3246 3234 praesens,
3276 3180 3438 3235 quam
3482 3165 3761 3237 legislator
3784 3179 3868 3217 ex—

2232 3282 2275 3340 c
2310 3257 2521 3327 posuit,
2578 3256 2921 3312 demonstrat
2963 3258 3188 3313 oblatio.
3227 3257 3421 3313 Cernis
3472 3259 3683 3329 quippe
3728 3258 3864 3327 quia.

2309 3349 2437 3403 dum
2475 3356 2558 3402 tot
2589 3348 2943 3419 prmeepisset
2982 3349 3247 3403 sacriﬁcia
3287 3350 3577 3413 celebrari,
3622 3363 3865 3417 nusquam

2307 3440 2376 3494 de
2415 3439 2606 3495 arietis
2643 3440 2915 3496 sacriﬁcio
2947 3440 3001 3494 in
3028 3441 3297 3511 principio
3324 3440 3446 3495 libri
3479 3442 3650 3511 hujus
3679 3437 3866 3493 Domini

2307 3532 2374 3584 ad
2401 3530 2619 3602 Moysen
2652 3532 2949 3602 loquentis,
2974 3532 3081 3587 nisi
3112 3542 3319 3587 tantum
3346 3533 3401 3587 in
3440 3532 3545 3587 hoc
3575 3533 3699 3586 loco
3730 3544 3863 3585 men-

2308 3625 2515 3678 tionem
2553 3623 2703 3688 fecit,
2731 3626 2922 3680 volens
2955 3626 3336 3681 necessitatem
3371 3634 3426 3679 et
3463 3626 3756 3680 utilitatem
3796 3638 3865 3675 sa-

2308 3718 2494 3775 criﬁcii
2530 3718 2694 3787 hujus
2722 3720 3033 3775 ostendere.
3066 3718 3258 3773 Cernis
3284 3718 3449 3774 etiam
3478 3718 3607 3788 quia
3636 3733 3744 3772 non
3768 3716 3862 3770 hir-

2309 3827 2459 3874 cum,
2486 3826 2665 3880 neque
2708 3826 2950 3881 capram,
2993 3820 3089 3865 aut
3123 3826 3306 3875 ovem,
3334 3820 3429 3865 aut
3471 3826 3573 3881 par
3607 3808 3865 3865 columbae

2313 3918 2457 3963 rum,
2506 3902 2600 3955 sed
2655 3902 2880 3955 arietem
2938 3900 3201 3971 praecepit
3244 3901 3449 3965 oﬁerri,
3494 3916 3563 3955 ex
3615 3900 3862 3955 oblatione

2312 3994 2520 4049 docens
2564 3995 2726 4063 quale
2800 3994 2869 4049 sit
2921 3994 3036 4048 hoc’
3074 4003 3380 4063 peccatum.
3422 3994 3483 4048 In
3531 3992 3705 4064 ﬁgura
3739 3991 3859 4045 euiiu

2315 4086 2613 4142 Salvatoris
2663 4087 2807 4142 aries
2858 4086 3144 4157 accipitur.
3200 4086 3497 4156 Cognoscis
3550 4094 3735 4141 autem
3780 4084 3861 4137 hoc

2315 4180 2502 4238 modo.
2536 4179 2756 4249 quando
2798 4178 2941 4233 Deus
2971 4178 3243 4233 Abraham
3286 4179 3355 4232 ab
3385 4178 3669 4247 unigenito
3698 4176 3863 4230 immo-

2315 4270 2479 4326 lando
2523 4271 2772 4326 cohibuit
2803 4287 2817 4325 :
2855 4271 3113 4340 quoniam
3149 4278 3207 4324 et
3243 4269 3394 4325 Isaac
3439 4269 3627 4325 vivere
3672 4277 3863 4340 propter

2319 4362 2644 4434 promissam
2683 4378 2749 4416 ex
2795 4377 2863 4415 eo
2901 4361 3331 4426 successionem,
3362 4370 3418 4416 et
3453 4360 3682 4431 ﬁguram
3723 4357 3863 4414 sacri-

2320 4452 2428 4507 ﬁcii
2480 4452 2781 4506 Salvatoris
2832 4451 3044 4521 impleri
3100 4451 3422 4521 oportebat,
3475 4460 3701 4521 propter
3751 4451 3863 4501 hanc

2320 4545 2471 4599 Isaac
2524 4543 2580 4598 in
2631 4544 2961 4598 sacriﬁcium
3010 4553 3323 4614 assumpto,
3372 4543 3509 4598 vidit
3557 4542 3777 4597 arietem
3820 4540 3860 4591 in

642 4630 785 4693 uati,
824 4640 1267 4702 gustaveruntque
1312 4632 1508 4687 donum
1564 4636 1784 4697 caleste,
1825 4642 1875 4687 et
1934 4633 2216 4703 participes
2252 4620 2291 4674 Ῑ)
2324 4636 2579 4705 vepribus
2624 4636 2922 4691 haerentem
2981 4636 3259 4700 cornibus,
3300 4635 3407 4701 vel,
3436 4636 3579 4690 sicut
3634 4633 3786 4694 LXX.
3820 4632 3860 4683 in

641 4724 771 4795 {acti
805 4732 927 4778 sunt
968 4722 1200 4792 Spiritus
1233 4726 1423 4788 sancti,
1456 4734 1899 4795 gustaveruntque
1938 4726 2097 4778 etiam
2134 4726 2221 4778 bo-

640 4830 769 4869 num
812 4812 907 4868 Dei
936 4814 1170 4879 uerbum,
1208 4814 1527 4884 virtutesque
1555 4813 1732 4868 saeculi
1762 4815 1989 4879 uenturi,
2021 4826 2069 4869 et
2096 4830 2221 4884 pro-

642 4905 782 4976 lapsi
818 4914 961 4970 sunt,
994 4907 1237 4960 renovari
1270 4921 1450 4959 rursus
1486 4905 1557 4959 ad
1589 4908 1974 4974 pazniteutiam,
2009 4911 2222 4978 cruciﬁ-
2260 4918 2263 4919 '

640 5008 817 5067 gentes
839 4997 1176 5067 sibimetipsis
1195 4994 1243 5050 F
1244 4998 1398 5051 ilium
1428 4995 1545 5062 Dei,
1569 5008 1618 5067 ct
1643 5000 1869 5053 ostentui
1885 4999 2131 5055 habentes
2155 5002 2219 5068 “,

641 5102 740 5143 eos
770 5086 864 5155 qui
894 5085 1217 5157 frequenter
1241 5095 1473 5158 egerunt
1497 5088 1900 5157 paenitentiam,
1931 5101 1985 5146 et
2014 5107 2223 5161 praeva—

641 5177 804 5234 ricati
848 5186 979 5231 sunt
1017 5177 1295 5232 Christum
1330 5179 1616 5249 injuriare,
1644 5182 1736 5251 qui
1771 5198 1889 5236 eam
1924 5184 2219 5251 concessit,

638 5269 992 5344 signiﬁcans,
1060 5271 1205 5341 quod
1265 5272 1619 5329 manifestam
1693 5276 1976 5344 sequentia
2016 5275 2220 5331 :Terra

635 5362 803 5428 enim,
836 5360 1032 5432 inquit,
1067 5379 1205 5433 saepe
1246 5380 1404 5434 super
1449 5381 1505 5419 se
1546 5365 1833 5421 uenientem
1880 5367 2096 5421 imbrem
2139 5367 2222 5421 bi-

637 5455 782 5521 bens,
810 5466 859 5510 et
891 5471 1146 5525 generum
1183 5458 1400 5511 herbam
1437 5467 1785 5527 opportunam
1823 5458 1930 5513 illis
1968 5476 2001 5513 a
2038 5459 2221 5530 quibus

637 5547 850 5613 colitur,
902 5549 1104 5618 accepit
1147 5548 1554 5603 benedictionem
1586 5566 1618 5601 a
1668 5547 1912 5602 Domino.
1951 5547 2223 5619 Proferens

637 5646 817 5692 autem
860 5637 1044 5707 spinas
1086 5647 1134 5690 et
1181 5636 1420 5700 tribulos,
1452 5635 1673 5705 reprobo
1721 5646 1816 5701 est,
1850 5646 1899 5689 et
1945 5636 2223 5691 maledicto

636 5727 904 5797 proxima,
952 5729 1105 5799 cujus
1153 5728 1273 5797 ﬁnis
1319 5728 1375 5781 in
1425 5728 1778 5781 combustione
1812 5728 1875 5782 ".
1927 5729 2046 5782 Non
2087 5729 2226 5784 dixit

2318 4726 2515 4780 arbore
2581 4724 2795 4780 Sabecli
2846 4725 3156 4796 patriarcha
3214 4725 3410 4780 teneri.
3468 4724 3651 4778 Arbor
3711 4732 3859 4776 autent

2322 4816 2533 4873 Sabech
2569 4833 2703 4872 crux
2733 4827 2838 4882 est,
2874 4820 3080 4890 lignum
3122 4817 3484 4884 remissionis,
3527 4818 3581 4872 in
3611 4834 3722 4888 quo
3748 4814 3861 4870 aries

2317 4926 2386 4964 ex
2442 4909 2702 4964 cornibus
2752 4910 2977 4981 ﬁguram
3026 4926 3243 4981 gerens,
3289 4909 3485 4964 conﬁxi
3532 4911 3777 4965 manibus
3816 4907 3857 4959 in

2323 5018 2488 5058 cruce
2520 5002 2725 5058 Christi
2767 5004 3073 5059 tenebatur.
3106 5004 3222 5060 Non
3254 5004 3430 5059 solum
3469 5013 3654 5058 autem
3702 5005 3857 5058 ianus.

2323 5094 2563 5149 culatum
2605 5102 2729 5148 eum
2774 5110 2896 5149 esse
2937 5097 3211 5167 praecepit,
3243 5095 3339 5151 sed
3379 5106 3436 5151 et
3468 5098 3564 5165 qui
3607 5095 3760 5165 pretii
3789 5092 3855 5153 sit.

2324 5182 2440 5237 sive
2477 5182 2589 5238 emi
2626 5182 2797 5253 possit
2834 5183 3048 5238 duobus
3077 5185 3244 5249 siclis,
3277 5184 3386 5249 vel,
3408 5183 3713 5239 secundum
3730 5176 3855 5241 ω.

2323 5274 2537 5345 argenti
2578 5274 2969 5345 quinquaginta
3000 5274 3169 5340 siclis,
3204 5275 3339 5330 siclo
3376 5274 3698 5328 sanctuarii.
3727 5270 3857 5325 Nemo

2323 5366 2529 5436 quippe
2587 5364 2693 5419 sibi
2750 5365 3071 5435 conquirere
3124 5364 3337 5419 Domini
3395 5363 3724 5419 sacriﬁcium
3776 5356 3853 5414 nisi

2322 5472 2421 5527 per
2453 5456 2717 5527 Spiritum
2742 5465 2993 5511 sanctum
3023 5465 3222 5526 potest.
3259 5456 3315 5510 Si
3347 5456 3494 5510 enim
3524 5469 3689 5509 nemo
3715 5455 3853 5523 potest

2324 5548 2511 5603 dicere
2564 5548 2829 5603 Dominus
2883 5547 3042 5602 Jesus
3096 5545 3381 5611 Christus,
3436 5546 3541 5600 nisi
3591 5547 3646 5600 in
3686 5543 3851 5614 Spiritu

2322 5648 2513 5696 sancto
2545 5640 2610 5702 ιτ,
2637 5640 2813 5693 multo
2844 5638 3016 5707 magis
3046 5654 3147 5693 nec
3177 5638 3505 5693 sacriﬁcium
3531 5638 3651 5707 ejus
3676 5632 3851 5701 assequi

2326 5739 2526 5801 potest,
2560 5730 2680 5787 sine
2705 5731 3022 5801 operatione
3066 5730 3324 5801 Spiritus.
3366 5730 3519 5784 Unde
3548 5745 3659 5784 non
3689 5725 3855 5795 simpli-

711 5924 1159 5995 "Coloss.n,3.
1240 5928 1671 5993 "lli-binxﬂﬁ.
1750 5913 2644 5994 “llebr.\'i,l,3."ibid.7,8.
2721 5932 2762 5962 ιο
2796 5931 2925 5985 ibid.
2958 5932 3012 5985 9.
3093 5927 3549 6001 "lCor.xn,3.
