3946 6404
132 411 229 481 811

1288 420 1369 482 IN
1411 420 1846 483 LEVITICUM.
1886 445 1952 455 -
1990 422 2135 482 LIB.
2179 419 2229 484 I.

3276 424 3381 492 842

130 530 260 583 citer
295 526 509 582 dictum
548 536 653 593 est,
686 529 1081 601 quinquaginta
1120 531 1402 587 sicterum.
1446 534 1705 588 Ostendit
1732 542 1776 597 Α
1807 532 1961 599 Quod
1980 534 2024 588 si
2050 533 2356 604 peccaverit
2376 532 2442 588 de
2468 535 2669 618 populo
2685 543 2846 592 terra:
2874 551 2973 607 per
2992 536 3379 609 ignorantiam,

130 617 327 688 quippe
378 619 471 673 hic
519 636 780 675 numerus
814 622 988 676 sancti
1023 622 1257 692 Spiritus
1289 624 1608 688 adventum,
1641 640 1707 678 ex

130 728 189 764 eo
226 711 376 779 quod
414 711 502 765 die
535 711 878 779 Pentecoste,
912 714 963 768 id
1000 723 1084 767 est
1130 716 1597 786 quinquagesima,
1640 716 1708 770 ad

129 802 405 870 apostolos
454 806 628 858 venit.
671 805 779 859 Sed
827 814 885 860 et
936 809 1177 875 pondere
1223 808 1541 871 sanctuarii,
1592 808 1707 863 sive

131 892 435 946 secundum
464 892 607 947 LXX
643 895 778 949 siclo
805 906 1016 963 sancto,
1049 905 1109 949 ut
1140 913 1234 966 per
1262 898 1365 951 hoc
1391 897 1536 966 quod
1569 897 1707 952 dixit

133 992 339 1045 sancto,
401 986 721 1041 ostenderet
787 988 960 1040 sancti
1033 986 1268 1057 Spiritus
1334 989 1589 1043 virtutem
1654 997 1709 1043 et

132 1076 534 1144 operationem.
573 1075 719 1132 Siclo
765 1087 946 1131 autem
987 1079 1189 1148 quare?
1230 1078 1366 1144 Quia
1412 1080 1579 1134 siclus
1620 1080 1707 1133 vi-

134 1168 261 1237 ginti
293 1168 589 1222 obolorum
624 1178 729 1235 est,
766 1169 855 1224 hic
895 1179 1077 1223 autem
1113 1170 1416 1224 vicenarius
1450 1186 1707 1224 numerus

132 1275 237 1313 non
263 1269 352 1314 est
390 1262 631 1330 peccatis
658 1260 949 1315 obnoxius.
994 1260 1148 1316 Unde
1175 1261 1226 1315 hi
1252 1262 1341 1330 qui
1375 1262 1441 1316 de
1475 1261 1707 1332 Egypto

134 1352 403 1415 exierunt,
445 1368 571 1406 cum
606 1352 795 1423 viginti
825 1368 1093 1405 annorum
1124 1362 1331 1415 essent,
1362 1354 1570 1422 peccati
1606 1370 1705 1423 po-

134 1443 239 1512 puli
272 1457 501 1511 pmnam
545 1459 654 1497 non
696 1454 1057 1513 susceperunt
1086 1460 1100 1497 :
1135 1445 1368 1499 mundus
1404 1446 1603 1515 quippe
1637 1447 1705 1501 ab

135 1535 273 1588 omni
300 1546 533 1604 peccato
562 1544 646 1589 est
669 1537 929 1606 spiritalis
958 1538 1142 1591 homo.
1171 1536 1288 1590 Non
1320 1538 1494 1591 solum
1522 1547 1703 1592 autem

136 1627 360 1682 arietem
394 1628 607 1692 olIerri,
640 1629 734 1683 sed
761 1637 814 1682 et
843 1629 1084 1698 quintam
1112 1629 1313 1683 addere
1338 1629 1611 1699 praecepit.
1647 1628 1705 1683 Si

136 1721 251 1789 quis
294 1719 442 1774 forte
481 1730 672 1775 sancto
699 1735 849 1782 vase,
882 1721 966 1775 vel
996 1721 1138 1783 cibo,
1168 1730 1263 1774 aut
1297 1730 1572 1791 unguento
1612 1722 1703 1776 tali

137 1808 317 1862 illicite
348 1809 558 1863 abusus
587 1820 690 1875 est,
714 1810 817 1865 hoc
847 1812 1140 1880 appellavit
1179 1812 1527 1866 commissura
1572 1828 1703 1881 pec-

1815 634 1874 677 ut
1890 624 2052 678 faciat
2069 624 2361 694 quidquam
2382 640 2447 679 ex
2468 625 2553 679 liis
2573 642 2693 695 quae
2710 626 2924 682 Domini
2955 628 3067 699 lege
3089 632 3381 699 prohiben-

1811 722 1899 767 tur
1923 724 2085 783 atque
2120 716 2421 785 delinquat,
2457 727 2511 771 et
2541 720 2856 789 cognoverit
2882 731 3167 789 peccatum
3198 739 3377 786 suum,

1808 802 2003 859 oﬂ'eret
2043 822 2259 875 capram
2301 808 2723 864 immaculatam.
2762 811 2917 868 Nunc
2948 821 3202 883 tanquam
3238 817 3379 870 obli-

1811 905 1897 950 tus
1930 912 1993 951 ea
2032 914 2153 968 quae
2198 912 2529 969 praeceperat
2562 920 2574 954 :
2612 900 2669 957 Si
2708 904 2909 967 anima,
2944 905 3039 966 ait,
3075 907 3381 974 peccaverit

1809 1004 1907 1057 per
1952 988 2334 1059 ignorantiam,
2365 992 2661 1062 feceritque
2700 1011 2867 1049 unum
2902 1012 2967 1049 ex
2999 996 3083 1050 his
3118 1013 3239 1066 qua:
3274 1000 3381 1052 Do-

1807 1080 1938 1133 mini
1974 1081 2091 1152 lege
2130 1084 2493 1152 prohibentur
2527 1103 2539 1137 :
2570 1095 2625 1140 et
2661 1089 2867 1156 peccati
2916 1104 3005 1143 rea
3052 1090 3381 1145 intellexerit

1807 1167 2147 1237 iniquitatem
2183 1186 2359 1237 suam,
2393 1174 2585 1229 offeret
2613 1177 2838 1231 arietem
2879 1178 3280 1234 immaculatum
3311 1181 3379 1235 de

1807 1260 2062 1329 gregibus
2102 1264 2392 1318 sacerdoti.
2432 1266 2497 1319 Et
2537 1268 2765 1321 multum
2800 1269 3012 1323 videtur
3040 1270 3258 1326 differre
3289 1272 3378 1326 in-

1806 1360 1889 1407 ter
1917 1354 2020 1409 hoc
2046 1356 2396 1420 sacriﬁcium,
2429 1366 2485 1411 et
2517 1358 2647 1413 illud
2677 1360 2818 1428 quod
2848 1360 3049 1415 dudum
3074 1364 3329 1433 praecepit
3359 1383 3373 1418 :

1806 1445 1901 1500 sed
1943 1461 2123 1515 neque
2160 1448 2360 1503 oblitus
2409 1459 2493 1504 est
2537 1452 2804 1506 anteriora
2850 1470 2951 1508 nec
2996 1457 3264 1510 contraria
3297 1459 3377 1514 eis

1806 1536 2087 1604 praeepit.
2122 1536 2261 1603 Quia
2301 1539 2447 1592 enim
2483 1542 2705 1595 nomine
2734 1543 2929 1596 anima:
2957 1546 3215 1614 gentilem
3239 1548 3377 1601 dixi-

1806 1640 1929 1680 mus
1961 1626 2275 1697 signiﬁcari,
2315 1629 2405 1683 hic
2444 1640 2627 1685 autem
2668 1631 2896 1687 forsitan
2933 1634 3185 1705 ignorans
3220 1653 3374 1690 man-

1806 1715 1928 1771 data
1964 1717 2098 1788 legis
2135 1720 2438 1790 transgredi
2488 1731 2702 1790 poterat
2751 1724 2992 1793 (propter
3026 1727 3169 1795 quod
3218 1726 3370 1787 dixit,

1804 1824 1895 1874 per
1933 1810 2291 1879 ignorantiam
2332 1812 2518 1879 recte),
2554 1813 2908 1885 intelligibilis
2943 1816 3103 1880 aries,
3128 1817 3374 1870 Christus

138 1908 309 1953 (“etum
337 1900 394 1953 in
422 1908 611 1954 sancta
644 1918 658 1959 ;
686 1902 772 1955 hic
800 1918 927 1971 ergo
958 1902 1135 1973 ipsum
1167 1903 1378 1966 reddet,
1404 1913 1459 1958 et
1482 1906 1705 1973 insuper
1734 1904 1776 1958 Β
1805 1901 2076 1965 videlicet,
2109 1904 2272 1973 hujus
2302 1914 2581 1974 peccatum
2613 1908 2666 1961 in
2706 1908 2970 1964 sacriﬁcio
3003 1926 3101 1978 pro
3130 1924 3195 1964 eo
3221 1910 3373 1964 obla-

139 1991 485 2059 quintamﬁd
514 2002 599 2047 est
624 1996 865 2063 quintam
904 1996 1023 2064 ejus
1063 2004 1270 2064 partem
1305 1997 1479 2050 tradet
1518 2011 1699 2050 sacer-

139 2084 262 2137 doti.
310 2084 427 2138 Hoc
470 2094 654 2139 autem
704 2086 969 2157 signiﬁcat
1010 2097 1087 2151 ut,
1149 2089 1403 2157 quoniam
1460 2089 1701 2159 quinque

138 2192 326 2232 sensus
370 2178 655 2245 habemus,
687 2180 733 2234 si
778 2195 872 2250 per
918 2197 1086 2235 unum
1129 2197 1350 2235 sensum
1397 2182 1701 2252 peccaveri-

138 2285 271 2333 mus,
304 2269 475 2324 veluti
502 2271 547 2325 si
577 2272 793 2325 oculum
824 2271 891 2325 ad
920 2271 1242 2325 adulterium
1274 2274 1329 2326 in
1374 2280 1619 2343 tempore
1646 2284 1702 2328 et

141 2360 253 2416 loco
284 2375 482 2418 sancto
511 2363 981 2433 occupaverimus,
1014 2374 1108 2419 aut
1155 2364 1391 2435 linguam
1430 2366 1483 2419 in
1522 2365 1701 2419 detra-

141 2452 332 2515 bendo,
368 2452 455 2506 vel
489 2468 650 2507 aures
676 2453 745 2507 ad
783 2453 975 2508 malam
1012 2454 1364 2521 locutionem,
1390 2466 1485 2510 aut
1512 2457 1701 2511 odora-

140 2551 247 2597 tum
291 2545 358 2597 ad
401 2544 811 2613 perceptionem
849 2544 1324 2599 odoramentorum
1363 2546 1701 2601 meretricio-

139 2650 274 2697 rum,
301 2644 397 2688 aut
425 2651 649 2689 manum
675 2636 743 2689 ad
773 2642 974 2690 tactum
1004 2634 1288 2705 profanum
1318 2646 1374 2691 et
1400 2636 1656 2703 injustum
1681 2654 1697 2692 :

140 2728 365 2795 primum
399 2728 621 2796 quidem
664 2728 733 2782 ab
768 2727 860 2781 illo
896 2736 1117 2797 peccato
1160 2728 1382 2783 omnino
1424 2729 1698 2786 abstinea-

140 2833 274 2883 mus,
305 2828 359 2873 et
388 2819 766 2889 paenitentiam
799 2821 865 2874 de
894 2834 958 2874 eo
980 2834 1076 2889 per
1113 2820 1337 2874 arietem
1365 2820 1696 2887 offeramus;

141 2910 190 2965 id
215 2921 316 2975 est,
348 2912 628 2966 Christum
657 2927 909 2983 rogemus
939 2922 999 2967 ut
1027 2913 1232 2983 peccati
1263 2913 1315 2966 in
1340 2928 1397 2968 se
1425 2914 1698 2969 commissi

141 3002 249 3071 ipa
297 3002 390 3057 ﬁat
438 3004 645 3073 ercptio
679 3018 693 3056 :
731 3004 925 3059 deinde
972 3005 1246 3075 quintam,
1296 3005 1347 3059 id
1400 3014 1483 3059 est
1530 3022 1697 3060 unum

141 3094 512 3163 praedictorum
564 3110 843 3159 sensuum,
886 3111 982 3165 per
1024 3097 1167 3164 quod
1219 3105 1497 3165 peccatum
1547 3114 1697 3152 com-

140 3185 353 3241 missum
385 3195 488 3250 est,
520 3186 809 3241 offeramus
844 3187 1127 3251 sacerdoti,
1158 3187 1371 3242 Christo
1403 3188 1650 3245 videlicet
1681 3206 1691 3239 :

143 3285 198 3329 ut
246 3292 587 3346 nequaquam
646 3278 782 3331 ultra
837 3277 903 3331 ad
962 3279 1230 3331 actionem
1280 3294 1497 3347 pravam
1548 3280 1696 3333 illum

141 3383 461 3437 occupemus
517 3384 759 3433 sensum,
796 3370 890 3423 sed
941 3384 1323 3424 consecremus
1371 3370 1519 3424 illum
1569 3371 1697 3427 Deo.

145 3457 230 3512 Sic
249 3460 392 3513 enim
421 3476 522 3530 pro
545 3468 765 3528 peccato
788 3470 973 3514 nostro
998 3460 1393 3529 deprecabitur.
1417 3459 1699 3525 Quomodo

142 3559 312 3602 autem
348 3550 553 3618 peccati
599 3550 740 3603 aries
784 3564 882 3617 per
928 3550 1266 3602 sacerdotem
1305 3548 1583 3613 oﬁ‘eratur,
1644 3551 1697 3604 in

143 3638 241 3691 alia
286 3648 436 3708 parte
489 3638 613 3693 libri
664 3639 1031 3708 conscriptum
1084 3647 1188 3702 est,
1231 3638 1322 3692 ubi
1375 3640 1697 3694 sacriﬁcium

144 3744 237 3798 pro
264 3740 483 3799 peccato
511 3730 719 3799 aequale
757 3744 879 3784 esse
908 3729 1176 3784 sacrificio
1204 3729 1346 3797 quod
1380 3745 1477 3799 pro
1505 3730 1699 3785 delicto

144 3820 218 3882 ﬁt,
256 3820 581 3889 praedicavit.
625 3819 737 3875 Hoc
778 3829 959 3874 autem
1007 3834 1153 3873 nunc
1196 3820 1561 3889 adjiciendum
1592 3831 1695 3886 est,

140 3912 259 3981 quia
313 3913 570 3966 delictum
626 3912 898 3981 legislator
947 3912 1160 3966 duobus
1211 3912 1385 3966 modis
1439 3911 1550 3973 uti,
1601 3927 1695 3966 seu

143 4016 332 4071 ponere
359 4003 563 4067 solens,
588 4012 643 4057 et
670 4003 926 4057 delictum
956 4003 1230 4072 appellare
1282 4016 1430 4055 nunc
1475 4003 1695 4072 quidem

140 4104 409 4162 peccatum
458 4095 604 4164 quod
649 4095 716 4150 ad
760 4096 1042 4150 scientiam
1089 4095 1357 4165 pervenit,
1390 4105 1447 4151 et
1495 4111 1698 4166 nequa-

142 4202 289 4254 quam
318 4188 425 4257 jam
462 4188 704 4257 ignotum
741 4197 825 4241 est
860 4188 1127 4257 peccanti,
1158 4204 1303 4243 nunc
1340 4195 1522 4243 autem
1552 4189 1695 4258 quod

144 4278 197 4331 in
240 4278 341 4334 Deo
391 4281 511 4349 ipso
560 4280 910 4335 commissum
952 4289 1053 4344 est,
1101 4280 1265 4335 veluti
1316 4280 1692 4350 jurejurando,

141 4380 227 4423 aut
253 4373 409 4426 etiam
460 4372 514 4425 in
559 4372 779 4435 sanctis,
811 4387 919 4426 non
964 4372 1083 4427 sine
1123 4387 1287 4425 causa
1330 4372 1431 4426 hoc
1462 4373 1696 4442 appellat

142 4462 400 4527 delictum,
436 4464 534 4517 sed
584 4472 643 4518 ut
686 4472 741 4517 tu
782 4479 1077 4533 cognoscas
1122 4463 1376 4518 similiter
1418 4463 1475 4516 in
1524 4464 1691 4518 Deum

141 4556 336 4609 extendi
391 4564 697 4626 peccatum,
744 4556 890 4624 quod
946 4555 1002 4609 in
1066 4556 1312 4621 scientia,
1349 4565 1405 4609 et
1450 4556 1595 4624 quod
1632 4556 1688 4610 in
1724 4580 1767 4635 υ

139 4646 492 4715 jurejurando,
524 4658 581 4701 et
612 4649 755 4716 quod
788 4648 841 4700 in
873 4647 1074 4701 sanctis
1101 4645 1479 4701 committitur.

204 4734 351 4790 Vens.
390 4738 582 4791 l7-I9.
622 4755 640 4788 ι
686 4738 880 4791 Anima
926 4736 972 4791 si
1030 4736 1336 4806 peccaverit
1386 4750 1483 4805 per
1539 4734 1694 4805 igno-

144 4831 374 4891 rantiam,
404 4830 701 4898 feceritque
749 4845 916 4883 unum
952 4844 1018 4884 ex
1062 4829 1147 4882 his
1174 4844 1294 4898 quae
1324 4828 1534 4883 Domini
1579 4829 1694 4899 lege

141 4918 501 4984 prohibentur,
535 4925 590 4970 et
615 4916 817 4985 peccati
859 4931 950 4969 rea
984 4915 1316 4970 intellexerit
1350 4914 1689 4984 iniquitatem

138 5022 290 5073 suam,
322 5018 378 5064 et
403 5008 600 5063 oll‘eret
636 5008 858 5061 arietem
905 5006 1308 5062 immaculatum
1334 5005 1402 5059 de
1435 5005 1687 5075 gregibus

135 5100 408 5166 sacerdoti,
440 5100 595 5168 juxta
641 5114 948 5154 mensuram
992 5098 1514 5166 :estimationemque
1556 5113 1686 5166 pec-

134 5194 244 5257 cati,
273 5194 365 5264 qui
407 5192 589 5248 orabit
634 5208 732 5261 pro
782 5192 872 5245 illo
913 5191 1057 5260 quod
1103 5191 1356 5247 nesciens
1393 5190 1602 5253 fecerit,
1634 5199 1688 5243 et

132 5284 419 5339 dimittetur
468 5283 541 5349 ei,
580 5282 705 5352 quia
759 5298 855 5351 per
911 5296 1150 5337 errorem
1200 5280 1427 5351 deliquit
1482 5280 1535 5333 in
1578 5279 1685 5335 Do-

128 5377 280 5431 mino.
317 5395 338 5429 ι

190 5464 360 5521 liabet
379 5480 623 5534 praesens
645 5464 794 5518 locus
812 5463 1165 5533 quaestionem
1185 5478 1293 5517 non
1317 5462 1525 5516 modica
1550 5478 1683 5517 con-

128 5557 444 5613 sideratione
464 5558 706 5626 dignam,
728 5557 853 5625 quia
878 5571 975 5625 pro
996 5555 1229 5623 peccatis
1259 5568 1357 5623 pro
1379 5554 1575 5622 quibus
1600 5568 1684 5607 ca-

128 5668 266 5723 pram
296 5652 510 5724 pridem
541 5650 745 5714 oﬁ'erri,
777 5658 871 5703 aut
894 5663 1051 5703 ovem
1083 5646 1361 5717 praecepit;
1388 5644 1464 5698 ait
1492 5644 1637 5699 enim
1664 5660 1680 5698 :

194 5854 237 5889 ”
273 5854 431 5912 Joan.
465 5869 555 5917 xv,
602 5851 695 5906 22.

315 5948 590 6009 Paeon.
641 5944 757 6007 Gn.
790 5941 998 6003 XCIII.

1804 2001 1891 2047 tus
1936 1994 2113 2050 diluit.
2164 1997 2270 2051 Sed
2324 2007 2379 2051 et
2427 1998 2557 2052 illud
2597 2002 2921 2067 ostenditur,
2971 2011 3130 2070 atque
3180 2002 3235 2055 in
3285 2001 3373 2055 his

1802 2084 2086 2139 evidenter
2112 2086 2539 2153 demonstratur,
2561 2088 2685 2158 quia
2714 2089 2769 2143 in
2799 2106 3123 2161 unoquoque
3153 2090 3371 2159 quidem

1801 2186 2047 2244 peccato,
2084 2192 2183 2248 pro
2230 2179 2560 2235 remittendo
2605 2196 2671 2235 eo
2714 2182 2922 2252 egimus
2972 2183 3369 2252 ptenitentiam,

1801 2283 1925 2322 cum
1946 2285 2056 2323 non
2085 2271 2256 2325 simus
2288 2272 2466 2327 idonei
2494 2289 2591 2343 per
2616 2273 2999 2344 nosmetipsos,
3024 2274 3141 2329 sine
3170 2272 3371 2328 Christi

1802 2362 2074 2418 sacriﬁcio
2099 2365 2363 2434 consequi
2389 2365 2625 2420 veniam.
2658 2365 2796 2437 Ergo
2824 2366 2869 2420 si
2888 2366 3009 2436 quis
3032 2375 3179 2421 extra
3207 2365 3369 2419 ﬁdem

1801 2451 2003 2507 Christi
2040 2455 2369 2510 constitutus
2407 2465 2509 2519 est,
2541 2455 2763 2511 Iudaeus
2801 2456 2941 2511 forte
2977 2468 3069 2511 aut
3108 2472 3369 2526 paganus,

1801 2543 1928 2599 licet
1964 2546 2233 2614 poenitere
2285 2561 2345 2601 se
2384 2547 2452 2602 de
2490 2549 2727 2617 peccatis
2774 2548 2888 2603 suis
2935 2564 3031 2617 per
3078 2562 3370 2602 conversa-

1801 2637 2003 2692 tionem
2058 2646 2114 2694 et
2166 2637 2333 2694 vitam
2394 2639 2768 2705 demonstret,
2822 2640 3199 2695 remissionem
3260 2654 3371 2693 non

1802 2726 2119 2793 merebitur,
2147 2728 2275 2798 quia
2318 2729 2539 2784 arietem
2568 2730 2785 2795 oﬁerre,
2824 2730 2877 2784 id
2914 2740 3014 2795 est,
3047 2728 3248 2784 Christi
3280 2744 3372 2783 sa-

1801 2817 2089 2885 criﬁcium,
2124 2834 2237 2874 non
2279 2829 2479 2890 potest.
2520 2820 2883 2886 Quamobrem
2932 2821 3257 2891 generaliter
3302 2819 3370 2874 de

1800 2908 2055 2963 omnibus
2084 2910 2484 2980 quodammodo
2522 2912 2734 2965 sancire
2772 2910 3016 2979 cupiens,
3052 2926 3157 2963 non
3193 2908 3367 2964 dixit:

1802 2995 1857 3051 Si
1886 3000 2068 3055 anima
2096 3002 2163 3056 de
2193 3002 2414 3071 populo,
2440 3001 2556 3068 sed,
2592 3001 2650 3055 Si
2688 3003 2870 3055 anima
2902 3001 3218 3070 simpliciter
3254 3015 3373 3066 pec-

1800 3092 2015 3157 caverit,
2057 3099 2106 3145 et
2160 3094 2339 3162 fecerit
2396 3109 2558 3145 unum
2613 3109 2675 3146 ea:
2722 3093 2800 3146 his
2852 3110 2968 3161 qua:
3010 3091 3219 3145 Domini
3265 3090 3372 3160 lege

1799 3184 2157 3251 prohibentur.
2196 3187 2336 3256 Ergo
2382 3195 2436 3240 et
2484 3186 2551 3240 de
2598 3186 2835 3247 indocto,
2880 3196 2934 3241 et
2974 3186 3041 3239 de
3086 3185 3368 3240 scientiam

1805 3275 2060 3339 habente,
2094 3290 2195 3329 nec
2236 3292 2343 3329 non
2374 3276 2441 3330 de
2475 3276 2621 3329 omni
2664 3285 2885 3345 peccato
2920 3284 3065 3331 recte
3096 3276 3197 3328 hoc
3228 3272 3369 3343 quod

1800 3364 2004 3417 dictum
2066 3374 2185 3427 est,
2235 3365 2518 3436 accipitur.
2573 3364 2709 3431 Quia
2763 3375 2941 3419 autem
2997 3366 3224 3419 arietem
3274 3376 3371 3433 pro

1799 3456 1996 3511 delicto
2039 3457 2197 3526 jubet
2239 3457 2445 3521 oll‘erri,
2476 3458 2877 3528 apertissimum
2921 3470 3006 3511 est
3057 3457 3183 3526 quia
3233 3455 3370 3510 deli-

1800 3557 1947 3601 ctum
1999 3548 2087 3602 hic
2138 3548 2413 3619 legislator
2455 3548 2787 3603 intellectum
2837 3557 3118 3617 peccatum
3166 3546 3367 3616 poSuit.

1799 3635 2027 3707 Propter
2045 3637 2188 3706 quod
2220 3637 2407 3691 dicens
2433 3652 2531 3706 per
2561 3637 2949 3706 ignorantiam,
2982 3635 3223 3690 subdidit
3248 3651 3261 3687 :

1862 3731 1930 3782 Et
1959 3730 2158 3799 peccati
2210 3746 2297 3782 rea
2332 3728 2642 3782 intellexerit
2696 3730 3027 3799 iniquitatem
3061 3742 3231 3781 suam.
3266 3722 3370 3789 Qui

1799 3829 1979 3874 autem
2007 3819 2336 3873 intellexerit
2370 3828 2673 3889 peccatum,
2704 3817 2796 3873 hic
2823 3818 2954 3872 illud
2991 3818 3045 3871 in
3079 3832 3138 3870 se
3169 3816 3367 3879 relidit,

1797 3919 1850 3963 et
1877 3909 2184 3965 sordidatur
2212 3910 2279 3964 ab
2299 3925 2384 3975 eo,
2408 3910 2521 3964 sive
2542 3919 2821 3972 oneratur,
2850 3908 3088 3978 quandiu
3114 3924 3209 3978 per
3236 3922 3369 3975 prte-

1798 4000 2000 4053 dictum
2028 3998 2355 4054 sacriﬁcium
2390 3999 2565 4054 oratio
2610 4014 2711 4069 pro
2758 4012 2826 4053 eo
2887 3997 3000 4052 ﬁat.
3059 3996 3369 4051 Intellectus

1797 4097 1979 4143 autem
2006 4088 2235 4159 peccati,
2297 4089 2733 4144 in-habentihus
2791 4088 3007 4159 quidem
3062 4087 3365 4146 scientiam,

1796 4180 2201 4235 contenebratis
2230 4194 2361 4234 vero
2385 4194 2569 4233 amore
2594 4179 2905 4243 libidinum,
2937 4192 3162 4231 necesse
3183 4185 3265 4230 est
3290 4182 3365 4232 ut.

1795 4287 1919 4327 cum
1953 4271 2010 4326 in
2034 4272 2360 4343 cogitatione
2386 4287 2484 4326 sua
2536 4272 2886 4342 resipiscunt,
2922 4271 3208 4342 proveniat
3235 4285 3248 4320 :
3274 4286 3366 4323 ca-

1795 4364 2041 4419 rentibus
2061 4379 2186 4419 vero
2217 4362 2466 4428 scientia,
2496 4377 2593 4433 per
2614 4374 3011 4433 competentem
3041 4361 3363 4425 doctrinam,

1794 4454 1887 4523 qui
1941 4454 2250 4509 intellectus
2313 4467 2437 4507 cum
2517 4453 2781 4507 alterutro
2842 4452 3035 4508 horum
3092 4451 3363 4522 provenit,

1796 4545 1957 4599 modo
1996 4544 2063 4599 ad
2094 4543 2197 4598 hoc
2226 4553 2407 4599 movet
2438 4544 2736 4608 hominem,
2770 4552 2830 4598 ut
2855 4552 3009 4615 egeat
3029 4544 3293 4599 sacriﬁcio
3312 4552 3369 4598 et

1794 4636 2138 4707 paenitentia.
2170 4633 2272 4701 Qui
2295 4634 2441 4690 enim
2470 4634 2719 4705 intelligit
2742 4635 3118 4704 pollutionem,
3162 4643 3220 4689 et
3254 4649 3365 4688 non

1793 4744 1852 4784 se
1882 4736 2073 4800 purgat
2115 4743 2213 4797 per
2242 4726 2640 4796 paenitentiam,
2679 4725 3029 4781 manifestum
3079 4734 3163 4780 est
3221 4724 3366 4793 quod

1792 4816 2181 4871 abominabilis
2211 4816 2281 4870 sit
2308 4822 2364 4869 et
2422 4813 2693 4869 sordidus.
2723 4813 2858 4895 Nam
2894 4813 3058 4882 hujus
3082 4812 3159 4866 rei
3193 4812 3365 4882 gratia

1791 4910 1858 4965 de
1889 4910 2092 4965 ludatis
2148 4908 2415 4963 Dominus
2465 4906 2680 4961 dicebat
2734 4924 2747 4960 :
2798 4904 2856 4960 Si
2896 4922 2997 4960 non
3040 4905 3289 4959 venissem
3317 4913 3365 4957 et

1794 5002 1992 5056 locutus
2040 5001 2115 5055 eis
2170 5001 2404 5071 fuissem,
2438 5007 2707 5068 peccatum
2748 5014 2851 5052 non
2893 4998 3145 5051 haberent
3179 5011 3196 5061 ξ
3229 5010 3365 5049 nunc

1793 5105 1971 5149 autem
2018 5094 2405 5147 excusationem
2456 5108 2557 5145 non
2585 5092 2773 5145 habent
2815 5092 2879 5145 de
2921 5098 3133 5157 peccato
3174 5105 3269 5144 suo
3294 5088 3359 5143 ¹⁸.

1794 5188 1909 5240 Hoc
1956 5196 2137 5239 autem
2186 5183 2403 5254 planius
2456 5197 2520 5236 ex
2581 5180 2979 5252 posterioribus
3008 5181 3357 5251 approbatur.

1793 5277 1932 5343 Quid
1956 5277 2099 5331 enim
2126 5276 2257 5331 dicit
2289 5293 2302 5329 :

1861 5366 2039 5421 Orabit
2060 5382 2154 5435 pro
2182 5365 2272 5419 illo
2315 5364 2576 5428 sacerdos,
2628 5363 2764 5433 quod
2797 5363 3026 5417 nesciens
3072 5362 3275 5433 fecerit,
3314 5368 3361 5414 et

1789 5460 2081 5513 dimittetur
2103 5459 2172 5523 ei,
2202 5458 2326 5528 quia
2349 5474 2441 5527 per
2464 5472 2692 5510 errorem
2724 5455 2941 5525 deliquit
2971 5455 3026 5507 in
3052 5455 3358 5507 Dominum.

1788 5550 1942 5615 Quod
1975 5548 2116 5603 LXX
2143 5549 2331 5603 dicunt
2364 5563 2377 5599 :
2411 5545 2478 5600 Et
2536 5545 2831 5598 dimittetur
2872 5545 2940 5609 ei,
2972 5544 3189 5613 deliquit
3222 5541 3357 5596 enim

1789 5642 2035 5697 delictum
2058 5650 2180 5695 ante
2208 5640 2510 5695 Dominum.
2540 5637 2608 5693 Et
2636 5637 2910 5710 quomodo
2938 5637 3079 5691 idem
3112 5636 3228 5706 ipse
3262 5646 3360 5685 ne-

2969 5914 3043 5979 27
