4046 6416
541 428 556 437 ’
597 428 703 497 843

1787 416 2084 480 HESYCH
2092 418 2150 478 ΙΙ
2186 416 2660 478 PRESBYTERI

3773 409 3863 471 8H

599 546 791 610 scisse,
821 549 877 596 et
904 537 1224 609 delinquere
1268 532 1529 591 delictum
1581 544 1768 587 coram
1823 531 2056 587 Domino
2088 531 2177 586 di-
2207 536 2252 594 Α
2282 531 2397 600 ipsa
2432 531 2595 586 verba
2627 530 2872 586 discussa
2924 537 3174 599 possunt.
3224 525 3520 583 Videamus
3565 538 3705 579 vero
3740 540 3864 595 quo-

598 639 774 701 citur,
816 633 910 704 qui
962 630 1132 702 judex
1188 628 1371 699 justus
1417 633 1520 691 est,
1568 634 1623 680 et
1682 623 1821 678 nihil
1852 624 1965 695 agit
1996 631 2186 677 contra

596 725 903 803 justitiam?
943 739 1046 780 nec
1075 723 1223 777 enim
1253 721 1322 775 de
1374 719 1489 775 sola
1543 717 1760 773 actione
1805 732 1908 773 nos
1955 716 2184 786 judicat,

600 824 746 879 sicut
771 818 990 890 quando
1029 817 1094 870 ad
1121 821 1431 884 peccatum,
1478 819 1576 865 aut
1618 818 1843 881 propter
1881 808 2184 873 libidinem,

601 925 696 972 aut
732 921 959 986 propter
994 908 1278 965 avaritiam
1303 949 1317 971 ,
1351 914 1446 959 aut
1471 902 1926 975 proptergloriam
1945 900 2189 955 declina-

600 1024 745 1074 mus,
788 1006 933 1078 quod
984 1001 1288 1076 ignorantia
1347 998 1492 1051 illius
1546 1012 1693 1050 vera:
1743 992 2079 1063 voluptatis,
2133 997 2190 1044 et

602 1097 801 1156 summi
848 1096 1007 1161 lucri,
1070 1102 1125 1148 et.
1166 1092 1311 1145 illius
1369 1104 1480 1143 non
1533 1087 1681 1141 falsas
1712 1085 1893 1157 gloriae
1927 1082 2185 1154 patimur.

602 1191 757 1248 Facit
784 1199 968 1245 autem
1020 1188 1162 1242 hanc
1209 1182 1571 1254 ignorantiam
1620 1178 1843 1234 dilectio
1895 1174 2185 1231 mendacii.

602 1284 686 1339 Ex
706 1297 816 1352 quo
839 1279 1107 1350 quispiam
1137 1284 1373 1330 caecatus
1396 1281 1599 1336 mente,
1644 1278 1881 1325 cmeatur
1918 1266 2080 1323 etiam
2135 1273 2191 1319 ct

604 1376 931 1431 obscuratur
972 1369 1227 1435 scientia,
1267 1382 1387 1437 qua:
1440 1374 1663 1429 cacata,
1712 1362 1851 1416 nihil
1912 1359 2192 1415 invenitur

603 1468 808 1523 distare
849 1465 919 1519 ab
943 1460 1271 1534 ignorantia.
1302 1458 1458 1513 Unde
1483 1465 1537 1511 et
1574 1454 1743 1510 David
1774 1453 1991 1509 dicebat
2026 1469 2038 1505 :
2081 1451 2189 1504 Ne-

601 1560 851 1623 scierunt',
895 1572 1059 1626 neque
1082 1553 1473 1615 intellexerunt,
1500 1550 1555 1602 in
1580 1548 1801 1601 tenebris
1823 1544 2097 1599 ambulant
2123 1545 2185 1597 ‘9.

603 1653 745 1707 Dum
774 1659 957 1705 autem
996 1645 1351 1716 resipuerint,
1377 1650 1433 1699 et
1464 1648 1770 1697 restaurata
1803 1637 1967 1692 fuerit
1989 1637 2188 1692 obscu-

602 1751 721 1797 rata
756 1753 938 1803 mens,
969 1747 1101 1791 tunc
1118 1743 1400 1805 peccatum
1432 1732 1721 1793 sentimus,
1754 1734 1810 1783 et
1832 1740 2055 1781 necesse
2108 1733 2193 1779 est

605 1843 667 1888 ut
692 1834 746 1886 in
774 1831 1033 1886 delictum
1079 1828 1264 1892 nobis,
1293 1840 1468 1894 usque
1498 1824 1627 1878 dum
1659 1836 1760 1892 per
1810 1818 2189 1889 pmnitentiam

2288 621 2451 675 modo
2473 622 2636 675 etiam
2659 620 2775 691 ipsa
2803 635 2951 674 nunc
2977 620 3063 674 lex
3096 618 3305 688 incipit.

2362 711 2432 766 Et
2458 712 2661 766 locutus
2700 720 2775 765 est
2809 710 3063 765 Dominus
3100 716 3170 764 ad
3200 709 3437 780 Moysen,
3474 709 3682 763 dicens.
3736 704 3869 760 Prie-

2290 806 2511 875 cipuum
2533 802 2776 858 ostendit
2799 802 3140 865 mandatum,
3177 817 3244 856 ex
3269 817 3337 857 eo
3365 800 3510 870 quod
3541 809 3603 854 et
3654 799 3710 852 in
3746 799 3870 867 ipso,

2289 893 2752 965 quemadmodum
2780 902 2836 948 et
2864 892 2920 946 in
2947 902 3173 963 peccato
3203 891 3271 948 de
3300 892 3510 947 sanctis
3532 891 3717 945 Deum
3736 888 3872 959 loqui

2290 986 2458 1057 Moysi
2491 986 2804 1056 specialiter
2836 988 3082 1056 exponit.

2366 1077 2592 1132 Locutus
2621 1087 2863 1147 estergo.
2890 1076 3084 1130 Anima
3130 1092 3246 1146 qua:
3289 1075 3617 1146 peccaverit,
3678 1081 3728 1125 et
3765 1088 3877 1125 con-

2292 1180 2485 1241 tempto
2520 1170 2630 1225 Deo
2670 1170 2937 1241 negaverit
2962 1170 3255 1237 depositum
3296 1169 3534 1237 proximo
3576 1182 3701 1232 suo,
3753 1170 3876 1234 quod

2290 1270 2414 1338 ﬁdei
2453 1270 2566 1339 ejus
2598 1272 2854 1324 creditum
2902 1270 3084 1341 fuerit,
3125 1267 3206 1321 vel
3246 1267 3295 1320 vi
3328 1266 3538 1336 aliquid
3581 1265 3878 1327 “torserit,

2291 1372 2384 1416 aut
2414 1362 2740 1416 calumniam
2770 1362 2969 1433 fecerit,
3004 1362 3110 1415 sive
3140 1378 3248 1415 rem
3289 1361 3556 1429 perditam
3604 1359 3875 1421 invenerit,

2292 1466 2341 1510 et
2387 1455 2631 1523 inﬁcians
2668 1456 2881 1523 insuper
2908 1454 3193 1524 juraverit.
3236 1453 3368 1519 Qua:
3415 1452 3587 1506 verba
3632 1448 3776 1503 LXX
3810 1451 3878 1503 sic

2290 1542 2463 1597 edunt
2491 1559 2505 1595 :
2539 1543 2733 1595 Anima
2757 1558 3077 1613 quaecunque
3123 1542 3434 1610 peccaverit,
3485 1552 3535 1593 et
3568 1539 3878 1608 praeterierit

2291 1644 2553 1703 pra’cepta
2580 1635 2813 1701 Domini,
2847 1646 2893 1689 et
2921 1636 3208 1689 mentiatur
3251 1634 3307 1688 in
3345 1634 3681 1704 proximum,
3718 1633 3775 1684 in
3801 1634 3880 1684 de—

2292 1727 2461 1795 posito
2488 1737 2579 1780 aut
2606 1728 2669 1781 de
2710 1728 2981 1793 societate,
3013 1737 3107 1781 aut
3151 1730 3215 1781 de
3252 1728 3443 1795 rapina
3493 1726 3679 1779 nocuit
3709 1728 3877 1793 proxi-

2293 1835 2459 1884 mum,
2497 1829 2544 1872 et
2568 1820 2822 1873 invenerit
2847 1820 3215 1889 perditionem,
3247 1829 3294 1872 et
3317 1821 3606 1872 mentietur
3646 1818 3705 1869 in
3736 1833 3817 1881 ea,
3838 1828 3878 1870 et

603 1938 925 1995 purgemur,
974 1890 1282 1991 reputetur,
1314 1890 1570 1973 delictum
1606 1890 1868 1969 autemid
1907 1910 2054 1981 quod
2112 1917 2194 1963 est
2222 1890 2265 1946 Β
2288 1908 2555 1978 juraverit
2596 1910 2807 1979 injuste.
2852 1909 2971 1964 Non
3002 1919 3186 1965 autem
3233 1908 3434 1963 frustra
3467 1909 3553 1964 bis
3606 1908 3752 1963 dixit
3782 1925 3797 1962 :
3828 1907 3879 1963 Si

605 2027 799 2072 contra
853 2016 1169 2080 Dominum,
1216 2012 1460 2081 duplicat
1509 2009 1654 2064 enim
1706 2006 1968 2062 delictum
1995 2018 2193 2059 secun-

606 2108 738 2163 dum
770 2104 913 2160 LXX
942 2105 1130 2159 dicens
1175 2120 1188 2156 :
1228 2101 1461 2171 Deliquit
1487 2100 1625 2154 enim
1648 2098 1895 2151 delictum
1923 2104 2046 2149 ante
2088 2093 2195 2147 Do-

609 2200 832 2254 ininum.
869 2197 936 2251 Et
967 2198 1071 2252 hoc
1115 2196 1272 2265 cujus
1302 2194 1379 2248 rei
1405 2192 1616 2264 gratia?
1642 2190 1911 2257 Quoniam
1938 2186 2193 2243 delictum

608 2306 729 2345 esse
761 2288 1095 2344 intellectum
1129 2285 1245 2339 sive
1296 2282 1659 2354 cognitionem
1699 2279 1908 2350 peccati
1937 2277 2193 2342 diximus,

608 2390 666 2437 et
710 2379 889 2435 omnis
944 2378 1110 2432 homo
1166 2374 1389 2445 quidem
1434 2372 1670 2427 naturali
1732 2372 1858 2441 jure
1908 2368 2196 2425 scientiam

606 2472 819 2542 peccati
854 2469 1041 2534 habet,
1076 2467 1170 2522 sed
1204 2467 1315 2530 hic,
1351 2465 1493 2519 sicut
1544 2464 1803 2527 diximus,
1833 2476 1955 2516 eam
2009 2474 2197 2514 amore

608 2563 902 2618 libidinum
935 2560 1260 2616 tenebravit.
1289 2558 1444 2612 Alius
1506 2566 1689 2612 autem
1734 2556 1940 2610 tardior
1979 2562 2200 2609 natura-

608 2658 735 2714 liter
762 2666 865 2725 est,
896 2668 951 2714 et
981 2657 1206 2712 alterius
1235 2654 1541 2710 doctrinam
1570 2654 1783 2710 habens
1808 2652 2192 2708 necessariam.

611 2750 701 2806 Sic
722 2766 850 2819 ergo
874 2759 969 2804 aut
994 2748 1338 2819 resipiscenti
1370 2748 1442 2811 ei,
1476 2756 1570 2801 aut
1604 2746 1673 2801 ab
1703 2746 1810 2800 alio
1834 2744 2066 2801 discenti
2095 2744 2196 2799 de-

612 2841 821 2906 lictum,
851 2841 905 2894 id
935 2849 1020 2895 est
1069 2839 1283 2911 peccati
1314 2838 1631 2901 scientiam,
1664 2838 1847 2892 delicti
1902 2844 2196 2908 perpetra-

612 2933 691 2988 tio
743 2941 871 2987 ante
902 2932 1215 2995 Dominum,
1245 2930 1443 2999 duplex
1497 2945 1587 3000 pet
1635 2929 1931 2985 scientiam
1970 2935 2196 2998 reputa-

546 3032 553 3037 ‘
614 3034 725 3087 tur,
753 3032 884 3078 tunc
917 3024 1063 3078 enim
1098 3025 1238 3078 Deus
1262 3023 1381 3093 ejus
1416 3022 1699 3076 scientiam
1728 3022 2016 3076 obnoxiam
2045 3020 2193 3087 facit,

612 3126 671 3172 et
702 3116 1035 3172 sacriﬁcium
1068 3132 1166 3187 per
1207 3115 1571 3187 ignorantiam
1600 3130 1631 3171 e
1660 3125 1885 3186 peccato
1925 3114 2108 3185 exigit,
2141 3122 2197 3169 et

612 3210 1018 3281 paenitentiam.

1212 3298 1441 3356 CAPUT
1472 3298 1560 3354 VI.

682 3391 852 3447 Vnus.
905 3393 1025 3446 1-7.
1086 3391 1373 3447 «Locutus
1432 3401 1517 3446 est
1571 3390 1836 3445 Dominus
1883 3391 1951 3445 ad
1978 3389 2198 3460 Moysen

615 3482 839 3537 dicens:
876 3481 1073 3535 Anima
1115 3498 1235 3552 quae
1282 3481 1611 3553 peccaverit,
1645 3489 1700 3535 et
1728 3490 2043 3551 contempto
2087 3481 2199 3535 lleo

616 3573 901 3643 negaverit
919 3573 1229 3643 depositura
1267 3574 1520 3643 proximo
1555 3589 1675 3639 suo,
1721 3573 1866 3642 quod
1910 3573 2035 3628 ﬁdei
2078 3573 2199 3643 ejus

617 3665 884 3720 creditum
926 3664 1112 3730 fuerit,
1138 3665 1224 3719 vel
1250 3665 1299 3718 vi
1320 3665 1522 3734 aliquid
1539 3667 1845 3731 extorserit,
1873 3676 1967 3720 aut
1987 3668 2197 3721 calum-

616 3754 765 3809 niam
800 3754 996 3810 fecerit
1032 3771 1044 3807 :
1078 3754 1193 3809 sive
1233 3770 1349 3808 rem
1380 3755 1651 3826 perditam
1682 3755 1969 3822 invenerit,
1998 3768 2053 3811 et
2108 3758 2196 3811 in-

615 3845 808 3902 ﬁcians
849 3847 1075 3917 insuper
1125 3846 1416 3918 juraverit,
1481 3856 1538 3902 et
1594 3849 1875 3917 quodlibet
1927 3851 2072 3906 aliud
2127 3866 2196 3906 ex

617 3938 868 4007 pluribus
897 3937 1110 4003 fecerit,
1132 3937 1187 3991 in
1218 3937 1415 4008 quibus
1443 3953 1671 4007 peccare
1719 3941 1897 3995 solent
1944 3942 2196 3996 homines

616 4027 859 4083 convicti
903 4027 1110 4091 delicti,
1159 4027 1351 4082 reddet
1393 4027 1581 4082 omnia
1624 4045 1745 4098 qua:
1786 4030 1978 4085 fraude
2024 4031 2197 4086 voluit

617 4118 866 4172 obtinere
883 4118 1111 4190 integra,
1144 4127 1199 4172 et
1216 4118 1461 4188 quintam
1487 4119 1712 4189 insuper
1728 4126 1940 4191 partem
1963 4122 2196 4178 Domino

618 4208 706 4262 cui
746 4208 1004 4263 damnum
1048 4209 1329 4274 intulerat,
1363 4225 1461 4279 pro
1490 4220 1716 4279 peccato
1742 4221 1924 4266 autem
1970 4226 2070 4266 suo
2111 4210 2196 4266 of-

618 4296 756 4351 feret
796 4296 1021 4351 arietem
1042 4298 1454 4352 immaculatum
1484 4298 1553 4354 de
1593 4314 1775 4370 grege,
1805 4308 1861 4354 et
1889 4300 2041 4354 dabit
2069 4315 2195 4354 eum

617 4386 885 4440 sacerdoti
913 4386 1067 4455 juxta
1090 4388 1511 4444 aestimationem
1542 4404 1964 4460 mensuramque
1989 4390 2192 4457 delicti,

617 4477 711 4546 qui
733 4476 942 4548 rogabit
968 4492 1068 4547 pro
1094 4493 1160 4533 eo
1188 4494 1371 4534 coram
1404 4478 1659 4546 Domino,
1705 4490 1760 4536 et
1788 4481 2096 4538 dimittetur
2120 4482 2192 4537 illi

615 4579 716 4634 pro
754 4563 982 4635 singulis
1010 4580 1131 4635 quae
1154 4565 1403 4621 faciendo
1426 4567 1753 4637 peccaverit.
1794 4586 1813 4619 ι

687 4656 879 4711 Cernis
918 4658 1066 4727 quod
1112 4658 1171 4712 in
1214 4658 1407 4713 eodem
1459 4659 1651 4715 ordine
1711 4674 1855 4727 esse,
1908 4670 2192 4731 peccatum

616 4746 763 4815 quod
795 4747 851 4801 in
880 4756 1089 4813 sancta,
1122 4756 1179 4802 et
1201 4749 1253 4805 id
1277 4750 1787 4821 quodjurejurando
1813 4754 2193 4821 committitur,

615 4837 842 4908 spiritus
869 4837 965 4893 Dei
1000 4839 1197 4905 tradit;
1221 4849 1373 4910 patet
1401 4851 1582 4897 autem
1611 4857 1675 4896 ex
1692 4857 1759 4897 eo
1782 4843 1930 4913 quod
1957 4843 2011 4897 in
2040 4853 2195 4898 utro-

614 4943 723 4998 que
748 4928 893 4984 idem
909 4930 1098 4985 arietis
1126 4932 1459 4987 sacrificium
1481 4933 1665 4990 offerri
1694 4936 1975 5006 praecepit.
2016 4936 2191 5002 Quam

615 5020 688 5074 ob
716 5035 832 5074 rem
882 5020 1032 5075 enim
1073 5021 1234 5091 paulo
1273 5032 1402 5078 ante
1433 5023 1490 5077 in
1520 5024 1669 5079 omni
1705 5034 1931 5095 peccato
1968 5027 2192 5083 arietem

612 5109 778 5179 jussit
806 5108 1013 5177 offerri,
1042 5128 1155 5168 non
1196 5129 1227 5168 a
1277 5114 1439 5169 nobis
1468 5116 1843 5186 conjicientes,
1882 5117 1976 5172 sed
2013 5118 2195 5173 inten-

619 5202 824 5257 tionem
863 5201 1192 5276 legislatoris
1226 5218 1540 5277 sequentes,
1586 5208 1843 5264 diximus.
1869 5208 1981 5263 Cur
2014 5221 2196 5266 autem

617 5304 902 5363 peccatum
928 5297 1073 5366 quod
1096 5297 1457 5368 jurejurando
1486 5307 1590 5365 est,
1650 5310 1706 5355 et
1733 5300 1878 5371 quod
1912 5302 1967 5355 in
1995 5302 2197 5358 sanctis

616 5385 975 5455 conjunctum
1015 5390 1265 5459 putavit?
1304 5389 1437 5457 Quia
1466 5392 1778 5447 omnimodo
1806 5402 2099 5463 utrumque
2128 5394 2195 5449 ad

614 5474 788 5531 Deum
814 5479 1096 5548 pertinet:
1131 5490 1186 5536 et
1226 5481 1320 5551 qui
1354 5482 1742 5554 jusjurandum
1769 5486 2192 5557 transgreditur,

615 5584 728 5624 non
764 5572 942 5627 solum
984 5573 1235 5644 proximo
1284 5584 1465 5644 nocet,
1508 5576 1605 5632 sed
1645 5587 1701 5633 et
1741 5579 1843 5649 ipsi
1875 5578 2003 5646 Deo,
2031 5597 2194 5651 quem

617 5660 977 5719 mediatorem
1002 5663 1438 5737 fecit,injuriam
1480 5666 1648 5738 facit;
1684 5668 1883 5727 docere
1913 5680 2095 5727 autem
2142 5680 2193 5730 te

718 5859 763 5892 "
796 5857 943 5917 Psal.
993 5876 1171 5929 Lxxxt,
1217 5863 1271 5918 5.

2296 2000 2597 2053 mentietur.
2646 2001 2834 2071 Neque
2858 2002 3005 2055 enim
3035 2002 3173 2056 solet
3193 2001 3373 2055 divina
3392 2000 3685 2070 Scriptura
3701 2001 3877 2054 eadem

2295 2089 2461 2144 verba
2496 2096 2766 2159 repetere,
2811 2107 2932 2162 quae
2979 2102 3034 2147 et
3085 2094 3256 2148 multa
3299 2094 3553 2148 omittere
3597 2094 3877 2147 brevitatis

2296 2196 2461 2237 causa
2497 2183 2734 2237 videtur.
2772 2182 2871 2239 Hic
2904 2200 3033 2257 ergo
3064 2187 3420 2257 jurisjurandi
3452 2188 3875 2258 transgressioni

2297 2272 2643 2327 mendacium
2677 2284 2991 2346 comparat:
3014 2288 3069 2332 et
3092 2278 3214 2333 ideo
3237 2279 3489 2349 superius
3510 2281 3742 2350 quidem
3770 2281 3877 2335 sine

2293 2363 2655 2434 jurejurando
2713 2370 3189 2435 commemoravit,
3224 2370 3313 2426 hic
3364 2380 3547 2426 autem
3597 2373 3877 2427 mendacio

2292 2453 2678 2524 jusjurandum
2714 2457 3031 2525 conjunxit;
3069 2459 3146 2512 ait
3174 2460 3323 2513 enim
3356 2478 3369 2513 :
3398 2458 3467 2513 Et
3510 2462 3772 2514 mentitur
3791 2475 3874 2529 pro

2296 2564 2379 2614 ea,
2408 2560 2456 2603 et
2470 2549 2736 2619 juraverit
2783 2550 2997 2619 injuste.
3039 2550 3172 2606 Nam
3217 2562 3273 2607 et
3324 2554 3509 2608 caueri
3552 2554 3873 2624 interpretes

2296 2642 2492 2714 Aquila
2540 2653 2595 2720 et
2643 2645 3021 2710 Theodotion,
3074 2654 3130 2701 et
3172 2647 3532 2718 Symmachus
3585 2648 3685 2702 ubi
3734 2648 3875 2702 dixe-

2296 2746 2428 2790 runt
2462 2735 2604 2790 LXX
2638 2754 2652 2791 :
2690 2735 2747 2792 Si
2774 2738 2950 2791 nocuit
2991 2739 3195 2810 aliquid
3250 2742 3548 2809 proximum
3574 2758 3767 2804 suum,
3796 2741 3871 2795 isti

2286 2814 2355 2883 Si
2377 2828 2736 2883 calumniatus
2761 2840 2834 2884 est
2869 2830 3093 2901 aliquid.
3146 2830 3302 2899 Quod
3354 2832 3656 2899 intuentes,
3714 2834 3872 2888 absti-

2296 2933 2527 2974 neamus
2579 2935 2682 2975 nos
2715 2925 2841 2976 totis
2880 2921 3087 2979 viribus
3124 2940 3154 2978 a
3192 2924 3420 2989 fallacia,
3453 2927 3715 2996 quoniam
3743 2926 3869 2981 Deus

2297 3024 2397 3079 per
2419 3009 2693 3065 fallaciam
2725 3011 3039 3081 iujuriatur,
3069 3015 3161 3083 qui
3186 3017 3387 3071 veritas
3415 3026 3519 3072 est.
3554 3018 3665 3073 Sed
3686 3026 3743 3072 et
3773 3017 3869 3071 vim

2297 3116 2395 3157 seu
2424 3102 2670 3173 rapinam
2696 3119 2821 3157 cum
2850 3115 3049 3173 negato
3076 3106 3346 3177 deposito,
3396 3109 3482 3162 vel
3528 3110 3675 3164 sicut
3715 3110 3863 3163 etiam

2222 3224 2265 3284 α
2300 3191 2654 3265 Septuaginta
2692 3195 2885 3250 dicunt
2932 3215 2945 3251 :
2979 3212 3105 3251 cum
3176 3199 3457 3262 societate,
3512 3202 3866 3265 commiscuit,

2298 3301 2465 3341 omne
2495 3286 2760 3356 injustum
2792 3286 3005 3341 lucrum
3034 3290 3143 3343 vim
3174 3304 3273 3344 seu
3321 3292 3563 3360 rapinam
3607 3294 3865 3363 judicans.

2300 3375 2647 3431 Manifestum
2678 3388 2763 3433 est
2790 3390 2973 3436 autem
3005 3395 3070 3434 ex
3098 3381 3183 3436 his
3205 3399 3326 3451 qua:
3346 3384 3684 3439 subneetunt
3705 3386 3864 3439 LXX:

2300 3466 2419 3521 Erit
2441 3485 2559 3522 cum
2601 3474 2889 3539 peccaverit
2915 3483 2962 3526 et
2987 3475 3305 3543 pmnituerit,
3350 3486 3399 3529 et
3436 3480 3723 3533 reddiderit
3747 3481 3867 3547 rapi-

2300 3576 2425 3613 nam
2456 3578 2617 3631 quam
2647 3565 2848 3631 rapuit,
2880 3566 2961 3618 vel
2990 3567 3313 3634 injustitiam
3337 3587 3497 3640 quam
3529 3572 3729 3641 injuste
3756 3574 3865 3641 egit,

2300 3662 2395 3706 aut
2418 3654 2709 3723 depositum
2746 3657 2884 3719 quod
2927 3658 3219 3725 depositum
3246 3673 3319 3714 est
3358 3664 3428 3728 ei,
3476 3664 3584 3718 sive
3620 3666 3864 3733 perditum

2300 3745 2437 3814 quod
2459 3746 2675 3811 invenit,
2700 3746 2842 3814 quod
2878 3747 3301 3821 unumquodque
3334 3754 3721 3822 praedictorum
3752 3772 3865 3824 pec-

2299 3847 2547 3891 catorum
2584 3838 2669 3893 his
2702 3855 2824 3909 qum
2854 3852 3245 3897 connumerata
3276 3852 3406 3898 sunt
3434 3846 3613 3900 simile
3636 3848 3723 3902 sit.
3748 3846 3863 3900 Pro-

2298 3936 2421 3997 pter
2451 3929 2595 3983 enim
2618 3932 2902 3986 avaritiam
2931 3935 3311 3994 committitur.
3356 3936 3667 4008 Unicuique
3696 3948 3858 3992 autem

2297 4032 2488 4073 eorum
2525 4031 2688 4091 caput
2720 4022 2923 4093 ipsum,
2950 4036 3004 4080 ct
3035 4027 3281 4095 quintam
3310 4029 3433 4083 addi
3466 4033 3723 4101 praecepit
3744 4049 3756 4097 ;
3780 4032 3861 4085 sed

2299 4109 2390 4164 hic
2420 4127 2530 4165 non
2565 4114 2854 4181 sacerdoti,
2891 4117 2984 4170 sed
3003 4117 3052 4170 ei
3084 4118 3173 4187 qui
3206 4119 3531 4188 injustitiam
3566 4138 3760 4190 passus
3790 4132 3859 4175 est

2298 4201 2413 4255 dari
2443 4204 2702 4273 prmcepit
2724 4205 2991 4273 quintam,
3014 4208 3068 4262 in
3104 4209 3285 4264 verbis
3313 4211 3697 4267 differentibus
3725 4214 3858 4267 simi-

2298 4291 2369 4345 lia
2399 4293 2660 4348 sentiens.
2706 4294 2976 4360 Quoniam
3014 4299 3160 4353 enim
3202 4317 3325 4356 cum
3358 4317 3425 4356 eo
3468 4304 3561 4373 qui
3618 4306 3854 4373 prejudi-

2298 4385 2440 4439 cium
2473 4401 2665 4456 passus
2698 4397 2781 4444 est
2814 4389 2866 4443 in
2892 4391 3080 4461 rapina
3102 4393 3186 4448 vel
3220 4394 3274 4447 in
3307 4395 3575 4466 deposito,
3608 4408 3665 4452 et
3692 4406 3855 4453 contra

2298 4475 2475 4546 ipsum
2511 4494 2729 4549 quoque
2770 4479 2939 4535 Deum
2976 4483 3178 4554 injuste
3213 4486 3390 4556 agitur
3439 4503 3539 4556 per
3576 4488 3853 4555 fallaciam,

2225 4555 2272 4611 Ῑ)
2303 4570 2384 4625 vel
2444 4572 2769 4641 perjurium,
2846 4586 2995 4630 recte
3056 4555 3268 4631 horum,
3302 4555 3550 4648 quintam
3592 4582 3715 4639 Deo
3760 4584 3853 4638 dari

2297 4661 2474 4732 jubet,
2510 4663 2576 4717 ad
2603 4679 2765 4733 quem
2799 4666 2973 4721 tendit
2999 4667 3217 4737 injuria.
3242 4669 3443 4735 Quinta
3476 4683 3661 4728 autem
3700 4677 3851 4746 lingua

2301 4760 2403 4808 est.
2436 4752 2566 4808 Esse
2593 4756 2739 4810 enim
2762 4756 3009 4827 quintam
3041 4760 3204 4814 etiam
3257 4763 3397 4818 hanc
3455 4765 3716 4831 diximus,
3752 4783 3853 4821 cum

2300 4844 2372 4898 sit
2410 4860 2516 4898 una
2538 4845 2607 4900 de
2626 4848 2866 4918 quinque
2897 4850 3169 4908 sensibus.
3198 4851 3323 4908 Haec
3336 4870 3465 4926 ergo
3486 4857 3716 4913 offertur
3747 4859 3849 4919 Deo.

2301 4943 2363 4991 ut
2392 4937 2652 5007 deinceps
2684 4955 2796 4995 non
2816 4951 3025 5010 peccet,
3054 4944 3180 5013 quia
3202 4961 3298 5015 per
3328 4947 3341 4999 i
3349 4963 3503 5017 psam
3532 4951 3852 5022 unumquod-

2302 5044 2409 5099 que
2432 5030 2816 5099 prazdictorum
2839 5034 3218 5093 committitur.
3260 5038 3401 5109 Ergo
3459 5041 3655 5097 eadem
3709 5041 3851 5097 sancit

2304 5121 2359 5175 in
2410 5120 2794 5179 differentibus
2834 5126 3041 5193 verbis,
3084 5136 3138 5181 et
3186 5128 3482 5198 aliquando
3548 5133 3762 5201 quidem
3807 5132 3848 5184 in

2302 5226 2534 5281 persona
2556 5215 2873 5283 sacerdotis,
2904 5216 3196 5286 aliquando
3218 5230 3399 5274 autem
3423 5222 3479 5275 in
3510 5224 3629 5291 ejus
3660 5230 3749 5294 qui
3783 5224 3851 5278 in-

2298 5302 2565 5373 justitiam
2612 5321 2806 5375 passus
2838 5319 2921 5363 est
2963 5308 3134 5363 Deum
3182 5311 3453 5382 ﬁguravit.
3497 5324 3608 5369 aut
3642 5316 3759 5384 quia
3782 5329 3847 5368 se—

2300 5397 2543 5452 cundum
2580 5399 2826 5453 eamdem
2859 5401 3129 5457 rationem
3157 5415 3211 5459 ct
3236 5407 3490 5461 sacerdos
3515 5418 3701 5462 noster
3723 5407 3848 5463 Chri-

2303 5496 2421 5543 stus
2450 5503 2595 5553 esse,
2619 5498 2674 5543 et
2705 5489 2991 5545 nobiscum
3050 5507 3150 5561 pro
3184 5494 3342 5549 nobis
3393 5495 3718 5565 injustitiam
3757 5494 3844 5565 pati

2302 5580 2564 5645 creditur,
2610 5582 2913 5637 secundum
2956 5583 3129 5655 legem
3168 5585 3425 5641 videlicet
3481 5588 3843 5659 compassionis

2301 5681 2525 5738 nostrae,
2555 5672 2611 5726 in
2640 5671 2747 5730 ﬁne
2777 5674 3078 5733 sanctionis
3109 5676 3271 5749 hujus
3306 5680 3535 5736 arietem
3568 5680 3719 5751 jubet
3762 5680 3842 5733 im-
