3946 6400
221 460 340 525 845
1397 465 1477 525 IN
1504 464 1779 526 LEVITIl

1977 492 2042 501 -
2076 465 2223 525 LIB.
2262 466 2342 527 ΙΙ.
3395 472 3500 535 846

215 574 567 631 maculatum
591 576 858 634 sacerdoti
887 575 1095 644 oﬁ‘erri,
1123 578 1216 648 qui
1268 589 1388 633 oret
1414 590 1471 634 et
1530 580 1814 636 remissio-
1840 590 1887 642 Α
1916 580 2023 650 pla,
2055 582 2257 650 quibus
2286 581 2369 635 uti
2396 580 2728 651 supplicanti
2750 580 2956 635 bonum
2981 582 3072 636 sit.
3104 582 3236 637 ιιωε
3263 586 3411 642 enim
3444 588 3501 640 in

212 682 350 722 nem
392 669 665 725 obtineat.
722 668 930 733 “(tum
970 680 1157 726 autem
1217 670 1493 728 sufﬁciens
1540 674 1814 742 expositio
1918 673 2089 744 ﬁgura
2114 675 2484 743 contingebant
2522 674 2631 727 illis
2671 689 2689 725 :
2734 674 2931 740 scripta
2985 683 3106 727 sunt
3170 684 3350 729 autem
3427 677 3499 731 ad

211 769 322 822 est,
357 775 431 815 ex
461 760 549 815 his
585 776 707 831 quze
742 762 798 816 in
828 763 1043 817 delictis
1085 773 1401 819 sanctorum
1458 765 1600 820 dicta
1662 776 1811 820 sunt.
1919 776 2156 818 nostram
2186 766 2589 833 correptionem,
2630 765 2685 816 in
2717 780 2843 833 quos
2878 764 3007 832 ﬁnes
3050 766 3365 821 saeculorum
3403 769 3501 822 dc-

219 852 333 906 Sed
367 869 475 907 nos
497 854 566 907 ab
588 864 820 924 utroque
855 866 1098 923 peccato,
1150 856 1321 928 magis
1351 867 1534 911 autem
1560 858 1629 911 ab
1663 858 1809 911 omni
1918 868 2167 911 venerunt
2198 860 2267 913 ’9.
2299 857 2359 911 In
2406 855 2629 911 Christo
2659 855 2791 911 Jesu
2846 857 3083 912 Domino
3129 869 3337 915 nostro.
3395 861 3502 930 Ipsi

218 944 622 1013 resipiscentes
642 946 1020 1001 custodiamus
1049 948 1434 1016 nosmetipsos.
1467 947 1524 1003 Si
1547 949 1696 1003 enim
1729 949 1813 1002 vel
1918 950 2085 1021 gloria
2112 966 2237 1005 cum
2266 948 2449 1015 Patre,
2484 958 2539 1003 et
2562 948 2769 1018 Spiritu
2792 956 3006 1015 sancto,
3040 966 3189 1005 nunc
3219 958 3273 1005 et
3304 951 3360 1005 in
3399 966 3500 1006 sa:-

217 1037 273 1089 in
307 1052 427 1091 uno
455 1039 703 1107 quolibet
730 1054 921 1093 eorum
947 1040 1066 1109 capi
1098 1055 1223 1104 nos.
1258 1053 1353 1095 aut
1389 1042 1629 1096 incidere
1676 1055 1811 1096 con-
1922 1045 2044 1100 cnla
2078 1044 2421 1100 saeculorum.
2460 1043 2656 1098 Amen.

218 1128 437 1198 tigerit,
473 1130 741 1185 habemus
771 1131 1176 1201 deprecationis
1200 1141 1257 1186 et
1294 1132 1585 1189 oblationis
1627 1148 1811 1189 exem-

1319 1428 1677 1516 LIBER
1753 1427 2401 1518 SECUNDUS.

604 1799 758 1855 CAP.
796 1797 863 1854 Vl
904 1798 1083 1854 PARS
1123 1796 1423 1855 ALTERA.
1917 1796 2026 1853 Sed
2059 1795 2187 1868 quia
2218 1796 2593 1853 holocaustum
2623 1798 2898 1867 quomodo
2937 1798 3301 1868 particulatim
3354 1799 3496 1854 divi-

291 1886 463 1947 Vens.
501 1891 652 1946 8-12.
689 1911 706 1944 ‹
738 1891 975 1947 Locutus
1010 1900 1097 1946 est
1140 1891 1403 1946 Dominus
1434 1890 1501 1944 ad
1565 1889 1805 1961 Moysen,
1915 1890 2095 1955 datur,
2140 1890 2417 1960 quomodo
2451 1889 2764 1945 effundatur
2795 1892 2915 1961 ejus
2946 1892 3188 1962 sanguis,
3222 1893 3497 1961 quomodo

220 1982 457 2039 dicens:
501 1983 743 2054 Praecipe
778 1984 959 2039 Aaron
1000 1994 1057 2039 et
1096 1984 1219 2039 ﬁliis
1258 1986 1398 2054 ejus.
1437 1983 1563 2038 Hinc
1614 1992 1693 2037 est
1725 1983 1812 2036 lex
1846 1966 1887 2020 Β
1917 1983 2234 2054 imponatur
2256 1998 2421 2053 super
2452 1983 2645 2049 altare,
2704 1984 2759 2037 in
2792 1983 2949 2037 initio
2986 1984 3148 2051 hujus
3182 1984 3304 2037 libri
3336 1984 3498 2038 Levi-

222 2077 576 2131 holocausti:
623 2077 959 2131 eremabitur
990 2077 1045 2132 in
1091 2077 1248 2132 altari
1299 2085 1411 2131 tota
1440 2087 1603 2131 nocte
1643 2090 1812 2145 usque
1914 2077 2006 2131 tici
2038 2075 2315 2147 legislator
2354 2075 2628 2145 exposuit,
2663 2090 2809 2128 nunc
2839 2084 3027 2143 utpote
3045 2075 3149 2129 illis
3167 2075 3498 2129 sufﬁcienter

219 2171 290 2223 ad
312 2185 522 2225 mane:
556 2170 699 2240 ignis
723 2186 785 2225 ex
820 2170 1013 2225 eodem
1044 2170 1198 2225 altari
1239 2169 1366 2226 erit.
1404 2168 1678 2223 Vestietur
1724 2184 1813 2222 sa-
1912 2170 2094 2235 dictis,
2130 2170 2197 2225 de
2232 2170 2348 2223 solo
2381 2168 2515 2223 dicit
2562 2168 3022 2223 holocautomate.
3081 2170 3497 2238 Conscquenter

222 2263 421 2318 cerdos
450 2263 661 2330 tunica,
694 2273 748 2317 et
775 2262 1122 2317 feminalibus
1145 2263 1308 2318 lineis
1337 2281 1349 2317 :
1381 2262 1640 2331 tolletque
1666 2262 1813 2317 cine-
1911 2280 2042 2335 ergo
2072 2263 2317 2319 subdidit
2350 2285 2363 2319 :

222 2370 313 2411 res
376 2372 522 2427 quos
595 2372 793 2411 vorans
840 2355 979 2429 ignis
1039 2356 1269 2419 exussit,
1331 2364 1385 2410 et
1435 2364 1601 2424 ponet
1659 2354 1811 2424 juxta
1982 2356 2125 2428 Ignis
2154 2357 2207 2409 in
2239 2356 2412 2409 altare
2434 2371 2640 2426 semper
2664 2355 2887 2419 ardebit,
2922 2371 3073 2425 quem
3104 2356 3297 2408 nutriet
3322 2368 3496 2409 sacer-

222 2448 421 2503 altare.
504 2447 839 2519 Spoliabitur
917 2449 1189 2520 prioribus
1230 2447 1588 2511 vestimentis,
1650 2447 1811 2501 indu-
1911 2451 2022 2502 dos.
2058 2448 2285 2518 Oportet
2315 2448 2517 2517 quippe
2542 2462 2668 2500 eum
2718 2446 2811 2515 qui
2847 2447 3248 2510 holocaustum,
3313 2446 3364 2499 id
3410 2454 3498 2499 est

225 2548 423 2610 tusque
467 2540 609 2605 aliis,
650 2539 841 2595 efferet
885 2556 980 2595 eos
1011 2551 1163 2595 extra
1220 2549 1415 2603 castra,
1477 2549 1531 2593 et
1576 2538 1631 2592 in
1692 2539 1811 2593 loco
1910 2540 2165 2611 perfectae
2195 2540 2476 2611 sapientia:
2510 2539 2883 2609 operationem
2919 2538 3102 2600 debet,
3155 2552 3371 2606 semper
3400 2550 3498 2589 ac-

224 2629 610 2696 mundissimo,
666 2645 839 2699 usque
898 2631 964 2685 ad
1014 2630 1252 2686 favillam
1311 2631 1562 2685 consumi
1625 2630 1806 2685 faciet.
1910 2633 2145 2687 cendere
2203 2634 2383 2704 ignem
2416 2632 2592 2687 sancti
2623 2630 2877 2701 Spiritus,
2908 2639 2960 2684 et
3002 2646 3110 2684 non
3177 2630 3357 2683 sinere
3406 2643 3497 2681 ex-

226 2720 370 2792 Ignis
392 2729 583 2776 autem
609 2722 850 2776 in.altari
873 2737 1091 2792 semper
1117 2722 1352 2784 ardebit,
1387 2738 1548 2791 quem
1604 2723 1810 2777 nutriet
1909 2724 2129 2793 stingui.
2172 2723 2547 2795 Exstinguitur
2574 2733 2755 2777 autem
2791 2737 2980 2776 eorum
3022 2722 3220 2790 quibus
3261 2722 3495 2775 donatus

226 2815 487 2871 sacerdos
535 2815 837 2885 subiiciens
867 2815 1009 2885 ligna
1049 2828 1207 2867 mane
1236 2828 1329 2883 per
1382 2812 1620 2883 singulos
1667 2812 1808 2879 dies,
1908 2829 1993 2874 est
2026 2818 2385 2890 negligentia;
2408 2827 2633 2888 propter
2670 2814 2817 2885 quod
2849 2822 2905 2869 et
2938 2813 3139 2867 Paulus
3160 2814 3233 2867 ait
3270 2832 3283 2867 :
3317 2812 3493 2882 Spiri-

226 2916 278 2961 et
304 2908 569 2978 imposito
602 2907 942 2971 holocausta,
974 2907 1212 2975 desuper
1238 2904 1478 2959 adolebit
1512 2905 1698 2973 adipes
1720 2922 1809 2975 pa-
1911 2922 2019 2965 tum
2047 2913 2205 2966 notice
2236 2912 2567 2981 exstinguere
2598 2908 2665 2973 ",
2705 2908 2853 2963 velut
2900 2907 2956 2960 in
2992 2916 3178 2961 nostra
3218 2912 3495 2975 potestate

227 2998 528 3054 ciﬁcorum.
577 2998 718 3069 ignis
754 3008 852 3063 _est
902 2997 1007 3051 iste
1056 3006 1373 3067 perpetuus,
1402 2996 1494 3066 qui
1528 3012 1805 3066 nunquam
1909 3003 1980 3056 sit
2010 3003 2247 3071 positum
2280 3002 2629 3070 exstinguere
2659 2999 2833 3063 illum,
2863 2998 2979 3051 sive
3006 2996 3329 3050 accendere.
3353 2996 3492 3050 Tota

226 3092 446 3147 deﬁciet
471 3093 525 3145 in
565 3091 744 3145 altari.
779 3109 797 3141 ι
1908 3103 2087 3150 autem
2121 3103 2281 3148 nocte
2314 3092 2530 3146 incendi
2572 3091 2750 3161 ignem
2781 3090 2966 3159 jussit,
3009 3104 3117 3143 non
3139 3088 3281 3157 quod
3318 3088 3370 3141 in
3402 3088 3493 3141 die

294 3183 433 3251 Quia
494 3183 818 3255 legislatoris
876 3181 1096 3237 modum
1154 3179 1483 3237 sufﬁcienter
1549 3182 1603 3235 in
1668 3197 1809 3251 prm-
1907 3202 2015 3239 non
2050 3185 2453 3249 incenderetur,
2486 3183 2580 3237 sed
2618 3181 2891 3251 quomodo
2923 3181 3163 3235 secundo
3197 3179 3495 3263 ﬁeretdie-

228 3275 558 3329 cedentibus
608 3275 968 3339 ostendimus,
1023 3284 1078 3329 et
1137 3273 1493 3344 expositionis
1550 3273 1805 3345 legalium
1909 3278 2011 3331 bus
2039 3278 2263 3349 singulis
2294 3276 2673 3330 holocaustum
2726 3291 2738 3326 :
2796 3288 2922 3326 nam
2981 3272 3109 3341 quia
3173 3270 3494 3324 manifestus

230 3368 525 3423 verborum
553 3367 967 3421 fundamentum
1003 3366 1241 3437 positum
1301 3372 1404 3429 est.
1463 3372 1614 3418 extra
1661 3363 1806 3433 quod
1836 3352 1880 3412 ε
1912 3380 2030 3425 erat
2061 3370 2202 3441 ignis
2237 3370 2485 3429 diurnus,
2524 3376 2853 3421 nocturnum
2904 3365 3129 3420 addidit.
3167 3365 3303 3430 Quia
3363 3379 3494 3430 ergo

228 3459 373 3516 aliud
437 3474 599 3514 nemo
642 3458 1023 3513 aedificandum
1089 3458 1147 3511 in
1220 3457 1414 3526 spiritu
1470 3470 1675 3526 ponere
1707 3470 1807 3524 ρο·
1912 3480 2018 3517 nox
2047 3463 2218 3532 caligo
2256 3472 2341 3515 est
2374 3461 2497 3526 vita:
2527 3460 2712 3529 hujus,
2740 3459 2790 3513 id
2842 3468 2947 3522 est,
2996 3474 3057 3511 ea
3114 3473 3235 3525 qua:
3291 3456 3493 3509 multus

229 3561 379 3607 test:
412 3550 666 3606 Christus
704 3550 849 3604 enim
895 3559 997 3613 est,
1023 3549 1113 3618 qui
1151 3549 1309 3603 nobis
1350 3548 1489 3602 sicut
1534 3546 1808 3617 angularis
1910 3554 2120 3608 obtinet
2155 3552 2482 3622 ignorantia,
2545 3551 2612 3605 de
2655 3565 2756 3619 qua
2803 3549 3004 3603 Paulus
3055 3548 3275 3602 dicebat
3322 3565 3333 3597 :
3379 3547 3493 3599 Nox

227 3642 440 3699 aediﬁcii
482 3643 619 3713 lapis
650 3659 747 3713 per
799 3651 964 3697 totam
1016 3642 1149 3713 legis
1198 3640 1594 3710 expositionem
1631 3639 1775 3707 jacet

1933 3647 2190 3709 lrwccssit,
2229 3645 2338 3698 dies
2364 3653 2541 3697 autem
2578 3641 3023 3712 appropinquabit
3048 3640 3117 3703 ⁸⁸,
3154 3655 3253 3694 nos
3285 3654 3491 3708 prince-

228 3737 345 3805 ejus
381 3751 512 3805 ergo
556 3735 727 3805 gratia
782 3744 837 3788 ct
893 3734 1163 3799 doctrina,
1215 3732 1341 3801 quia
1384 3739 1439 3785 et
1476 3729 1786 3784 architectus

1934 3738 1991 3791 lit
2012 3737 2103 3807 qui
2134 3738 2509 3791 holocaustum
2536 3734 2626 3788 Dei
2658 3734 2781 3787 facti
2815 3748 3024 3796 sumus,
3051 3734 3213 3786 etiam
3250 3733 3303 3785 in
3334 3742 3492 3785 nocte

229 3839 327 3892 est.
354 3843 573 3893 aurum.
602 3837 906 3898 argentum,
954 3826 1159 3896 lapides
1200 3824 1464 3894 pretiosos
1508 3821 1807 3893 supersedi-
1909 3828 2208 3883 accendere
2242 3827 2444 3897 ignem,
2476 3834 2535 3879 ut
2567 3839 2691 3878 cum
2724 3824 2813 3877 alii
2879 3824 3049 3893 legem
3088 3824 3492 3893 transgredian—

229 3920 472 3975 ﬁcemus.
1910 3929 2017 3985 tur,
2050 3928 2104 3973 et
2138 3920 2339 3972 terreni
2373 3918 2503 3983 sint,
2548 3933 2649 3970 nos
2686 3916 2857 3970 simus
2889 3915 3221 3984 spirituales,
3268 3914 3493 3967 remini-

297 4013 528 4065 Locutus
550 4020 623 4064 est
653 4010 907 4063 Dominus
930 4011 1000 4063 ad
1037 4008 1266 4078 Moysen,
1314 4008 1487 4061 dicens
1512 4022 1530 4058 :
1574 4004 1808 4072 Prwcipe
1909 4019 2124 4064 scentes
2156 4008 2322 4065 David
2354 4010 2629 4066 dicentem
2664 4027 2675 4061 ε
2717 4007 2940 4075 Tempus
2965 4008 3215 4075 faciendi,
3248 4006 3489 4070 Domine,

228 4105 403 4157 Aaron
439 4115 487 4157 et
511 4103 636 4172 ﬁliis
667 4103 801 4171 ejus.
830 4100 957 4154 Ha’c
998 4110 1071 4154 est
1123 4100 1205 4152 lea:
1240 4098 1550 4151 holocausti.
1600 4097 1699 4151 Hic
1741 4096 1809 4149 de
1908 4101 2292 4169 dissipaverunt
2342 4101 2508 4162 iniqui
2549 4100 2711 4171 legem
2774 4108 2921 4151 tuam
2938 4100 3017 4162 “;
3075 4098 3290 4167 quando
3346 4097 3490 4150 enim

226 4198 337 4265 jugi
371 4196 645 4250 sacriﬁcio
686 4196 772 4247 lux
827 4194 1083 4260 loquitur,
1117 4191 1261 4260 quod
1286 4189 1527 4260 quotidie
1574 4190 1627 4242 in
1669 4189 1807 4242 libro
1906 4191 1995 4244 alii
2031 4192 2506 4261 transgrediuntur
2535 4191 2730 4261 legem,
2764 4205 2866 4243 nos
2902 4196 3119 4258 oportet
3153 4188 3385 4241 maxime
3423 4187 3491 4240 ad

230 4289 393 4343 Exodi
420 4287 617 4341 offerre
642 4286 897 4356 prmeepit
919 4285 1253 4348 sacerdotes;
1283 4283 1359 4335 ait
1381 4282 1526 4335 enim
1557 4282 1666 4335 sic:
1695 4279 1807 4333 Hoc
1906 4283 2269 4337 obedientiam
2299 4284 2430 4354 legis
2457 4282 2683 4352 subrigi.
2719 4282 2971 4335 Subdidit
2993 4293 3172 4334 autem
3214 4298 3226 4334 :

229 4382 459 4451 estquod
487 4381 652 4450 facies
697 4381 750 4431 in
781 4379 993 4433 altari:
1036 4391 1198 4447 agnos
1236 4372 1508 4427 anniculos
1551 4374 1681 4425 duos
1712 4388 1805 4439 per
1988 4376 2237 4430 Vestietur
2291 4378 2535 4428 sacerdos
2587 4375 2765 4426 tunica
2830 4384 2878 4426 et
2934 4372 3267 4443 feminalibus
3318 4372 3489 4425 lineis.

228 4476 458 4544 singulos
513 4475 626 4527 dies
666 4471 979 4542 jugiter";
1027 4479 1080 4523 et
1118 4467 1281 4537 paulo
1348 4475 1488 4536 post.
1534 4464 1808 4519 Oblatione
1908 4469 2175 4523 Sacerdos
2205 4469 2293 4523 hic
2341 4470 2434 4537 qui
2472 4469 2849 4522 holocaustum
2881 4465 3060 4529 offert,
3117 4464 3491 4532 unusquisque

228 4574 473 4634 perpetua
530 4565 585 4616 in
626 4563 983 4631 generationes
1030 4568 1229 4612 vestras
1252 4558 1318 4611 ".
1382 4556 1521 4609 Dicit
1576 4565 1801 4609 autem:
1907 4560 2147 4631 perfecte
2168 4559 2742 4629 sapiensintelligitur,
2762 4556 2886 4625 quia
2923 4556 3290 4609 sacerdotium
3320 4554 3492 4623 perfe-

230 4658 408 4711 Facies
441 4657 827 4718 holocaustum,
865 4669 1028 4706 unum
1077 4667 1270 4721 agnum
1330 4666 1505 4713 mane,
1556 4658 1604 4701 et
1635 4648 1802 4701 alium
1836 4702 1876 4721 ἢ
1906 4650 2104 4704 ctionis
2136 4649 2443 4719 exemplum
2476 4658 2578 4711 est,
2628 4655 2853 4715 propter
2913 4644 3058 4711 quod
3098 4654 3153 4697 et
3184 4643 3360 4713 regale
3399 4657 3489 4693 sa-

229 4752 384 4818 focies
440 4764 653 4818 vespere
679 4746 745 4797 “.
788 4747 889 4799 Per
928 4746 1043 4798 haec
1086 4702 1214 4814 «εἶ-ευ
1248 4742 1618 4812 intelligimus,
1677 4740 1803 4810 quia
1835 4702 1879 4758 Β
1906 4741 2210 4796 cerdotium
2240 4740 2470 4810 populus
2514 4738 2690 4792 ﬁdelis
2730 4734 3053 4805 appellatur,
3086 4742 3274 4802 utpote
3315 4732 3489 4802 legem

229 4838 281 4891 in
307 4851 496 4890 eorum
523 4834 741 4904 quidem
764 4836 854 4903 qui
882 4841 1008 4887 sunt
1029 4833 1095 4886 de
1127 4832 1301 4901 plebe,
1322 4832 1597 4884 voluntate
1617 4831 1802 4885 datum
1907 4833 2206 4903 perfectam
2240 4830 2518 4901 Evangelii
2564 4828 2888 4897 suscipiens.
2929 4825 3031 4891 Qui
3062 4840 3189 4894 ergo
3238 4823 3353 4876 vult
3408 4822 3491 4877 of-

230 4941 328 4992 est,
348 4929 391 4984 si
423 4927 839 4983 volulitoﬁerre
874 4928 1272 4990 holocaustum,
1302 4934 1522 4996 propter
1543 4923 1686 4993 quod
1714 4938 1803 4977 sa-
1909 4928 2052 4982 ferre
2093 4926 2492 4986 holocaustum,
2524 4922 2731 4982 tunica.
2765 4920 2817 4974 id
2853 4928 2938 4973 est
2964 4917 3198 4987 justitia,
3232 4922 3287 4968 et
3324 4913 3490 4968 femi-

229 5022 493 5076 criﬁcium
556 5021 687 5074 illud
737 5036 937 5073 munus
1002 5035 1213 5084 eorum,
1268 5025 1457 5087 utpote
1506 5024 1805 5085 spontanea
1908 5018 2145 5079 nalibus,
2196 5016 2249 5071 id
2309 5025 2394 5069 est
2465 5014 2713 5068 castitate
2772 5010 3050 5064 induatur.
3085 5007 3189 5061 Sed
3220 5006 3347 5075 quia
3390 5020 3491 5074 per

228 5114 445 5181 oblatio,
468 5113 804 5166 nominatur.
826 5112 1014 5181 Neque
1044 5112 1188 5164 enim
1218 5110 1397 5164 omnis
1424 5110 1589 5163 homo
1618 5107 1801 5178 perfe-
1909 5089 2193 5166 feminali;
2252 5109 2560 5163 castitatem
2625 5112 2843 5175 oportet
2903 5100 3131 5171 intelligi
3154 5141 3168 5161 ,
3244 5098 3488 5152 membra

229 5206 528 5260 ctissimarn
565 5205 733 5274 exigit
781 5203 1122 5272 sapientiam,
1166 5201 1421 5255 sacerdos
1458 5209 1637 5253 tamen
1680 5214 1803 5253 om-
1909 5205 2195 5275 probant,
2247 5216 2481 5272 quorum
2542 5199 2662 5269 ipsa
2728 5196 3093 5268 tegimentum
3150 5200 3281 5246 sunt
3329 5190 3489 5245 femi-

230 5298 450 5353 nimodo
491 5298 655 5352 debet
710 5296 949 5367 perfecte
1007 5308 1215 5363 sapere.
1275 5292 1605 5362 Perpetuum
1655 5292 1801 5347 enim
1910 5297 2078 5352 nalia.

235 5390 587 5453 sacriﬁcium,
628 5388 680 5442 id
743 5396 827 5441 est
884 5387 1208 5443 continuum
1264 5385 1668 5446 holocaustum,
1719 5399 1805 5439 se—
1982 5388 2243 5441 Tunicam
2280 5397 2461 5441 autem
2487 5384 2755 5455 justitiam
2785 5382 3043 5444 diximus,
3080 5378 3206 5447 quia
3258 5372 3482 5444 perfecti

236 5480 409 5535 eundo
441 5480 497 5534 in
534 5479 624 5533 die
655 5492 817 5531 mane
872 5488 927 5529 et
958 5491 1181 5545 vespere
1210 5476 1409 5529 ollerre
1469 5474 1803 5543 prmcipitur,
1912 5481 2175 5549 cujusque
2208 5480 2442 5534 maxime
2490 5478 2700 5548 iustitia
2758 5476 2929 5530 vestis
2970 5481 3072 5534 est,
3116 5470 3257 5522 unde
3291 5464 3488 5518 Paulus

241 5584 345 5628 uta
382 5572 632 5643 perfecta
666 5569 932 5639 sapientia
971 5567 1257 5636 incipiens,
1300 5566 1355 5619 ill
1382 5565 1571 5619 eadem
1632 5564 1803 5629 ﬁniat,
1913 5572 2091 5625 dixit:
2146 5570 2295 5624 State
2335 5570 2583 5624 succincti
2636 5568 2836 5621 lumbos
2900 5572 3095 5618 vestros
3140 5560 3193 5611 in
3246 5557 3487 5617 veritate,

240 5676 290 5719 et
328 5674 498 5719 totam
540 5678 693 5718 suam
751 5662 916 5717 vitam
957 5668 1247 5729 componat
1283 5658 1350 5713 ad
1390 5656 1804 5728 perfectionem.
1915 5663 2084 5715 induti
2133 5662 2296 5714 lorica
2337 5658 2658 5729 justitiaa".
2702 5656 2777 5713 De
2844 5655 2957 5709 lino
3012 5658 3194 5704 autem
3255 5654 3309 5697 et
3344 5643 3496 5697 tnui:

307 5873 352 5903 ’°
383 5872 401 5925 l
434 5871 562 5925 Cor.
591 5887 647 5933 x,
694 5869 777 5922 ll.
854 5868 898 5897 "
951 5865 1123 5920 Exod.
1172 5866 1322 5923 xxii,
1370 5864 1461 5920 38.
1534 5863 1579 5895 “
1605 5861 1737 5921 ibid.
1765 5862 1852 5919 42.

1940 5863 1959 5894 ³
1991 5861 2104 5918 ibid
2167 5859 2257 5917 59.
2334 5860 2381 5893 “
2427 5860 2446 5914 ι
2488 5860 2683 5915 Thess.
2714 5874 2769 5925 v,
2804 5858 2887 5913 l9.
2962 5855 3008 5888 "
3039 5853 3195 5908 ﬁom.
3240 5861 3361 5911 xm,
3403 5845 3497 5898 l2.

246 5943 287 5974 “
303 5941 442 5999 Psal.
463 5956 651 6008 cxvm,
679 5940 804 5997 126.
880 5940 925 5971 ’⁷
973 5937 1173 6013 Ephes.
1201 5951 1277 6002 γι,
1302 5933 1387 5988 ii.
