3946 6394
463 445 563 513 84⁷1

1641 444 2001 505 HESYCIIII
2040 445 2502 508 PRESBYTER]

3610 439 3710 503 848

464 576 581 618 cam
612 568 666 613 et
698 556 974 613 femiualia
997 556 1112 612 vult
1147 569 1289 622 esse,
1326 569 1435 609 non
1471 570 1537 610 ex
1567 554 1709 621 lana,
1734 558 1863 628 quia
1897 539 2037 613 linea
2069 567 2113 622 Α
2136 558 2261 614 Non
2294 561 2471 615 solum
2504 560 2650 614 enim
2684 559 2844 614 nobis
2872 557 2926 613 in
2961 557 3069 624 die,
3098 555 3194 613 sed
3224 565 3280 611 et
3334 562 3515 619 nocte,
3560 553 3611 609 id
3637 565 3716 611 est

464 653 633 709 vestis
684 650 904 717 habilis,
961 650 1290 719 molliusque
1335 649 1622 704 adhwrens
1674 660 1759 705 est
1800 650 2041 721 corpori,

464 758 655 815 aspera
685 753 867 798 autem
921 758 985 797 ea
1015 756 1137 812 quae
1170 758 1237 796 ex
1272 741 1397 795 lana
1435 751 1539 796 est.
1590 740 1671 796 Ex
1729 756 1841 812 quo
1883 742 2046 797 docet

465 838 593 907 quia
629 836 865 891 humiles
893 836 1230 904 multumque
1261 834 1605 889 cohaerentes
1652 844 1781 889 sunt
1827 835 2044 899 animae,

462 929 674 999 justitia
712 938 768 984 et
785 908 1043 993 castitas;
1070 926 1339 996 simulque
1356 927 1459 980 hoc
1490 927 1671 990 docet,
1704 926 1829 996 quia
1850 941 2048 996 quem-

467 1022 759 1076 admodum
824 1020 995 1073 linum
1040 1017 1197 1072 facile
1252 1018 1450 1087 cuique
1484 1018 1551 1072 ad
1601 1018 1934 1079 habendum,
1968 1017 2049 1073 sic

467 1114 697 1167 virtutes
724 1111 1029 1167 volentibus
1052 1125 1145 1165 eas
1176 1110 1436 1178 consequi
1466 1109 1649 1165 faciles
1677 1119 1909 1164 suntzet
1928 1124 2049 1179 qua:

468 1204 577 1258 cito
609 1203 854 1271 conquiri
884 1210 1131 1272 possunt.
1158 1200 1253 1255 His
1282 1210 1464 1256 autem
1488 1200 1762 1265 indutum,
1787 1201 1942 1272 jubet
1962 1200 2048 1255 of-

472 1297 616 1351 ferre
649 1297 863 1351 cineres
901 1294 1202 1348 holocausti
1249 1309 1386 1362 quos
1412 1292 1550 1364 ignis
1582 1292 1918 1363 consumpsit
1982 1293 2050 1346 de

472 1390 648 1444 altari.
683 1387 821 1453 Quid
858 1402 954 1456 per
979 1386 1094 1440 haec
1119 1386 1343 1448 docens,
1369 1384 1473 1440 nisi
1503 1393 1562 1439 ut
1589 1384 2049 1455 quemadmodum

471 1480 648 1535 hostia
671 1478 1002 1541 aufertur,id
1032 1486 1116 1531 est
1144 1476 1469 1531 sacriﬁcium
1496 1476 1636 1545 quod
1656 1486 1938 1546 peractum
1969 1485 2054 1530 est

471 1574 949 1635 holocautomatis,
1001 1579 1058 1623 ut
1091 1569 1458 1623 aliuditerum
1518 1568 1695 1622 simile
1765 1568 2048 1631 offeratur,

472 1666 548 1720 ita
580 1676 634 1721 et
655 1681 756 1719 nos
787 1665 1083 1728 faciamus;
1120 1663 1352 1717 virtutes
1399 1661 1601 1731 quippe
1656 1676 1793 1731 quas
1850 1676 2052 1730 coope-

474 1768 632 1813 rante
657 1757 865 1827 Spiritu
890 1755 1149 1826 gerimus,
1179 1752 1452 1823 sigillatim
1513 1752 1779 1807 debemus
1825 1767 2049 1822 ponere,

476 1858 537 1905 ut
567 1852 700 1905 alias
736 1864 925 1903 rursus
955 1862 1243 1917 operemur
1279 1862 1292 1899 :
1343 1853 1398 1900 et
1426 1861 1536 1899 non
1578 1854 1789 1900 tantum
1845 1859 2054 1913 praece-

2149 667 2259 705 non
2286 652 2461 707 solum
2486 653 2542 707 in
2578 661 2823 722 tempore
2853 648 3315 727 sobrietatis.sed
3366 655 3421 703 et
3472 646 3716 718 intelligi-

2148 741 2240 794 bili
2268 750 2449 805 nocte,
2480 743 2548 798 de
2578 758 2685 813 qua
2724 742 2923 797 Paulus
2969 741 3186 797 dicebat
3234 760 3249 796 :
3288 739 3407 793 Non
3446 755 3568 809 ergo
3601 740 3718 793 dor-

2150 834 2377 888 miamus
2405 837 2541 890 sicut
2561 846 2609 890 et
2639 836 2819 891 caeteri
2844 851 2945 889 non
2967 834 3210 888 habentes
3230 849 3394 903 spem,
3416 831 3508 885 sed
3548 830 3719 901 vigile-

2150 943 2265 979 mus
2294 937 2342 980 et
2370 928 2529 981 sobrii
2559 929 2721 981 simus
2757 947 2770 981 :
2804 927 2896 997 qui
2938 926 3076 979 enim
3116 924 3399 985 dormiunt,
3431 931 3579 975 nocte
3604 922 3721 973 dor-

2151 1019 2319 1071 miunt
2350 1036 2367 1072 :
2414 1029 2462 1072 et
2496 1021 2585 1089 qui
2634 1019 2763 1073 ebrii
2798 1027 2941 1080 sunt,
2975 1026 3123 1070 nocte
3161 1015 3295 1069 ebrii
3335 1023 3459 1068 sunt
3490 1015 3561 1074 ’9.
3590 1012 3724 1082 Ignis

2150 1112 2381 1167 sufﬁciat
2405 1110 2930 1166 subministrationis
2964 1108 3210 1179 spiritus,
3242 1107 3297 1161 in
3336 1122 3447 1177 quo
3490 1105 3722 1159 ordinari

2151 1211 2363 1273 oportet
2409 1202 2805 1271 intelligibilem
2843 1200 3100 1265 hostiam,
3137 1206 3191 1253 et
3220 1197 3433 1267 adipem
3481 1194 3726 1265 paciﬁco-

2151 1309 2293 1359 rum,
2312 1308 2474 1363 quem
2496 1292 2635 1346 LXX
2657 1292 2895 1346 salutare
2913 1289 3221 1345 ediderunt.
3240 1287 3376 1354 Quia
3399 1302 3500 1356 per
3518 1286 3722 1355 adipem

2153 1385 2484 1442 desiderium
2518 1383 2811 1454 signiﬁcari
2844 1381 2898 1436 in
2921 1380 3290 1453 paciﬁcorum,
3316 1395 3412 1432 seu
3437 1378 3494 1430 in
3514 1376 3725 1431 salutari

2152 1478 2420 1533 sacriﬁcio
2453 1477 2709 1539 diximus,
2741 1484 2801 1529 ut
2830 1474 3161 1529 desiderium
3198 1470 3518 1526 salvationis
3546 1469 3727 1523 offerat

2152 1584 2249 1623 seu
2277 1568 2562 1629 devoveat,
2614 1565 2709 1635 qui
2747 1565 2961 1635 spiritui
3016 1572 3165 1619 totus
3209 1562 3386 1617 factus
3446 1560 3726 1630 spiritalis.

2152 1660 2290 1715 nihil
2327 1658 2607 1713 matcriale
2642 1658 2871 1721 habens,
2904 1656 3042 1711 nihil
3088 1655 3352 1710 miserum
3392 1666 3579 1721 neque
3626 1660 3728 1705 ter-

2155 1767 2371 1813 renum,
2396 1766 2457 1805 ac
2486 1749 2632 1820 quod
2665 1764 2769 1804 nos
2797 1749 3074 1819 legislator
3098 1762 3302 1802 vocans
3350 1767 3363 1801 :
3412 1744 3586 1816 Ignis,
3635 1744 3727 1805 ait.

2155 1852 2240 1897 est
2268 1844 2362 1896 iste
2391 1852 2686 1912 perpetuus,
2718 1842 2806 1911 qui
2834 1857 3100 1910 nunquam
3132 1838 3329 1907 deﬁciet
3369 1839 3434 1891 de
3467 1836 3733 1891 altari.—

474 1942 729 1999 dentihus
764 1940 1006 1996 contenti
1040 1939 1226 2002 simus,
1254 1938 1348 1993 sed
1384 1947 1437 1992 et
1492 1937 1625 1990 alias
1669 1935 2048 2006 adjungamus,
2081 1937 2126 1994 Β
2155 1931 2385 2001 Spiritus
2408 1933 2555 1986 enim
2613 1941 2687 1986 est
2716 1932 2874 1998 Deus,
2903 1942 2950 1985 et
2968 1933 3057 2003 qui
3088 1932 3316 1984 adorant
3342 1946 3485 1993 eum,
3520 1930 3578 1981 in
3629 1928 3723 1995 spi-

474 2034 930 2104 quemadmodum
979 2031 1026 2086 is
1052 2029 1142 2100 qui
1168 2030 1336 2084 currit
1370 2029 1684 2097 relinquens
1716 2035 2046 2090 transcursa,

475 2124 542 2179 ad
579 2124 787 2192 reliqua
811 2120 1075 2178 currenda
1112 2117 1429 2173 contendit:
1463 2117 1593 2187 quia
1618 2115 1869 2171 videlicet
1896 2115 2052 2169 aliter

476 2216 541 2271 ad
566 2213 811 2269 bravium
850 2226 961 2265 non
1019 2210 1221 2281 poterit
1273 2208 1578 2279 pervenire.
1637 2205 1863 2276 Propter
1907 2203 2052 2275 quod

478 2319 604 2360 cum
648 2301 850 2357 auferri
892 2302 959 2355 de
1014 2300 1170 2354 altari
1219 2298 1571 2369 prmcepisset
1612 2306 2055 2352 consummatum

476 2397 601 2469 igne
624 2395 1025 2458 holocaustum,
1053 2391 1182 2463 poni
1208 2391 1340 2446 illud
1357 2391 1511 2460 juxta
1560 2389 1731 2445 altare
1750 2388 2012 2460 praaccpit
2036 2406 2051 2445 :

477 2502 600 2543 esse
653 2498 836 2541 autem
869 2484 1145 2540 Christum
1197 2482 1648 2538 holocautomatis
1698 2482 1868 2536 altare
1912 2479 2054 2536 dixi-

476 2594 615 2634 mus.
646 2577 970 2632 Auferamus
1004 2590 1133 2646 ergo
1158 2575 1206 2629 ei
1251 2574 1380 2629 olim
1428 2588 1594 2643 opere
1647 2582 2057 2628 consummatas

477 2672 729 2737 virtutes,
760 2669 979 2740 quando
1025 2668 1289 2723 habemus
1320 2678 1565 2737 tempora
1615 2666 1716 2721 has
1771 2664 2054 2737 operandi,

476 2763 631 2834 quasi
661 2778 772 2818 non
805 2761 964 2817 nobis
988 2760 1219 2829 imputet
1242 2759 1613 2829 praecedentes
1638 2757 2054 2829 negligentibus,

477 2854 525 2909 si
552 2869 662 2907 non
693 2867 856 2922 super
885 2866 978 2906 eas
1015 2850 1148 2904 alias
1167 2848 1584 2905 constituamus.
1627 2848 1828 2903 Probat
1878 2856 2059 2903 autem

478 2947 598 3001 hac
624 2943 877 3000 Ezechiel
901 2958 1024 2996 cum
1060 2942 1233 2997 dicit:
1269 2940 1328 2996 Si
1370 2942 1553 2995 dixero
1588 2941 1734 3009 justo
1776 2942 1913 3009 quod
1951 2942 2057 2994 vita

477 3036 638 3099 vivat,
661 3044 709 3089 et
726 3034 945 3103 conﬁsus
962 3034 1016 3086 in
1031 3032 1244 3101 justitia
1267 3048 1363 3086 sua
1378 3032 1553 3102 fecerit
1578 3032 1930 3103 iniquitatem,
1948 3048 2060 3085 ont-

480 3125 805 3197 nes’justitia:
816 3125 928 3195 ejus
945 3124 1187 3178 oblivioni
1210 3126 1507 3189 tradentur,
1523 3133 1568 3179 et
1592 3126 1644 3179 in
1667 3126 1947 3195 iniquitate
1963 3143 2058 3181 sua

479 3234 640 3288 quam
659 3216 905 3286 operatus
928 3226 1021 3282 est,
1050 3217 1105 3270 in
1126 3217 1239 3286 ipsa
1264 3218 1515 3271 morietur
1538 3217 1606 3272 ’⁸.
1626 3217 1863 3287 Imputat
1878 3228 2059 3273 autem

2157 2021 2261 2073 ritu
2298 2030 2346 2073 et
2371 2021 2587 2073 veritate
2606 2030 2803 2089 oportet
2844 2022 3073 2075 adorare
3095 2021 3183 2073 ’9‘.
3210 2019 3364 2075 Unde
3393 2029 3451 2073 et
3487 2017 3728 2088 intelligi-

2156 2111 2265 2165 bile
2292 2111 2483 2175 altare,
2506 2113 2650 2182 quod
2679 2112 2979 2167 estChristi
2997 2126 3217 2183 corpus,
3241 2107 3733 2182 inexstiuguibilem

2158 2203 2323 2259 habet
2354 2203 2530 2275 ignem
2560 2205 3079 2261 subministratiouis
3108 2205 3351 2274 spiritus.

2230 2292 2395 2349 Vens.
2424 2294 2609 2351 14-58.
2649 2315 2666 2347 ι
2704 2296 2829 2351 Ηαξο
2858 2306 2940 2351 est
2979 2297 3065 2351 lex
3089 2296 3338 2351 sacriﬁcii
3364 2306 3423 2350 ct
3474 2295 3734 2350 libamen-

2159 2390 2505 2452 torum,quae
2537 2383 2771 2438 oﬁercnt
2800 2384 2895 2439 ﬁlii
2918 2386 3099 2440 Aaron
3149 2401 3332 2439 coram
3390 2383 3648 2448 Domino,
3689 2392 3738 2439 et

2160 2490 2344 2531 coram
2374 2476 2551 2531 altari.
2589 2475 2765 2531 Tollet
2790 2477 3045 2532 sacerdos
3089 2476 3348 2546 pugillum
3380 2476 3598 2540 similae,
3626 2491 3739 2545 qua:

2162 2582 2457 2638 conspersa
2476 2578 2561 2623 est
2588 2568 2730 2633 oleo,
2749 2578 2803 2623 et
2834 2577 3008 2623 totum
3035 2569 3164 2623 thus
3181 2570 3327 2639 quod
3386 2585 3561 2640 super
3586 2570 3732 2624 simi-

2163 2659 2269 2713 lam
2290 2660 2528 2729 positum
2549 2670 2653 2726 est,
2686 2660 3034 2731 adolehitque
3086 2660 3217 2716 illud
3248 2662 3301 2715 in
3323 2662 3482 2715 altari
3508 2664 3561 2716 in
3581 2662 3739 2716 moni-

2164 2760 2409 2806 mentum
2436 2750 2620 2805 odoris
2656 2751 2966 2806 suavissimi
3004 2752 3236 2807 Domino
3274 2748 3601 2823 :‘reliquam
3649 2768 3739 2806 au-

2166 2850 2275 2896 tem
2309 2850 2519 2912 partem
2555 2841 2744 2897 simila:
2774 2843 3025 2898 comedet
3073 2845 3250 2898 Aaron
3284 2837 3410 2899 cum
3464 2845 3591 2899 ﬁliis
3634 2845 3738 2900 suis

2164 2932 2371 3002 absque
2398 2932 2689 2996 fermento,
2725 2942 2781 2987 et
2807 2933 3057 2988 comedet
3106 2934 3161 2987 in
3198 2934 3315 2989 loco
3346 2935 3643 2989 sanctuarii
3666 2944 3739 2989 ta-

2164 3024 2463 3080 bernaculi.
2496 3024 2623 3079 ldco
2657 3031 2839 3078 autem
2864 3040 2970 3078 non
3002 3023 3444 3091 fermentabitur,
3478 3026 3603 3097 quia
3622 3042 3739 3096 pars

2166 3120 2287 3190 ejus
2314 3119 2368 3173 in
2393 3120 2626 3174 Domino
2647 3119 2876 3173 offertur
2907 3119 3212 3174 incensum.
3243 3118 3509 3175 Sanctum
3540 3130 3740 3175 δανείου

2166 3227 2286 3265 rum
2311 3212 2434 3277 erit,
2458 3212 2597 3266 sicut
2628 3226 2726 3280 pro
2746 3219 2970 3282 peccato
2988 3221 3150 3281 atque
3179 3213 3399 3266 delicto.
3432 3212 3608 3267 Mares
3624 3222 3737 3267 tau-

478 3313 524 3363 si
562 3310 838 3380 prmterita
874 3308 1075 3364 futuris
1108 3322 1403 3381 augeamus
1441 3322 1603 3380 atque
1629 3312 2015 3367 conﬁrmemus
2046 3330 2058 3365 :
2091 3290 2132 3349 (ἶ
2168 3312 2281 3358 lum
2313 3303 2500 3373 stirpis
2549 3306 2731 3358 Aaron
2790 3304 3081 3359 comedent
3123 3300 3275 3370 illud,
3324 3305 3630 3376 legitimum
3680 3320 3739 3359 ac

480 3402 803 3471 undejuxta
850 3402 1018 3456 altare
1047 3402 1202 3470 jubet
1238 3403 1617 3460 holocaustum
1669 3405 1822 3475 poni,
1881 3415 2065 3460 servat

478 3493 622 3549 enim
659 3494 820 3548 nobis
850 3493 1101 3549 Christus
1120 3494 1302 3564 justus
1329 3495 1515 3565 judex,
1558 3510 1896 3566 quaecunque
1921 3497 2063 3551 bona

479 3584 774 3655 egerimus,
808 3584 853 3638 si
878 3599 987 3638 non
1020 3586 1137 3640 haec
1169 3602 1266 3656 per
1292 3586 1508 3656 iniquas
1553 3589 1799 3643 actiones
1851 3606 2061 3659 praeva-

478 3673 631 3728 ricati
660 3672 953 3731 fuerimus.
986 3673 1214 3745 Propter
1269 3676 1374 3730 hoc
1418 3678 1581 3732 etiam
1628 3680 1848 3749 spoliari
1896 3682 2062 3736 vesti-

478 3764 701 3829 mentis,
735 3771 791 3819 et
825 3765 977 3819 indui
1005 3765 1144 3829 aliis,
1173 3775 1227 3821 et
1256 3766 1439 3822 eﬁ‘erri
1463 3768 1676 3825 cineres
1701 3780 1851 3826 extra
1883 3780 2062 3827 castra

480 3856 534 3910 in
568 3855 687 3910 loco
713 3857 1075 3912 mundissimo
1100 3859 1282 3927 jussit,
1322 3875 1430 3915 non
1468 3862 1693 3919 alterius
1721 3865 1935 3936 generis
1961 3879 2062 3920 nos

480 3948 842 4016 vestimentis,
888 3957 1041 4004 extra
1096 3965 1161 4005 ea
1207 3967 1329 4021 qua:
1374 3953 1528 4023 prius
1594 3956 1749 4022 dixit,
1801 3957 2058 4012 induens.

478 4038 666 4109 Neque
697 4039 843 4095 enim
879 4055 979 4111 pro
1002 4040 1145 4096 linea
1172 4052 1324 4098 veste
1379 4044 1532 4099 indui
1580 4046 1736 4102 lanea
1770 4064 1872 4103 nos
1919 4064 2061 4119 prae-

477 4132 645 4202 cepit,
671 4134 768 4188 sed
801 4133 905 4189 hoc
924 4134 1068 4189 idem
1114 4136 1283 4190 multa
1336 4137 1639 4208 signiﬁcat;
1684 4140 1739 4196 id
1789 4150 1873 4197 est
1914 4142 2059 4211 quod

477 4236 599 4291 quae
625 4222 778 4292 prius
807 4232 927 4279 acta
955 4234 1117 4295 atque
1132 4238 1382 4298 correpta
1404 4240 1672 4296 sunt,non
1699 4232 2057 4302 imputentur,

476 4318 696 4386 quando
726 4327 944 4390 tempus
972 4330 1056 4376 est
1083 4323 1187 4377 alia
1206 4325 1522 4396 peragendi.
1550 4325 1617 4380 Et
1645 4337 1933 4398 propterea
1958 4329 2057 4383 de-

477 4416 747 4477 ponentes
810 4410 1197 4467 vestimentum
1256 4415 1426 4485 prius,
1465 4417 1612 4472 aliud
1659 4418 1766 4472 tale
1809 4419 1927 4473 vult
1976 4419 2058 4473 in-

475 4500 592 4555 dui.
626 4500 788 4558 Extra
845 4516 1021 4560 castra
1068 4518 1247 4563 autem
1314 4509 1370 4564 in
1418 4509 1597 4566 locum
1638 4512 2057 4568 mundissimum

2163 3396 2561 3466 sempiternum
2584 3396 2637 3450 in
2684 3396 3127 3467 generationibus
3180 3399 3376 3453 vestris
3421 3399 3491 3452 de
3539 3398 3738 3453 sacriﬁ-

2162 3487 2260 3542 ciis
2299 3486 2536 3542 Domini.
2570 3486 2762 3543 Omnis
2817 3487 2911 3558 qui
2962 3489 3200 3559 tetigerit
3243 3490 3335 3545 illa
3378 3490 3739 3547 sanctiﬁcabi-

2164 3591 2271 3635 tur.
2304 3599 2322 3632 ι

2233 3690 2582 3746 Meminimus
2628 3692 2852 3748 beatum
2882 3691 3109 3748 Paulum
3140 3694 3377 3749 dixisse:
3428 3694 3633 3750 Eadem
3658 3697 3737 3750 di-

2161 3799 2275 3837 cere
2309 3783 2438 3836 mihi
2462 3799 2563 3837 non
2582 3785 2813 3854 pigrum,
2878 3785 3019 3839 vobis
3073 3795 3251 3839 autem
3298 3789 3650 3844 necessarium
3673 3787 3733 3841 ”.

2160 3871 2335 3939 Quam
2366 3873 2729 3928 intentionem
2754 3875 2809 3928 in
2840 3875 3097 3945 praesenti
3134 3875 3255 3930 loco
3287 3876 3492 3931 habere
3533 3876 3738 3948 legisla-

2162 3971 2248 4017 tor
2280 3962 2517 4028 videtur,
2559 3963 2828 4019 reiterans
2859 3981 2979 4034 qua:
3009 3965 3179 4020 semel
3206 3968 3481 4037 exposuit,
3515 3978 3575 4022 ut
3606 3968 3735 4021 mul-

2161 4054 2332 4123 tiplici
2364 4053 2693 4124 repetitione
2731 4056 2973 4110 mandati
3022 4056 3250 4127 legentis
3295 4057 3361 4111 ad
3420 4059 3732 4113 memoriam

2161 4149 2463 4193 revocaret.
2488 4138 2769 4204 Quatenus
2796 4150 2979 4195 autem
3022 4158 3121 4212 per
3172 4143 3556 4213 repetitionem
3608 4143 3734 4214 legis

2160 4229 2594 4285 nccessariorem
2623 4231 2879 4287 redderet
2924 4232 3242 4299 lectionem,
3284 4234 3588 4305 interponit
3636 4235 3731 4290 ali-

2159 4321 2286 4391 quid
2319 4322 2572 4392 amplius,
2597 4323 2754 4393 cujus
2809 4324 2980 4395 gratia
3013 4326 3382 4381 necessarium
3414 4327 3523 4383 hoc
3581 4343 3727 4382 man-

2161 4414 2346 4469 datum
2379 4423 2434 4469 et
2460 4414 2828 4471 inexcusabile
2889 4417 3054 4473 nimis
3077 4419 3381 4475 exsisteret.
3404 4421 3561 4475 Sicut
3609 4435 3728 4492 ergo

2162 4507 2217 4561 in
2242 4507 2682 4577 prmcedentibus
2709 4509 2777 4564 de
2819 4510 3153 4569 holocaustis
3204 4512 3466 4569 sacriﬁcia
3497 4515 3728 4580 iteravit,

474 4592 680 4658 efferri,
707 4595 761 4651 id
817 4608 901 4653 est
954 4602 1286 4669 praemittere
1336 4604 1405 4657 ad
1452 4603 1696 4658 futurum
1744 4605 2049 4674 judicium;
2088 4630 2131 4687 ι)
2160 4601 2501 4671 permiscens
2531 4604 3225 4677 eisassiduitatem,ipsius
3247 4616 3330 4663 est
3348 4609 3498 4663 enim
3518 4619 3578 4664 ut
3598 4608 3728 4681 ignis

474 4683 608 4740 illud
638 4688 786 4743 enim
825 4700 975 4745 extra
1002 4703 1179 4747 castra
1209 4704 1291 4750 est
1315 4696 1601 4766 praesentis
1619 4696 1825 4761 saeculi,
1855 4706 1911 4751 et
1974 4697 2055 4751 lo-

473 4790 570 4831 cus
599 4787 685 4833 est
746 4781 1003 4847 mundus,
1037 4783 1165 4851 quia
1207 4784 1275 4837 ab
1306 4786 1454 4839 omni
1502 4787 1855 4857 corruptione
1893 4802 2053 4841 mun-

472 4866 603 4921 dum
629 4878 715 4923 est
748 4869 915 4924 futuri
944 4873 1124 4927 saeculi
1154 4874 1443 4943 judicium.
1476 4876 1584 4932 Sed
1614 4878 1745 4949 quid
1789 4886 1871 4934 est
1908 4878 2054 4949 quod

471 4956 720 5013 addidit?

543 5047 689 5117 Ignis
717 5060 893 5104 autent
922 5054 978 5106 in
1002 5052 1166 5107 altari
1193 5072 1395 5127 semper
1420 5059 1642 5125 ardebit,
1678 5066 1828 5133 quem
1858 5063 2052 5116 nutriet

473 5141 718 5194 sacerdos
777 5142 1055 5213 subjiciens
1116 5146 1259 5217 ligna
1312 5166 1465 5203 mane
1513 5167 1605 5219 per
1644 5154 1878 5223 singulos
1923 5155 2053 5210 dies.

475 5229 946 5296 Quemadmodum
977 5249 1104 5306 ergo
1129 5237 1356 5292 materia
1389 5239 1527 5310 ignis
1554 5250 1680 5295 sunt
1708 5241 1871 5311 ligna,
1895 5258 2054 5299 mane

472 5329 654 5376 autem
685 5336 749 5377 ea
788 5323 943 5394 jubet
973 5328 1229 5395 componi
1265 5344 1280 5382 :
1318 5329 1398 5383 sic
1450 5332 1612 5387 nobis
1656 5343 1784 5388 sunt
1825 5338 2051 5391 materia

470 5412 998 5473 subministrationis
1027 5417 1253 5488 spiritus
1296 5419 1496 5477 divina:
1546 5423 1680 5495 legis
1717 5427 2045 5493 testimonia,

470 5515 526 5560 et
555 5522 840 5563 sacrorum
880 5509 1222 5580 eloquiorum
1259 5511 1564 5580 meditatio,
1608 5530 1728 5584 quae
1757 5516 1897 5588 ligna
1925 5534 2046 5573 esse

469 5612 633 5669 supra
667 5600 921 5658 diximus.
953 5604 1097 5675 Ergo
1129 5604 1248 5660 haec
1281 5620 1442 5661 mane
1475 5606 1531 5661 in
1572 5607 1777 5663 lumine
1823 5626 2048 5681 compo—

467 5704 599 5747 nere
611 5692 892 5762 debemus,
908 5696 961 5751 id
975 5697 1123 5753 estin
1143 5697 1809 5770 vigilantia,etsobrietate
1829 5703 2044 5759 animm.

498 5858 501 5859 ν
572 5886 617 5918 ’³
639 5885 837 5946 Ezech.
859 5908 1052 5959 XXXIII,
1086 5895 1169 5949 13.
1248 5895 1341 5949 "1
1387 5897 1584 5954 Thess.
1606 5915 1661 5966 v,
1689 5898 1743 5965 6,
1791 5899 1843 5952 7-

1932 5902 1998 5933 "‘
2038 5900 2194 5957 Joan.
2228 5920 2301 5970 IV,
2337 5904 2428 5958 24.

2159 4692 2252 4763 qui
2296 4693 2352 4748 in
2382 4694 2537 4749 altari
2562 4704 2667 4760 est,
2703 4712 2920 4768 semper
2964 4700 3155 4755 ardeat
3186 4717 3577 4773 nunquamque
3600 4701 3728 4757 deﬁv

2159 4784 2298 4840 ciat:
2324 4785 2403 4841 sic
2431 4795 2486 4840 et
2515 4803 2665 4844 nunc
2686 4803 2809 4844 cum
2848 4790 3177 4848 sacriﬁcium
3199 4793 3391 4850 simila:
3419 4795 3730 4851 deduxisset

2158 4878 2228 4933 ad
2258 4878 2523 4945 medium,
2559 4897 2830 4952 perquam
2864 4884 3155 4956 signiﬁcari
3185 4887 3513 4959 theologiam
3547 4890 3601 4944 in
3632 4889 3729 4943 hu-

2154 4971 2246 5041 jus
2306 4971 2432 5027 libri
2489 4974 2716 5031 exordio
2761 4976 3279 5047 demonstravimus,
3332 4982 3564 5047 addidit,
3608 4981 3727 5053 quia

2159 5072 2376 5131 oportet
2402 5079 2521 5119 eam
2540 5065 2593 5119 in
2624 5066 2742 5129 loco
2770 5077 2978 5124 tantum
3024 5083 3230 5137 sancto,
3267 5087 3298 5129 a
3323 5076 3599 5142 masculis,
3621 5090 3726 5130 non

2158 5164 2343 5210 autem
2377 5155 2599 5226 ubique,
2639 5169 2733 5214 aut
2765 5160 2928 5216 etiam
2956 5163 3026 5218 ab
3064 5164 3323 5221 omnibus
3368 5167 3619 5223 comedi:
3661 5166 3725 5222 de

2156 5261 2263 5315 qua
2301 5246 2426 5302 vide
2452 5250 2634 5318 qualia
2660 5251 2825 5305 etiam
2879 5269 3025 5309 nunc
3053 5256 3334 5326 praecepit.
3368 5256 3492 5311 [lare
3527 5269 3601 5312 est
3648 5257 3726 5311 lea:

2154 5341 2407 5409 sacriﬁcii
2460 5352 2508 5395 et
2544 5342 2949 5400 Iibamentorum
2996 5363 3115 5416 qua:
3153 5349 3368 5418 oﬂ’erent
3411 5350 3512 5418 ﬁlii
3555 5351 3722 5404 Aaron

2154 5447 2337 5485 coram
2365 5432 2611 5497 Domino,
2637 5447 2685 5489 et
2711 5453 2887 5491 coram
2942 5439 3127 5495 altari.
3177 5440 3290 5496 Hoc
3332 5456 3462 5512 ergo
3507 5442 3574 5498 de
3622 5455 3722 5511 quo

2152 5539 2301 5579 nunc
2330 5540 2512 5580 sermo
2542 5539 2647 5590 est,
2674 5529 2767 5583 ﬁlii
2806 5530 3007 5597 Aaron,
3034 5533 3087 5587 id
3121 5542 3204 5588 est
3257 5534 3516 5591 sublimes
3543 5535 3595 5588 in
3642 5550 3695 5588 sa

2154 5615 2359 5685 pientia
2390 5617 2658 5684 homines,
2692 5622 2792 5675 soli
2821 5623 3023 5679 oﬂ‘erre
3053 5625 3253 5681 debent
3278 5643 3459 5683 coram
3481 5626 3716 5689 Domino,

2156 5707 2209 5763 id
2244 5718 2327 5763 est
2349 5711 2648 5766 secundum
2672 5715 2815 5783 quod
2853 5714 2945 5770 Dei
2995 5718 3247 5776 voluntas
3263 5730 3366 5785 est,
3406 5737 3515 5776 non
3538 5734 3715 5790 super-

2523 5907 2566 5939 ”
2594 5905 2827 5981 Philipp.
2862 5926 2942 5977 ιιι,
2974 5913 3024 5967 1.
