4046 6442
366 497 478 564 849

1506 505 1590 565 ΙΝ
1631 506 2073 568 LEVITICUM.
2113 532 2181 543 --
2230 508 2377 569 LIB.
2420 508 2502 568 II.

3524 507 3631 572 850

350 612 475 669 ‘llua
508 616 560 668 in
592 613 778 670 divino
808 612 1024 685 eloquio
1058 613 1425 685 disputantes,
1457 618 1553 672 sed
1604 634 1948 688 quaecunque
1976 625 2022 680 Α
2050 629 2268 690 oportet
2296 618 2611 675 omnimodo
2630 620 2697 675 de
2731 619 3017 675 divinitate
3059 619 3229 690 loqui,
3253 621 3368 676 sive
3418 622 3632 677 theolo-

365 712 529 766 nobis
549 710 797 765 Christus
818 711 1101 776 revelavit,
1124 712 1230 767 hoc
1253 713 1399 768 enim
1431 714 1675 785 intellige
1705 716 1850 785 quod
1875 716 1950 770 ait

362 818 549 856 rorant
569 801 764 865 altari;
787 801 914 871 quia
947 802 1121 857 altare
1150 816 1271 857 esse
1318 803 1716 858 humanitatem
1750 803 1951 876 Unige-

365 894 470 948 niti
523 894 958 949 demonstratum
1012 902 1138 949 est:
1192 909 1322 966 ergo
1374 895 1432 950 in
1485 896 1571 952 his
1622 897 1949 968 the010giam

363 986 783 1052 constituamus,
810 985 865 1040 in
896 1002 1017 1055 quae
1076 986 1235 1042 nobis
1265 988 1581 1043 incarnatus
1605 989 1951 1044 tradiditDo-

365 1072 571 1137 minus,
599 1080 657 1126 ut
685 1074 899 1129 Patrem
921 1074 974 1128 in
1001 1089 1086 1138 eo,
1121 1082 1178 1130 et
1230 1075 1409 1146 ipsum
1450 1078 1505 1132 in
1538 1076 1699 1133 Patre
1746 1079 1953 1150 cogite-

367 1179 515 1226 mus.
542 1174 599 1219 et
628 1164 694 1219 de
726 1175 917 1221 sancto
940 1166 1149 1236 Spiritu
1198 1169 1460 1235 sciamus,
1515 1171 1639 1239 quia
1691 1178 1743 1225 et
1785 1171 1954 1240 ipsius

365 1266 455 1311 est
484 1255 623 1323 Filii,
657 1267 711 1312 et
738 1274 767 1311 a
794 1259 956 1313 Patre
978 1260 1245 1328 procedit.
1285 1259 1412 1316 Haec
1439 1262 1586 1317 enim
1611 1263 1767 1319 nobis
1807 1263 1955 1318 suill-

366 1348 525 1402 ciunt
574 1349 642 1403 ad
690 1349 1017 1421 theologiam
1052 1367 1175 1422 quae
1218 1353 1370 1423 juvat
1406 1363 1463 1409 et
1512 1356 1702 1411 salvat.
1748 1356 1955 1411 Altiora

364 1450 553 1495 autem
581 1443 849 1511 quispiam
887 1459 1138 1513 quaerens
1188 1446 1272 1501 vel
1311 1446 1687 1517 profundiora,
1741 1449 1958 1504 excidet

366 1532 443 1586 ab
472 1533 776 1589 intentione
798 1534 1063 1603 veritatis,
1090 1546 1147 1591 et
1174 1548 1383 1607 peccat.
1408 1538 1565 1595 Unde
1590 1540 1755 1596 etiam
1808 1556 1957 1597 nunc

368 1621 648 1691 legislator
696 1624 961 1680 subdidit.
1932 1674 1933 1677 η

446 1713 609 1767 Tollet
634 1717 879 1769 sacerdos
916 1716 1174 1787 pugillum
1213 1720 1406 1776 simin
1427 1739 1548 1792 quae
1584 1740 1864 1793 conspersa
1883 1734 1956 1779 est

367 1806 488 1860 oleo
520 1817 568 1860 et
590 1817 757 1861 totum
786 1809 905 1863 thus
942 1812 1080 1880 quod
1115 1828 1274 1881 super
1304 1815 1538 1870 similam
1569 1817 1797 1885 positum
1856 1827 1956 1883 est,

369 1899 710 1970 adolebitque
763 1900 899 1955 illud
942 1902 997 1956 in
1040 1904 1203 1959 altari
1259 1907 1315 1959 in
1361 1909 1742 1963 monimentum
1786 1910 1959 1964 odoris

367 1991 675 2045 suavissimi
732 1990 977 2048 Domino.
1022 1992 1157 2049 Cum
1207 1996 1551 2068 eleemosyna
1570 2005 1626 2052 et
1681 1999 1951 2063 oratione,

371 2083 463 2137 ha:
489 2084 633 2137 enim
666 2083 968 2155 ﬁgurantur
1005 2101 1104 2157 per
1129 2088 1310 2145 oleum
1332 2097 1388 2145 et
1419 2090 1569 2153 thus,
1603 2088 1803 2159 quibus
1852 2104 1953 2144 ne-

370 2178 614 2233 cessarie
644 2180 914 2251 theologia
955 2180 1316 2252 conquiritur,
1365 2183 1650 2253 utriusque
1686 2182 1954 2254 siquidem

371 2266 732 2335 adjutorium,
776 2277 838 2323 ut
866 2285 976 2325 non
1002 2271 1253 2326 excidant
1292 2287 1323 2325 a
1358 2273 1589 2327 veritate
1613 2273 1707 2343 qui
1748 2275 1816 2328 de
1848 2273 1956 2328 Deo

372 2359 697 2430 loquuntur,
742 2364 1116 2417 necessarium
1172 2363 1397 2418 habent.
1448 2363 1624 2434 Hujus
1675 2365 1730 2418 in
1774 2365 1957 2419 moni-

372 2463 623 2506 mentum
663 2454 1018 2525 intelligibilis
1070 2456 1327 2510 sacerdos
1386 2456 1637 2512 Christus
1695 2457 1957 2529 pugillum

374 2542 540 2609 tollit,
553 2544 678 2613 quia
694 2560 904 2600 summa
920 2546 1163 2601 scientia;
1178 2547 1321 2616 apud
1339 2561 1465 2600 eum
1485 2557 1791 2617 permanet,
1811 2547 1957 2617 quod

376 2633 435 2686 in
463 2635 861 2690 monimentum
884 2636 1104 2706 quidem
1129 2646 1234 2701 est,
1259 2637 1385 2706 quia
1413 2638 1469 2691 in
1495 2648 1822 2709 perpetuum
1854 2639 1960 2693 erit

374 2740 729 2795 permansura
750 2727 1032 2783 memoria.
1049 2727 1236 2797 Neque
1253 2729 1398 2783 enim
1417 2731 1874 2799 quemadmodum
1896 2737 1979 2785 ea’

373 2833 503 2886 quae
526 2833 672 2872 nunc
702 2828 787 2873 est
813 2828 998 2873 nostra
1024 2820 1252 2875 scientia
1297 2832 1559 2890 provectu
1614 2823 1958 2880 destruitur:

375 2910 511 2979 quia
562 2912 772 2981 quando
825 2912 1021 2965 venerit
1058 2914 1196 2983 quod
1246 2914 1532 2983 perfectum
1565 2924 1660 2979 est,
1698 2916 1843 2971 sicut
1882 2917 1962 2971 ait

375 3000 602 3068 Paulus,
634 3004 924 3059 destruitur
946 3006 1083 3076 quod
1113 3022 1177 3061 ea:
1205 3017 1357 3075 parte
1380 3018 1454 3061 est
1473 3008 1537 3062 ³¹.
1564 3006 1656 3063 Sic
1685 3009 1792 3064 erit
1822 3019 1879 3065 et
1898 3026 1962 3065 ea

378 3112 505 3167 quae
535 3097 677 3167 apud
695 3098 975 3154 Christum
1020 3110 1126 3165 est,
1184 3115 1346 3170 quam
1404 3101 1564 3156 nobis
1613 3102 1669 3155 in
1717 3102 1962 3157 futurum

381 3191 665 3256 saeculum,
690 3200 750 3246 ut
772 3190 1188 3262 perfectioribus
1241 3202 1372 3248 tunc
1426 3192 1746 3259 efﬁciendis,
1788 3210 1964 3250 reser-

2050 710 2192 782 giam
2218 724 2473 766 exercere
2512 727 2527 763 :
2578 711 2644 765 In
2702 708 2951 766 Ecclesiis
2996 711 3166 779 enim,
3209 712 3305 778 ait,
3347 712 3634 768 benedicite

2052 803 2338 857 Dominum
2354 803 2421 858 ³⁸.
2456 802 2513 858 Si
2534 804 2657 874 quis
2686 813 2871 860 autem
2906 805 2961 860 in
2979 804 3144 860 domo
3176 804 3477 861 Ecclesiam
3534 807 3634 861 ha-

2051 898 2143 953 bet
2176 898 2273 966 (ait
2298 900 2500 969 quippe
2525 898 2724 954 Paulus
2758 916 2772 953 :
2805 897 3053 954 Salutate
3078 898 3404 968 Nympham,
3447 908 3495 952 et
3546 900 3635 953 do-

2052 992 2329 1046 mesticam
2348 991 2463 1061 ejus
2488 991 2780 1046 Ecclesiam
2814 990 2859 1023 ³³
2896 1008 2908 1043 :
2940 990 3109 1045 habet
3153 1000 3337 1046 autem
3376 990 3499 1060 quis
3532 990 3634 1046 do-

2054 1084 2334 1140 mesticam
2357 1084 2678 1149 Ecclesiam,
2712 1083 2931 1153 quando
2951 1084 3305 1153 semetipsum
3331 1082 3636 1138 sanctiﬁca-

2054 1177 2194 1232 verit
2228 1176 2339 1231 Deo
2354 1186 2408 1231 et
2448 1191 2480 1230 a
2518 1175 2871 1231 saecularibus
2906 1175 3205 1230 cessaverit
3230 1174 3505 1245 negotiis),
3546 1174 3636 1229 hic

2055 1271 2220 1326 etiam
2261 1270 2409 1325 domi
2436 1271 2503 1324 de
2543 1270 2655 1323 Deo
2679 1269 2850 1338 loqui,
2877 1268 2993 1325 sive
3015 1268 3341 1341 theoIOgiam
3378 1281 3635 1323 exercere

2055 1371 2256 1434 potest.
2293 1360 2453 1416 Tales
2487 1368 2638 1423 sunt,
2668 1361 2867 1431 quibus
2926 1376 3055 1431 pars
3087 1361 3155 1417 de
3206 1357 3490 1414 sacriﬁciis
3525 1356 3635 1412 Do.-

2056 1454 2214 1521 mini,
2245 1454 2298 1507 id
2328 1462 2413 1508 est
2449 1452 2595 1522 loqui
2622 1453 2691 1507 de
2731 1454 2862 1519 Deo,
2894 1452 2982 1509 vel
3044 1451 3335 1523 theologia,
3373 1450 3439 1505 de
3476 1448 3638 1507 donis

2058 1555 2114 1602 et
2140 1545 2511 1601 oblationibus
2544 1544 2728 1600 datur.
2764 1546 2839 1600 De
2882 1560 2991 1616 quo
3036 1545 3274 1600 subdidit
3308 1559 3324 1601 :
3383 1543 3637 1598 Sanctum

2056 1648 2359 1694 sanctorum
2380 1640 2502 1704 erit,
2536 1640 2661 1709 quia
2681 1636 2864 1692 Sancti
2895 1648 3198 1692 sanctorum
3236 1637 3638 1706 contemplatio-

2060 1746 2177 1785 nem
2206 1729 2490 1799 possident.
2517 1729 2768 1784 Subdidit
2792 1738 2974 1784 autem
3010 1746 3023 1783 :

2132 1822 2279 1878 Sicut
2300 1838 2392 1891 pro
2420 1830 2631 1891 peccato
2659 1830 2819 1891 atque
2833 1821 3045 1875 delicto.
3080 1820 3268 1874 Simile
3302 1819 3431 1872 illud
3448 1818 3638 1873 volens

2060 1913 2353 1968 ostendere
2386 1928 2485 1983 pro
2502 1921 2749 1983 peccato,
2772 1921 2829 1967 et
2859 1911 3059 1967 delicto
3076 1911 3423 1967 sacriﬁcium.
3444 1910 3639 1965 Sermo

2059 2005 2206 2061 enim
2246 2005 2313 2060 de
2338 2005 2451 2060 Deo
2470 2003 2707 2058 maxime
2742 2003 2811 2058 ad
2841 2002 3179 2072 ereptionem
3209 2009 3263 2055 et
3287 2000 3639 2055 emundatio-

2056 2113 2185 2153 nem
2219 2096 2419 2152 animae
2452 2096 2706 2162 habetur,
2762 2096 2980 2165 quando
3010 2094 3140 2148 oleo
3181 2102 3237 2148 et
3288 2092 3456 2156 thuri,
3490 2092 3637 2146 elec-

2056 2206 2297 2262 mosynae
2327 2189 2582 2245 videlicet
2609 2198 2664 2244 et
2682 2188 2939 2254 orationi,
2964 2186 3293 2242 sacriﬁcium
3331 2184 3478 2239 verbi
3517 2182 3633 2249 Dei,

2058 2281 2112 2338 id
2142 2288 2225 2337 est
2249 2281 2559 2353 theologiaa,
2598 2278 2967 2351 coniungitur,
3005 2278 3307 2334 secundum
3346 2276 3492 2345 quod
3533 2274 3639 2330 hoc

2058 2373 2336 2442 legislator
2373 2371 2557 2427 oﬂerri
2592 2372 2870 2443 praecepit,
2912 2384 3023 2424 non
3052 2368 3252 2423 frustra
3279 2366 3384 2421 hoc
3414 2366 3635 2436 jubens,

2060 2466 2155 2521 sed
2199 2465 2327 2536 quia
2358 2464 2719 2536 eleemosynis
2751 2473 2809 2518 et
2848 2462 2955 2517 ﬁde
2989 2461 3322 2516 mandantur
3360 2467 3579 2529 peccata
3620 2477 3634 2513 :

2057 2557 2516 2629 quemadmodum
2573 2556 2827 2613 Salomon
2893 2555 2950 2609 in
3012 2553 3320 2609 Proverbiis
3387 2549 3525 2605 dixit
3567 2550 3633 2604 “.

2130 2649 2325 2711 Mares,
2352 2646 2547 2715 inquit,
2576 2654 2781 2698 tantum
2803 2645 2983 2714 stirpis
2999 2644 3178 2698 Aaron
3201 2642 3467 2696 comedent
3481 2639 3636 2706 illud,

2061 2732 2374 2803 Legitimum
2390 2750 2454 2787 ac
2473 2736 2846 2803 sempiternum
2862 2742 2935 2789 est
2957 2733 3012 2787 in
3032 2730 3450 2803 generationibus
3459 2730 3639 2784 vestris

2061 2826 2124 2877 de
2150 2826 2424 2894 sacriﬁciis
2444 2825 2674 2880 Domini.
2704 2827 2824 2882 Non
2850 2842 2980 2899 ergo
3012 2825 3257 2881 omnium
3291 2833 3376 2879 est
3404 2824 3473 2878 de
3530 2823 3639 2876 Deo

2063 2914 2362 2985 disputare,
2420 2916 2516 2971 sed
2572 2916 2760 2971 talium
2809 2916 2902 2986 qui
2930 2915 3067 2970 nihil
3119 2913 3445 2977 femineum,
3499 2911 3640 2967 nihil

2063 3004 2269 3061 ﬂuxum
2293 3006 2350 3060 in
2377 3005 2794 3077 cogitationibus
2822 3006 3053 3072 habent;
3083 3005 3227 3075 quod
3258 3003 3561 3074 legitimum
3587 3008 3645 3057 et

2064 3109 2327 3153 asernum
2358 3097 2414 3151 in
2445 3098 2891 3169 generationibus
2933 3096 3215 3161 eorum,id
3246 3105 3332 3151 est
3361 3096 3415 3149 in
3442 3109 3645 3165 perpe-

2067 3197 2221 3244 tuum
2250 3189 2514 3243 custodiri
2555 3189 2831 3259 praecepit,
2858 3198 2919 3244 ut
2965 3189 3020 3243 in
3051 3188 3199 3243 omni
3252 3196 3501 3256 tempore
3557 3184 3644 3239 in-

380 3281 554 3335 vavit.
576 3280 666 3336 illa
685 3283 855 3350 enim,
883 3290 1072 3353 utpote
1097 3291 1507 3352 consummata,
1548 3285 1665 3340 sine
1686 3286 1963 3343 oblivione
1989 3299 2034 3358 α
2066 3281 2372 3345 tendamus,
2404 3282 2714 3338 nullatenus
2742 3282 2809 3337 de
2849 3281 2959 3338 Deo
2984 3282 3264 3351 disputare
3293 3291 3644 3350 praesumere,

381 3387 604 3445 semper
633 3375 689 3430 in
726 3376 1045 3432 memoriam
1082 3384 1288 3431 manet.
1343 3376 1498 3431 Sicut
1526 3387 1707 3433 autem
1731 3394 1852 3449 qua:
1877 3389 1963 3436 to-

384 3464 499 3521 tius
521 3480 734 3521 summa
760 3476 845 3522 est
864 3467 1161 3538 sapientiae,
1196 3467 1401 3539 pugillo
1426 3468 1681 3535 sumitur,
1708 3470 1837 3540 quia
1867 3488 1967 3542 per

389 3559 604 3630 singula
630 3560 804 3631 capita
828 3562 1092 3634 pugillum
1130 3577 1227 3632 per
1258 3562 1476 3633 Moysen
1527 3564 1582 3618 in
1624 3563 1761 3620 libro
1788 3564 1965 3621 Exodi

392 3666 494 3719 pro
545 3651 670 3706 ﬁliis
720 3652 885 3708 Israel
922 3654 1087 3725 jussit
1129 3653 1272 3710 Deus
1326 3654 1508 3711 oﬁ‘erri
1542 3674 1556 3711 :
1593 3655 1774 3726 itaque
1815 3672 1966 3713 sum-

382 3757 533 3798 mam
550 3744 894 3815 cognitionis,
911 3755 966 3801 et
982 3746 1234 3817 perfectae
1253 3747 1494 3803 scientiae
1509 3762 1631 3804 esse
1649 3750 1792 3819 apud
1807 3748 1968 3805 Chri-

383 3844 534 3889 stum
550 3835 1183 3906 legislatorinnuit.Quid
1197 3847 1379 3893 autem
1400 3839 1484 3896 his
1504 3840 1701 3917 subdat
1719 3840 1964 3899 intende.

461 3925 740 3995 Reliquam
793 3939 972 3982 autem
1028 3938 1234 3999 partem
1262 3931 1451 3986 simin
1502 3933 1733 3987 comedet
1787 3932 1968 3989 Aaron

385 4034 510 4071 cum
539 4019 664 4086 ﬁliis
679 4021 806 4073 suis.
849 4019 918 4075 Ut
944 4036 1053 4075 non
1112 4036 1179 4076 ex
1238 4029 1352 4077 toto
1390 4037 1421 4076 a
1462 4022 1731 4093 theologia
1779 4039 1967 4079 cesse-

385 4125 536 4172 mus,
566 4126 666 4179 pro
695 4126 761 4166 eo
788 4111 933 4181 quod
967 4127 1178 4167 summa
1210 4114 1453 4169 scientiae
1474 4114 1527 4168 in
1560 4115 1806 4171 futurum
1830 4132 1966 4172 con-

384 4209 661 4268 servatur;
690 4218 812 4273 quae
835 4212 1019 4258 autem
1038 4205 1196 4260 nobis
1221 4206 1289 4261 ab
1327 4221 1395 4260 eo
1423 4207 1612 4262 relicta
1640 4216 1743 4273 est,
1782 4208 1834 4264 id
1885 4219 1969 4264 est

384 4292 614 4358 tradita,
632 4294 774 4348 hanc
799 4295 1088 4350 comedere
1112 4311 1212 4350 nos
1238 4296 1396 4367 jubet
1418 4298 1722 4363 scientiam,
1749 4310 1804 4356 et
1836 4317 1969 4371 ope-

385 4385 519 4447 rari,
550 4385 619 4439 de
647 4402 754 4455 qua
781 4386 942 4441 nobis
972 4394 1027 4441 et
1058 4397 1392 4457 praeceptum
1424 4398 1529 4453 est,
1556 4406 1785 4460 quaeque
1810 4393 1969 4449 nobis

386 4476 667 4534 sufﬁciens
692 4487 796 4544 est,
827 4488 881 4533 et
899 4478 1052 4547 juxta
1077 4488 1293 4536 nostras
1317 4482 1482 4538 vires.
1510 4484 1617 4539 Sed
1645 4486 1968 4541 intuendum

387 4569 482 4622 ubi
521 4571 662 4625 hanc
695 4579 750 4625 et
781 4572 1055 4640 quomodo
1091 4580 1341 4641 oporteat
1379 4575 1617 4643 operari.
1657 4575 1917 4646 Sequitur
1951 4596 1963 4632 :

2066 3375 2308 3446 quandiu
2330 3390 2427 3445 per
2454 3374 2716 3443 quasdam
2740 3373 3133 3430 declinationes
3176 3371 3508 3432 diﬁluentes,
3558 3367 3648 3424 vel

2066 3468 2355 3525 saeculares
2382 3468 2515 3523 alias
2536 3468 2874 3538 phantasias,
2906 3483 2936 3522 a
2954 3467 3320 3522 masculorum
3339 3463 3646 3521 excidimus

2066 3560 2349 3631 dignitate,
2382 3574 2452 3615 ne
2469 3568 2524 3615 et
2543 3560 2700 3616 nobis
2724 3560 2970 3615 dicatur:
2998 3559 3273 3614 Peccatori
3306 3566 3484 3611 autem
3512 3556 3647 3611 dixit

2066 3651 2420 3719 Deus,Quare
2440 3661 2497 3707 tu
2528 3669 2753 3707 enarras
2778 3652 3025 3722 justitias
3053 3668 3198 3706 meas
3235 3660 3285 3705 et
3310 3650 3536 3704 assumis
3570 3658 3647 3703 te—

2064 3755 2383 3802 stamentum
2405 3762 2577 3801 meum
2605 3764 2699 3818 per
2713 3764 2769 3801 os
2807 3756 2950 3801 tuum
2973 3747 3057 3801 “‘l
3083 3744 3432 3802 Concludunt
3460 3750 3642 3799 autem

2069 3840 2210 3896 hanc
2233 3840 2403 3910 legem
2426 3840 2587 3895 verba
2616 3839 2933 3909 sequentia:

2136 3928 2318 3985 Omnis
2346 3929 2436 3999 qui
2453 3929 2680 3999 tetigerit
2699 3945 2761 3982 ea
2790 3925 3238 3997 sanctiﬁcabitur.
3297 3924 3494 3997 Tangit
3547 3938 3645 3978 au-

2068 4031 2200 4086 tem,
2226 4022 2316 4092 qui
2343 4031 2466 4091 apte
2494 4022 2598 4076 hoc
2624 4020 2900 4091 prmsumit
2959 4035 3141 4091 agere,
3202 4019 3292 4101 hic
3316 4018 3463 4089 juste
3516 4032 3645 4073 sau-

2066 4113 2396 4170 ctiﬁcabitur
2428 4111 2654 4168 :Omnis
2679 4112 2881 4182 quippe
2911 4110 3005 4165 Dei
3037 4100 3485 4165 commemoratio
3521 4122 3647 4161 san-
3747 4100 3763 4115 ’

2068 4205 2456 4261 ctiﬁcationem
2488 4212 2728 4274 pnestat,
2754 4203 2896 4273 quod
2922 4211 3150 4257 testatur
3179 4201 3397 4262 Paulus,
3415 4201 3603 4255 dicens
3628 4215 3641 4251 :

2068 4297 2204 4361 Quia
2236 4297 2405 4350 omnis
2430 4304 2673 4349 creatura
2704 4295 2799 4349 Dei
2838 4296 2992 4358 bona,
3028 4307 3075 4348 et
3134 4294 3265 4347 nihil
3304 4294 3647 4362 rejiciendum

2070 4389 2206 4458 quod
2223 4402 2341 4442 cum
2375 4385 2675 4458 gratiarum
2708 4386 2915 4438 actione
2966 4385 3253 4454 percipitur
3295 4386 3361 4436 ⁸⁸.
3392 4382 3647 4437 Sanctiﬁ-

2070 4490 2226 4537 catur
2271 4487 2453 4533 autem
2507 4492 2606 4547 per
2646 4476 2873 4530 verbum
2908 4475 3002 4530 Dei
3055 4486 3111 4531 ct
3163 4476 3464 4531 orationem
3540 4473 3648 4527 Sed

2071 4587 2196 4626 cum
2230 4570 2363 4624 dicit
2409 4576 2718 4637 tangentem
2762 4566 3111 4630 sanctiﬁcari,
3171 4566 3330 4635 plane
3383 4564 3645 4625 ostendit,

462 4661 664 4730 Absque
732 4637 1020 4732 fermento,
1084 4637 1145 4719 et
1206 4637 1469 4733 εοητεάεξ,
1528 4671 1585 4724 in
1647 4637 1764 4725 loco.
1810 4690 1968 4727 sane-
2000 4637 2043 4692 ί)
2071 4663 2199 4732 quia
2226 4661 2281 4714 in
2314 4658 2642 4729 disputando
2672 4656 2739 4711 de
2772 4656 2904 4722 Deo,
2938 4656 2991 4710 id
3013 4665 3097 4710 est
3126 4655 3180 4709 in
3215 4655 3509 4724 theologia,
3534 4654 3651 4707 suf-

385 4753 557 4806 tuarii
606 4755 954 4809 tabernaculi.
1005 4757 1125 4812 Non
1186 4761 1442 4829 coquitur
1498 4777 1623 4816 cum
1699 4763 1967 4820 fermento

387 4843 510 4909 Dei,
562 4860 739 4915 neque
785 4849 1084 4903 secundum
1137 4849 1419 4907 Iudaicam
1477 4854 1804 4922 doctrinam,
1872 4872 1969 4911 ne-

384 4949 496 5004 que
566 4936 869 4991 secundum
934 4938 1133 5007 gentile
1196 4939 1522 4995 fermentum
1579 4960 1593 4997 :
1646 4942 1774 5011 quia
1855 4958 1966 4997 non

384 5027 630 5082 vultnos
654 5030 878 5083 verbum
896 5030 1063 5099 loqui,
1099 5031 1193 5085 sed
1225 5040 1288 5086 ut
1341 5032 1544 5087 munda
1592 5032 1663 5087 sit
1692 5033 1761 5087 ab
1814 5033 1965 5088 omni

384 5116 765 5185 permistione,
798 5128 851 5173 et
874 5120 1077 5188 absque
1103 5122 1253 5174 omni
1306 5120 1593 5177 fermento.
1618 5122 1841 5178 Comedi
1867 5139 1969 5177 au-

383 5215 502 5260 tem
538 5205 680 5261 illam
710 5207 765 5261 in
792 5208 929 5262 atrio
952 5208 1284 5265 tabernaculi
1346 5211 1641 5266 testimonii
1685 5213 1965 5283 praecepit,

385 5296 447 5351 id
483 5305 590 5363 est,
658 5299 873 5368 operari
928 5299 987 5354 in
1032 5300 1291 5356 Ecclesia.
1345 5301 1779 5358 Tabernaculum
1821 5304 1966 5359 enim

386 5391 714 5454 testimonii,
746 5393 945 5448 coelum
978 5403 1081 5460 est,
1118 5395 1174 5449 in
1215 5411 1324 5464 quo
1359 5397 1503 5465 quod
1564 5398 1772 5452 habitet
1800 5397 1967 5461 Deus,

388 5481 676 5550 Scriptura
700 5490 951 5537 testatur.
996 5484 1209 5540 Atrium
1249 5495 1429 5540 autem
1457 5487 1790 5542 tabernaculi
1815 5488 1969 5543 testi-

386 5571 582 5636 monii,
608 5572 661 5627 id
694 5582 779 5629 est
810 5575 956 5641 cceli,
986 5576 1232 5633 Ecclesia
1263 5586 1368 5641 est,
1433 5594 1542 5632 non
1589 5579 1764 5633 solum
1822 5579 1969 5635 sicut

384 5661 668 5727 introitus,
700 5672 757 5719 et
784 5665 1110 5721 vestibulum
1143 5667 1427 5733 ccelorum,
1460 5669 1559 5723 sed
1581 5669 1743 5723 etiam
1772 5684 1967 5739 quem-

388 5753 684 5810 admodum
729 5755 924 5812 domus
987 5758 1106 5813 Dei.
1160 5757 1238 5814 lbi
1277 5773 1425 5831 ergo,
1482 5757 1537 5814 id
1590 5768 1694 5823 est,
1744 5760 1800 5814 in
1875 5777 1959 5827 ea,

484 5889 579 5961 "il
615 5891 742 5946 Cor.
796 5909 918 5961 xm,
965 5896 1054 5952 10.

393 5960 438 5992 ³⁸
466 5958 487 6013 1
522 5960 661 6017 Tim.
724 5980 797 6029 tv,
817 5964 868 6019 4.

1182 5898 1224 5929 δ’
1247 5895 1391 5953 Psal.
1420 5912 1585 5963 vau,
1617 5897 1709 5953 ‘27.
1788 5899 1831 5930 ³³
1862 5898 2072 5955 Coloss.
2106 5915 2217 5966 xw,
2247 5899 2336 5955 15.

2076 4753 2189 4808 ﬁcit
2220 4751 2379 4806 nobis
2410 4750 2572 4803 etiam
2624 4756 2833 4803 tantum
2896 4755 3136 4817 tangere,
3187 4744 3644 4816 quemadmodum

2075 4845 2199 4915 igne
2217 4842 2311 4912 qui
2331 4841 2447 4895 vult
2462 4838 2715 4903 caleﬁeri,
2734 4852 2859 4892 nam
2886 4836 2930 4891 si
2951 4836 3180 4890 interius
3196 4836 3375 4889 mittat
3401 4848 3643 4897 manum,

2074 4952 2173 5007 pro
2209 4950 2274 4989 eo
2301 4933 2445 5003 quod
2470 4931 2647 5001 potuit
2681 4929 2917 4985 caleﬁeri
2961 4928 3319 4984 comburitur.
3347 4927 3440 4982 Sic
3462 4936 3517 4981 et
3553 4929 3647 4996 qui

2075 5027 2421 5099 profundius,
2453 5024 2537 5080 vel
2562 5024 2723 5078 altius
2754 5023 2821 5078 de
2854 5022 2965 5076 Deo
3021 5022 3299 5091 disputare
3342 5021 3645 5091 praesumit,

2074 5134 2174 5189 pro
2196 5132 2264 5173 eo
2284 5116 2429 5187 quod
2451 5114 2742 5187 gloriosius
2767 5114 2898 5184 quid
2938 5114 3051 5168 vult
3081 5113 3392 5175 ostendere,
3438 5113 3492 5166 in
3536 5113 3649 5167 bla-

2075 5208 2377 5277 sphemiam
2401 5207 2565 5270 cadit,
2614 5206 2743 5261 dum
2784 5205 3251 5274 comprehendere
3303 5203 3647 5259 altitudinem

2074 5303 2386 5358 divinorum
2413 5283 2724 5370 dogmatum
2760 5315 2871 5353 non
2911 5299 3104 5369 possit.

2151 5395 2309 5451 Vens.
2337 5394 2524 5449 19-25.
2555 5412 2573 5445 ι
2598 5392 2661 5447 Et
2681 5394 2894 5448 locutus
2929 5402 3015 5447 est
3040 5392 3302 5448 Dominus
3331 5393 3396 5448 ad
3432 5393 3649 5464 Moysen

2072 5488 2307 5544 dicens:
2350 5482 2476 5539 Haec
2503 5491 2589 5537 est
2640 5482 2842 5537 oblatio
2865 5480 3045 5537 Aaron
3104 5492 3158 5537 et
3218 5480 3448 5537 ﬁliorum
3503 5483 3646 5552 ejus,

2071 5596 2235 5651 quam
2258 5576 2458 5633 offerre
2487 5575 2687 5632 debent
2715 5573 2947 5629 Domino
3005 5575 3059 5628 in
3098 5575 3187 5629 die
3213 5574 3491 5629 unctionis
3510 5589 3643 5629 suae.

2070 5672 2349 5728 Decimam
2371 5678 2583 5741 partem
2614 5667 2738 5739 ephi
2763 5667 2997 5722 offerent
3049 5668 3239 5723 similae
3287 5667 3341 5722 in
3378 5667 3647 5723 sacriﬁcio

2069 5762 2425 5834 sempiterno,
2444 5760 2683 5815 medium
2713 5758 2831 5828 ejus
2847 5773 3030 5823 mane,
3055 5766 3111 5813 et
3147 5759 3385 5815 medium
3413 5759 3530 5830 ejus
3555 5775 3646 5815 ve-

2412 5897 2457 5933 ³⁸
2496 5897 2630 5961 lmo,
2668 5893 3048 5961 Eccli.ttt,33.
3124 5895 3167 5927 ³⁸
3201 5895 3342 5951 Psal.
3381 5911 3527 5962 xm,
3556 5893 3642 5951 16.
