3946 6394
482 423 586 491 851

479 632 683 688 Oﬁeret
702 644 884 690 autem
916 652 1037 693 eam
1063 639 1292 695 calidam
1341 642 1396 697 in
1425 644 2065 705 odorem'suavissimum

483 726 712 782 Domino
732 730 1008 795 sacerdos,
1039 734 1133 802 qui
1162 735 1302 804 patri
1336 737 1460 806 jure
1498 742 1843 809 successerit,
1877 749 1932 797 et
1954 750 2067 800 tota

481 820 818 874 cremabitur
847 821 902 875 in
935 822 1112 879 altari.
1145 824 1319 883 Omne
1359 830 1506 884 enim
1530 833 1854 889 sacriﬁcium
1881 850 2066 890 sacer-

480 910 669 964 dotum
701 911 823 982 igne
846 926 1223 985 consumetur,
1272 934 1375 976 nec
1393 923 1683 993 quisquam
1716 926 1967 983 comedet
2000 943 2067 983 ex

481 1015 569 1054 $0.
606 1019 625 1051 ι

551 1089 725 1147 Omne
752 1094 1077 1151 sacriﬁcium
1096 1100 1241 1169 quod
1268 1101 1336 1156 ad
1365 1105 1664 1160 sacerdotis
1687 1106 1923 1162 refertur
1942 1123 2069 1179 per-

482 1196 694 1245 sonam.
728 1184 1009 1257 Unigeniti
1045 1192 1293 1248 sacriﬁcii
1317 1193 1545 1266 ﬁguram
1585 1199 1745 1269 gerit,
1785 1200 1927 1255 sicut
1968 1215 2068 1271 per

480 1285 807 1342 praesentem
837 1280 1244 1340 demonstratur
1276 1287 1486 1358 legem;
1517 1290 1594 1344 ait
1622 1293 1770 1347 enim
1801 1308 1815 1344 :

551 1367 620 1420 Et
653 1369 857 1425 locutus
888 1383 963 1426 est
1004 1374 1258 1431 Dominus
1313 1381 1383 1433 ad
1420 1380 1632 1451 Moysen
1678 1384 1853 1438 dicens
1884 1401 1903 1439 :
1943 1384 2068 1440 Haec

480 1470 556 1513 est
599 1462 796 1517 oblatio
825 1465 1005 1521 Aaron
1062 1479 1111 1523 et
1132 1469 1365 1538 ﬁliorum
1396 1473 1531 1542 ejus,
1558 1492 1718 1545 quam
1746 1477 1931 1545 offerre
1973 1479 2065 1532 de-

481 1557 598 1611 bent
626 1557 850 1614 Domino
881 1562 935 1615 in
959 1564 1042 1617 die
1066 1567 1328 1621 unctionis
1349 1584 1479 1623 suat.
1509 1570 1801 1626 Multorum
1843 1575 2065 1642 quidem

482 1651 831 1706 sacerdotum
872 1654 979 1709 hoc
1016 1656 1222 1711 donum
1245 1669 1348 1720 est,
1405 1661 1483 1715 ait
1525 1663 1727 1733 quippe
1780 1666 1961 1720 Aaron
2012 1676 2066 1722 et

482 1736 712 1795 ﬁliorum
735 1744 884 1812 ejus;
915 1747 1011 1801 sed
1041 1764 1152 1803 uno
1190 1764 1356 1805 uncto
1427 1752 1672 1819 oﬁ'ertur,
1732 1757 1860 1825 quia
1888 1760 2067 1816 omnis

483 1833 776 1887 sacerdotii
832 1835 1013 1907 imago
1095 1848 1149 1893 et
1219 1840 1466 1908 ﬁrmitas,
1520 1845 1635 1900 sive
1687 1848 2061 1916 subsistentia,

481 1922 684 1995 Christi
718 1926 1047 1983 sacriﬁcium
1078 1940 1195 1984 est:
1235 1932 1355 2002 ipso
1404 1936 1552 1989 enim
1592 1938 1708 1992 solo
1737 1939 1920 1994 oblato
1972 1958 2069 2011 per

484 2021 658 2068 totum
701 2026 804 2071 est.
836 2019 901 2073 Et
928 2023 1147 2089 quando
1180 2034 1360 2079 actum
1406 2030 1533 2083 cst?
1587 2031 1644 2084 in
1691 2032 1774 2085 die
1809 2035 2070 2089 unctionis

482 2106 624 2172 ejus,
652 2106 702 2160 id
732 2117 815 2161 est
844 2117 1092 2181 tempore
1111 2130 1219 2184 quo
1239 2116 1555 2175 incarnatus
1572 2133 1684 2177 est:
1718 2127 1903 2180 unctio
1922 2129 2065 2182 enim

484 2193 541 2247 in
574 2194 851 2266 Unigcniti
876 2216 1107 2269 persona
1130 2204 1434 2264 incarnatio
1472 2212 1690 2268 dicitur.
1730 2214 1806 2270 De
1835 2233 1940 2288 qua
1992 2220 2068 2276 ait

480 2283 680 2340 Petrus
724 2304 737 2341 :
776 2289 956 2344 Iesum
1007 2294 1372 2365 Nazarenam,
1450 2306 1708 2372 quomodo
1757 2323 1874 2360 eum
1914 2312 2062 2365 unxit

479 2375 623 2431 Deus
654 2378 858 2447 Spiritu
892 2394 1073 2439 sancto
1094 2396 1143 2440 et
1174 2390 1366 2445 virtute
1401 2392 1464 2445 ³⁷.
1487 2392 1613 2451 Hmc
1640 2414 1769 2454 vero
1792 2403 2066 2469 quomodo

482 2476 579 2520 aut
601 2470 820 2537 quando
843 2471 983 2531 facta
1030 2477 1139 2532 sint
1184 2478 1399 2538 Gabriel
1429 2483 1612 2542 Maria:
1634 2488 1770 2543 dixit
1796 2508 1807 2542 :
1837 2490 2066 2562 Spiritus

481 2568 718 2626 sanctus,
751 2562 1366 2637 inquiens,superveniet
1401 2576 1522 2631 inte
1540 2587 1589 2632 et
1623 2580 1788 2636 virtus
1810 2583 2065 2640 Altissimi

482 2650 816 2747 obumbrabit
844 2659 937 2711 tibi
982 2659 1047 2715 ³⁸.
1105 2661 1261 2720 Unde
1310 2667 1479 2725 David
1531 2672 1721 2728 dixit:
1780 2674 2065 2747 Propterea
2123 2682 2127 2686 ’

482 2742 631 2795 unxit
651 2753 699 2798 te
720 2745 856 2801 Deus
889 2748 1025 2805 Deus
1051 2761 1169 2808 tuus
1204 2757 1320 2812 oleo
1345 2758 1568 2827 lwtitiat,
1598 2782 1709 2835 prce
1739 2742 2064 2827 consortibus

480 2837 583 2889 tuis
611 2838 673 2892 ³⁹.
703 2840 1056 2910 Apertissime
1087 2849 1478 2922 interpretans,
1513 2861 1657 2929 quod
1691 2873 1837 2919 esset
1862 2868 2064 2923 sancti-

477 2930 751 2991 ﬁcationis
780 2938 983 3004 oleum,
1019 2943 1146 3012 quia
1174 2962 1286 3002 non
1340 2960 1488 3007 esset
1522 2955 1698 3012 simile
1732 2959 1857 3015 huic
1915 2962 2060 3030 oleo,

476 3039 587 3091 quo
611 3041 802 3081 omnes
819 3032 1153 3099 sacerdotes,
1185 3047 1241 3092 et
1271 3055 1448 3110 reges,
1486 3053 1541 3099 et
1568 3050 1854 3118 propheta:
1888 3058 2060 3124 unge-

476 3115 696 3172 bantur.
734 3120 960 3192 Propter
984 3128 1131 3193 quod
1165 3131 1277 3187 ait:
1308 3134 1431 3189 Prae
1460 3115 1809 3209 participibus
1835 3115 2057 3209 ταῖς,νίιί

1690 444 2052 508 HESYCHII
2088 446 2562 517 PRESBYTERI

481 552 664 606 spere,
709 554 829 609 qum
858 542 910 597 in
975 548 1250 620 sartagine
1284 549 1407 608 oleo
1472 567 1765 625 conspersa
1818 557 2059 629 irigetur.
2094 568 2143 623 Α
2239 568 2370 620 Hcec
2386 577 2566 623 autem
2603 570 2662 624 in
2706 574 2983 643 sartagine
3032 571 3146 626 oleo
3184 587 3462 641 conspersa
3511 573 3717 644 {rigetur

3641 459 3735 527 852

2170 654 2514 731 Sartaginem
2540 662 2757 719 Domini
2785 681 3027 732 crucem,
3058 674 3252 736 utpote
3299 666 3522 733 fortem,
3546 676 3599 721 et
3614 667 3738 723 nihil

2169 748 2238 802 ab
2256 750 2378 820 igne
2400 753 2766 810 humanorum
2794 744 3143 827 peccatorum
3170 757 3563 828 ltesam,accipi
3591 774 3730 829 opor-

2171 850 2284 898 tet:
2316 860 2438 914 quaa
2488 847 2652 902 etiam
2726 850 3207 920 superimpositam
3258 850 3595 905 Dominicam
3637 866 3742 906 car-

2167 951 2315 1002 nem,
2346 938 2596 994 esibilem
2626 942 2941 998 hominibus
2966 942 3225 997 reddidit.
3243 942 3356 997 Nisi
3382 943 3534 998 enim
3560 959 3740 1014 super-
3764 934 3777 975 ‘

2168 1024 2421 1096 imposita
2450 1028 2645 1087 fuisset
2695 1034 2868 1097 cruci,
2904 1048 3009 1087 nos
3045 1048 3246 1104 corpus
3286 1034 3495 1089 Christi
3553 1050 3741 1105 nequa-

2168 1134 2332 1189 quam
2363 1123 2593 1193 mystice
2624 1124 3080 1194 percepissemus.
3145 1124 3271 1181 Haec
3322 1125 3448 1180 oleo
3496 1140 3741 1196 consper-

2168 1213 2333 1284 gitur,
2361 1216 2488 1285 quia
2515 1217 2660 1271 enim
2692 1218 2853 1273 nobis
2892 1233 3216 1289 eompassns
3270 1229 3357 1273 est
3381 1218 3741 1289 impassibilis,

2168 1304 2477 1374 passionem
2508 1308 2991 1364 sustinuitcarnis.
3025 1310 3251 1364 Addidit
3288 1320 3476 1364 autem
3531 1320 3580 1363 et
3635 1328 3743 1363 eon-

2167 1413 2427 1467 spersam,
2452 1400 2598 1468 quod
2633 1399 2774 1453 LXX
2808 1401 2888 1456 sic
2934 1402 3261 1458 ediderunt:
3296 1401 3649 1471 Conspersam
3676 1405 3743 1473 of-

2170 1490 2300 1558 feret
2331 1508 2451 1545 eam
2480 1492 2740 1547 buccellas
2771 1495 3093 1564 sacriﬁcium
3133 1495 3255 1548 boni
3295 1497 3474 1549 odoris
3514 1495 3741 1557 Domino,

2169 1582 2390 1637 odorem
2408 1599 2759 1654 conspersam
2799 1588 3048 1641 eamdem
3083 1586 3331 1642 dicentes
3364 1587 3657 1642 buccellas.
3686 1588 3745 1641 Et

2169 1676 2444 1731 buccellas
2465 1677 2687 1746 quidem
2719 1678 2923 1732 dixisse
2960 1677 3364 1749 intelliguntur,
3392 1686 3585 1747 utpote
3615 1678 3744 1732 mul-

2170 1767 2433 1837 tipliciter
2465 1768 2852 1837 procedentem
2891 1777 3116 1837 propter
3139 1767 3428 1836 passiones
3455 1782 3556 1837 per
3579 1776 3747 1837 partes

2100 1911 2141 1964 Β
2172 1861 2587 1931 provenientes;
2622 1876 2974 1931 conspersam
3010 1870 3218 1925 autem,
3256 1869 3455 1930 utpote
3497 1859 3550 1913 in
3586 1875 3741 1913 unum

2173 1953 2474 2017 collectam,
2507 1953 2653 2007 unde
2684 1969 2783 2022 pro
2819 1952 3061 2005 bucceltis
3086 1951 3450 2023 Symmachus
3476 1951 3746 2005 dilatatam

2172 2044 2369 2110 edidit;
2406 2043 2654 2114 qumdam
2687 2031 2872 2098 autem
2900 2042 3210 2114 ἀντίγραφα
3235 2042 3398 2096 electa
3427 2042 3649 2105 habent,
3697 2041 3743 2094 id

2170 2146 2255 2192 est
2287 2138 2591 2208 complexa,
2625 2136 2751 2207 quia
2787 2136 3023 2191 invicem
3092 2136 3193 2191 sibi
3226 2137 3517 2190 cohaerent
3546 2136 3745 2205 passio-

2171 2246 2267 2284 nes
2301 2228 2537 2285 Domini.
2571 2228 2727 2284 Undc
2756 2228 2948 2283 eadem
2978 2238 3035 2283 et
3070 2245 3139 2283 ex
3188 2228 3465 2298 partibus,
3493 2242 3588 2282 seu
3627 2242 3745 2281 con-

2168 2319 2553 2383 fractionibus,
2586 2319 2893 2375 secundum
2920 2319 3308 2389 praedictorum
3354 2318 3507 2373 LXX
3566 2317 3743 2372 editio-

2169 2428 2316 2475 nem,
2348 2427 2471 2467 esse
2503 2411 2580 2465 ait
2613 2410 2892 2481 legislator
2944 2410 3043 2465 has
3091 2410 3509 2466 confractiones
3564 2426 3743 2479 procc-

2167 2505 2380 2569 denles,
2414 2518 2513 2573 per
2540 2512 2725 2573 partes
2755 2502 3037 2572 passiones
3077 2501 3386 2573 intelligens
3416 2521 3429 2557 :
3471 2500 3632 2557 Omne
3653 2518 3744 2553 au-

2169 2607 2272 2650 tem
2303 2600 2399 2649 hoc
2427 2595 2749 2663 sacri/icium
2781 2603 2855 2648 est
2916 2594 3221 2647 suavissimi
3286 2595 3467 2648 odoris
3511 2593 3741 2647 Domino.

2168 2689 2403 2743 Humani
2437 2689 2641 2759 quippe
2668 2687 2884 2757 generis
2910 2687 3142 2741 salutem
3201 2686 3488 2756 praestitit,
3516 2687 3615 2741 hac
3649 2701 3740 2739 au-

2168 2793 2275 2838 tem
2311 2782 2438 2846 Deo,
2462 2790 2648 2850 utpote
2678 2780 2921 2835 Creatori
2955 2789 3188 2844 naturas,
3224 2779 3360 2832 nihil
3393 2787 3485 2834 est
3511 2778 3739 2835 suavius.

2166 2874 2245 2928 Ad
2273 2874 2534 2942 majorem
2572 2881 2754 2926 autem
2794 2868 3260 2940 explanationem,
3287 2870 3438 2939 quod
3474 2867 3739 2941 Unigeniti

2164 2964 2491 3021 sacriﬁcium
2523 2962 2809 3034 signiﬁcet,
2853 2962 3075 3016 intende
3100 2961 3229 3031 quid
3262 2961 3533 3023 s'ubdidit,
3560 2958 3739 3013 Sacer-

2163 3059 2255 3110 dos
2284 3057 2375 3125 qui
2396 3057 2539 3124 patri
2572 3056 2687 3117 iure
2710 3055 2979 3108 successit.
3029 3052 3182 3119 Quod
3242 3052 3606 3123 Septuaginta
3671 3053 3739 3106 ita

2163 3148 2457 3205 ediderunt
2486 3166 2499 3200 :
2530 3149 2774 3203 sacerdos
2818 3156 3004 3200 unctus
3060 3162 3155 3215 pro
3180 3162 3238 3199 co
3263 3162 3327 3199 ex
3349 3146 3484 3215 [iliis
3515 3145 3625 3213 ejus
3663 3145 3737 3213 fa-

475 3215 560 3261 est
594 3224 760 3279 super
794 3215 1087 3286 participes
1112 3227 1253 3276 tuos.
1284 3222 1586 3298 Participes
1606 3242 1792 3291 autem
1814 3237 2064 3306 ejus,aut
2090 3245 2131 3303 C
2166 3242 2367 3308 cietea,
2391 3241 2517 3310 quia
2546 3240 2767 3311 quidem
2791 3239 3043 3294 Christus
3076 3248 3127 3294 et
3176 3237 3337 3293 .lcsus
3389 3249 3502 3302 est,
3550 3236 3736 3291 Paulus

473 3308 698 3367 propter
726 3317 966 3371 carnem,
990 3318 1084 3363 aut
1102 3323 1326 3383 propter
1355 3316 1593 3388 Spiritus
1619 3329 2058 3386 communionem

475 3391 832 3483 sanctisunt.
861 3394 1017 3452 Unde
1078 3399 1281 3459 Paulus
1319 3407 1451 3463 dicit
1491 3411 1825 3483 :Participes
1882 3431 2059 3477 autem

474 3477 672 3533 Christi
705 3482 869 3551 effecti
908 3502 1109 3554 sumus,
1172 3493 1218 3547 si
1267 3504 1446 3551 tamen
1483 3502 1694 3557 initium
1753 3508 2059 3568 substantia:

471 3570 587 3633 eius
619 3589 780 3642 usque
802 3577 874 3629 ad
915 3578 1073 3645 ﬁnem
1123 3583 1339 3651 ﬁrmum
1399 3592 1718 3651 retineamus
1744 3597 1812 3654 "°.
1882 3602 2055 3668 Quam

472 3677 603 3733 ergo
630 3663 987 3735 oblationem,
1019 3686 1144 3727 cum
1178 3678 1434 3735 sacerdos
1454 3694 1654 3741 unctus
1706 3663 2053 3765 fuerit,ivpost

473 3754 907 3856 incarnationem
936 3762 1191 3821 videlicet
1206 3767 1392 3837 Verbi,
1415 3771 1691 3846 legislator
1716 3754 1900 3838 offerri
1919 3754 2057 3856 pra:-

472 3846 660 3915 cepit?

548 3935 1045 4038 Decimamfartem
1077 3950 1193 4015 ephi
1231 3953 1447 4022 offerent
1499 3960 1689 4017 simin
1710 3966 1765 4019 in
1792 3969 2054 4038 sacriﬁcio

469 4030 803 4097 sempiterno,
832 4038 1060 4093 medium
1088 4042 1202 4110 ejus
1229 4061 1404 4113 mane,
1464 4060 1513 4105 et
1546 4057 1773 4112 medium
1796 4060 1911 4129 ejus
1966 4080 2053 4118 ve-

470 4135 637 4219 spere,
666 4140 782 4192 qua:
817 4126 873 4179 in
905 4134 1170 4200 sartagine
1224 4136 1337 4191 oleo
1371 4156 1651 4213 conspersa
1680 4126 1922 4219 frigetur.
1945 4154 2053 4211 Sed

470 4210 744 4267 decimum
771 4218 989 4285 quidem
1013 4223 1139 4291 ephi
1185 4227 1399 4297 similae,
1449 4210 1574 4293 esse
1618 4210 1893 4313 [inigeniti
1945 4210 2050 4303 hu-

470 4303 791 4359 manitatem
820 4309 872 4361 iu
895 4313 1269 4380 superioribus
1318 4332 1597 4382 ostensum
1657 4303 1760 4398 est,
1819 4350 1941 4392 cum
1997 4351 2052 4396 et

471 4393 623 4499 Epiri,
653 4405 841 4464 utpote
883 4415 1194 4461 mensuram
1254 4420 1366 4467 tres
1402 4430 1686 4476 mensuras
1715 4393 2044 4499 capientem,

470 4482 794 4541 Trinitatem
826 4504 946 4546 esse
977 4504 1123 4551 recte
1173 4498 1431 4559 diximus.
1468 4506 1524 4561 Si
1551 4521 1733 4567 autem
1758 4482 1886 4587 ephi

469 4577 604 4631 mini
627 4595 754 4635 caro
771 4596 911 4649 esse,
939 4596 998 4641 ut
1024 4598 1073 4642 et
1104 4590 1408 4652 divinitatis
1453 4577 1915 4670 supereminentia
1948 4577 2047 4671 de-

469 4681 826 4738 monstretur,
869 4676 1275 4753 Dominicaaque
1308 4691 1490 4745 carnis
1521 4708 1645 4747 cum
1685 4712 1749 4753 ea
1776 4701 2048 4773 insepara-

468 4760 671 4827 bilitas,
707 4767 808 4819 hoc
858 4768 1219 4828 nihilominus
1251 4777 1306 4830 in
1348 4782 1675 4841 sacriﬁcium
1723 4760 2045 4864 perpetuum

469 4861 574 4918 est,
610 4856 735 4923 quia
770 4858 911 4913 sicut
938 4862 1015 4916 ait
1046 4861 1284 4922 Paulus:
1327 4871 1438 4927 Una
1468 4878 1607 4932 enim
1633 4856 1896 4943 oblatio-ne
1920 4909 2046 4946 con-

465 4946 750 4997 summovit
775 4948 831 4999 in
854 4952 1228 5018 sempiternum
1282 4963 1636 5030 sanctiﬁcatos
1660 4970 1725 5025 υ.
1782 4971 1939 5034 Unde
1991 4992 2047 5038 et

466 5032 679 5132 salvare
705 5036 756 5089 in
781 5048 1101 5106 perpetuum
1125 5054 1326 5116 potest,
1380 5056 1646 5117 accedens
1695 5078 1793 5132 per
1838 5032 2044 5128 sane;

467 5123 644 5192 ipsum
674 5126 743 5181 ad
761 5126 949 5183 Deum.

537 5216 770 5272 Medium
795 5231 973 5276 autem
1006 5226 1119 5293 ejus
1159 5247 1333 5297 mane,
1365 5245 1415 5289 et
1431 5241 1662 5296 medium
1683 5246 1796 5313 ejus
1813 5266 2038 5320 vespere.

464 5306 621 5363 Mane
650 5312 831 5379 passio
856 5314 1144 5386 incipiens,
1179 5338 1245 5377 ex
1266 5340 1375 5393 quo
1424 5345 1549 5384 eum
1583 5333 1639 5387 in
1662 5338 1805 5392 atrio
1820 5306 2041 5414 Caiphae

463 5399 633 5505 alapis
654 5404 936 5462 caedebant
977 5408 1282 5481 altigantes,
1315 5433 1487 5487 usque
1510 5424 1575 5477 ad
1598 5440 1884 5497 vesperum

464 5492 781 5592 telam-est;
812 5501 1057 5556 tenebris,
1087 5505 1234 5558 enim
1266 5523 1385 5563 eam
1414 5492 1892 5592 interpolautibus,
1911 5492 2040 5587 leta

463 5591 611 5637 sexta
641 5583 777 5643 hora
809 5604 978 5659 usque
1019 5593 1089 5649 ad
1109 5608 1309 5649 nonam
1353 5583 1900 5671 factis—necessarie
1942 5583 2039 5676 sa:

462 5672 725 5735 oriﬁcium
750 5679 804 5732 in
841 5696 999 5739 mane
1017 5694 1074 5739 et
1112 5701 1339 5756 vespere
1377 5691 1541 5749 dividi
1566 5696 1784 5758 dicitur.

460 5877 509 5917 ξ.
535 5809 966 5950 gafanas.
985 5821 1087 5950 ω.θῖ
1114 5821 1435 5964 ἑΞᾴ
1488 5832 1536 5867 ³³
1558 5832 1699 5891 Psal.
1722 5854 1863 5909 xuv,
1891 5846 1945 5900 8.

2022 5848 2067 5881 δ’
2091 5849 2256 5909 Hebr.
2293 5868 2373 5919 In,
2395 5854 2481 5910 Η.

2163 3336 2356 3405 probat
2382 3335 2571 3389 dicens
2598 3352 2611 3387 :
2647 3332 2813 3386 Nobis
2838 3349 2972 3386 unus
3021 3331 3278 3403 Dominus
3303 3330 3461 3385 .Iesus
3487 3329 3733 3388 Christus.

2162 3443 2254 3496 per
2281 3443 2431 3497 quem
2462 3426 2639 3479 omnia
2675 3427 2741 3478 “.
2776 3423 2912 3490 Quia
2943 3424 3092 3479 cnim
3134 3438 3235 3494 per
3262 3424 3451 3478 Aaron
3483 3430 3589 3486 est,
3632 3437 3732 3477 non

2162 3519 2217 3572 in
2249 3518 2369 3571 loco
2393 3517 2585 3586 ipsius,
2607 3516 2701 3570 sed
2735 3531 2833 3584 pro
2864 3531 2950 3583 eo,
3007 3516 3270 3570 translato
3304 3515 3357 3569 in
3391 3530 3455 3569 se
3496 3514 3735 3568 videlicet

2161 3611 2487 3673 sacerdotio,
2526 3609 2876 3664 manifestum
2917 3621 3003 3665 est
3043 3625 3108 3663 ex
3137 3624 3204 3665 eo
3241 3613 3384 3679 quod
3412 3608 3533 3679 ipse
3559 3623 3732 3662 sacer-

2159 3700 2366 3754 dotium
2421 3700 2749 3769 suscipiens,
2806 3700 2952 3755 illius
3014 3700 3303 3755 sacerdotii
3372 3699 3731 3754 ministerium

2161 3807 2371 3847 cessare
2401 3791 2549 3847 fecit.
2583 3790 2689 3846 Sed
2718 3801 2772 3847 et
2806 3791 2948 3861 quod
2972 3791 3284 3853 ediderunt,
3321 3806 3385 3843 ea;
3418 3790 3552 3859 ﬁliis
3585 3789 3691 3857 ejus
3714 3828 3728 3852 ,

2161 3897 2283 3937 esse
2321 3899 2385 3936 ex
2418 3885 2537 3953 ejus
2568 3884 2856 3953 ﬁliisjt:stc
2897 3881 3163 3945 creditur,
3191 3891 3381 3951 utpote
3406 3881 3504 3949 qui
3538 3895 3601 3934 ex
3648 3878 3730 3933 Ja-

2159 3974 2583 4031 cobiemoribus
2627 3973 3017 4039 descendebat,
3062 3974 3390 4028 beatissima:
3444 3971 3729 4029 Genitricis

2158 4065 2372 4121 Domini
2400 4080 2465 4121 ex
2498 4064 2691 4120 eadem
2725 4066 2870 4122 tribu
2934 4065 3079 4121 linea
3131 4065 3537 4121 descendente:
3597 4062 3727 4130 adji-

2156 4158 2418 4227 ciuntque
2443 4156 2689 4227 praedicti
2725 4156 3079 4228 Septuaginta
3118 4173 3131 4209 :
3185 4154 3295 4209 Lex
3355 4167 3606 4225 perpetua
3659 4162 3726 4207 est

2156 4252 2398 4306 Domino.
2426 4249 2583 4316 Quod
2632 4250 2831 4305 iterum
2890 4248 3098 4303 Christi
3154 4248 3525 4303 sacerdotium
3589 4254 3725 4301 recte

2154 4344 2496 4413 intelligitur,
2519 4344 2646 4414 quia
2687 4343 2789 4413 ipsi
2817 4342 3023 4398 dictum
3074 4350 3205 4396 est:
3253 4339 3330 4393 Tu
3378 4357 3431 4394 es
3491 4340 3723 4393 sacerdos

2152 4438 2209 4491 in
2246 4446 2501 4491 internum
2552 4439 2837 4491 secundum
2877 4436 3111 4488 ordinem
3142 4433 3511 4487 Melchisedech
3540 4432 3602 4485 ⁸³.
3642 4428 3720 4483 Si-

2155 4530 2379 4599 mulque
2403 4539 2460 4584 et
2492 4529 2637 4598 quod
2667 4529 2735 4583 ad
2775 4528 3187 4583 conclusionem
3244 4526 3380 4596 legis
3435 4525 3601 4595 hujus
3637 4538 3721 4577 se-

2155 4620 2360 4689 quitur,
2402 4620 2797 4674 intendendum
2831 4628 2935 4673 est.
2974 4619 3045 4672 Et
3065 4627 3176 4672 tota
3203 4617 3525 4671 cremabitur
3550 4616 3604 4668 in
3642 4612 3721 4666 al-

2154 4712 2279 4765 tari.
2313 4710 2477 4765 Omne
2515 4710 2655 4762 enim
2711 4708 3028 4776 sacriﬁcium
3062 4706 3393 4761 sacerdotum
3440 4706 3560 4777 igne
3603 4719 3718 4757 con-

2150 4812 2385 4857 sumetur
2415 4815 2437 4854 :
2469 4817 2563 4854 nec
2597 4801 2879 4870 quisquam
2916 4798 3148 4852 comedet
3180 4815 3243 4851 ea:
3272 4813 3350 4851 eo.

2219 4894 2360 4961 Quid
2379 4908 2507 4965 ergo
2533 4907 2627 4962 per
2650 4893 2765 4947 haec
2782 4891 3193 4947 contestamur?
3213 4891 3320 4944 nisi
3350 4896 3409 4944 ut
3443 4904 3549 4944 non
3578 4886 3716 4943 dica-

2150 4998 2237 5043 tur
2268 4988 2336 5043 de
2367 4986 2599 5041 Domino
2631 5001 2644 5037 :
2674 4985 2799 5055 quia
2827 4985 2873 5039 is
2901 4984 2992 5053 qui
3024 4999 3093 5037 ex
3152 4983 3385 5039 muliere
3430 4993 3593 5037 natus
3616 4989 3712 5042 est,

2145 5096 2340 5151 passus
2372 5088 2457 5134 est
2486 5079 2612 5148 :qui
2639 5088 2823 5132 autem
2889 5076 3172 5132 descendit
3206 5076 3274 5131 de
3302 5076 3461 5141 caelo,
3527 5084 3711 5144 passus

2146 5188 2254 5227 non
2282 5178 2385 5226 est.
2416 5169 2579 5223 Nobis
2612 5170 2759 5224 enim
2788 5185 2921 5221 unus
2954 5167 3208 5221 Dominus
3256 5166 3415 5221 Jesus
3464 5165 3706 5225 Christus,

2145 5280 2239 5334 per
2266 5278 2419 5334 quem
2450 5262 2654 5324 omnia,
2686 5276 2847 5331 quem
2879 5260 2932 5314 hi
2958 5260 3047 5330 qui
3079 5260 3468 5315 cruciﬁxerunt
3490 5273 3596 5312 non
3620 5269 3707 5308 co-

2144 5363 2451 5426 gnoverunt
2513 5354 2672 5423 cujus
2712 5361 2860 5408 esset
2890 5353 3170 5422 dignitatis
3232 5360 3396 5421 atque
3457 5347 3701 5405 virtutis:

2144 5444 2202 5499 Si
2240 5445 2379 5498 enim
2439 5446 2812 5515 cognovissent,
2865 5459 3137 5513 nunquam
3192 5442 3475 5495 Dominum
3535 5437 3705 5510 gloria

2144 5534 2621 5604 cruciﬁxissent“.
2685 5534 2860 5604 Ipsius
2917 5549 3047 5605 ergo
3103 5543 3185 5588 est
3226 5532 3389 5588 Verbi
3452 5526 3702 5585 incarnati

2140 5625 2343 5694 passio,
2371 5641 2489 5696 quae
2514 5626 2765 5697 provenit
2796 5626 2848 5677 in
2866 5640 3052 5690 carne,
3084 5625 3439 5694 quamobrem
3473 5631 3578 5677 tota
3595 5632 3703 5675 cre-

2145 5719 2386 5773 mabitur
2416 5719 2472 5773 in
2511 5719 2687 5773 altari.
2721 5718 2901 5788 Ipsius
2933 5733 3062 5789 ergo
3118 5727 3223 5783 est,
3256 5719 3345 5789 qui
3382 5716 3699 5787 semetipsum

2559 5854 2601 5887 "
2630 5852 2794 5911 Hebr.
2824 5869 2877 5921 x,
2910 5852 2992 5910 M.
3074 5850 3117 5883 δ’
3140 5850 3306 5907 lCor.
3333 5867 3452 5919 vm,
3483 5850 3533 5906 6.
