4046 6456
253 508 369 572 853

1418 514 1499 576 ΙΝ
1541 515 1986 579 LEVITICUM.
2020 543 2095 554 -
2129 520 2279 581 LIB.
2322 521 2404 580 II.

3424 522 3528 589 854

250 634 424 680 totum
457 626 766 692 exinanivit,
793 636 843 681 et
873 630 1099 699 formant
1138 631 1275 684 servi
1304 633 1524 701 accepit,
1551 644 1599 688 et
1652 635 1837 689 habitu
1868 638 1911 695 Α
1941 636 2311 702 Quamobrem
2371 645 2425 692 et
2473 636 2815 693 Thcodotion
2862 651 2965 707 pro
3015 651 3082 691 eo
3110 637 3256 707 quod
3286 648 3372 694 est
3400 640 3527 710 offe-

248 720 496 773 inventus
549 728 624 773 est
681 729 739 773 ut
787 719 981 786 homo;
1030 723 1432 796 humiliavitque
1477 728 1837 797 semetipsum,

246 812 497 866 obediens
526 814 696 882 factus
718 831 879 886 usque
906 816 977 869 ad
1008 827 1249 883 mortem,
1273 829 1492 873 mortem
1521 830 1697 875 autem
1718 838 1840 875 cru-

247 903 331 955 cis
354 902 425 957 δδ.
451 903 541 960 Sic
574 920 704 977 ergo
735 906 991 978 intelligis
1016 917 1072 963 et
1096 910 1200 965 hoc
1230 912 1375 981 quod
1399 912 1597 967 dicitur
1625 929 1639 966 :
1676 915 1839 968 Omne

245 995 397 1047 enim
418 996 736 1065 sacriﬁcium
781 1000 1111 1053 sacerdotum
1164 1001 1282 1071 igne
1339 1014 1693 1067 consumetur,
1746 1020 1838 1058 nec

250 1089 488 1142 comedet
509 1105 572 1143 ea:
601 1106 659 1143 eo
681 1090 977 1160 quisquam.
1007 1092 1266 1147 Eamdem
1298 1094 1500 1165 quippe
1532 1096 1697 1150 etiam
1722 1097 1838 1152 haec

249 1175 518 1232 virtutem
569 1188 733 1248 atque
780 1179 1140 1235 intentionem
1201 1183 1437 1249 habent,
1493 1187 1639 1241 unde
1687 1204 1837 1242 omne

247 1267 579 1335 sacriﬁcium
657 1270 775 1340 igne
858 1283 1225 1339 consumatur,
1287 1274 1431 1330 LXX
1492 1277 1751 1334 dixerunt
1818 1297 1835 1336 :

250 1355 641 1415 Holocaustum
671 1363 779 1431 ﬁet,
806 1362 997 1434 Aquila
1028 1366 1221 1431 edidit,
1250 1368 1512 1438 integrum
1535 1372 1653 1424 erit.
1714 1371 1833 1426 Non

244 1466 387 1523 ergo
410 1453 657 1507 comedet
693 1469 760 1507 ex
788 1468 856 1508 eo
884 1454 1194 1526 quisquam,
1224 1457 1278 1512 id
1298 1464 1381 1512 est
1410 1475 1519 1513 non
1538 1459 1833 1528 dividetur,

244 1544 382 1613 quia
404 1544 648 1598 dentium
673 1553 758 1598 est
776 1544 1022 1600 dividere
1055 1554 1110 1600 et
1139 1548 1328 1616 partiri
1370 1549 1542 1615 cibos,
1580 1566 1705 1606 cum
1735 1552 1836 1606 ali-

246 1646 339 1691 ter
366 1635 551 1690 mandi
575 1651 684 1689 non
714 1635 942 1705 possint.
967 1636 1169 1693 Christi
1198 1648 1381 1694 autem
1408 1642 1729 1697 sacriﬁcium
1749 1642 1835 1696 in-

245 1728 520 1782 divisibile
558 1728 992 1783 demonstratum
1024 1738 1128 1797 est,
1187 1738 1244 1787 et
1293 1742 1584 1803 pr0pterea
1618 1735 1831 1790 comedi

245 1836 364 1874 non
399 1828 601 1889 potest.

321 1911 484 1966 Vens.
511 1911 606 1966 24.
638 1931 657 1963 ‹
704 1911 939 1968 Locutus
966 1922 1052 1969 est
1076 1914 1341 1971 Dominus
1378 1917 1445 1971 ad
1502 1917 1716 1990 Moysen
1743 1919 1829 1973 di-

244 2002 707 2072 censzLoquere
732 2003 916 2058 Aaron
952 2013 1008 2059 et
1069 2005 1199 2061 ﬁliis
1260 2008 1401 2077 ejus,
1476 2008 1577 2063 ista
1603 2020 1680 2065 est
1741 2011 1829 2064 lex

247 2094 447 2150 hostia:
477 2111 572 2165 pro
597 2103 822 2165 peccato
863 2114 878 2150 :
911 2097 972 2150 In
1031 2098 1153 2152 loco
1185 2099 1277 2154 ubi
1312 2102 1545 2155 oifertur
1569 2102 1830 2157 holocau-

240 2196 413 2249 stum,
456 2188 823 2242 immolabitur
841 2203 1022 2243 coram
1089 2190 1341 2257 Domino,
1392 2191 1651 2247 Sanctum
1702 2209 1833 2247 san-

237 2287 461 2333 ctorum
513 2290 616 2335 est.
643 2279 911 2336 Sacerdos
946 2283 1040 2351 qui
1070 2283 1286 2349 oﬁ‘eret,
1339 2286 1591 2340 comedet
1654 2300 1718 2340 ea
1776 2286 1829 2339 in

239 2370 370 2426 loco
396 2382 587 2426 sancto
621 2372 677 2426 in
715 2374 856 2428 atrio
874 2375 1233 2431 tabernaculi.
1280 2375 1559 2447 Quidquid
1589 2376 1832 2448 tetigerit

238 2477 444 2517 carnes
471 2463 608 2531 ejus,
637 2464 1089 2521 sanctiﬁcabitur.
1146 2467 1203 2522 Si
1243 2468 1311 2522 de
1370 2469 1633 2539 sanguine
1687 2467 1832 2521 illius

238 2553 416 2608 vestis
444 2552 610 2608 fuerit
656 2570 900 2625 aspersa,
933 2557 1201 2612 lavabitur
1235 2559 1291 2612 in
1323 2559 1440 2613 loco
1466 2568 1675 2619 sancto,
1735 2574 1830 2613 vas

237 2653 432 2698 autem
468 2644 630 2699 ﬁctile
658 2645 712 2699 in
747 2662 857 2714 quo
896 2656 1049 2702 cocta
1098 2657 1201 2713 est,
1227 2649 1618 2720 confringetur.
1671 2648 1828 2715 Quod

238 2736 291 2790 si
333 2751 429 2789 vas
445 2752 679 2803 aeneum,
711 2737 1066 2793 defricahitur
1087 2749 1143 2794 et
1160 2740 1429 2795 lavabitur
1458 2756 1617 2810 aqua.
1638 2740 1829 2795 Omnis

240 2829 527 2883 masculus
569 2828 639 2883 de
657 2845 859 2900 genere
899 2832 1221 2886 sacerdotali
1248 2842 1503 2887 vescetur
1566 2835 1827 2891 carnibus

238 2918 388 2988 ejus,
415 2919 541 2988 quia
566 2918 825 2975 Sanctum
851 2931 1165 2976 sanctorum
1188 2932 1290 2979 est.
1325 2922 1512 2977 Hostia
1534 2925 1677 2979 enim
1706 2941 1826 2994 quae

240 3012 480 3067 caeditur
529 3028 627 3082 pro
695 3021 945 3083 peccato,
1012 3014 1172 3085 cujus
1199 3017 1424 3086 sanguis
1478 3017 1711 3072 infertur
1768 3018 1823 3073 in

241 3104 663 3159 tabernaculum
734 3105 1033 3160 testimonii
1070 3106 1139 3161 ad
1202 3107 1537 3177 expiandum
1588 3108 1644 3163 in
1697 3125 1824 3163 san-

239 3196 479 3261 ctuario,
516 3212 623 3251 non
657 3198 993 3263 (-omedetur,
1036 3197 1130 3253 sed
1148 3198 1656 3271 combureturigni.
1704 3220 1724 3253 ι

317 3286 459 3353 Quia
494 3304 603 3342 non
644 3288 847 3343 fru5tra
908 3288 1099 3343 eadem
1141 3289 1407 3344 sacriﬁcia
1447 3291 1667 3360 repetit,
1730 3306 1823 3346 su-

243 3379 443 3450 perius
499 3380 756 3445 diximus,
809 3380 955 3451 quod
975 3389 1030 3434 et
1074 3380 1130 3434 in
1190 3383 1555 3452 praesentibus
1595 3382 1829 3439 demon-

244 3479 481 3527 stratur.

316 3562 551 3617 Locutus
603 3572 677 3617 est
727 3564 988 3619 Dominus
1010 3567 1078 3620 ad
1106 3569 1321 3638 Moysen
1344 3568 1538 3621 dicens.
1596 3567 1830 3637 Loquere

246 3656 435 3708 Aaron
459 3665 507 3708 et
523 3655 648 3723 ﬁliis
681 3656 814 3722 ejus.
844 3656 959 3710 Ista
978 3667 1052 3711 est
1079 3657 1163 3712 lea:
1211 3658 1397 3712 hostia:
1448 3674 1543 3726 pro
1592 3669 1825 3727 peccato.

247 3746 351 3802 Vel
372 3749 596 3817 peccati,
636 3748 716 3803 sic
741 3750 959 3818 quidem
989 3749 1331 3805 Theodotion
1364 3760 1421 3807 et
1467 3752 1830 3821 Symmachus

246 3839 569 3894 ediderunt.
598 3839 729 3906 Quae
764 3849 849 3896 est
903 3850 1085 3897 autem
1136 3842 1251 3897 haec
1301 3845 1422 3898 lex?
1462 3843 1527 3898 In
1572 3846 1682 3899 loco
1741 3846 1831 3900 ubi

246 3929 468 3999 offertur
491 3930 882 3995 holocaustum,
943 3932 1305 3986 immolabitur
1333 3951 1513 3988 coram
1572 3935 1826 4001 Domino,

248 4022 379 4092 quia
396 4021 655 4076 Sanctum
674 4031 977 4077 sanctorum
996 4033 1089 4077 est.
1107 4023 1402 4095 Propterea
1423 4027 1602 4081 Aaron
1625 4038 1681 4083 et
1703 4028 1830 4084 ﬁliis

249 4115 369 4183 ejus
394 4114 655 4184 praedicta
686 4116 1034 4183 mandantur,
1094 4117 1222 4187 quia
1248 4118 1446 4174 oﬁerre
1472 4136 1572 4190 pro
1600 4130 1830 4192 peccato

250 4206 607 4269 sacriﬁcium,
636 4208 687 4262 id
718 4216 803 4263 est
821 4208 1221 4278 paenitentiam,
1257 4211 1570 4268 sublimium
1594 4224 1651 4269 et
1680 4232 1830 4271 sum-

251 4312 469 4353 morum
500 4306 605 4363 est,
631 4307 793 4367 atque
821 4314 850 4352 a
880 4309 1021 4354 terra
1077 4301 1504 4368 sublevatorum,
1546 4306 1690 4375 quod
1720 4322 1831 4361 non

253 4398 480 4458 przestat
520 4390 625 4443 nisi
654 4405 684 4443 a
715 4390 857 4445 malo
886 4391 1143 4449 recessio.
1180 4394 1317 4463 Ergo
1356 4397 1450 4451 ubi
1507 4398 1830 4455 holocausta

252 4481 630 4547 immolantur,
664 4483 738 4538 ibi
768 4493 824 4538 et
855 4500 974 4554 quae
1011 4501 1112 4555 pro
1145 4498 1369 4556 peccato
1409 4500 1538 4543 sunt
1564 4492 1829 4546 occidun-

252 4583 390 4627 tur:
429 4573 559 4643 quia
592 4574 683 4643 qui
721 4574 915 4629 ol‘feret
966 4578 1367 4645 paenitentiam,
1407 4581 1518 4648 jam
1585 4582 1830 4637 imitatur

1941 746 2081 793 rens,
2117 730 2335 799 expiatis
2363 730 2554 796 edidit,
2592 730 2643 785 id
2670 739 2755 785 est
2781 729 3104 795 emundans,
3138 739 3193 784 et
3218 746 3317 799 per
3343 746 3525 786 sacer-

1939 822 2072 876 dotii
2125 823 2207 877 sui
2259 823 2640 888 ministerium,
2678 822 2980 893 perfectum
3032 821 3239 878 faciens
3272 837 3399 877 eum
3430 822 3526 894 qui

1940 913 2284 967 emundatur.
2323 913 2387 967 Et
2414 913 2687 983 quomodo
2736 928 2855 967 eam
2886 912 3181 967 manducet
3211 912 3464 968 Christus
3491 929 3523 969 a

1940 1004 2059 1060 loco
2122 1021 2387 1075 cognosce
2446 1006 2498 1059 in
2551 1020 2660 1075 quo
2719 1005 3017 1059 comedet:
3058 1003 3284 1058 In'loco
3317 1013 3524 1069 sancto,

1938 1091 1995 1143 in
2042 1091 2181 1144 atrio
2217 1092 2561 1147 tabernaculi.
2597 1090 2694 1146 Vel
2723 1092 2865 1147 sicut
2919 1090 3062 1145 LXX
3094 1091 3401 1157 ediderunt,
3459 1093 3526 1148 In

1938 1183 2078 1235 atrio
2124 1182 2454 1236 tabernaculi
2504 1184 2804 1237 testimonii.
2854 1180 3067 1237 Atrium
3106 1192 3289 1238 autem
3334 1184 3523 1239 taber-

1939 1273 2118 1329 naculi
2174 1275 2492 1339 testimonii,
2547 1274 2790 1330 Ecclesia
2850 1283 2973 1341 est;
3013 1274 3130 1344 ipsa
3155 1273 3357 1344 quippe
3390 1285 3522 1329 ante

1938 1366 2157 1429 caelum,
2219 1367 2416 1421 atrium
2496 1366 2836 1420 tabernaculi
2911 1364 3213 1421 testimonii
3266 1374 3372 1431 est,
3425 1365 3519 1420 ubi

1936 1459 2185 1514 Christus
2222 1459 2612 1529 poenitentium
2640 1459 2870 1513 salutem
2902 1465 3182 1528 operatur,
3213 1474 3335 1528 qua:
3367 1458 3517 1512 salus

1934 1551 2055 1621 ejus
2103 1553 2265 1605 etiam
2313 1551 2469 1606 cibus
2502 1552 2843 1621 appellatur:
2888 1551 3032 1605 Meus
3077 1552 3216 1605 enim
3247 1550 3388 1611 cibus
3422 1559 3517 1615 est,

1934 1643 2129 1713 inquit,
2170 1653 2226 1697 ut
2265 1645 2463 1715 faciant
2488 1644 2815 1698 voluntatem
2846 1644 3030 1698 Patris
3062 1643 3247 1709 mei",
3267 1643 3518 1698 voluntas

1934 1742 2113 1788 autem
2143 1735 2262 1804 ejus
2293 1745 2379 1788 est
2418 1742 2475 1788 ut
2507 1742 2764 1805 peccator
2792 1742 3144 1790 convertatur
3170 1742 3224 1788 et
3255 1734 3515 1788 salvetur.

1934 1828 2160 1898 Insuper
2189 1827 2263 1882 ait
2286 1846 2299 1881 :

2004 1920 2271 1991 Quidquid
2341 1920 2570 1991 tetigerit
2636 1935 2819 1973 carnes
2875 1918 3008 1984 eius,
3073 1916 3514 1985 sanctiﬁcabitur.

1931 2010 2136 2066 Carnes
2186 2019 2369 2066 autem
2412 2011 2776 2081 poenitentiae,
2820 2009 3173 2080 intelligimus
3222 2008 3511 2079 jejunium,

1931 2107 2163 2178 vigilias,
2241 2105 2518 2160 eilicinum
2595 2105 2998 2165 vestimentum,
3071 2117 3196 2155 cum
3261 2100 3516 2171 lacrymis

1931 2195 2270 2257 orationem,
2338 2194 2771 2264 eleemosyuam;
2827 2208 2893 2247 ex
2959 2191 3046 2245 bis
3101 2191 3250 2245 enim
3323 2190 3514 2245 censio

1932 2288 2025 2343 stit
2072 2286 2412 2356 poenitentia,
2464 2301 2585 2356 qua:
2632 2285 2725 2355 qui
2784 2284 2973 2355 tangit,
3024 2291 3169 2339 recte
3202 2281 3513 2338 sanctiﬁca-

1932 2376 2095 2432 bitur.

2003 2467 2068 2520 Et
2094 2467 2140 2521 si
2166 2467 2229 2520 de
2250 2467 2505 2537 sanguine
2544 2465 2687 2519 illius
2721 2464 2877 2518 vestis
2910 2463 3068 2533 fuerit
3092 2479 3333 2532 aspersa,
3362 2462 3514 2518 lava-

1930 2557 2071 2610 bitur
2129 2558 2186 2610 in
2242 2557 2351 2610 loco
2402 2564 2606 2610 sancto.
2642 2555 2876 2625 Sanguis
2932 2554 3268 2624 paenitentiae
3292 2554 3515 2624 proprie

1930 2648 2232 2718 baptismus
2270 2657 2373 2714 est,
2416 2652 2540 2718 quia
2577 2648 2718 2703 sicut
2769 2647 2882 2702 vita
2948 2646 3129 2700 omnis
3180 2646 3360 2701 carnis
3385 2661 3514 2701 san-

1930 2741 2048 2810 guis
2082 2748 2183 2804 est,
2218 2740 2297 2796 sic
2322 2749 2376 2795 et
2406 2739 2743 2811 pmnitentia:
2772 2739 2978 2794 donum
3010 2736 3288 2808 baptismi.
3321 2736 3515 2793 Omnis

1928 2832 2074 2887 enim
2129 2832 2221 2902 qui
2276 2832 2388 2902 agit
2438 2830 2855 2901 paenitentiam,
2920 2828 2965 2883 si
3019 2842 3130 2882 non
3206 2827 3515 2897 perceperit

1926 2924 2279 2994 baptismum,
2310 2923 2518 2978 inutilis
2569 2922 2689 2992 ejus
2732 2929 2816 2978 est
2859 2929 2914 2976 et
2954 2919 3073 2974 sine
3122 2918 3304 2988 aliquo
3360 2918 3515 2973 lucro

1928 3015 2246 3086 poenitentia
2304 3023 2627 3084 mortuaque
2657 3022 2711 3068 et
2740 3011 3049 3068 exanimis:
3100 3012 3227 3081 quia
3267 3019 3514 3065 veterem

1926 3107 2132 3178 peccati
2166 3107 2441 3161 hominem
2465 3121 2575 3161 non
2607 3105 2764 3160 aliter
2788 3103 3062 3174 quispiam
3092 3103 3202 3157 nisi
3232 3102 3514 3157 ablutione

1926 3196 2356 3268 regenerationis
2403 3195 2648 3265 deponit.
2678 3192 2833 3260 Quod
2876 3194 2920 3247 si
2949 3193 3105 3257 dicis,
3142 3202 3198 3247 et
3234 3192 3515 3261 quomodo

1855 3300 1898 3358 ο
1931 3286 2022 3357 qui
2106 3286 2234 3341 olim
2288 3285 2547 3356 baptizati
2618 3293 2750 3339 sunt
2806 3284 3081 3347 homines,
3131 3281 3513 3352 pmnitentiam

1937 3380 2139 3451 agent?
2167 3394 2453 3451 cognosce,
2477 3378 2601 3448 quia
2631 3377 2806 3431 virtus
2829 3374 3187 3446 praecedentis
3214 3374 3516 3444 baptisma-

1938 3473 2007 3527 tis
2034 3481 2293 3542 operatur
2336 3482 2391 3526 et
2439 3471 2492 3524 in
2525 3485 2587 3525 ea
2627 3485 2746 3539 quae
2776 3477 2967 3538 postea
2996 3477 3113 3522 acta
3146 3467 3310 3521 fuerit
3338 3466 3515 3536 poeni-

1937 3563 2127 3618 tentia.
2187 3560 2314 3617 llasc
2359 3576 2486 3631 ergo
2542 3570 2628 3615 est
2691 3559 2922 3614 intentio
2976 3558 3321 3629 legislatoris,
3386 3558 3514 3627 quia

1935 3654 2026 3724 qui
2069 3654 2320 3708 comedet
2379 3666 2574 3707 carnes
2634 3649 2874 3721 praedicti
2912 3648 3205 3713 sacriﬁcii,
3260 3648 3513 3717 quamvis

1934 3742 2135 3798 oblatio
2207 3742 2281 3797 sit
2331 3741 2577 3807 alterius,
2630 3738 3020 3795 sanctiﬁcatur.
3081 3737 3186 3792 Per
3251 3737 3358 3792 hoc
3409 3749 3512 3790 au-

1936 3844 2044 3891 tem
2107 3834 2446 3900 ostenditur,
2498 3833 2625 3904 quia
2689 3840 2744 3887 et
2798 3832 2844 3885 is
2902 3830 2993 3901 qui
3053 3846 3165 3883 non
3224 3838 3348 3898 eget
3394 3843 3515 3899 p03-

1935 3927 2182 3989 nitentia,
2216 3927 2259 3982 si
2294 3927 2425 3997 quid
2456 3926 2631 3995 egerit
2676 3925 2902 3985 horum,
2936 3921 3314 3991 pcenitenliam
3346 3936 3514 3991 agens

1936 4015 2325 4071 sanctiﬁcatur.
2362 4014 2622 4071 Similiter
2673 4013 2757 4068 vel
2794 4012 2839 4067 si
2866 4011 3097 4065 multum
3124 4024 3327 4079 parvus
3358 4011 3513 4078 quis-

1935 4110 2079 4179 piam
2121 4108 2425 4178 baptizatus
2463 4104 2643 4167 fuerit,
2674 4103 2765 4173 qui
2800 4101 3031 4157 necdum
3074 4099 3213 4154 forte
3244 4098 3509 4168 peccavit,

1936 4198 2249 4253 mundatur.
2298 4196 2365 4249 Et
2388 4194 2517 4265 quid
2550 4194 2600 4248 ei
2644 4201 2728 4247 est
2762 4206 2899 4261 opus
2942 4188 3223 4244 mundatio
3246 4188 3268 4240 ?
3295 4187 3377 4241 Ad
3412 4187 3513 4241 hoc

1936 4290 1987 4344 ei
2042 4302 2178 4357 opus
2227 4294 2333 4351 est,
2366 4286 2491 4354 quia
2530 4298 2693 4337 nemo
2720 4289 2805 4336 est
2836 4279 3071 4335 mundus
3115 4292 3146 4331 a
3174 4276 3333 4331 sorde
3385 4291 3511 4328 nam

1935 4381 2062 4435 licet
2102 4378 2264 4433 unius
2316 4376 2423 4431 diei
2448 4374 2558 4431 vita
2586 4376 2705 4445 ejus
2730 4374 2802 4428 sit
2830 4387 2992 4441 super
3021 4379 3242 4434 terram,
3292 4367 3511 4422 sordem

1939 4483 2116 4527 tamen
2167 4484 2328 4539 quam
2377 4484 2443 4522 ex
2492 4466 2662 4521 Adam
2720 4463 3064 4519 successione
3102 4469 3153 4515 et
3204 4458 3509 4530 generatio-

1936 4579 2005 4616 ne
2036 4562 2221 4627 traxit,
2252 4558 2454 4613 retinet
2485 4576 2498 4610 :
2534 4566 2588 4611 et
2614 4556 2736 4610 ideo
2757 4570 2881 4609 eum
2915 4551 3007 4622 qui
3037 4552 3299 4621 sanguine
3332 4549 3512 4619 pumi-

252 4678 381 4716 eum
401 4639 495 4732 qui
520 4639 692 4717 totum
718 4639 1068 4735 semetipsum
1092 4668 1287 4723 obtulit
1312 4639 1423 4724 Deo
1442 4678 1498 4724 et
1517 4671 1833 4727 omnimodo
1864 4655 1908 4709 Ῑ)
1938 4655 2120 4711 tentia:
2165 4664 2422 4721 aspersus
2455 4656 2539 4703 (δεῖ
2564 4663 2675 4703 ηοη
2711 4646 2848 4701 δίκη
2877 4644 3018 4700 Sicut
3063 4639 3401 4697 immundum
3435 4641 3514 4694 ¹³⁶

254 4756 490 4810 recessit
521 4772 551 4809 a
596 4756 796 4811 saeculo
820 4797 834 4823 ,
876 4759 1024 4813 unde
1077 4768 1134 4814 et
1179 4760 1557 4828 holocaustum
1589 4764 1709 4832 ejus
1736 4780 1834 4835 ap-

258 4847 496 4915 pellatur
520 4850 861 4904 conversatio
903 4867 916 4904 :
947 4859 1002 4905 et
1023 4852 1307 4920 utriusque
1329 4854 1534 4908 oblatio
1592 4854 1648 4909 in
1695 4871 1832 4911 con-

255 4948 455 5008 spectu
482 4948 565 4994 est
594 4939 828 5005 Domini,
873 4942 1069 5011 placita
1111 4944 1256 4998 enim
1280 4952 1366 4998 est
1416 4946 1549 5011 Deo,
1615 4948 1836 5015 quando

255 5030 563 5084 secundum
614 5030 746 5099 ejus
787 5031 1146 5088 intentionem
1196 5033 1465 5088 oﬁ'ertur:
1523 5034 1603 5090 sic
1653 5036 1835 5091 autem

258 5121 459 5191 placita
486 5121 615 5187 Deo,
648 5123 911 5178 Sanctum
978 5134 1294 5179 sanctorum
1357 5135 1505 5181 recte
1563 5128 1834 5196 appellata

256 5222 343 5266 est
378 5228 393 5263 :
434 5212 478 5266 si
511 5214 657 5267 enim
691 5230 802 5269 non
835 5226 981 5270 esset
1032 5226 1344 5272 sanctorum
1373 5226 1622 5273 sanctum
1659 5220 1836 5288 poeni-

258 5305 451 5359 tentia:
502 5304 850 5372 sacriﬁcium,
918 5323 1199 5377 nunquam
1262 5308 1617 5378 paenitentem
1661 5309 1837 5364 intro-

258 5397 509 5451 duxisset
534 5397 589 5451 in
624 5396 823 5453 Sancta
846 5407 1159 5455 sanctorum
1190 5417 1205 5454 :
1250 5415 1485 5469 eumque
1512 5416 1611 5471 per
1640 5417 1837 5472 pecca-

262 5495 403 5551 tum,
432 5488 578 5541 unde
606 5489 759 5557 prius
795 5490 1054 5558 expulsus
1088 5500 1191 5544 est.

334 5578 596 5632 Sacerdos
639 5581 729 5649 qui
783 5582 978 5649 o/j'eret,
1042 5584 1270 5635 comedet
1326 5598 1463 5637 eam.
1516 5582 1616 5649 Qui
1652 5585 1845 5640 oderet

259 5671 361 5733 ait,
426 5670 513 5723 hic
577 5679 757 5725 autem
814 5669 1066 5728 Christus
1112 5682 1215 5737 est,
1265 5674 1356 5742 qui
1406 5684 1591 5730 nostra
1620 5686 1844 5745 peccata

262 5759 530 5829 suscepit,
586 5768 842 5832 recteque
893 5773 1135 5819 nostram
1201 5766 1395 5821 offeret
1444 5768 1840 5837 pmnitentiam.

337 5936 386 5972 ⁸⁸
425 5935 662 6011 Philipp.
708 5956 769 6009 ιι,
795 5942 846 6010 7,
876 5944 927 5999 8.
1008 5942 1219 5997 "Joan.
1242 5959 1314 6010 tv,
1347 5942 1435 5997 5i.

1935 4744 2073 4809 vari,
2099 4742 2176 4797 ait
2198 4741 2343 4796 enim
2373 4759 2387 4794 :

2007 4857 2067 4913 Si
2106 4858 2171 4911 de
2220 4854 2477 4924 sanguine
2510 4852 2654 4906 illius
2697 4850 2852 4904 vestis
2883 4848 3039 4919 fuerit
3075 4860 3311 4914 aspersa.
3353 4841 3407 4897 ld
3435 4851 3517 4897 est

1939 4965 2086 5015 caro,
2136 4948 2252 5017 ipsa
2283 4954 2365 5000 est
2407 4945 2553 4999 enim
2584 4941 2755 4998 vestis
2792 4938 3071 4995 interioris
3104 4934 3363 4997 hominis,
3394 4948 3517 5002 qua:

1940 5043 1985 5098 si
2038 5053 2260 5111 aspersa
2309 5036 2492 5102 fuerit,
2546 5034 2619 5089 ibi
2655 5031 2920 5087 lavabitur
2962 5029 3018 5081 in
3059 5027 3170 5080 loco
3219 5034 3433 5089 sancto,
3463 5023 3516 5078 id

1944 5141 2027 5189 est
2050 5133 2153 5186 hoc
2178 5130 2356 5200 ipsum
2385 5127 2531 5197 quod
2560 5123 2885 5195 aspergitur,
2922 5119 3213 5183 lavabitur,
3252 5132 3363 5171 non
3389 5115 3516 5185 quia

1944 5223 2274 5279 maculatum
2298 5231 2382 5275 est
2406 5218 2755 5288 aspersione:
2782 5214 2824 5269 si
2850 5212 2999 5267 enim
3028 5211 3100 5265 ita
3130 5215 3297 5273 esset,
3328 5208 3518 5278 utique

1944 5315 2169 5370 dixisset
2196 5314 2282 5368 vel
2310 5311 2599 5381 adjecisset
2636 5306 2804 5370 illud;
2846 5302 2941 5359 sed
2980 5303 3085 5358 hoc
3112 5301 3257 5372 quod
3290 5299 3519 5354 efﬁcitur

1944 5405 2013 5461 ab
2061 5404 2175 5473 ipsa
2226 5401 2563 5472 aspersione,
2606 5395 2931 5451 lavationem
2978 5389 3274 5462 appellavit
3316 5388 3371 5442 in
3400 5389 3519 5443 loco

1944 5497 2142 5551 factam
2194 5502 2402 5557 sancto,
2447 5492 2502 5545 in
2549 5485 3004 5557 domomystica.
3049 5482 3283 5553 Spiritus
3312 5494 3443 5549 ergo
3472 5479 3517 5533 si

1941 5587 2065 5657 quis
2089 5586 2246 5641 fortis
2273 5556 2416 5639 lotus
2445 5580 2629 5645 fuerit,
2664 5556 2805 5633 sicut
2843 5583 2992 5639 sunt,
3019 5574 3170 5629 verbi
3194 5570 3385 5641 gratia,
3418 5583 3518 5637 pa-

1944 5693 2205 5749 ganorum
2262 5673 2624 5743 aspersiones,
2683 5683 2793 5724 non
2859 5668 3090 5728 lavatur,
3152 5662 3280 5732 quia
3310 5674 3423 5713 non
3463 5658 3517 5711 in

1943 5768 2064 5824 loco
2090 5774 2280 5823 sancto
2319 5760 2696 5834 aspersionem
2742 5770 2919 5827 neque
2956 5753 3288 5809 ablutionem
3327 5760 3516 5803 susce-
