4046 6474
522 476 633 542 855

1716 484 2082 547 HESYCHII
2120 466 2599 549 PRESBYTERI

3704 481 3815 546 856

520 590 623 660 pit.
684 587 814 645 Haec
868 604 998 661 ergo
1047 589 1343 662 legislator,
1407 591 1751 661 baptismatis
1786 610 2096 651 sermonem
2130 598 2255 655 Aid
2295 606 2399 665 est,
2448 613 2671 654 omnem
2702 598 2782 653 de
2827 596 3153 669 cognatione
3192 596 3545 652 sacerdotum
3588 612 3813 651 mascu-

522 678 715 733 volens
747 677 1129 743 introducere,
1170 678 1324 733 dixit.
1359 676 1655 736 Evidenter
1692 692 1877 738 autem
1910 684 2105 754 proxi-

524 786 647 825 mus
705 778 790 824 est
864 769 1061 825 rationi
1120 772 1457 841 poenitentiae
1512 789 1694 831 sermo
1739 776 2105 846 baptismatis,

526 863 672 917 unde
701 863 940 918 Joannes
972 864 1347 935 paenitentiam
1384 867 1683 937 praedicare
1729 869 2020 940 incipiens,
2052 871 2107 925 in

527 956 913 1025 przedicatione
957 973 1052 1011 sua
1086 958 1356 1013 inferebat
1396 960 1727 1030 baptismum
1746 964 1811 1037 ‘7,
1851 972 1911 1017 ut
1954 963 2107 1018 vide—

525 1048 655 1103 licet
704 1051 958 1119 mysterio
1020 1050 1356 1120 poenitentiae
1400 1052 1453 1107 in
1503 1053 1830 1123 baptismate
1872 1053 2113 1109 habente

528 1143 905 1199 substantiam.
955 1142 1065 1198 Sed
1116 1144 1182 1200 ad
1228 1160 1292 1199 ea
1322 1161 1444 1216 quae
1475 1146 1881 1217 subsequuntur
1914 1162 2109 1217 proce-

528 1236 739 1292 damus.

604 1330 702 1384 Vas
737 1342 915 1384 autem
959 1332 1122 1400 ﬁctile
1177 1334 1231 1387 in
1256 1350 1358 1404 quo
1388 1350 1533 1388 cocta
1569 1346 1668 1400 est,
1728 1336 2107 1407 confringetur.

530 1419 680 1484 Quod
711 1423 755 1476 si
790 1440 878 1477 vas
908 1441 1135 1491 wneum,
1163 1427 1527 1494 defricabitur,
1559 1436 1606 1480 et
1644 1426 1914 1481 lavabitur
1943 1444 2108 1497 aqua.

530 1506 686 1573 Quod
729 1518 812 1564 est
866 1521 1047 1565 autem
1089 1529 1185 1569 vas
1225 1514 1408 1581 ﬁctile,
1445 1523 1500 1571 et
1532 1516 1622 1569 ubi
1664 1517 1872 1585 iacens,
1910 1515 2114 1573 Paulus

535 1601 775 1656 ostendit
832 1619 955 1658 cum
1009 1604 1180 1659 dicit:
1237 1605 1305 1660 In
1347 1624 1543 1677 magna
1594 1618 1777 1662 autem
1812 1609 1966 1663 domo
2009 1626 2115 1664 non

533 1692 702 1746 solum
746 1706 866 1749 sunt
898 1714 1026 1753 vasa
1061 1716 1225 1754 aurea
1260 1709 1308 1755 et
1339 1710 1610 1773 argentea,
1638 1701 1728 1755 sed
1759 1710 1807 1755 et
1836 1701 2033 1772 lignea,
2066 1714 2115 1759 et

532 1785 743 1854 ﬁctilia,
789 1792 1033 1859 quaedam
1080 1793 1288 1862 quidem
1340 1795 1395 1847 in
1420 1795 1635 1860 honore,
1674 1793 1916 1865 quaedam
1939 1803 2117 1849 autem

498 1885 502 1889 '
536 1879 594 1932 in
631 1881 945 1935 contumelia
964 1882 1028 1936 ⁸⁸.
1078 1883 1137 1938 ln
1184 1890 1571 1944 contumeliam
1619 1889 1874 1946 videlicet
1899 1902 1963 1943 ea
1995 1901 2116 1959 quae

538 1981 667 2025 sunt
710 1972 913 2028 ﬁctilia.
972 1974 1216 2048 Magnam
1253 1990 1433 2035 autem
1478 1982 1726 2048 domum,
1767 1990 1958 2052 utpote
1995 1995 2118 2051 qua:

538 2062 735 2119 domus
785 2064 881 2120 Dei
922 2076 1025 2135 est,
1062 2068 1358 2127 Ecclesiam
1410 2074 1700 2137 intellexit,
1739 2075 1795 2130 in
1820 2090 1926 2146 qua
1956 2091 2121 2137 aurea

538 2169 669 2208 vasa
706 2164 759 2209 et
786 2167 1043 2227 argentea
1068 2160 1222 2231 justi,
1245 2164 1424 2219 ﬁctilia
1443 2174 1759 2235 peccatores
1780 2166 2119 2222 sunt.Dixit-

540 2260 648 2314 que
703 2247 905 2318 quippe
956 2259 1011 2304 et
1057 2251 1220 2308 Isaias
1273 2255 1341 2310 de
1390 2256 1730 2313 Jerusalem:
1770 2257 1950 2313 Veniet
1997 2275 2122 2313 con-

542 2339 686 2391 tritio
740 2340 873 2409 ejus,
936 2351 985 2395 et
1041 2347 1419 2401 comminuetur
1445 2350 1578 2403 sicut
1613 2353 1899 2406 ronteritur
1932 2350 2122 2423 lagena

539 2430 691 2501 ﬁguli
756 2435 1066 2491 contritione
1127 2440 1441 2508 pervalida,
1500 2452 1676 2497 etnon
1721 2445 2021 2499 invenietur
2059 2444 2125 2499 de

539 2523 849 2594 fragmentis
878 2527 993 2597 ejus
1029 2538 1183 2595 testa,
1226 2533 1282 2585 in
1319 2550 1424 2603 qua
1473 2545 1714 2604 portetur
1759 2535 2024 2608 igniculus
2060 2535 2124 2590 de

538 2614 797 2679 incendio,
830 2627 923 2671 aut
948 2619 1230 2675 hauriatur
1250 2640 1441 2691 parum
1471 2642 1622 2695 aqua:
1654 2630 1718 2680 (le
1741 2628 1888 2698 fovea
1902 2626 2124 2697 “’.Erg0

537 2703 665 2773 quia
691 2720 819 2759 vasa
847 2706 901 2760 in
930 2709 1130 2778 quibus
1174 2726 1369 2768 carnes
1417 2714 1666 2769 sacriﬁcii
1696 2724 2032 2785 coquuntur,
2067 2716 2123 2770 in

540 2795 742 2864 templo
797 2807 944 2863 sunt,
989 2814 1112 2856 csse
1160 2810 1342 2857 autem
1384 2804 1438 2858 in
1492 2806 1694 2875 templo
1746 2806 1842 2862 Dei
1872 2806 2125 2877 quaedam

537 2880 753 2939 inﬁrma
784 2902 910 2942 vasa
967 2903 1031 2942 ex
1070 2891 1344 2959 praedictis
1368 2893 1680 2963 apostolicis
1720 2894 1905 2949 verbis
1939 2904 2128 2950 osten-

539 2976 742 3042 dimus,
789 2981 1102 3051 quicunque
1148 2993 1235 3039 est
1284 2987 1340 3039 in
1389 2986 1589 3057 templo
1615 3002 1710 3044 vas
1736 2988 1920 3054 ﬁctile,
1956 2988 2010 3044 id
2042 2996 2129 3044 est

539 3065 793 3123 inﬁrmus
838 3070 1106 3140 quispiam
1140 3086 1194 3128 et
1220 3074 1493 3142 sordidus,
1528 3086 1583 3131 et
1612 3078 1705 3148 qui
1736 3077 1792 3132 in
1843 3078 2128 3149 peccando

540 3161 994 3217 consuetudinem
1044 3163 1190 3230 fecit,
1235 3175 1296 3222 ut
1316 3182 1384 3223 ex
1428 3168 1554 3235 hoc,
1584 3170 1725 3226 sicut
1750 3182 1962 3227 amator
1995 3187 2128 3243 pec-

2211 694 2346 758 lum,
2387 693 2534 763 quod
2580 692 2797 747 videtur
2848 704 2972 745 esse
3009 688 3349 744 contrarium
3397 688 3584 756 aliquo
3618 670 3847 751 modo.’

2210 785 2315 843 nisi
2357 783 2689 854 competenti
2726 782 3069 853 expositione
3120 781 3383 836 solvatur.
3430 779 3815 846 Quamobrem

2211 877 2550 933 sacerdotem
2607 875 2826 946 quidem
2885 872 3207 928 offerentem
3265 871 3537 941 integrum
3592 868 3818 925 sacriﬁ-

2210 969 2379 1030 cium,
2426 976 2482 1022 et
2540 966 2920 1022 comedentem
2980 963 3238 1033 intelligis
3311 961 3618 1019 Christum.
3690 961 3819 1031 ipse

2211 1061 2395 1108 autem
2435 1062 2676 1107 nostram
2720 1052 2914 1107 olleret
2950 1051 3349 1122 paenitentiam,
3380 1050 3495 1121 ipse
3533 1060 3592 1106 et
3617 1066 3819 1105 eome-

2212 1147 2323 1212 det,
2352 1146 2480 1217 quia
2508 1146 2691 1201 cibum
2717 1145 2949 1200 salutem
2979 1154 3328 1215 peccatorum
3363 1145 3552 1200 habet.
3596 1143 3821 1198 Carnes

2212 1249 2395 1294 autem
2447 1237 2722 1303 sacriﬁcii,
2767 1253 2888 1308 quae
2945 1238 3223 1307 pertinent
3271 1238 3340 1292 ad
3393 1238 3817 1307 pmnitentiam.

2213 1331 2393 1386 omnis
2435 1331 2709 1386 masculus
2743 1331 2810 1385 de
2863 1330 3243 1387 sacerdotibus
3277 1330 3552 1393 comedet,
3580 1342 3819 1381 omnem

2196 1420 2590 1477 fortitudinem
2640 1422 3034 1478 convenienter
3069 1421 3356 1486 exhibens,
3400 1422 3490 1476 cui
3535 1433 3689 1475 recte
3729 1418 3821 1473 di-

2214 1520 2405 1568 catur:
2441 1512 2672 1568 Viriliter
2706 1530 2826 1582 age,
2854 1523 2903 1568 et
2947 1515 3247 1585 confortare
3290 1524 3341 1568 et
3385 1514 3590 1569 sustine
3622 1510 3821 1565 Donni-

2217 1605 2420 1660 num“.
2473 1604 2684 1661 Ethrec
2730 1605 2948 1675 quidem
2975 1606 3047 1661 ita
3080 1621 3141 1661 se
3166 1606 3393 1663 habent.
3447 1604 3557 1661 Sed
3582 1605 3822 1659 intuen-

2217 1695 2344 1750 dum
2380 1707 2484 1763 est,
2514 1711 2678 1766 quem
2714 1696 3020 1751 subinferat
3050 1695 3372 1751 terminum.

2279 1788 2467 1842 Hostia
2489 1788 2626 1841 enim
2652 1803 2768 1857 qua:
2795 1788 3017 1842 cwditur
3032 1803 3127 1856 pro
3146 1797 3379 1857 peccato,
3410 1790 3569 1857 cujus
3590 1788 3825 1859 sanguis

2218 1883 2446 1954 infertur
2480 1883 2536 1935 in
2576 1880 2916 1935 tabernaculo
2948 1881 3252 1943 testimonii,
3284 1881 3353 1934 ad
3400 1881 3735 1949 expiandum
3767 1880 3825 1931 in

2220 1974 2549 2039 sanctuario,
2589 1989 2690 2028 non
2731 1974 3053 2038 comedetur,
3090 1975 3183 2029 sed
3219 1972 3552 2028 comburetur
3586 1972 3724 2043 igni.
3758 1969 3827 2024 Et

2221 2067 2379 2135 cujus
2411 2065 2635 2137 sanguis
2668 2080 2767 2136 pro
2806 2074 3032 2135 peccato
3070 2049 3130 2120 in
3163 2064 3518 2121 tabernaculo
3557 2064 3827 2119 testimo—

2222 2161 2298 2216 nii
2327 2160 2396 2216 ad
2424 2159 2753 2230 expiandum
2784 2174 2881 2214 seu
2909 2158 3312 2229 deprecandum
3340 2156 3613 2213 offertur?
3643 2154 3826 2211 Yituli

2222 2253 2432 2309 scilicet
2485 2250 2924 2322 congregationis
3003 2250 3121 2305 sive
3178 2248 3517 2322 Synagogae,
3587 2249 3644 2305 id
3738 2258 3829 2303 est

2223 2342 2398 2408 vituli,
2450 2358 2549 2414 pro
2596 2352 2819 2413 peccato
2848 2340 3147 2412 pontiﬁcis,
3182 2341 3290 2396 hoc
3317 2340 3468 2395 enim
3495 2338 3829 2410 plenissime

2225 2434 2480 2505 superius
2505 2433 2661 2488 dixit.
2696 2432 2833 2499 Quia
2865 2448 2995 2502 ergo
3025 2432 3116 2487 illa
3165 2430 3429 2487 sacriﬁcia
3459 2431 3654 2486 multis
3684 2446 3829 2501 pro-

2225 2526 2539 2583 bationibus
2606 2526 2675 2581 ad
2747 2526 3029 2581 Christum
3088 2522 3431 2580 ostendimus
3490 2523 3825 2594 pertinere.

2226 2627 2375 2673 recte
2424 2632 2487 2672 ea
2527 2616 2738 2672 comedi
2787 2632 2896 2670 non
2934 2616 3216 2686 praecepit,
3258 2615 3353 2670 sed
3385 2614 3510 2685 igne
3541 2614 3825 2669 comburi.

2224 2708 2415 2779 Neque
2473 2707 2620 2763 enim
2678 2723 2777 2778 per
2832 2722 2917 2773 ea,
2967 2722 3060 2777 per
3108 2722 3231 2776 quae
3276 2706 3378 2761 sibi
3438 2706 3829 2775 unusquisque

2226 2801 2606 2856 remissionem
2654 2810 3002 2870 peccatorum
3053 2797 3331 2869 proﬁigat,’
3377 2812 3473 2867 per
3517 2796 3823 2867 jejunium,

2227 2894 2375 2948 verbi
2419 2894 2611 2965 gratia,
2647 2902 2741 2947 aut
2769 2892 2980 2963 vigilias
3015 2892 3101 2949 vel
3127 2891 3287 2946 aliam
3316 2890 3555 2945 similem
3582 2905 3829 2944 conver-

2228 2984 2518 3049 sationem,
2567 2985 2710 3041 unde
2741 2992 2797 3039 et
2834 2984 2953 3039 haec
2998 2990 3200 3038 nostrae
3256 2982 3440 3036 carnis
3478 2980 3827 3051 poenitentia

2229 3075 2523 3132 dicuntur:
2580 3090 2684 3130 nec
2737 3091 2867 3145 ergo
2918 3090 3016 3145 per
3057 3075 3175 3129 haec
3224 3072 3475 3129 Christus
3508 3074 3828 3129 communis

2228 3167 2438 3237 peccati
2500 3165 2579 3237 (id
2632 3176 2715 3224 est
2771 3165 2996 3222 humani
3053 3166 3310 3238 generis,
3372 3165 3521 3234 quod
3582 3166 3828 3235 populus

541 3258 811 3318 catorum,
858 3268 951 3308 vas
989 3258 1335 3314 contumeliae
1378 3262 1711 3329 nominetur,
1763 3272 1921 3319 cocto
1953 3267 2125 3320 sacri-
2157 3297 2202 3361 Ο
2231 3257 2498 3329 signiﬁcat
2537 3268 2592 3313 et
2634 3257 2833 3312 summi
2881 3257 3181 3312 sacerdotis
3245 3270 3502 3327 persona.
3546 3256 3643 3326 qui
3694 3254 3825 3326 quia

540 3344 685 3410 ﬁcio,
734 3361 832 3416 per
885 3349 1031 3418 quod
1073 3362 1423 3420 peccatorum
1462 3355 1816 3426 dispensatur
1847 3358 2125 3424 remissio,

542 3447 833 3507 propterea
886 3442 1248 3515 confringitur
1300 3446 1416 3501 sive
1473 3449 1813 3516 conteritur,
1847 3451 1977 3521 quia
2005 3466 2132 3506 cum

545 3540 693 3587 esset
740 3532 1009 3599 inﬁrmus,
1054 3535 1199 3592 bona
1245 3538 1387 3593 male
1429 3541 1725 3612 percepit:
1762 3542 1955 3599 videns
1983 3544 2132 3599 enim

545 3632 771 3695 peccata
809 3627 1028 3694 dimitti,
1066 3640 1221 3699 putat
1248 3647 1467 3703 semper
1508 3634 1673 3690 licere
1708 3651 1958 3705 peccare,
1982 3645 2038 3692 et
2068 3652 2134 3691 ex

549 3718 784 3788 eoquod
833 3721 1078 3791 juvatur,
1118 3723 1285 3778 altera
1322 3724 1472 3780 laesio
1510 3735 1566 3781 et
1595 3728 1854 3783 contritio
1901 3728 2135 3784 inﬁrmi-

553 3811 680 3867 tatis
708 3812 981 3868 invenitur
1010 3815 1255 3873 alterius.
1285 3816 1610 3891 Quicunque
1649 3832 1831 3877 autem
1863 3822 2018 3881 fortis
2051 3833 2136 3880 est
2168 3800 2179 3807 ν

553 3909 618 3957 ιιι
654 3917 751 3968 aes,
796 3912 852 3959 et
908 3906 1207 3976 aeruginem
1282 3911 1493 3978 peccati
1570 3928 1683 3968 non
1759 3915 1990 3981 habens,
2048 3917 2138 3973 hic

551 3996 802 4051 coctione
820 3999 1154 4068 poenitentiae
1169 4017 1281 4057 non
1298 4013 1634 4072 conteretur,
1678 4023 1857 4079 neque
1889 4009 2137 4065 confrin-

553 4100 729 4162 getur,
758 4093 854 4147 sed
884 4093 1180 4149 defricatur
1199 4096 1316 4152 sive
1337 4100 1652 4170 extergitur,
1678 4101 1733 4157 id
1756 4110 1862 4170 est,
1881 4103 2133 4159 diluitur.

551 4182 625 4238 Et
663 4186 939 4254 quomodo
996 4187 1268 4244 diluitur?
1310 4193 1465 4261 Aqua
1511 4194 1656 4248 lotus
1697 4210 1714 4250 :
1753 4195 1949 4252 videns
1989 4197 2137 4253 enim

553 4274 723 4330 alium
778 4278 1154 4347 pmnitentem,
1216 4291 1469 4338 movetur
1510 4285 1578 4341 ad
1633 4288 2135 4358 compunctionem,

555 4376 614 4422 et
653 4370 951 4425 mundatur
1006 4387 1146 4442 aqua
1185 4373 1545 4446 lacrymarum
1596 4378 1761 4435 lotus.
1815 4378 1926 4436 Cur
1956 4390 2139 4436 autem

530 4458 780 4519 alterius
828 4464 1149 4531 poenitentia
1200 4467 1362 4536 coqui
1393 4468 1447 4522 in
1483 4470 1649 4535 vasis,
1682 4487 1803 4542 qua:
1844 4472 1899 4527 in
1932 4474 2136 4545 templo

554 4560 683 4607 sunt
752 4557 1068 4622 constituta,
1130 4557 1376 4614 dicitur?
1440 4559 1577 4628 Quia
1607 4563 1663 4618 hi
1692 4564 1785 4635 qui
1828 4576 1995 4637 agunt
2023 4583 2139 4637 poe-

2233 3356 2434 3420 prazest
2468 3348 2691 3419 populo,
2713 3349 2933 3418 propria
2964 3346 3097 3403 facit
3126 3347 3313 3418 utique
3346 3346 3533 3417 populi
3573 3346 3825 3418 peccata)

2232 3442 2442 3515 peragit
2468 3440 2868 3504 remissionem,
2902 3440 2996 3495 sed
3028 3440 3354 3494 auctoritate
3383 3449 3434 3493 et
3466 3438 3671 3493 virtute
3695 3453 3830 3509 pro-

2232 3537 2365 3608 priae
2401 3534 2726 3591 divinitatis.
2776 3531 2981 3589 Christi
3027 3532 3177 3588 enim
3206 3531 3512 3603 passiones,
3547 3546 3649 3601 per
3688 3547 3831 3601 quas

2233 3629 2392 3685 nobis
2422 3627 2671 3684 remissio
2699 3634 3042 3698 procuratur,
3086 3640 3199 3679 non
3232 3624 3472 3680 hominis
3500 3624 3829 3693 cujusquam

2232 3720 2378 3793 puri,
2413 3720 2507 3777 sed
2540 3718 2636 3774 Dei
2665 3727 2794 3774 sunt
2817 3716 3109 3773 incarnati.
3140 3715 3372 3787 Pr0pter
3398 3714 3546 3786 quod
3584 3731 3701 3769 non
3735 3724 3824 3769 est

2234 3814 2442 3871 esibilis
2475 3812 2810 3876 hominibus,
2835 3810 2931 3867 sed
2960 3810 3084 3882 igne
3107 3810 3474 3874 consumitur,
3502 3808 3629 3879 quia
3656 3807 3831 3863 solius

2238 3905 2331 3961 Dei
2371 3914 2456 3960 est
2505 3902 2882 3958 remissionem
2923 3899 3073 3955 omni
3128 3900 3373 3970 prtebere
3421 3915 3521 3954 suo
3550 3897 3827 3969 plasmati,

2236 3997 2381 4069 quod
2412 4011 2508 4067 per
2542 3997 2725 4066 ignem
2766 3990 3056 4064 signiﬁcat.
3111 3989 3254 4045 Deus
3300 3990 3449 4045 enim
3483 4000 3660 4045 noster
3692 3990 3829 4061 ignis

2237 4103 2540 4144 consumens
2563 4095 2638 4142 est
2654 4086 2721 4141 ".

2837 4172 3063 4231 CAPUT
3112 4170 3225 4228 Vll.

2310 4271 2473 4328 Vsus.
2508 4268 2632 4325 1-7.
2670 4287 2689 4320 ‹
2724 4267 2853 4322 Haec
2881 4278 3100 4335 quoque
3137 4272 3222 4318 est
3252 4263 3338 4318 lex
3368 4262 3564 4318 hostia:
3597 4277 3700 4331 pro
3733 4261 3829 4315 de-

2240 4364 2389 4429 licto,
2412 4363 2670 4419 Sanctum
2688 4370 3002 4417 sanctorum
3019 4370 3132 4424 est;
3155 4358 3379 4420 idcirco,
3404 4357 3497 4411 ubi
3519 4357 3831 4411 immolatur

2244 4454 2647 4516 holocaustum,
2696 4449 3023 4506 mactabitur
3072 4456 3127 4503 et
3170 4448 3392 4503 victima
3433 4464 3535 4518 pro
3589 4448 3824 4512 delicto;

2244 4551 2465 4623 sanguis
2494 4552 2613 4621 ejus
2638 4564 2734 4621 per
2757 4563 2947 4619 gyrum
2974 4547 3234 4603 fundetur
3260 4546 3468 4601 altaris.
3501 4546 3745 4601 Oﬁ'erent
3768 4561 3829 4600 ex

553 4643 863 4711 nitentiam,
906 4650 1276 4705 necessariam
1298 4653 1367 4707 ad
1409 4653 1741 4724 adjutorium
1776 4657 1980 4714 habent
2008 4675 2135 4715 ora-
2168 4655 2211 4710 D
2241 4662 2306 4703 ea
2344 4645 2596 4710 caudam,
2635 4652 2691 4697 et
2734 4642 2949 4711 adipem
2983 4640 3078 4711 qui
3122 4639 3302 4710 operit
3344 4638 3550 4704 vitalia,
3578 4640 3719 4693 duos
3747 4653 3831 4692 re-

553 4738 763 4792 tionem
816 4741 1023 4810 populi,
1072 4745 1272 4814 quibus
1310 4755 1600 4803 attestatur
1634 4749 1873 4807 Jacobus
1910 4751 2139 4808 dicens:

553 4827 889 4901 Conﬁtemini
920 4836 1235 4892 alterutrum
1272 4850 1490 4909 peccata
1527 4851 1723 4911 vestra,
1758 4853 1809 4898 et
1844 4853 1995 4900 orate
2047 4860 2144 4914 pro

552 4922 777 4979 invicem
812 4938 868 4980 ut
901 4929 1176 4984 sulvemini
1192 4932 1258 4986 σθ.
1532 4938 1535 4941 ’

624 5014 808 5073 Omnis
848 5023 1113 5077 masculus
1169 5026 1234 5079 de
1286 5043 1471 5096 genere
1512 5030 1864 5098 sacerdotali,
1911 5041 2145 5086 vescetur

520 5108 803 5163 fearnibus
823 5110 957 5179 ejus,
1000 5114 1124 5183 quia
1158 5114 1413 5171 Sanctum
1459 5128 1765 5174 sanctorum
1803 5130 1901 5176 est.
1941 5122 1999 5178 Id
2032 5130 2138 5189 est,

557 5194 665 5250 hoc
708 5199 854 5268 quod
898 5203 1136 5271 pertinet
1182 5206 1251 5260 ad
1303 5208 1638 5277 paenitentia:
1671 5211 1966 5279 actionem,
2014 5213 2143 5268 forti

556 5288 704 5345 enim
759 5307 899 5363 opus
942 5294 1027 5350 est
1064 5313 1226 5353 sensu
1262 5308 1318 5354 et
1353 5300 1493 5355 virili
1523 5302 1833 5358 intentione
1879 5304 2018 5359 nihil
2061 5304 2144 5360 fe-

557 5383 802 5440 mineum
838 5403 1017 5459 neque
1054 5390 1258 5447 ﬁuxum
1298 5393 1558 5457 habente,
1615 5396 1673 5451 in
1719 5396 1928 5467 agenda
1973 5397 2149 5466 poeni-

560 5480 755 5535 tentia.
786 5480 1096 5539 Notandum
1141 5488 1506 5576 autem‘quia
1545 5488 1869 5543 sacriﬁcium
1918 5488 2141 5559 quidem

557 5583 685 5626 eum
711 5573 805 5642 qui
830 5574 1025 5632 offeret
1053 5573 1389 5633 sacerdotem
1423 5580 1559 5635 dixit
1586 5580 1913 5636 comedere:
1954 5593 2149 5635 carnes

559 5668 742 5719 autem
794 5665 1044 5723 sacriﬁcii
1089 5682 1282 5725 omnes
1330 5671 1604 5727 masculos
1649 5671 1717 5727 de
1748 5670 2145 5729 sacerdotibus.

631 5880 899 5967 ⁸ξιμειιιῐι.
931 5908 1015 5959 ut,
1073 5894 1107 5950 8
1130 5910 1282 5967 seqq.

567 5896 899 6017 “regium.
931 5908 1015 5959 ut,
1073 5896 1282 5967 Sseqq.
1373 5896 1487 5952 “ll
1533 5898 1673 5952 Tim.
1720 5908 1779 5965 ll,
1810 5898 1901 5953 20.

2252 4735 2541 4800 nunculos,
2574 4742 2629 4788 et
2652 4732 3061 4804 pinguedinem,
3105 4746 3227 4801 quae
3265 4730 3423 4800 juxta
3451 4730 3544 4784 ilia
3573 4737 3677 4795 est,
3706 4730 3829 4784 reti-

2251 4831 2544 4900 culumque
2585 4828 2786 4899 jecoris
2825 4843 2950 4883 cum
3000 4826 3337 4893 renunculis,
3381 4832 3440 4881 et
3488 4826 3733 4881 adolehit
3770 4841 3827 4880 ea

2253 4922 2508 4980 sacerdos
2556 4936 2720 4991 super
2758 4920 2966 4976 altare:
3018 4920 3299 4975 incensum
3345 4930 3431 4975 est
3478 4919 3694 4975 Domini
3739 4934 3830 4990 pro

2253 5018 2478 5074 delicto.
2506 5015 2696 5073 Omnis
2740 5015 3019 5071 masculus
3060 5014 3129 5070 de
3160 5013 3480 5069 sacerdotali
3527 5029 3744 5085 genere,
3776 5012 3827 5066 in

2246 5111 2371 5165 loco
2411 5117 2601 5167 sancto
2646 5117 2901 5163 vescetur
2960 5108 3046 5162 his
3098 5107 3378 5170 carnibus,
3412 5105 3543 5176 quia
3574 5107 3826 5160 Sanctum

2246 5210 2561 5256 sanctorum
2627 5207 2732 5254 est.
2805 5198 2873 5253 Et
2948 5200 3090 5254 sicut
3161 5214 3259 5269 pro
3330 5206 3562 5269 peccato
3616 5197 3830 5253 oliettur

2246 5290 2471 5356 hostia,
2550 5290 2623 5346 ita
2706 5297 2764 5344 et
2835 5305 2935 5360 pro
3007 5290 3246 5355 delicto;
3279 5289 3570 5360 utriusque
3653 5286 3828 5343 hostia:

2250 5401 2357 5441 una
2391 5385 2477 5440 lex
2506 5384 2633 5451 erit,
2665 5384 2747 5439 Ad
2778 5383 3121 5440 sacerdotem
3151 5384 3242 5453 qui
3267 5399 3389 5438 eam
3423 5382 3689 5440 obtulerit
3714 5395 3827 5451 per-

2254 5478 2464 5534 tinebit.
2511 5494 2528 5526 ι

2330 5569 2597 5626 Delictum
2648 5569 2938 5639 aliquando
2991 5571 3213 5641 quidem
3262 5568 3603 5642 recognitum
3648 5580 3825 5639 pecca-

2259 5675 2375 5720 tum
2413 5671 2591 5729 vocat,
2638 5662 2930 5733 aliquando
2979 5674 3163 5727 autem
3198 5664 3351 5729 illud,
3388 5664 3536 5734 quod
3567 5664 3624 5718 in
3664 5661 3823 5732 ipsum

2002 5894 2045 5927 "’
2074 5894 2176 5950 lsa.
2216 5908 2344 5955 xxx,
2374 5886 2459 5943 Η.
2537 5886 2582 5919 ⁸⁸
2608 5885 2721 5943 Jac.
2754 5905 2786 5943 v
2847 5887 2932 5944 16.
3010 5888 3051 5921 ⁸⁸
3078 5885 3223 5944 Psal.
3256 5902 3407 5954 xm,
3434 5886 3520 5943 i4.
3598 5888 3645 5920 "
3670 5883 3810 5938 Deut.

3850 948 3862 975 δ
