  <div class='ocr_page' id='page_1' title='image "/cluster/home/n/w/nwhite01/storage/ocr_20150623/93/hvd.32044019208040/436.png"; bbox 0 0 4046 6436; ppageno 0'>
   <div class='ocr_carea' id='block_1_1' title="bbox 226 481 349 546">
    <p class='ocr_par' dir='ltr' id='par_1_1' title="bbox 226 481 349 546">
     <span class='ocr_line' id='line_1_1' title="bbox 226 481 349 546; baseline -0.008 0"><span class='ocrx_word' id='word_1_1' title='bbox 226 481 349 546; x_wconf 80' lang='grc'><strong>857</strong></span> 
     </span>
    </p>
   </div>
   <div class='ocr_carea' id='block_1_2' title="bbox 1394 480 2371 545">
    <p class='ocr_par' dir='ltr' id='par_1_2' title="bbox 1394 480 2371 545">
     <span class='ocr_line' id='line_1_2' title="bbox 1394 480 2371 545; baseline 0.005 -5"><span class='ocrx_word' id='word_1_2' title='bbox 1394 480 1476 541; x_wconf 88' lang='grc' dir='ltr'><strong>ΙΝ</strong></span> <span class='ocrx_word' id='word_1_3' title='bbox 1513 481 1951 544; x_wconf 84' lang='lat' dir='ltr'><strong>LEVITICUM.</strong></span> <span class='ocrx_word' id='word_1_4' title='bbox 1991 507 2060 521; x_wconf 61' lang='grc' dir='ltr'><strong>ε’-</strong></span> <span class='ocrx_word' id='word_1_5' title='bbox 2096 483 2243 544; x_wconf 82' lang='lat' dir='ltr'><strong>LIB.</strong></span> <span class='ocrx_word' id='word_1_6' title='bbox 2285 484 2371 545; x_wconf 90' lang='lat' dir='ltr'><strong>II.</strong></span> 
     </span>
    </p>
   </div>
   <div class='ocr_carea' id='block_1_3' title="bbox 3403 474 3509 541">
    <p class='ocr_par' dir='ltr' id='par_1_3' title="bbox 3403 474 3509 541">
     <span class='ocr_line' id='line_1_3' title="bbox 3403 474 3509 541; baseline 0 0"><span class='ocrx_word' id='word_1_7' title='bbox 3403 474 3509 541; x_wconf 84' lang='lat'><strong>858</strong></span> 
     </span>
    </p>
   </div>
   <div class='ocr_carea' id='block_1_4' title="bbox 226 590 3509 669">
    <p class='ocr_par' dir='ltr' id='par_1_4' title="bbox 226 590 3509 669">
     <span class='ocr_line' id='line_1_4' title="bbox 226 590 3509 669; baseline -0.003 -16"><span class='ocrx_word' id='word_1_8' title='bbox 226 594 601 653; x_wconf 68' lang='lat' dir='ltr'><strong>committitur</strong></span> <span class='ocrx_word' id='word_1_9' title='bbox 633 593 825 659; x_wconf 89' lang='lat' dir='ltr'><strong>Deum,</strong></span> <span class='ocrx_word' id='word_1_10' title='bbox 854 592 995 649; x_wconf 90' lang='lat' dir='ltr'><strong>sicut</strong></span> <span class='ocrx_word' id='word_1_11' title='bbox 1024 592 1155 647; x_wconf 88' lang='lat' dir='ltr'><strong>illud</strong></span> <span class='ocrx_word' id='word_1_12' title='bbox 1183 592 1328 662; x_wconf 92' lang='lat' dir='ltr'><strong>quod</strong></span> <span class='ocrx_word' id='word_1_13' title='bbox 1376 593 1431 647; x_wconf 79' lang='lat' dir='ltr'><strong>in</strong></span> <span class='ocrx_word' id='word_1_14' title='bbox 1459 595 1663 649; x_wconf 78' lang='lat' dir='ltr'><strong>sanctis</strong></span> <span class='ocrx_word' id='word_1_15' title='bbox 1696 610 1820 664; x_wconf 87' lang='lat' dir='ltr'><strong>per-</strong></span> <span class='ocrx_word' id='word_1_16' title='bbox 1848 602 1895 658; x_wconf 81' lang='grc' dir='ltr'><strong>Α</strong></span> <span class='ocrx_word' id='word_1_17' title='bbox 1924 598 2230 653; x_wconf 87' lang='lat' dir='ltr'><strong>ﬁcationem</strong></span> <span class='ocrx_word' id='word_1_18' title='bbox 2277 596 2580 669; x_wconf 84' lang='lat' dir='ltr'><strong>signiﬁcat,</strong></span> <span class='ocrx_word' id='word_1_19' title='bbox 2626 612 2746 666; x_wconf 70' lang='lat' dir='ltr'><strong>quae</strong></span> <span class='ocrx_word' id='word_1_20' title='bbox 2795 593 2955 650; x_wconf 88' lang='lat' dir='ltr'><strong>nobis</strong></span> <span class='ocrx_word' id='word_1_21' title='bbox 3007 591 3257 647; x_wconf 86' lang='lat' dir='ltr'><strong>ordinata</strong></span> <span class='ocrx_word' id='word_1_22' title='bbox 3304 602 3387 645; x_wconf 88' lang='lat' dir='ltr'><strong>est</strong></span> <span class='ocrx_word' id='word_1_23' title='bbox 3440 590 3509 643; x_wconf 89' lang='lat' dir='ltr'><strong>ad</strong></span> 
     </span>
    </p>
   </div>
   <div class='ocr_carea' id='block_1_5' title="bbox 226 685 1821 760">
    <p class='ocr_par' dir='ltr' id='par_1_5' title="bbox 226 685 1821 760">
     <span class='ocr_line' id='line_1_5' title="bbox 226 685 1821 760; baseline -0.003 -15"><span class='ocrx_word' id='word_1_24' title='bbox 226 699 509 760; x_wconf 82' lang='lat' dir='ltr'><strong>petratur,</strong></span> <span class='ocrx_word' id='word_1_25' title='bbox 556 686 1016 758; x_wconf 85' lang='lat' dir='ltr'><strong>quemadmodum</strong></span> <span class='ocrx_word' id='word_1_26' title='bbox 1051 686 1303 754; x_wconf 82' lang='lat' dir='ltr'><strong>superius</strong></span> <span class='ocrx_word' id='word_1_27' title='bbox 1341 685 1703 741; x_wconf 91' lang='lat' dir='ltr'><strong>ostendimus.</strong></span> <span class='ocrx_word' id='word_1_28' title='bbox 1746 687 1821 741; x_wconf 91' lang='lat' dir='ltr'><strong>De</strong></span> 
     </span>
    </p>
   </div>
   <div class='ocr_carea' id='block_1_6' title="bbox 226 772 1825 847">
    <p class='ocr_par' dir='ltr' id='par_1_6' title="bbox 226 772 1825 847">
     <span class='ocr_line' id='line_1_6' title="bbox 226 772 1825 847; baseline -0.004 -13"><span class='ocrx_word' id='word_1_29' title='bbox 226 779 327 835; x_wconf 85' lang='lat' dir='ltr'><strong>his</strong></span> <span class='ocrx_word' id='word_1_30' title='bbox 369 793 563 833; x_wconf 83' lang='lat' dir='ltr'><strong>rursus</strong></span> <span class='ocrx_word' id='word_1_31' title='bbox 614 790 850 847; x_wconf 75' lang='lat' dir='ltr'><strong>przesens</strong></span> <span class='ocrx_word' id='word_1_32' title='bbox 907 776 1060 830; x_wconf 90' lang='lat' dir='ltr'><strong>locus</strong></span> <span class='ocrx_word' id='word_1_33' title='bbox 1114 773 1265 828; x_wconf 92' lang='lat' dir='ltr'><strong>dicit.</strong></span> <span class='ocrx_word' id='word_1_34' title='bbox 1332 772 1681 827; x_wconf 73' lang='lat' dir='ltr'><strong>Manifestum</strong></span> <span class='ocrx_word' id='word_1_35' title='bbox 1739 783 1825 829; x_wconf 89' lang='lat' dir='ltr'><strong>est</strong></span> 
     </span>
    </p>
   </div>
   <div class='ocr_carea' id='block_1_7' title="bbox 224 864 1824 938">
    <p class='ocr_par' dir='ltr' id='par_1_7' title="bbox 224 864 1824 938">
     <span class='ocr_line' id='line_1_7' title="bbox 224 864 1824 938; baseline -0.003 -13"><span class='ocrx_word' id='word_1_36' title='bbox 224 879 423 925; x_wconf 83' lang='lat' dir='ltr'><strong>autem</strong></span> <span class='ocrx_word' id='word_1_37' title='bbox 451 886 515 925; x_wconf 78' lang='lat' dir='ltr'><strong>ex</strong></span> <span class='ocrx_word' id='word_1_38' title='bbox 547 884 632 930; x_wconf 91' lang='lat' dir='ltr'><strong>eo,</strong></span> <span class='ocrx_word' id='word_1_39' title='bbox 674 867 821 938; x_wconf 90' lang='lat' dir='ltr'><strong>quod</strong></span> <span class='ocrx_word' id='word_1_40' title='bbox 862 876 918 922; x_wconf 89' lang='lat' dir='ltr'><strong>et</strong></span> <span class='ocrx_word' id='word_1_41' title='bbox 957 881 1057 935; x_wconf 90' lang='lat' dir='ltr'><strong>pro</strong></span> <span class='ocrx_word' id='word_1_42' title='bbox 1101 868 1224 931; x_wconf 92' lang='lat' dir='ltr'><strong>hoc,</strong></span> <span class='ocrx_word' id='word_1_43' title='bbox 1255 865 1556 920; x_wconf 87' lang='lat' dir='ltr'><strong>secundum</strong></span> <span class='ocrx_word' id='word_1_44' title='bbox 1594 864 1739 934; x_wconf 90' lang='lat' dir='ltr'><strong>quod</strong></span> <span class='ocrx_word' id='word_1_45' title='bbox 1768 872 1824 921; x_wconf 90' lang='lat' dir='ltr'><strong>et</strong></span> 
     </span>
    </p>
   </div>
   <div class='ocr_carea' id='block_1_8' title="bbox 224 956 1819 1030">
    <p class='ocr_par' dir='ltr' id='par_1_8' title="bbox 224 956 1819 1030">
     <span class='ocr_line' id='line_1_8' title="bbox 224 956 1819 1030; baseline -0.003 -16"><span class='ocrx_word' id='word_1_46' title='bbox 224 960 382 1016; x_wconf 77' lang='lat' dir='ltr'><strong>LXX</strong></span> <span class='ocrx_word' id='word_1_47' title='bbox 426 961 734 1030; x_wconf 86' lang='lat' dir='ltr'><strong>specialiter</strong></span> <span class='ocrx_word' id='word_1_48' title='bbox 781 958 989 1023; x_wconf 86' lang='lat' dir='ltr'><strong>dicunt,</strong></span> <span class='ocrx_word' id='word_1_49' title='bbox 1049 957 1273 1012; x_wconf 83' lang='lat' dir='ltr'><strong>arietem</strong></span> <span class='ocrx_word' id='word_1_50' title='bbox 1311 956 1494 1012; x_wconf 84' lang='lat' dir='ltr'><strong>oﬁerri</strong></span> <span class='ocrx_word' id='word_1_51' title='bbox 1540 956 1819 1026; x_wconf 63' lang='lat' dir='ltr'><strong>praecepit.</strong></span> 
     </span>
    </p>
   </div>
   <div class='ocr_carea' id='block_1_9' title="bbox 227 1046 1822 1119">
    <p class='ocr_par' dir='ltr' id='par_1_9' title="bbox 227 1046 1822 1119">
     <span class='ocr_line' id='line_1_9' title="bbox 227 1046 1822 1119; baseline -0.001 -15"><span class='ocrx_word' id='word_1_52' title='bbox 227 1048 346 1104; x_wconf 86' lang='lat' dir='ltr'><strong>Sed</strong></span> <span class='ocrx_word' id='word_1_53' title='bbox 379 1060 436 1104; x_wconf 88' lang='lat' dir='ltr'><strong>et</strong></span> <span class='ocrx_word' id='word_1_54' title='bbox 466 1049 522 1103; x_wconf 92' lang='lat' dir='ltr'><strong>in</strong></span> <span class='ocrx_word' id='word_1_55' title='bbox 552 1064 661 1119; x_wconf 92' lang='lat' dir='ltr'><strong>quo</strong></span> <span class='ocrx_word' id='word_1_56' title='bbox 703 1048 1146 1103; x_wconf 86' lang='lat' dir='ltr'><strong>communionem</strong></span> <span class='ocrx_word' id='word_1_57' title='bbox 1178 1046 1343 1101; x_wconf 81' lang='lat' dir='ltr'><strong>habet</strong></span> <span class='ocrx_word' id='word_1_58' title='bbox 1373 1061 1498 1101; x_wconf 86' lang='lat' dir='ltr'><strong>cum</strong></span> <span class='ocrx_word' id='word_1_59' title='bbox 1533 1046 1822 1102; x_wconf 83' lang='lat' dir='ltr'><strong>sacriﬁciis</strong></span> 
     </span>
    </p>
   </div>
   <div class='ocr_carea' id='block_1_10' title="bbox 223 1136 1819 1211">
    <p class='ocr_par' dir='ltr' id='par_1_10' title="bbox 223 1136 1819 1211">
     <span class='ocr_line' id='line_1_10' title="bbox 223 1136 1819 1211; baseline -0.001 -16"><span class='ocrx_word' id='word_1_60' title='bbox 223 1142 463 1196; x_wconf 84' lang='lat' dir='ltr'><strong>aliorum</strong></span> <span class='ocrx_word' id='word_1_61' title='bbox 505 1150 872 1211; x_wconf 86' lang='lat' dir='ltr'><strong>peccatorum,</strong></span> <span class='ocrx_word' id='word_1_62' title='bbox 920 1140 1060 1195; x_wconf 89' lang='lat' dir='ltr'><strong>etin</strong></span> <span class='ocrx_word' id='word_1_63' title='bbox 1094 1153 1206 1208; x_wconf 91' lang='lat' dir='ltr'><strong>quo</strong></span> <span class='ocrx_word' id='word_1_64' title='bbox 1234 1153 1427 1193; x_wconf 82' lang='lat' dir='ltr'><strong>rursus</strong></span> <span class='ocrx_word' id='word_1_65' title='bbox 1469 1136 1654 1193; x_wconf 84' lang='lat' dir='ltr'><strong>diﬁert</strong></span> <span class='ocrx_word' id='word_1_66' title='bbox 1686 1138 1819 1193; x_wconf 88' lang='lat' dir='ltr'><strong>sub-</strong></span> 
     </span>
    </p>
   </div>
   <div class='ocr_carea' id='block_1_11' title="bbox 218 1233 1180 1290">
    <p class='ocr_par' dir='ltr' id='par_1_11' title="bbox 218 1233 1180 1290">
     <span class='ocr_line' id='line_1_11' title="bbox 218 1233 1180 1290; baseline 0 -3"><span class='ocrx_word' id='word_1_67' title='bbox 218 1234 399 1290; x_wconf 88' lang='lat' dir='ltr'><strong>tiliter</strong></span> <span class='ocrx_word' id='word_1_68' title='bbox 436 1233 790 1290; x_wconf 83' lang='lat' dir='ltr'><strong>discutientes</strong></span> <span class='ocrx_word' id='word_1_69' title='bbox 816 1233 1180 1288; x_wconf 84' lang='lat' dir='ltr'><strong>inveniemus.</strong></span> 
     </span>
    </p>
   </div>
   <div class='ocr_carea' id='block_1_12' title="bbox 302 1323 1819 1397">
    <p class='ocr_par' dir='ltr' id='par_1_12' title="bbox 302 1323 1819 1397">
     <span class='ocr_line' id='line_1_12' title="bbox 302 1323 1819 1397; baseline -0.001 -19"><span class='ocrx_word' id='word_1_70' title='bbox 302 1326 434 1381; x_wconf 73' lang='grc' dir='ltr'><strong>Πωσ</strong></span> <span class='ocrx_word' id='word_1_71' title='bbox 478 1343 681 1397; x_wconf 87' lang='lat' dir='ltr'><strong>quoque</strong></span> <span class='ocrx_word' id='word_1_72' title='bbox 731 1336 807 1380; x_wconf 86' lang='lat' dir='ltr'><strong>est</strong></span> <span class='ocrx_word' id='word_1_73' title='bbox 836 1326 921 1379; x_wconf 77' lang='lat' dir='ltr'><strong>lea:</strong></span> <span class='ocrx_word' id='word_1_74' title='bbox 965 1327 1149 1380; x_wconf 67' lang='lat' dir='ltr'><strong>hostire</strong></span> <span class='ocrx_word' id='word_1_75' title='bbox 1194 1341 1288 1395; x_wconf 89' lang='lat' dir='ltr'><strong>pro</strong></span> <span class='ocrx_word' id='word_1_76' title='bbox 1327 1324 1536 1379; x_wconf 86' lang='lat' dir='ltr'><strong>delicto.</strong></span> <span class='ocrx_word' id='word_1_77' title='bbox 1586 1323 1647 1377; x_wconf 88' lang='lat' dir='ltr'><strong>In</strong></span> <span class='ocrx_word' id='word_1_78' title='bbox 1709 1338 1819 1392; x_wconf 95' lang='lat' dir='ltr'><strong>quo</strong></span> 
     </span>
    </p>
   </div>
   <div class='ocr_carea' id='block_1_13' title="bbox 217 1417 1859 1490">
    <p class='ocr_par' dir='ltr' id='par_1_13' title="bbox 217 1417 1859 1490">
     <span class='ocr_line' id='line_1_13' title="bbox 217 1417 1859 1490; baseline -0.001 -19"><span class='ocrx_word' id='word_1_79' title='bbox 217 1417 376 1472; x_wconf 80' lang='lat' dir='ltr'><strong>LXX</strong></span> <span class='ocrx_word' id='word_1_80' title='bbox 434 1421 663 1475; x_wconf 87' lang='lat' dir='ltr'><strong>arietem</strong></span> <span class='ocrx_word' id='word_1_81' title='bbox 724 1418 1051 1490; x_wconf 79' lang='lat' dir='ltr'><strong>Specialiter,</strong></span> <span class='ocrx_word' id='word_1_82' title='bbox 1118 1428 1179 1473; x_wconf 92' lang='lat' dir='ltr'><strong>ut</strong></span> <span class='ocrx_word' id='word_1_83' title='bbox 1229 1433 1395 1488; x_wconf 85' lang='lat' dir='ltr'><strong>supra</strong></span> <span class='ocrx_word' id='word_1_84' title='bbox 1457 1417 1668 1472; x_wconf 90' lang='lat' dir='ltr'><strong>dictum</strong></span> <span class='ocrx_word' id='word_1_85' title='bbox 1710 1424 1859 1480; x_wconf 78' lang='lat' dir='ltr'><strong>est,‘</strong></span> 
     </span>
    </p>
   </div>
   <div class='ocr_carea' id='block_1_14' title="bbox 217 1510 1817 1582">
    <p class='ocr_par' dir='ltr' id='par_1_14' title="bbox 217 1510 1817 1582">
     <span class='ocr_line' id='line_1_14' title="bbox 217 1510 1817 1582; baseline 0.001 -18"><span class='ocrx_word' id='word_1_86' title='bbox 217 1521 623 1582; x_wconf 80' lang='lat' dir='ltr'><strong>expresserunt</strong></span> <span class='ocrx_word' id='word_1_87' title='bbox 653 1513 934 1569; x_wconf 88' lang='lat' dir='ltr'><strong>dicentes:</strong></span> <span class='ocrx_word' id='word_1_88' title='bbox 985 1510 1116 1566; x_wconf 74' lang='lat' dir='ltr'><strong>llwc</strong></span> <span class='ocrx_word' id='word_1_89' title='bbox 1145 1520 1219 1566; x_wconf 86' lang='lat' dir='ltr'><strong>est</strong></span> <span class='ocrx_word' id='word_1_90' title='bbox 1250 1512 1334 1567; x_wconf 75' lang='lat' dir='ltr'><strong>lex</strong></span> <span class='ocrx_word' id='word_1_91' title='bbox 1372 1512 1555 1567; x_wconf 88' lang='lat' dir='ltr'><strong>arietis</strong></span> <span class='ocrx_word' id='word_1_92' title='bbox 1579 1528 1673 1579; x_wconf 85' lang='lat' dir='ltr'><strong>pro</strong></span> <span class='ocrx_word' id='word_1_93' title='bbox 1708 1527 1817 1580; x_wconf 73' lang='lat' dir='ltr'><strong>po:-</strong></span> 
     </span>
    </p>
   </div>
   <div class='ocr_carea' id='block_1_15' title="bbox 217 1604 1817 1676">
    <p class='ocr_par' dir='ltr' id='par_1_15' title="bbox 217 1604 1817 1676">
     <span class='ocr_line' id='line_1_15' title="bbox 217 1604 1817 1676; baseline 0.001 -19"><span class='ocrx_word' id='word_1_94' title='bbox 217 1604 475 1667; x_wconf 71' lang='lat' dir='ltr'><strong>uitentia,</strong></span> <span class='ocrx_word' id='word_1_95' title='bbox 506 1605 704 1660; x_wconf 85' lang='lat' dir='ltr'><strong>Sancta</strong></span> <span class='ocrx_word' id='word_1_96' title='bbox 750 1618 1056 1662; x_wconf 84' lang='lat' dir='ltr'><strong>sanctorum</strong></span> <span class='ocrx_word' id='word_1_97' title='bbox 1084 1615 1225 1661; x_wconf 88' lang='lat' dir='ltr'><strong>sunt.</strong></span> <span class='ocrx_word' id='word_1_98' title='bbox 1256 1604 1322 1660; x_wconf 90' lang='lat' dir='ltr'><strong>In</strong></span> <span class='ocrx_word' id='word_1_99' title='bbox 1366 1605 1477 1660; x_wconf 88' lang='lat' dir='ltr'><strong>loco</strong></span> <span class='ocrx_word' id='word_1_100' title='bbox 1505 1621 1606 1676; x_wconf 90' lang='lat' dir='ltr'><strong>quo</strong></span> <span class='ocrx_word' id='word_1_101' title='bbox 1629 1606 1817 1659; x_wconf 85' lang='lat' dir='ltr'><strong>immo-</strong></span> 
     </span>
    </p>
   </div>
   <div class='ocr_carea' id='block_1_16' title="bbox 220 1695 1815 1769">
    <p class='ocr_par' dir='ltr' id='par_1_16' title="bbox 220 1695 1815 1769">
     <span class='ocr_line' id='line_1_16' title="bbox 220 1695 1815 1769; baseline 0.003 -22"><span class='ocrx_word' id='word_1_102' title='bbox 220 1695 416 1749; x_wconf 86' lang='lat' dir='ltr'><strong>labunt</strong></span> <span class='ocrx_word' id='word_1_103' title='bbox 449 1698 900 1763; x_wconf 85' lang='lat' dir='ltr'><strong>holocautomata,</strong></span> <span class='ocrx_word' id='word_1_104' title='bbox 951 1698 1275 1769; x_wconf 86' lang='lat' dir='ltr'><strong>jugulabunt</strong></span> <span class='ocrx_word' id='word_1_105' title='bbox 1323 1708 1371 1752; x_wconf 85' lang='lat' dir='ltr'><strong>et</strong></span> <span class='ocrx_word' id='word_1_106' title='bbox 1399 1698 1620 1751; x_wconf 79' lang='lat' dir='ltr'><strong>arietem</strong></span> <span class='ocrx_word' id='word_1_107' title='bbox 1649 1697 1815 1766; x_wconf 64' lang='lat' dir='ltr'><strong>paeni-</strong></span> 
     </span>
    </p>
   </div>
   <div class='ocr_carea' id='block_1_17' title="bbox 216 1789 1814 1862">
    <p class='ocr_par' dir='ltr' id='par_1_17' title="bbox 216 1789 1814 1862">
     <span class='ocr_line' id='line_1_17' title="bbox 216 1789 1814 1862; baseline 0.001 -22"><span class='ocrx_word' id='word_1_108' title='bbox 216 1790 409 1841; x_wconf 68' lang='lat' dir='ltr'><strong>tentirz</strong></span> <span class='ocrx_word' id='word_1_109' title='bbox 430 1802 614 1843; x_wconf 87' lang='lat' dir='ltr'><strong>contra</strong></span> <span class='ocrx_word' id='word_1_110' title='bbox 649 1790 821 1844; x_wconf 88' lang='lat' dir='ltr'><strong>Deum</strong></span> <span class='ocrx_word' id='word_1_111' title='bbox 852 1801 897 1844; x_wconf 88' lang='lat' dir='ltr'><strong>et</strong></span> <span class='ocrx_word' id='word_1_112' title='bbox 940 1793 1253 1862; x_wconf 88' lang='lat' dir='ltr'><strong>sanguinem</strong></span> <span class='ocrx_word' id='word_1_113' title='bbox 1296 1789 1459 1860; x_wconf 87' lang='lat' dir='ltr'><strong>ipsius</strong></span> <span class='ocrx_word' id='word_1_114' title='bbox 1498 1790 1716 1861; x_wconf 77' lang='lat' dir='ltr'><strong>fundent</strong></span> <span class='ocrx_word' id='word_1_115' title='bbox 1742 1789 1814 1842; x_wconf 90' lang='lat' dir='ltr'><strong>ad</strong></span> 
     </span>
    </p>
   </div>
   <div class='ocr_carea' id='block_1_18' title="bbox 217 1880 1816 1954">
    <p class='ocr_par' dir='ltr' id='par_1_18' title="bbox 217 1880 1816 1954">
     <span class='ocr_line' id='line_1_18' title="bbox 217 1880 1816 1954; baseline 0.001 -22"><span class='ocrx_word' id='word_1_116' title='bbox 217 1880 400 1934; x_wconf 85' lang='lat' dir='ltr'><strong>basim</strong></span> <span class='ocrx_word' id='word_1_117' title='bbox 428 1881 617 1937; x_wconf 89' lang='lat' dir='ltr'><strong>altaris</strong></span> <span class='ocrx_word' id='word_1_118' title='bbox 650 1884 708 1938; x_wconf 88' lang='lat' dir='ltr'><strong>in</strong></span> <span class='ocrx_word' id='word_1_119' title='bbox 742 1884 989 1941; x_wconf 76' lang='lat' dir='ltr'><strong>circuitu.</strong></span> <span class='ocrx_word' id='word_1_120' title='bbox 1023 1883 1148 1938; x_wconf 67' lang='lat' dir='ltr'><strong>Haec</strong></span> <span class='ocrx_word' id='word_1_121' title='bbox 1178 1899 1309 1954; x_wconf 90' lang='lat' dir='ltr'><strong>ergo</strong></span> <span class='ocrx_word' id='word_1_122' title='bbox 1346 1882 1659 1937; x_wconf 87' lang='lat' dir='ltr'><strong>communia</strong></span> <span class='ocrx_word' id='word_1_123' title='bbox 1686 1889 1816 1936; x_wconf 91' lang='lat' dir='ltr'><strong>sunt</strong></span> 
     </span>
    </p>
   </div>
   <div class='ocr_carea' id='block_1_19' title="bbox 1925 682 3509 758">
    <p class='ocr_par' dir='ltr' id='par_1_19' title="bbox 1925 682 3509 758">
     <span class='ocr_line' id='line_1_19' title="bbox 1925 682 3509 758; baseline -0.007 -13"><span class='ocrx_word' id='word_1_124' title='bbox 1925 691 2173 745; x_wconf 75' lang='lat' dir='ltr'><strong>salutem.</strong></span> <span class='ocrx_word' id='word_1_125' title='bbox 2207 690 2515 746; x_wconf 83' lang='lat' dir='ltr'><strong>Notandum</strong></span> <span class='ocrx_word' id='word_1_126' title='bbox 2544 698 2746 754; x_wconf 90' lang='lat' dir='ltr'><strong>autem,</strong></span> <span class='ocrx_word' id='word_1_127' title='bbox 2777 686 2905 758; x_wconf 86' lang='lat' dir='ltr'><strong>quia</strong></span> <span class='ocrx_word' id='word_1_128' title='bbox 2941 697 3282 756; x_wconf 82' lang='lat' dir='ltr'><strong>quaecunque</strong></span> <span class='ocrx_word' id='word_1_129' title='bbox 3333 682 3389 735; x_wconf 92' lang='lat' dir='ltr'><strong>in</strong></span> <span class='ocrx_word' id='word_1_130' title='bbox 3419 696 3509 735; x_wconf 84' lang='lat' dir='ltr'><strong>sa-</strong></span> 
     </span>
    </p>
   </div>
   <div class='ocr_carea' id='block_1_20' title="bbox 1924 773 3507 865">
    <p class='ocr_par' dir='ltr' id='par_1_20' title="bbox 1924 773 3507 865">
     <span class='ocr_line' id='line_1_20' title="bbox 1924 773 3507 865; baseline -0.005 -29"><span class='ocrx_word' id='word_1_131' title='bbox 1924 782 2129 838; x_wconf 85' lang='lat' dir='ltr'><strong>criﬁcio</strong></span> <span class='ocrx_word' id='word_1_132' title='bbox 2168 783 2537 865; x_wconf 75' lang='lat' dir='ltr'><strong>paciﬁcorum.</strong></span> <span class='ocrx_word' id='word_1_133' title='bbox 2582 798 2645 838; x_wconf 89' lang='lat' dir='ltr'><strong>ea</strong></span> <span class='ocrx_word' id='word_1_134' title='bbox 2686 782 2740 836; x_wconf 90' lang='lat' dir='ltr'><strong>in</strong></span> <span class='ocrx_word' id='word_1_135' title='bbox 2776 782 2881 836; x_wconf 91' lang='lat' dir='ltr'><strong>hoc</strong></span> <span class='ocrx_word' id='word_1_136' title='bbox 2925 776 3194 834; x_wconf 88' lang='lat' dir='ltr'><strong>sacriﬁcio</strong></span> <span class='ocrx_word' id='word_1_137' title='bbox 3246 773 3507 845; x_wconf 62' lang='lat' dir='ltr'><strong>precepit</strong></span> 
     </span>
    </p>
   </div>
   <div class='ocr_carea' id='block_1_21' title="bbox 1923 867 3506 947">
    <p class='ocr_par' dir='ltr' id='par_1_21' title="bbox 1923 867 3506 947">
     <span class='ocr_line' id='line_1_21' title="bbox 1923 867 3506 947; baseline -0.006 -17"><span class='ocrx_word' id='word_1_138' title='bbox 1923 876 2061 932; x_wconf 90' lang='lat' dir='ltr'><strong>ﬁeri.</strong></span> <span class='ocrx_word' id='word_1_139' title='bbox 2086 877 2315 947; x_wconf 86' lang='lat' dir='ltr'><strong>Adipem</strong></span> <span class='ocrx_word' id='word_1_140' title='bbox 2336 878 2491 947; x_wconf 82' lang='lat' dir='ltr'><strong>jubet</strong></span> <span class='ocrx_word' id='word_1_141' title='bbox 2521 877 2729 932; x_wconf 86' lang='lat' dir='ltr'><strong>oﬁ&#39;erri.</strong></span> <span class='ocrx_word' id='word_1_142' title='bbox 2766 875 3047 930; x_wconf 88' lang='lat' dir='ltr'><strong>Desiderat</strong></span> <span class='ocrx_word' id='word_1_143' title='bbox 3075 872 3223 927; x_wconf 89' lang='lat' dir='ltr'><strong>enim</strong></span> <span class='ocrx_word' id='word_1_144' title='bbox 3252 867 3506 924; x_wconf 78' lang='lat' dir='ltr'><strong>Christus</strong></span> 
     </span>
    </p>
   </div>
   <div class='ocr_carea' id='block_1_22' title="bbox 1922 958 3505 1040">
    <p class='ocr_par' dir='ltr' id='par_1_22' title="bbox 1922 958 3505 1040">
     <span class='ocr_line' id='line_1_22' title="bbox 1922 958 3505 1040; baseline -0.007 -17"><span class='ocrx_word' id='word_1_145' title='bbox 1922 978 1978 1023; x_wconf 91' lang='lat' dir='ltr'><strong>et</strong></span> <span class='ocrx_word' id='word_1_146' title='bbox 2030 984 2156 1023; x_wconf 93' lang='lat' dir='ltr'><strong>eum</strong></span> <span class='ocrx_word' id='word_1_147' title='bbox 2209 969 2301 1039; x_wconf 91' lang='lat' dir='ltr'><strong>qui</strong></span> <span class='ocrx_word' id='word_1_148' title='bbox 2352 969 2534 1040; x_wconf 88' lang='lat' dir='ltr'><strong>gravia</strong></span> <span class='ocrx_word' id='word_1_149' title='bbox 2586 969 2749 1025; x_wconf 80' lang='lat' dir='ltr'><strong>habet</strong></span> <span class='ocrx_word' id='word_1_150' title='bbox 2804 975 3050 1039; x_wconf 91' lang='lat' dir='ltr'><strong>peccata,</strong></span> <span class='ocrx_word' id='word_1_151' title='bbox 3096 964 3329 1018; x_wconf 88' lang='lat' dir='ltr'><strong>salvare.</strong></span> <span class='ocrx_word' id='word_1_152' title='bbox 3366 958 3505 1014; x_wconf 90' lang='lat' dir='ltr'><strong>Cum</strong></span> 
     </span>
    </p>
   </div>
   <div class='ocr_carea' id='block_1_23' title="bbox 1921 1048 3504 1130">
    <p class='ocr_par' dir='ltr' id='par_1_23' title="bbox 1921 1048 3504 1130">
     <span class='ocr_line' id='line_1_23' title="bbox 1921 1048 3504 1130; baseline -0.007 -17"><span class='ocrx_word' id='word_1_153' title='bbox 1921 1059 2103 1130; x_wconf 88' lang='lat' dir='ltr'><strong>adipe,</strong></span> <span class='ocrx_word' id='word_1_154' title='bbox 2141 1060 2443 1114; x_wconf 88' lang='lat' dir='ltr'><strong>secundum</strong></span> <span class='ocrx_word' id='word_1_155' title='bbox 2481 1058 2645 1123; x_wconf 75' lang='lat' dir='ltr'><strong>LXX,</strong></span> <span class='ocrx_word' id='word_1_156' title='bbox 2690 1067 2745 1113; x_wconf 88' lang='lat' dir='ltr'><strong>et</strong></span> <span class='ocrx_word' id='word_1_157' title='bbox 2786 1057 3030 1112; x_wconf 89' lang='lat' dir='ltr'><strong>lumbum</strong></span> <span class='ocrx_word' id='word_1_158' title='bbox 3072 1054 3281 1110; x_wconf 69' lang='lat' dir='ltr'><strong>oﬁ‘eret.</strong></span> <span class='ocrx_word' id='word_1_159' title='bbox 3316 1048 3504 1119; x_wconf 88' lang='lat' dir='ltr'><strong>Neque</strong></span> 
     </span>
    </p>
   </div>
   <div class='ocr_carea' id='block_1_24' title="bbox 1921 1144 3503 1218">
    <p class='ocr_par' dir='ltr' id='par_1_24' title="bbox 1921 1144 3503 1218">
     <span class='ocr_line' id='line_1_24' title="bbox 1921 1144 3503 1218; baseline -0.008 -10"><span class='ocrx_word' id='word_1_160' title='bbox 1921 1154 2066 1208; x_wconf 90' lang='lat' dir='ltr'><strong>enim</strong></span> <span class='ocrx_word' id='word_1_161' title='bbox 2097 1152 2441 1209; x_wconf 86' lang='lat' dir='ltr'><strong>solummodo</strong></span> <span class='ocrx_word' id='word_1_162' title='bbox 2477 1153 2581 1207; x_wconf 87' lang='lat' dir='ltr'><strong>hoc</strong></span> <span class='ocrx_word' id='word_1_163' title='bbox 2627 1152 2763 1216; x_wconf 83' lang='lat' dir='ltr'><strong>vult,</strong></span> <span class='ocrx_word' id='word_1_164' title='bbox 2810 1150 2905 1206; x_wconf 89' lang='lat' dir='ltr'><strong>sed</strong></span> <span class='ocrx_word' id='word_1_165' title='bbox 2937 1157 2993 1204; x_wconf 92' lang='lat' dir='ltr'><strong>et</strong></span> <span class='ocrx_word' id='word_1_166' title='bbox 3020 1154 3219 1218; x_wconf 83' lang='lat' dir='ltr'><strong>potest.</strong></span> <span class='ocrx_word' id='word_1_167' title='bbox 3259 1144 3503 1201; x_wconf 91' lang='lat' dir='ltr'><strong>Lumbus</strong></span> 
     </span>
    </p>
   </div>
   <div class='ocr_carea' id='block_1_25' title="bbox 1919 1237 3503 1315">
    <p class='ocr_par' dir='ltr' id='par_1_25' title="bbox 1919 1237 3503 1315">
     <span class='ocr_line' id='line_1_25' title="bbox 1919 1237 3503 1315; baseline -0.006 -16"><span class='ocrx_word' id='word_1_168' title='bbox 1919 1253 2144 1312; x_wconf 88' lang='lat' dir='ltr'><strong>autem,</strong></span> <span class='ocrx_word' id='word_1_169' title='bbox 2199 1252 2388 1315; x_wconf 87' lang='lat' dir='ltr'><strong>utpote</strong></span> <span class='ocrx_word' id='word_1_170' title='bbox 2434 1244 2577 1300; x_wconf 76' lang='lat' dir='ltr'><strong>forte</strong></span> <span class='ocrx_word' id='word_1_171' title='bbox 2627 1244 2954 1307; x_wconf 88' lang='lat' dir='ltr'><strong>membrum,</strong></span> <span class='ocrx_word' id='word_1_172' title='bbox 2996 1239 3268 1313; x_wconf 89' lang='lat' dir='ltr'><strong>signiﬁcat</strong></span> <span class='ocrx_word' id='word_1_173' title='bbox 3323 1237 3503 1292; x_wconf 86' lang='lat' dir='ltr'><strong>virtu-</strong></span> 
     </span>
    </p>
   </div>
   <div class='ocr_carea' id='block_1_26' title="bbox 1919 1349 2050 1397">
    <p class='ocr_par' dir='ltr' id='par_1_26' title="bbox 1919 1349 2050 1397">
     <span class='ocr_line' id='line_1_26' title="bbox 1919 1349 2050 1397; baseline -0.008 0"><span class='ocrx_word' id='word_1_174' title='bbox 1919 1349 2050 1397; x_wconf 91' lang='lat' dir='ltr'><strong>tem.</strong></span> 
     </span>
    </p>
   </div>
   <div class='ocr_carea' id='block_1_27' title="bbox 1988 1420 3567 1498">
    <p class='ocr_par' dir='ltr' id='par_1_27' title="bbox 1988 1420 3567 1498">
     <span class='ocr_line' id='line_1_27' title="bbox 1988 1420 3567 1498; baseline -0.009 -11"><span class='ocrx_word' id='word_1_175' title='bbox 1988 1432 2132 1487; x_wconf 90' lang='lat' dir='ltr'><strong>Duos</strong></span> <span class='ocrx_word' id='word_1_176' title='bbox 2162 1430 2495 1494; x_wconf 87' lang='lat' dir='ltr'><strong>renunculos,</strong></span> <span class='ocrx_word' id='word_1_177' title='bbox 2542 1439 2591 1484; x_wconf 87' lang='lat' dir='ltr'><strong>et</strong></span> <span class='ocrx_word' id='word_1_178' title='bbox 2632 1427 3001 1498; x_wconf 83' lang='lat' dir='ltr'><strong>pinguedinem</strong></span> <span class='ocrx_word' id='word_1_179' title='bbox 3038 1439 3155 1495; x_wconf 71' lang='lat' dir='ltr'><strong>qua:</strong></span> <span class='ocrx_word' id='word_1_180' title='bbox 3204 1423 3364 1493; x_wconf 72' lang='lat' dir='ltr'><strong>juxta</strong></span> <span class='ocrx_word' id='word_1_181' title='bbox 3402 1420 3501 1475; x_wconf 88' lang='lat' dir='ltr'><strong>ilia</strong></span> <span class='ocrx_word' id='word_1_182' title='bbox 3562 1478 3567 1481; x_wconf 62' lang='grc'>,</span> 
     </span>
    </p>
   </div>
   <div class='ocr_carea' id='block_1_28' title="bbox 1918 1514 3502 1593">
    <p class='ocr_par' dir='ltr' id='par_1_28' title="bbox 1918 1514 3502 1593">
     <span class='ocr_line' id='line_1_28' title="bbox 1918 1514 3502 1593; baseline -0.007 -14"><span class='ocrx_word' id='word_1_183' title='bbox 1918 1533 2017 1580; x_wconf 91' lang='lat' dir='ltr'><strong>est.</strong></span> <span class='ocrx_word' id='word_1_184' title='bbox 2053 1523 2182 1579; x_wconf 86' lang='lat' dir='ltr'><strong>Vult</strong></span> <span class='ocrx_word' id='word_1_185' title='bbox 2213 1524 2416 1593; x_wconf 88' lang='lat' dir='ltr'><strong>quippe</strong></span> <span class='ocrx_word' id='word_1_186' title='bbox 2456 1521 2691 1577; x_wconf 78' lang='lat' dir='ltr'><strong>maxime</strong></span> <span class='ocrx_word' id='word_1_187' title='bbox 2721 1518 3037 1590; x_wconf 73' lang='lat' dir='ltr'><strong>pmnitentis</strong></span> <span class='ocrx_word' id='word_1_188' title='bbox 3059 1516 3310 1571; x_wconf 89' lang='lat' dir='ltr'><strong>mundari</strong></span> <span class='ocrx_word' id='word_1_189' title='bbox 3344 1514 3502 1569; x_wconf 89' lang='lat' dir='ltr'><strong>inte-</strong></span> 
     </span>
    </p>
   </div>
   <div class='ocr_carea' id='block_1_29' title="bbox 1917 1605 3502 1680">
    <p class='ocr_par' dir='ltr' id='par_1_29' title="bbox 1917 1605 3502 1680">
     <span class='ocr_line' id='line_1_29' title="bbox 1917 1605 3502 1680; baseline -0.009 -7"><span class='ocrx_word' id='word_1_190' title='bbox 1917 1618 2115 1674; x_wconf 91' lang='lat' dir='ltr'><strong>riorem</strong></span> <span class='ocrx_word' id='word_1_191' title='bbox 2162 1616 2461 1680; x_wconf 89' lang='lat' dir='ltr'><strong>hominem,</strong></span> <span class='ocrx_word' id='word_1_192' title='bbox 2494 1615 2611 1670; x_wconf 88' lang='lat' dir='ltr'><strong>vult</strong></span> <span class='ocrx_word' id='word_1_193' title='bbox 2638 1612 2804 1667; x_wconf 89' lang='lat' dir='ltr'><strong>etiam</strong></span> <span class='ocrx_word' id='word_1_194' title='bbox 2840 1610 3043 1665; x_wconf 89' lang='lat' dir='ltr'><strong>habere</strong></span> <span class='ocrx_word' id='word_1_195' title='bbox 3082 1624 3206 1664; x_wconf 90' lang='lat' dir='ltr'><strong>eum</strong></span> <span class='ocrx_word' id='word_1_196' title='bbox 3239 1616 3294 1663; x_wconf 92' lang='lat' dir='ltr'><strong>et</strong></span> <span class='ocrx_word' id='word_1_197' title='bbox 3333 1605 3502 1661; x_wconf 84' lang='lat' dir='ltr'><strong>casti-</strong></span> 
     </span>
    </p>
   </div>
   <div class='ocr_carea' id='block_1_30' title="bbox 1918 1699 3500 1779">
    <p class='ocr_par' dir='ltr' id='par_1_30' title="bbox 1918 1699 3500 1779">
     <span class='ocr_line' id='line_1_30' title="bbox 1918 1699 3500 1779; baseline -0.009 -12"><span class='ocrx_word' id='word_1_198' title='bbox 1918 1720 2105 1767; x_wconf 81' lang='lat' dir='ltr'><strong>tatem.</strong></span> <span class='ocrx_word' id='word_1_199' title='bbox 2158 1709 2389 1779; x_wconf 79' lang='lat' dir='ltr'><strong>Propter</strong></span> <span class='ocrx_word' id='word_1_200' title='bbox 2438 1706 2584 1778; x_wconf 91' lang='lat' dir='ltr'><strong>quod</strong></span> <span class='ocrx_word' id='word_1_201' title='bbox 2632 1720 2743 1759; x_wconf 90' lang='lat' dir='ltr'><strong>non</strong></span> <span class='ocrx_word' id='word_1_202' title='bbox 2797 1703 2972 1757; x_wconf 88' lang='lat' dir='ltr'><strong>solum</strong></span> <span class='ocrx_word' id='word_1_203' title='bbox 3018 1701 3254 1763; x_wconf 87' lang='lat' dir='ltr'><strong>renium,</strong></span> <span class='ocrx_word' id='word_1_204' title='bbox 3299 1699 3395 1754; x_wconf 89' lang='lat' dir='ltr'><strong>sed</strong></span> <span class='ocrx_word' id='word_1_205' title='bbox 3443 1706 3500 1753; x_wconf 92' lang='lat' dir='ltr'><strong>et</strong></span> 
     </span>
    </p>
   </div>
   <div class='ocr_carea' id='block_1_31' title="bbox 1915 1789 3497 1865">
    <p class='ocr_par' dir='ltr' id='par_1_31' title="bbox 1915 1789 3497 1865">
     <span class='ocr_line' id='line_1_31' title="bbox 1915 1789 3497 1865; baseline -0.008 -12"><span class='ocrx_word' id='word_1_206' title='bbox 1915 1800 2166 1864; x_wconf 86' lang='lat' dir='ltr'><strong>iliorum,</strong></span> <span class='ocrx_word' id='word_1_207' title='bbox 2213 1799 2299 1854; x_wconf 79' lang='lat' dir='ltr'><strong>vel</strong></span> <span class='ocrx_word' id='word_1_208' title='bbox 2346 1798 2613 1853; x_wconf 82' lang='lat' dir='ltr'><strong>femorum</strong></span> <span class='ocrx_word' id='word_1_209' title='bbox 2658 1793 3042 1865; x_wconf 76' lang='lat' dir='ltr'><strong>pinguedinem</strong></span> <span class='ocrx_word' id='word_1_210' title='bbox 3070 1829 3085 1857; x_wconf 95' lang='lat'><strong>,</strong></span> <span class='ocrx_word' id='word_1_211' title='bbox 3132 1806 3230 1846; x_wconf 91' lang='lat' dir='ltr'><strong>seu</strong></span> <span class='ocrx_word' id='word_1_212' title='bbox 3279 1789 3497 1858; x_wconf 88' lang='lat' dir='ltr'><strong>adipem</strong></span> 
     </span>
    </p>
   </div>
   <div class='ocr_carea' id='block_1_32' title="bbox 1916 1879 3501 1962">
    <p class='ocr_par' dir='ltr' id='par_1_32' title="bbox 1916 1879 3501 1962">
     <span class='ocr_line' id='line_1_32' title="bbox 1916 1879 3501 1962; baseline -0.008 -15"><span class='ocrx_word' id='word_1_213' title='bbox 1916 1892 2118 1947; x_wconf 80' lang='lat' dir='ltr'><strong>auferri</strong></span> <span class='ocrx_word' id='word_1_214' title='bbox 2163 1890 2350 1962; x_wconf 87' lang='lat' dir='ltr'><strong>jussit.</strong></span> <span class='ocrx_word' id='word_1_215' title='bbox 2388 1889 2514 1959; x_wconf 90' lang='lat' dir='ltr'><strong>quia</strong></span> <span class='ocrx_word' id='word_1_216' title='bbox 2544 1888 2662 1942; x_wconf 52' lang='lat' dir='ltr'><strong>hac</strong></span> <span class='ocrx_word' id='word_1_217' title='bbox 2691 1883 3090 1940; x_wconf 83' lang='lat' dir='ltr'><strong>commistionis</strong></span> <span class='ocrx_word' id='word_1_218' title='bbox 3113 1879 3415 1936; x_wconf 89' lang='lat' dir='ltr'><strong>ministeria</strong></span> <span class='ocrx_word' id='word_1_219' title='bbox 3444 1888 3501 1934; x_wconf 91' lang='lat' dir='ltr'><strong>et</strong></span> 
     </span>
    </p>
   </div>
   <div class='ocr_carea' id='block_1_33' title="bbox 216 1960 1820 2050">
    <p class='ocr_par' dir='ltr' id='par_1_33' title="bbox 216 1971 1810 2044">
     <span class='ocr_line' id='line_1_33' title="bbox 216 1971 1810 2044; baseline 0.002 -21"><span class='ocrx_word' id='word_1_220' title='bbox 216 1984 353 2024; x_wconf 87' lang='lat' dir='ltr'><strong>cum</strong></span> <span class='ocrx_word' id='word_1_221' title='bbox 380 1972 668 2037; x_wconf 86' lang='lat' dir='ltr'><strong>sacriﬁcio,</strong></span> <span class='ocrx_word' id='word_1_222' title='bbox 698 1975 845 2044; x_wconf 90' lang='lat' dir='ltr'><strong>quod</strong></span> <span class='ocrx_word' id='word_1_223' title='bbox 874 1990 974 2043; x_wconf 91' lang='lat' dir='ltr'><strong>pro</strong></span> <span class='ocrx_word' id='word_1_224' title='bbox 1016 1974 1123 2028; x_wconf 91' lang='lat' dir='ltr'><strong>alio</strong></span> <span class='ocrx_word' id='word_1_225' title='bbox 1158 1973 1252 2027; x_wconf 89' lang='lat' dir='ltr'><strong>illo</strong></span> <span class='ocrx_word' id='word_1_226' title='bbox 1294 1982 1518 2042; x_wconf 88' lang='lat' dir='ltr'><strong>peccato</strong></span> <span class='ocrx_word' id='word_1_227' title='bbox 1558 1971 1810 2027; x_wconf 79' lang='lat' dir='ltr'><strong>oﬁ&#39;ertur.</strong></span> 
     </span>
    </p>
   </div>
   <div class='ocr_carea' id='block_1_34' title="bbox 1922 1960 3500 2050">
    <p class='ocr_par' dir='ltr' id='par_1_34' title="bbox 1922 1960 3500 2050">
     <span class='ocr_line' id='line_1_34' title="bbox 1922 1960 3500 2050; baseline -0.009 -12"><span class='ocrx_word' id='word_1_228' title='bbox 1922 1960 2186 2038; x_wconf 86' lang='lat' dir='ltr'><strong>seminum</strong></span> <span class='ocrx_word' id='word_1_229' title='bbox 2236 1987 2515 2050; x_wconf 88' lang='lat' dir='ltr'><strong>putantur.</strong></span> <span class='ocrx_word' id='word_1_230' title='bbox 2570 1976 2706 2031; x_wconf 90' lang='lat' dir='ltr'><strong>Cum</strong></span> <span class='ocrx_word' id='word_1_231' title='bbox 2755 1975 2841 2029; x_wconf 91' lang='lat' dir='ltr'><strong>his</strong></span> <span class='ocrx_word' id='word_1_232' title='bbox 2886 1974 3050 2028; x_wconf 89' lang='lat' dir='ltr'><strong>etiam</strong></span> <span class='ocrx_word' id='word_1_233' title='bbox 3098 1970 3387 2026; x_wconf 89' lang='lat' dir='ltr'><strong>reticulum</strong></span> <span class='ocrx_word' id='word_1_234' title='bbox 3415 1969 3500 2039; x_wconf 81' lang='lat' dir='ltr'><strong>je-</strong></span> 
     </span>
    </p>
   </div>
   <div class='ocr_carea' id='block_1_35' title="bbox 218 2061 1813 2139">
    <p class='ocr_par' dir='ltr' id='par_1_35' title="bbox 218 2061 1813 2139">
     <span class='ocr_line' id='line_1_35' title="bbox 218 2061 1813 2139; baseline 0.002 -21"><span class='ocrx_word' id='word_1_235' title='bbox 218 2061 457 2134; x_wconf 83' lang='lat' dir='ltr'><strong>Propter</strong></span> <span class='ocrx_word' id='word_1_236' title='bbox 487 2069 631 2139; x_wconf 86' lang='lat' dir='ltr'><strong>quod</strong></span> <span class='ocrx_word' id='word_1_237' title='bbox 658 2083 721 2123; x_wconf 91' lang='lat' dir='ltr'><strong>ea</strong></span> <span class='ocrx_word' id='word_1_238' title='bbox 754 2069 829 2124; x_wconf 88' lang='lat' dir='ltr'><strong>ibi</strong></span> <span class='ocrx_word' id='word_1_239' title='bbox 867 2070 1243 2139; x_wconf 86' lang='lat' dir='ltr'><strong>interpretata,</strong></span> <span class='ocrx_word' id='word_1_240' title='bbox 1286 2067 1375 2123; x_wconf 88' lang='lat' dir='ltr'><strong>hic</strong></span> <span class='ocrx_word' id='word_1_241' title='bbox 1416 2078 1565 2123; x_wconf 89' lang='lat' dir='ltr'><strong>recte</strong></span> <span class='ocrx_word' id='word_1_242' title='bbox 1588 2077 1813 2138; x_wconf 69' lang='lat' dir='ltr'><strong>praeter-</strong></span> 
     </span>
    </p>
   </div>
   <div class='ocr_carea' id='block_1_36' title="bbox 219 2157 1316 2226">
    <p class='ocr_par' dir='ltr' id='par_1_36' title="bbox 219 2157 1316 2226">
     <span class='ocr_line' id='line_1_36' title="bbox 219 2157 1316 2226; baseline 0.005 -17"><span class='ocrx_word' id='word_1_243' title='bbox 219 2157 536 2214; x_wconf 86' lang='lat' dir='ltr'><strong>mittentur.</strong></span> <span class='ocrx_word' id='word_1_244' title='bbox 569 2160 710 2226; x_wconf 84' lang='lat' dir='ltr'><strong>Quid</strong></span> <span class='ocrx_word' id='word_1_245' title='bbox 749 2170 931 2215; x_wconf 90' lang='lat' dir='ltr'><strong>autem</strong></span> <span class='ocrx_word' id='word_1_246' title='bbox 962 2161 1046 2217; x_wconf 90' lang='lat' dir='ltr'><strong>his</strong></span> <span class='ocrx_word' id='word_1_247' title='bbox 1085 2161 1316 2224; x_wconf 90' lang='lat' dir='ltr'><strong>addidit,</strong></span> 
     </span>
    </p>
   </div>
   <div class='ocr_carea' id='block_1_37' title="bbox 296 2244 1811 2319">
    <p class='ocr_par' dir='ltr' id='par_1_37' title="bbox 296 2244 1811 2319">
     <span class='ocr_line' id='line_1_37' title="bbox 296 2244 1811 2319; baseline 0.001 -20"><span class='ocrx_word' id='word_1_248' title='bbox 296 2244 489 2315; x_wconf 57' lang='grc' dir='ltr'><strong>θίγεν-ει</strong></span> <span class='ocrx_word' id='word_1_249' title='bbox 517 2265 581 2301; x_wconf 80' lang='lat' dir='ltr'><strong>ea:</strong></span> <span class='ocrx_word' id='word_1_250' title='bbox 607 2265 671 2302; x_wconf 86' lang='lat' dir='ltr'><strong>ea</strong></span> <span class='ocrx_word' id='word_1_251' title='bbox 699 2251 947 2310; x_wconf 87' lang='lat' dir='ltr'><strong>caudam.</strong></span> <span class='ocrx_word' id='word_1_252' title='bbox 981 2258 1031 2303; x_wconf 88' lang='lat' dir='ltr'><strong>et</strong></span> <span class='ocrx_word' id='word_1_253' title='bbox 1062 2250 1272 2319; x_wconf 85' lang='lat' dir='ltr'><strong>adipem</strong></span> <span class='ocrx_word' id='word_1_254' title='bbox 1302 2250 1392 2319; x_wconf 89' lang='lat' dir='ltr'><strong>qui</strong></span> <span class='ocrx_word' id='word_1_255' title='bbox 1412 2248 1578 2318; x_wconf 86' lang='lat' dir='ltr'><strong>operit</strong></span> <span class='ocrx_word' id='word_1_256' title='bbox 1601 2247 1811 2312; x_wconf 82' lang='lat' dir='ltr'><strong>vitalia,</strong></span> 
     </span>
    </p>
   </div>
   <div class='ocr_carea' id='block_1_38' title="bbox 217 2337 1811 2409">
    <p class='ocr_par' dir='ltr' id='par_1_38' title="bbox 217 2337 1811 2409">
     <span class='ocr_line' id='line_1_38' title="bbox 217 2337 1811 2409; baseline 0.003 -22"><span class='ocrx_word' id='word_1_257' title='bbox 217 2337 360 2389; x_wconf 86' lang='lat' dir='ltr'><strong>duos</strong></span> <span class='ocrx_word' id='word_1_258' title='bbox 392 2338 723 2401; x_wconf 87' lang='lat' dir='ltr'><strong>renunculos,</strong></span> <span class='ocrx_word' id='word_1_259' title='bbox 755 2348 804 2392; x_wconf 87' lang='lat' dir='ltr'><strong>et</strong></span> <span class='ocrx_word' id='word_1_260' title='bbox 831 2340 1222 2409; x_wconf 82' lang='lat' dir='ltr'><strong>pinguedinem,</strong></span> <span class='ocrx_word' id='word_1_261' title='bbox 1255 2356 1372 2407; x_wconf 70' lang='lat' dir='ltr'><strong>qua:</strong></span> <span class='ocrx_word' id='word_1_262' title='bbox 1386 2338 1549 2408; x_wconf 78' lang='lat' dir='ltr'><strong>juxta</strong></span> <span class='ocrx_word' id='word_1_263' title='bbox 1588 2338 1687 2391; x_wconf 84' lang='lat' dir='ltr'><strong>ilia</strong></span> <span class='ocrx_word' id='word_1_264' title='bbox 1714 2346 1811 2401; x_wconf 86' lang='lat' dir='ltr'><strong>est,</strong></span> 
     </span>
    </p>
   </div>
   <div class='ocr_carea' id='block_1_39' title="bbox 220 2428 1814 2499">
    <p class='ocr_par' dir='ltr' id='par_1_39' title="bbox 220 2428 1814 2499">
     <span class='ocr_line' id='line_1_39' title="bbox 220 2428 1814 2499; baseline 0.003 -22"><span class='ocrx_word' id='word_1_265' title='bbox 220 2428 611 2498; x_wconf 80' lang='lat' dir='ltr'><strong>reticulumque</strong></span> <span class='ocrx_word' id='word_1_266' title='bbox 646 2430 846 2499; x_wconf 86' lang='lat' dir='ltr'><strong>jecoris</strong></span> <span class='ocrx_word' id='word_1_267' title='bbox 883 2447 1002 2484; x_wconf 88' lang='lat' dir='ltr'><strong>cum</strong></span> <span class='ocrx_word' id='word_1_268' title='bbox 1040 2430 1364 2494; x_wconf 76' lang='lat' dir='ltr'><strong>renunculis,</strong></span> <span class='ocrx_word' id='word_1_269' title='bbox 1415 2440 1462 2483; x_wconf 86' lang='lat' dir='ltr'><strong>et</strong></span> <span class='ocrx_word' id='word_1_270' title='bbox 1492 2429 1718 2482; x_wconf 86' lang='lat' dir='ltr'><strong>adolebit</strong></span> <span class='ocrx_word' id='word_1_271' title='bbox 1750 2445 1814 2482; x_wconf 88' lang='lat' dir='ltr'><strong>ea</strong></span> 
     </span>
    </p>
   </div>
   <div class='ocr_carea' id='block_1_40' title="bbox 219 2518 1817 2588">
    <p class='ocr_par' dir='ltr' id='par_1_40' title="bbox 219 2518 1817 2588">
     <span class='ocr_line' id='line_1_40' title="bbox 219 2518 1817 2588; baseline 0.003 -20"><span class='ocrx_word' id='word_1_272' title='bbox 219 2532 390 2584; x_wconf 84' lang='lat' dir='ltr'><strong>super</strong></span> <span class='ocrx_word' id='word_1_273' title='bbox 420 2518 592 2574; x_wconf 85' lang='lat' dir='ltr'><strong>altare</strong></span> <span class='ocrx_word' id='word_1_274' title='bbox 639 2522 901 2586; x_wconf 74' lang='lat' dir='ltr'><strong>sacerdos,</strong></span> <span class='ocrx_word' id='word_1_275' title='bbox 953 2522 1222 2576; x_wconf 87' lang='lat' dir='ltr'><strong>incensum</strong></span> <span class='ocrx_word' id='word_1_276' title='bbox 1251 2530 1323 2574; x_wconf 79' lang='lat' dir='ltr'><strong>est</strong></span> <span class='ocrx_word' id='word_1_277' title='bbox 1360 2521 1573 2574; x_wconf 84' lang='lat' dir='ltr'><strong>Domini</strong></span> <span class='ocrx_word' id='word_1_278' title='bbox 1602 2536 1696 2588; x_wconf 89' lang='lat' dir='ltr'><strong>pro</strong></span> <span class='ocrx_word' id='word_1_279' title='bbox 1725 2519 1817 2573; x_wconf 83' lang='lat' dir='ltr'><strong>dc-</strong></span> 
     </span>
    </p>
   </div>
   <div class='ocr_carea' id='block_1_41' title="bbox 223 2607 1815 2681">
    <p class='ocr_par' dir='ltr' id='par_1_41' title="bbox 223 2607 1815 2681">
     <span class='ocr_line' id='line_1_41' title="bbox 223 2607 1815 2681; baseline 0.003 -20"><span class='ocrx_word' id='word_1_280' title='bbox 223 2607 378 2665; x_wconf 80' lang='lat' dir='ltr'><strong>licto.</strong></span> <span class='ocrx_word' id='word_1_281' title='bbox 437 2610 594 2675; x_wconf 86' lang='lat' dir='ltr'><strong>Quod</strong></span> <span class='ocrx_word' id='word_1_282' title='bbox 656 2613 800 2668; x_wconf 80' lang='lat' dir='ltr'><strong>LXX</strong></span> <span class='ocrx_word' id='word_1_283' title='bbox 863 2613 941 2669; x_wconf 90' lang='lat' dir='ltr'><strong>sic</strong></span> <span class='ocrx_word' id='word_1_284' title='bbox 993 2614 1164 2668; x_wconf 89' lang='lat' dir='ltr'><strong>edunt</strong></span> <span class='ocrx_word' id='word_1_285' title='bbox 1196 2632 1209 2668; x_wconf 91' lang='lat'><strong>:</strong></span> <span class='ocrx_word' id='word_1_286' title='bbox 1246 2613 1313 2667; x_wconf 87' lang='lat' dir='ltr'><strong>Et</strong></span> <span class='ocrx_word' id='word_1_287' title='bbox 1356 2630 1563 2666; x_wconf 86' lang='lat' dir='ltr'><strong>omnem</strong></span> <span class='ocrx_word' id='word_1_288' title='bbox 1604 2612 1815 2681; x_wconf 87' lang='lat' dir='ltr'><strong>adipem</strong></span> 
     </span>
    </p>
   </div>
   <div class='ocr_carea' id='block_1_42' title="bbox 222 2702 1815 2775">
    <p class='ocr_par' dir='ltr' id='par_1_42' title="bbox 222 2702 1815 2775">
     <span class='ocr_line' id='line_1_42' title="bbox 222 2702 1815 2775; baseline 0.002 -21"><span class='ocrx_word' id='word_1_289' title='bbox 222 2702 349 2771; x_wconf 80' lang='lat' dir='ltr'><strong>ejus</strong></span> <span class='ocrx_word' id='word_1_290' title='bbox 380 2705 583 2773; x_wconf 70' lang='lat' dir='ltr'><strong>auferet</strong></span> <span class='ocrx_word' id='word_1_291' title='bbox 620 2706 685 2759; x_wconf 91' lang='lat' dir='ltr'><strong>ab</strong></span> <span class='ocrx_word' id='word_1_292' title='bbox 720 2722 799 2775; x_wconf 81' lang='lat' dir='ltr'><strong>eo,</strong></span> <span class='ocrx_word' id='word_1_293' title='bbox 853 2705 1088 2760; x_wconf 89' lang='lat' dir='ltr'><strong>lumbum</strong></span> <span class='ocrx_word' id='word_1_294' title='bbox 1132 2716 1181 2760; x_wconf 88' lang='lat' dir='ltr'><strong>et</strong></span> <span class='ocrx_word' id='word_1_295' title='bbox 1222 2720 1427 2761; x_wconf 87' lang='lat' dir='ltr'><strong>omnem</strong></span> <span class='ocrx_word' id='word_1_296' title='bbox 1472 2706 1683 2774; x_wconf 85' lang='lat' dir='ltr'><strong>adipem</strong></span> <span class='ocrx_word' id='word_1_297' title='bbox 1722 2707 1815 2775; x_wconf 85' lang='lat' dir='ltr'><strong>qui</strong></span> 
     </span>
    </p>
   </div>
   <div class='ocr_carea' id='block_1_43' title="bbox 220 2772 1816 2867">
    <p class='ocr_par' dir='ltr' id='par_1_43' title="bbox 220 2772 1816 2867">
     <span class='ocr_line' id='line_1_43' title="bbox 220 2772 1816 2867; baseline 0.003 -22"><span class='ocrx_word' id='word_1_298' title='bbox 220 2793 403 2861; x_wconf 85' lang='lat' dir='ltr'><strong>operit</strong></span> <span class='ocrx_word' id='word_1_299' title='bbox 448 2772 745 2861; x_wconf 62' lang='lat' dir='ltr'><strong>interiorat’,</strong></span> <span class='ocrx_word' id='word_1_300' title='bbox 787 2806 835 2850; x_wconf 85' lang='lat' dir='ltr'><strong>et</strong></span> <span class='ocrx_word' id='word_1_301' title='bbox 875 2813 1081 2851; x_wconf 88' lang='lat' dir='ltr'><strong>omnem</strong></span> <span class='ocrx_word' id='word_1_302' title='bbox 1139 2799 1351 2867; x_wconf 82' lang='lat' dir='ltr'><strong>adipem</strong></span> <span class='ocrx_word' id='word_1_303' title='bbox 1387 2799 1477 2867; x_wconf 87' lang='lat' dir='ltr'><strong>qui</strong></span> <span class='ocrx_word' id='word_1_304' title='bbox 1519 2772 1683 2851; x_wconf 78' lang='lat' dir='ltr'><strong>estin</strong></span> <span class='ocrx_word' id='word_1_305' title='bbox 1733 2772 1816 2850; x_wconf 86' lang='lat' dir='ltr'><strong>in-</strong></span> 
     </span>
    </p>
   </div>
   <div class='ocr_carea' id='block_1_44' title="bbox 220 2886 1814 2961">
    <p class='ocr_par' dir='ltr' id='par_1_44' title="bbox 220 2886 1814 2961">
     <span class='ocr_line' id='line_1_44' title="bbox 220 2886 1814 2961; baseline 0.004 -22"><span class='ocrx_word' id='word_1_306' title='bbox 220 2886 530 2949; x_wconf 69' lang='lat' dir='ltr'><strong>terioribus,</strong></span> <span class='ocrx_word' id='word_1_307' title='bbox 571 2898 620 2942; x_wconf 90' lang='lat' dir='ltr'><strong>et</strong></span> <span class='ocrx_word' id='word_1_308' title='bbox 652 2890 781 2943; x_wconf 89' lang='lat' dir='ltr'><strong>duos</strong></span> <span class='ocrx_word' id='word_1_309' title='bbox 817 2907 986 2955; x_wconf 87' lang='lat' dir='ltr'><strong>renes,</strong></span> <span class='ocrx_word' id='word_1_310' title='bbox 1041 2900 1090 2945; x_wconf 86' lang='lat' dir='ltr'><strong>et</strong></span> <span class='ocrx_word' id='word_1_311' title='bbox 1127 2892 1336 2960; x_wconf 83' lang='lat' dir='ltr'><strong>adipem</strong></span> <span class='ocrx_word' id='word_1_312' title='bbox 1378 2892 1435 2945; x_wconf 89' lang='lat' dir='ltr'><strong>in</strong></span> <span class='ocrx_word' id='word_1_313' title='bbox 1462 2892 1559 2957; x_wconf 84' lang='lat' dir='ltr'><strong>eis,</strong></span> <span class='ocrx_word' id='word_1_314' title='bbox 1587 2893 1676 2961; x_wconf 88' lang='lat' dir='ltr'><strong>qui</strong></span> <span class='ocrx_word' id='word_1_315' title='bbox 1740 2900 1814 2945; x_wconf 87' lang='lat' dir='ltr'><strong>est</strong></span> 
     </span>
    </p>
   </div>
   <div class='ocr_carea' id='block_1_45' title="bbox 223 2977 1816 3052">
    <p class='ocr_par' dir='ltr' id='par_1_45' title="bbox 223 2977 1816 3052">
     <span class='ocr_line' id='line_1_45' title="bbox 223 2977 1816 3052; baseline 0.005 -22"><span class='ocrx_word' id='word_1_316' title='bbox 223 2977 291 3030; x_wconf 77' lang='lat' dir='ltr'><strong>in</strong></span> <span class='ocrx_word' id='word_1_317' title='bbox 355 2979 663 3049; x_wconf 71' lang='lat' dir='ltr'><strong>femoribus,</strong></span> <span class='ocrx_word' id='word_1_318' title='bbox 726 2990 774 3036; x_wconf 91' lang='lat' dir='ltr'><strong>et</strong></span> <span class='ocrx_word' id='word_1_319' title='bbox 849 2982 1099 3051; x_wconf 86' lang='lat' dir='ltr'><strong>pinnulas</strong></span> <span class='ocrx_word' id='word_1_320' title='bbox 1154 2983 1350 3052; x_wconf 86' lang='lat' dir='ltr'><strong>jecoris</strong></span> <span class='ocrx_word' id='word_1_321' title='bbox 1418 3000 1537 3038; x_wconf 90' lang='lat' dir='ltr'><strong>cum</strong></span> <span class='ocrx_word' id='word_1_322' title='bbox 1608 2985 1816 3039; x_wconf 78' lang='lat' dir='ltr'><strong>renibus</strong></span> 
     </span>
    </p>
   </div>
   <div class='ocr_carea' id='block_1_46' title="bbox 224 3071 1817 3140">
    <p class='ocr_par' dir='ltr' id='par_1_46' title="bbox 224 3071 1817 3140">
     <span class='ocr_line' id='line_1_46' title="bbox 224 3071 1817 3140; baseline 0.004 -17"><span class='ocrx_word' id='word_1_323' title='bbox 224 3079 282 3124; x_wconf 86' lang='lat' dir='ltr'><strong>et</strong></span> <span class='ocrx_word' id='word_1_324' title='bbox 347 3071 524 3140; x_wconf 74' lang='lat' dir='ltr'><strong>oﬂ&#39;eret</strong></span> <span class='ocrx_word' id='word_1_325' title='bbox 579 3091 641 3127; x_wconf 92' lang='lat' dir='ltr'><strong>ea</strong></span> <span class='ocrx_word' id='word_1_326' title='bbox 702 3075 773 3128; x_wconf 89' lang='lat' dir='ltr'><strong>ad</strong></span> <span class='ocrx_word' id='word_1_327' title='bbox 830 3074 1003 3128; x_wconf 89' lang='lat' dir='ltr'><strong>altare</strong></span> <span class='ocrx_word' id='word_1_328' title='bbox 1056 3076 1298 3129; x_wconf 76' lang='lat' dir='ltr'><strong>sacerdos</strong></span> <span class='ocrx_word' id='word_1_329' title='bbox 1349 3076 1577 3129; x_wconf 82' lang='lat' dir='ltr'><strong>hostiam</strong></span> <span class='ocrx_word' id='word_1_330' title='bbox 1635 3075 1817 3129; x_wconf 89' lang='lat' dir='ltr'><strong>Domi-</strong></span> 
     </span>
    </p>
   </div>
   <div class='ocr_carea' id='block_1_47' title="bbox 224 3160 1816 3236">
    <p class='ocr_par' dir='ltr' id='par_1_47' title="bbox 224 3160 1816 3236">
     <span class='ocr_line' id='line_1_47' title="bbox 224 3160 1816 3236; baseline 0.004 -22"><span class='ocrx_word' id='word_1_331' title='bbox 224 3176 322 3215; x_wconf 76' lang='lat' dir='ltr'><strong>no.</strong></span> <span class='ocrx_word' id='word_1_332' title='bbox 363 3160 486 3217; x_wconf 64' lang='lat' dir='ltr'><strong>Haec</strong></span> <span class='ocrx_word' id='word_1_333' title='bbox 509 3178 850 3233; x_wconf 88' lang='lat' dir='ltr'><strong>nequaquam</strong></span> <span class='ocrx_word' id='word_1_334' title='bbox 888 3166 1161 3235; x_wconf 89' lang='lat' dir='ltr'><strong>pertinent</strong></span> <span class='ocrx_word' id='word_1_335' title='bbox 1203 3166 1269 3221; x_wconf 82' lang='lat' dir='ltr'><strong>ad</strong></span> <span class='ocrx_word' id='word_1_336' title='bbox 1295 3165 1527 3220; x_wconf 88' lang='lat' dir='ltr'><strong>aliorum</strong></span> <span class='ocrx_word' id='word_1_337' title='bbox 1559 3176 1816 3236; x_wconf 86' lang='lat' dir='ltr'><strong>peccato—</strong></span> 
     </span>
    </p>
   </div>
   <div class='ocr_carea' id='block_1_48' title="bbox 224 3253 1816 3327">
    <p class='ocr_par' dir='ltr' id='par_1_48' title="bbox 224 3253 1816 3327">
     <span class='ocr_line' id='line_1_48' title="bbox 224 3253 1816 3327; baseline 0.005 -22"><span class='ocrx_word' id='word_1_338' title='bbox 224 3267 356 3306; x_wconf 86' lang='lat' dir='ltr'><strong>rum</strong></span> <span class='ocrx_word' id='word_1_339' title='bbox 406 3253 684 3318; x_wconf 85' lang='lat' dir='ltr'><strong>sacriﬁcia,</strong></span> <span class='ocrx_word' id='word_1_340' title='bbox 745 3264 963 3326; x_wconf 86' lang='lat' dir='ltr'><strong>oportet</strong></span> <span class='ocrx_word' id='word_1_341' title='bbox 1008 3272 1140 3327; x_wconf 85' lang='lat' dir='ltr'><strong>ergo</strong></span> <span class='ocrx_word' id='word_1_342' title='bbox 1199 3272 1261 3311; x_wconf 91' lang='lat' dir='ltr'><strong>ea</strong></span> <span class='ocrx_word' id='word_1_343' title='bbox 1317 3257 1613 3313; x_wconf 86' lang='lat' dir='ltr'><strong>discutere.</strong></span> <span class='ocrx_word' id='word_1_344' title='bbox 1678 3258 1816 3313; x_wconf 86' lang='lat' dir='ltr'><strong>Illud</strong></span> 
     </span>
    </p>
   </div>
   <div class='ocr_carea' id='block_1_49' title="bbox 223 3348 1816 3420">
    <p class='ocr_par' dir='ltr' id='par_1_49' title="bbox 223 3348 1816 3420">
     <span class='ocr_line' id='line_1_49' title="bbox 223 3348 1816 3420; baseline 0.004 -21"><span class='ocrx_word' id='word_1_345' title='bbox 223 3355 419 3402; x_wconf 81' lang='lat' dir='ltr'><strong>autem</strong></span> <span class='ocrx_word' id='word_1_346' title='bbox 458 3348 742 3404; x_wconf 87' lang='lat' dir='ltr'><strong>intendere</strong></span> <span class='ocrx_word' id='word_1_347' title='bbox 791 3350 941 3419; x_wconf 90' lang='lat' dir='ltr'><strong>prius</strong></span> <span class='ocrx_word' id='word_1_348' title='bbox 969 3359 1052 3405; x_wconf 90' lang='lat' dir='ltr'><strong>est</strong></span> <span class='ocrx_word' id='word_1_349' title='bbox 1096 3350 1489 3415; x_wconf 88' lang='lat' dir='ltr'><strong>necessarium,</strong></span> <span class='ocrx_word' id='word_1_350' title='bbox 1522 3352 1649 3420; x_wconf 88' lang='lat' dir='ltr'><strong>quia</strong></span> <span class='ocrx_word' id='word_1_351' title='bbox 1679 3352 1816 3406; x_wconf 91' lang='lat' dir='ltr'><strong>deli-</strong></span> 
     </span>
    </p>
   </div>
   <div class='ocr_carea' id='block_1_50' title="bbox 222 3438 1816 3511">
    <p class='ocr_par' dir='ltr' id='par_1_50' title="bbox 222 3438 1816 3511">
     <span class='ocr_line' id='line_1_50' title="bbox 222 3438 1816 3511; baseline 0.004 -20"><span class='ocrx_word' id='word_1_352' title='bbox 222 3446 385 3493; x_wconf 86' lang='lat' dir='ltr'><strong>ctum</strong></span> <span class='ocrx_word' id='word_1_353' title='bbox 446 3438 514 3494; x_wconf 88' lang='lat' dir='ltr'><strong>ad</strong></span> <span class='ocrx_word' id='word_1_354' title='bbox 583 3439 750 3495; x_wconf 89' lang='lat' dir='ltr'><strong>Deum</strong></span> <span class='ocrx_word' id='word_1_355' title='bbox 802 3441 1075 3496; x_wconf 82' lang='lat' dir='ltr'><strong>refertur:</strong></span> <span class='ocrx_word' id='word_1_356' title='bbox 1116 3456 1459 3511; x_wconf 65' lang='lat' dir='ltr'><strong>quaecunque</strong></span> <span class='ocrx_word' id='word_1_357' title='bbox 1516 3451 1703 3497; x_wconf 88' lang='lat' dir='ltr'><strong>autem</strong></span> <span class='ocrx_word' id='word_1_358' title='bbox 1749 3443 1816 3497; x_wconf 89' lang='lat' dir='ltr'><strong>ad</strong></span> 
     </span>
    </p>
   </div>
   <div class='ocr_carea' id='block_1_51' title="bbox 224 3528 1819 3599">
    <p class='ocr_par' dir='ltr' id='par_1_51' title="bbox 224 3528 1819 3599">
     <span class='ocr_line' id='line_1_51' title="bbox 224 3528 1819 3599; baseline 0.005 -16"><span class='ocrx_word' id='word_1_359' title='bbox 224 3528 405 3585; x_wconf 85' lang='lat' dir='ltr'><strong>Deum</strong></span> <span class='ocrx_word' id='word_1_360' title='bbox 454 3531 789 3597; x_wconf 83' lang='lat' dir='ltr'><strong>referuntur,</strong></span> <span class='ocrx_word' id='word_1_361' title='bbox 824 3533 1097 3589; x_wconf 80' lang='lat' dir='ltr'><strong>diﬁicilem</strong></span> <span class='ocrx_word' id='word_1_362' title='bbox 1130 3535 1336 3590; x_wconf 87' lang='lat' dir='ltr'><strong>habent</strong></span> <span class='ocrx_word' id='word_1_363' title='bbox 1376 3534 1617 3599; x_wconf 87' lang='lat' dir='ltr'><strong>veniam,</strong></span> <span class='ocrx_word' id='word_1_364' title='bbox 1647 3535 1723 3590; x_wconf 88' lang='lat' dir='ltr'><strong>ita</strong></span> <span class='ocrx_word' id='word_1_365' title='bbox 1756 3543 1819 3591; x_wconf 93' lang='lat' dir='ltr'><strong>ut</strong></span> 
     </span>
    </p>
   </div>
   <div class='ocr_carea' id='block_1_52' title="bbox 226 3621 1814 3696">
    <p class='ocr_par' dir='ltr' id='par_1_52' title="bbox 226 3621 1814 3696">
     <span class='ocr_line' id='line_1_52' title="bbox 226 3621 1814 3696; baseline 0.005 -21"><span class='ocrx_word' id='word_1_366' title='bbox 226 3621 354 3677; x_wconf 83' lang='lat' dir='ltr'><strong>Heli</strong></span> <span class='ocrx_word' id='word_1_367' title='bbox 398 3622 522 3679; x_wconf 88' lang='lat' dir='ltr'><strong>ﬁliis</strong></span> <span class='ocrx_word' id='word_1_368' title='bbox 558 3625 783 3680; x_wconf 87' lang='lat' dir='ltr'><strong>diceret:</strong></span> <span class='ocrx_word' id='word_1_369' title='bbox 816 3625 874 3680; x_wconf 89' lang='lat' dir='ltr'><strong>Si</strong></span> <span class='ocrx_word' id='word_1_370' title='bbox 916 3626 1068 3679; x_wconf 77' lang='lat' dir='ltr'><strong>homo</strong></span> <span class='ocrx_word' id='word_1_371' title='bbox 1102 3628 1391 3695; x_wconf 84' lang='lat' dir='ltr'><strong>peccaverit</strong></span> <span class='ocrx_word' id='word_1_372' title='bbox 1436 3628 1492 3681; x_wconf 90' lang='lat' dir='ltr'><strong>in</strong></span> <span class='ocrx_word' id='word_1_373' title='bbox 1531 3629 1814 3696; x_wconf 81' lang='lat' dir='ltr'><strong>hominem,</strong></span> 
     </span>
    </p>
   </div>
   <div class='ocr_carea' id='block_1_53' title="bbox 227 3716 1817 3792">
    <p class='ocr_par' dir='ltr' id='par_1_53' title="bbox 227 3716 1817 3792">
     <span class='ocr_line' id='line_1_53' title="bbox 227 3716 1817 3792; baseline 0.003 -20"><span class='ocrx_word' id='word_1_374' title='bbox 227 3716 406 3772; x_wconf 83' lang='lat' dir='ltr'><strong>orabit</strong></span> <span class='ocrx_word' id='word_1_375' title='bbox 426 3734 521 3786; x_wconf 87' lang='lat' dir='ltr'><strong>pro</strong></span> <span class='ocrx_word' id='word_1_376' title='bbox 555 3734 653 3772; x_wconf 89' lang='lat' dir='ltr'><strong>eo:</strong></span> <span class='ocrx_word' id='word_1_377' title='bbox 679 3719 725 3771; x_wconf 86' lang='lat' dir='ltr'><strong>si</strong></span> <span class='ocrx_word' id='word_1_378' title='bbox 753 3736 871 3774; x_wconf 83' lang='lat' dir='ltr'><strong>vero</strong></span> <span class='ocrx_word' id='word_1_379' title='bbox 913 3721 970 3773; x_wconf 87' lang='lat' dir='ltr'><strong>in</strong></span> <span class='ocrx_word' id='word_1_380' title='bbox 1009 3719 1173 3774; x_wconf 87' lang='lat' dir='ltr'><strong>Deum</strong></span> <span class='ocrx_word' id='word_1_381' title='bbox 1209 3721 1521 3790; x_wconf 82' lang='lat' dir='ltr'><strong>peccaverit,</strong></span> <span class='ocrx_word' id='word_1_382' title='bbox 1558 3723 1676 3792; x_wconf 90' lang='lat' dir='ltr'><strong>quis</strong></span> <span class='ocrx_word' id='word_1_383' title='bbox 1722 3738 1817 3792; x_wconf 88' lang='lat' dir='ltr'><strong>pro</strong></span> 
     </span>
    </p>
   </div>
   <div class='ocr_carea' id='block_1_54' title="bbox 229 3809 1817 3883">
    <p class='ocr_par' dir='ltr' id='par_1_54' title="bbox 229 3809 1817 3883">
     <span class='ocr_line' id='line_1_54' title="bbox 229 3809 1817 3883; baseline 0.003 -20"><span class='ocrx_word' id='word_1_384' title='bbox 229 3826 296 3863; x_wconf 85' lang='lat' dir='ltr'><strong>eo</strong></span> <span class='ocrx_word' id='word_1_385' title='bbox 343 3809 611 3864; x_wconf 75' lang='lat' dir='ltr'><strong>orabit&quot;?</strong></span> <span class='ocrx_word' id='word_1_386' title='bbox 648 3810 966 3867; x_wconf 87' lang='lat' dir='ltr'><strong>Necessarie</strong></span> <span class='ocrx_word' id='word_1_387' title='bbox 1009 3826 1140 3882; x_wconf 81' lang='lat' dir='ltr'><strong>ergo</strong></span> <span class='ocrx_word' id='word_1_388' title='bbox 1182 3812 1410 3867; x_wconf 87' lang='lat' dir='ltr'><strong>arietem</strong></span> <span class='ocrx_word' id='word_1_389' title='bbox 1451 3812 1678 3883; x_wconf 89' lang='lat' dir='ltr'><strong>ﬁguram</strong></span> <span class='ocrx_word' id='word_1_390' title='bbox 1720 3826 1817 3882; x_wconf 88' lang='lat' dir='ltr'><strong>ge-</strong></span> 
     </span>
    </p>
   </div>
   <div class='ocr_carea' id='block_1_55' title="bbox 228 3902 1818 3976">
    <p class='ocr_par' dir='ltr' id='par_1_55' title="bbox 228 3902 1818 3976">
     <span class='ocr_line' id='line_1_55' title="bbox 228 3902 1818 3976; baseline 0.003 -21"><span class='ocrx_word' id='word_1_391' title='bbox 228 3910 447 3956; x_wconf 84' lang='lat' dir='ltr'><strong>rentem</strong></span> <span class='ocrx_word' id='word_1_392' title='bbox 482 3902 717 3966; x_wconf 88' lang='lat' dir='ltr'><strong>Domini,</strong></span> <span class='ocrx_word' id='word_1_393' title='bbox 756 3903 825 3957; x_wconf 92' lang='lat' dir='ltr'><strong>de</strong></span> <span class='ocrx_word' id='word_1_394' title='bbox 863 3919 971 3973; x_wconf 88' lang='lat' dir='ltr'><strong>quo</strong></span> <span class='ocrx_word' id='word_1_395' title='bbox 996 3903 1202 3958; x_wconf 89' lang='lat' dir='ltr'><strong>dictum</strong></span> <span class='ocrx_word' id='word_1_396' title='bbox 1256 3914 1341 3959; x_wconf 89' lang='lat' dir='ltr'><strong>est</strong></span> <span class='ocrx_word' id='word_1_397' title='bbox 1377 3923 1391 3958; x_wconf 94' lang='lat'><strong>:</strong></span> <span class='ocrx_word' id='word_1_398' title='bbox 1451 3905 1584 3959; x_wconf 86' lang='lat' dir='ltr'><strong>Ecce</strong></span> <span class='ocrx_word' id='word_1_399' title='bbox 1636 3904 1818 3976; x_wconf 81' lang='lat' dir='ltr'><strong>Agnus</strong></span> 
     </span>
    </p>
   </div>
   <div class='ocr_carea' id='block_1_56' title="bbox 227 3993 1817 4065">
    <p class='ocr_par' dir='ltr' id='par_1_56' title="bbox 227 3993 1817 4065">
     <span class='ocr_line' id='line_1_56' title="bbox 227 3993 1817 4065; baseline 0.004 -19"><span class='ocrx_word' id='word_1_400' title='bbox 227 3993 356 4060; x_wconf 85' lang='lat' dir='ltr'><strong>Dei,</strong></span> <span class='ocrx_word' id='word_1_401' title='bbox 400 4010 513 4048; x_wconf 86' lang='lat' dir='ltr'><strong>ecce</strong></span> <span class='ocrx_word' id='word_1_402' title='bbox 545 3995 634 4065; x_wconf 89' lang='lat' dir='ltr'><strong>qui</strong></span> <span class='ocrx_word' id='word_1_403' title='bbox 678 3995 815 4048; x_wconf 87' lang='lat' dir='ltr'><strong>tollit</strong></span> <span class='ocrx_word' id='word_1_404' title='bbox 847 4005 1119 4064; x_wconf 86' lang='lat' dir='ltr'><strong>peccatum</strong></span> <span class='ocrx_word' id='word_1_405' title='bbox 1165 3997 1431 4061; x_wconf 70' lang='lat' dir='ltr'><strong>mundi”,</strong></span> <span class='ocrx_word' id='word_1_406' title='bbox 1469 3997 1610 4051; x_wconf 90' lang='lat' dir='ltr'><strong>sumi</strong></span> <span class='ocrx_word' id='word_1_407' title='bbox 1644 3997 1700 4052; x_wconf 91' lang='lat' dir='ltr'><strong>in</strong></span> <span class='ocrx_word' id='word_1_408' title='bbox 1727 4012 1817 4052; x_wconf 89' lang='lat' dir='ltr'><strong>sa-</strong></span> 
     </span>
    </p>
   </div>
   <div class='ocr_carea' id='block_1_57' title="bbox 226 4082 1818 4158">
    <p class='ocr_par' dir='ltr' id='par_1_57' title="bbox 226 4082 1818 4158">
     <span class='ocr_line' id='line_1_57' title="bbox 226 4082 1818 4158; baseline 0.003 -20"><span class='ocrx_word' id='word_1_409' title='bbox 226 4082 440 4139; x_wconf 80' lang='lat' dir='ltr'><strong>criﬁcio</strong></span> <span class='ocrx_word' id='word_1_410' title='bbox 486 4084 743 4150; x_wconf 76' lang='lat' dir='ltr'><strong>diximus,</strong></span> <span class='ocrx_word' id='word_1_411' title='bbox 794 4086 849 4141; x_wconf 91' lang='lat' dir='ltr'><strong>in</strong></span> <span class='ocrx_word' id='word_1_412' title='bbox 901 4102 1009 4156; x_wconf 86' lang='lat' dir='ltr'><strong>quo</strong></span> <span class='ocrx_word' id='word_1_413' title='bbox 1038 4089 1156 4142; x_wconf 91' lang='lat' dir='ltr'><strong>solo</strong></span> <span class='ocrx_word' id='word_1_414' title='bbox 1185 4096 1307 4152; x_wconf 90' lang='lat' dir='ltr'><strong>est,</strong></span> <span class='ocrx_word' id='word_1_415' title='bbox 1338 4095 1559 4156; x_wconf 89' lang='lat' dir='ltr'><strong>peccata</strong></span> <span class='ocrx_word' id='word_1_416' title='bbox 1604 4103 1727 4158; x_wconf 60' lang='lat' dir='ltr'><strong>quae</strong></span> <span class='ocrx_word' id='word_1_417' title='bbox 1762 4089 1818 4143; x_wconf 91' lang='lat' dir='ltr'><strong>in</strong></span> 
     </span>
    </p>
   </div>
   <div class='ocr_carea' id='block_1_58' title="bbox 230 4177 1816 4250">
    <p class='ocr_par' dir='ltr' id='par_1_58' title="bbox 230 4177 1816 4250">
     <span class='ocr_line' id='line_1_58' title="bbox 230 4177 1816 4250; baseline 0.005 -23"><span class='ocrx_word' id='word_1_418' title='bbox 230 4191 363 4229; x_wconf 88' lang='lat' dir='ltr'><strong>eum</strong></span> <span class='ocrx_word' id='word_1_419' title='bbox 393 4178 681 4231; x_wconf 88' lang='lat' dir='ltr'><strong>commissa</strong></span> <span class='ocrx_word' id='word_1_420' title='bbox 712 4188 839 4232; x_wconf 90' lang='lat' dir='ltr'><strong>sunt</strong></span> <span class='ocrx_word' id='word_1_421' title='bbox 863 4179 1123 4233; x_wconf 85' lang='lat' dir='ltr'><strong>relaxare.</strong></span> <span class='ocrx_word' id='word_1_422' title='bbox 1163 4177 1391 4249; x_wconf 88' lang='lat' dir='ltr'><strong>Oportet</strong></span> <span class='ocrx_word' id='word_1_423' title='bbox 1412 4189 1594 4235; x_wconf 87' lang='lat' dir='ltr'><strong>autem</strong></span> <span class='ocrx_word' id='word_1_424' title='bbox 1624 4181 1816 4250; x_wconf 67' lang='lat' dir='ltr'><strong>quaeri,</strong></span> 
     </span>
    </p>
   </div>
   <div class='ocr_carea' id='block_1_59' title="bbox 231 4271 1822 4338">
    <p class='ocr_par' dir='ltr' id='par_1_59' title="bbox 231 4271 1822 4338">
     <span class='ocr_line' id='line_1_59' title="bbox 231 4271 1822 4338; baseline 0.005 -16"><span class='ocrx_word' id='word_1_425' title='bbox 231 4284 407 4337; x_wconf 89' lang='lat' dir='ltr'><strong>quare</strong></span> <span class='ocrx_word' id='word_1_426' title='bbox 439 4286 548 4326; x_wconf 85' lang='lat' dir='ltr'><strong>non</strong></span> <span class='ocrx_word' id='word_1_427' title='bbox 583 4271 762 4326; x_wconf 91' lang='lat' dir='ltr'><strong>omnis</strong></span> <span class='ocrx_word' id='word_1_428' title='bbox 787 4276 930 4327; x_wconf 88' lang='lat' dir='ltr'><strong>aries</strong></span> <span class='ocrx_word' id='word_1_429' title='bbox 962 4273 1015 4327; x_wconf 87' lang='lat' dir='ltr'><strong>in</strong></span> <span class='ocrx_word' id='word_1_430' title='bbox 1057 4273 1434 4328; x_wconf 87' lang='lat' dir='ltr'><strong>holocaustum</strong></span> <span class='ocrx_word' id='word_1_431' title='bbox 1466 4275 1556 4338; x_wconf 90' lang='lat' dir='ltr'><strong>sit,</strong></span> <span class='ocrx_word' id='word_1_432' title='bbox 1598 4276 1739 4330; x_wconf 89' lang='lat' dir='ltr'><strong>sicut</strong></span> <span class='ocrx_word' id='word_1_433' title='bbox 1766 4282 1822 4330; x_wconf 89' lang='lat' dir='ltr'><strong>et</strong></span> 
     </span>
    </p>
   </div>
   <div class='ocr_carea' id='block_1_60' title="bbox 234 4362 1822 4433">
    <p class='ocr_par' dir='ltr' id='par_1_60' title="bbox 234 4362 1822 4433">
     <span class='ocr_line' id='line_1_60' title="bbox 234 4362 1822 4433; baseline 0.006 -22"><span class='ocrx_word' id='word_1_434' title='bbox 234 4362 461 4424; x_wconf 80' lang='lat' dir='ltr'><strong>vitulus,</strong></span> <span class='ocrx_word' id='word_1_435' title='bbox 514 4363 607 4431; x_wconf 89' lang='lat' dir='ltr'><strong>qui</strong></span> <span class='ocrx_word' id='word_1_436' title='bbox 642 4379 741 4432; x_wconf 90' lang='lat' dir='ltr'><strong>pro</strong></span> <span class='ocrx_word' id='word_1_437' title='bbox 793 4364 994 4432; x_wconf 91' lang='lat' dir='ltr'><strong>populo</strong></span> <span class='ocrx_word' id='word_1_438' title='bbox 1035 4372 1090 4418; x_wconf 89' lang='lat' dir='ltr'><strong>et</strong></span> <span class='ocrx_word' id='word_1_439' title='bbox 1140 4380 1240 4433; x_wconf 92' lang='lat' dir='ltr'><strong>pro</strong></span> <span class='ocrx_word' id='word_1_440' title='bbox 1288 4365 1573 4419; x_wconf 88' lang='lat' dir='ltr'><strong>sacerdote</strong></span> <span class='ocrx_word' id='word_1_441' title='bbox 1605 4364 1822 4420; x_wconf 87' lang='lat' dir='ltr'><strong>oblatus</strong></span> 
     </span>
    </p>
   </div>
   <div class='ocr_carea' id='block_1_61' title="bbox 233 4452 1821 4527">
    <p class='ocr_par' dir='ltr' id='par_1_61' title="bbox 233 4452 1821 4527">
     <span class='ocr_line' id='line_1_61' title="bbox 233 4452 1821 4527; baseline 0.003 -22"><span class='ocrx_word' id='word_1_442' title='bbox 233 4460 343 4515; x_wconf 90' lang='lat' dir='ltr'><strong>est,</strong></span> <span class='ocrx_word' id='word_1_443' title='bbox 372 4460 429 4505; x_wconf 91' lang='lat' dir='ltr'><strong>et</strong></span> <span class='ocrx_word' id='word_1_444' title='bbox 460 4452 575 4521; x_wconf 86' lang='lat' dir='ltr'><strong>ipse</strong></span> <span class='ocrx_word' id='word_1_445' title='bbox 608 4453 755 4507; x_wconf 88' lang='lat' dir='ltr'><strong>enim</strong></span> <span class='ocrx_word' id='word_1_446' title='bbox 790 4454 1014 4523; x_wconf 87' lang='lat' dir='ltr'><strong>ﬁguram</strong></span> <span class='ocrx_word' id='word_1_447' title='bbox 1046 4470 1233 4525; x_wconf 80' lang='lat' dir='ltr'><strong>gerere</strong></span> <span class='ocrx_word' id='word_1_448' title='bbox 1262 4454 1509 4509; x_wconf 87' lang='lat' dir='ltr'><strong>sacriﬁcii</strong></span> <span class='ocrx_word' id='word_1_449' title='bbox 1543 4456 1821 4527; x_wconf 84' lang='lat' dir='ltr'><strong>Unigeniti</strong></span> 
     </span>
    </p>
   </div>
   <div class='ocr_carea' id='block_1_62' title="bbox 234 4543 1822 4617">
    <p class='ocr_par' dir='ltr' id='par_1_62' title="bbox 234 4543 1822 4617">
     <span class='ocr_line' id='line_1_62' title="bbox 234 4543 1822 4617; baseline 0.003 -20"><span class='ocrx_word' id='word_1_450' title='bbox 234 4552 322 4598; x_wconf 91' lang='lat' dir='ltr'><strong>est</strong></span> <span class='ocrx_word' id='word_1_451' title='bbox 355 4544 633 4612; x_wconf 90' lang='lat' dir='ltr'><strong>probatus.</strong></span> <span class='ocrx_word' id='word_1_452' title='bbox 667 4543 775 4599; x_wconf 88' lang='lat' dir='ltr'><strong>Sed</strong></span> <span class='ocrx_word' id='word_1_453' title='bbox 804 4545 877 4599; x_wconf 91' lang='lat' dir='ltr'><strong>ibi</strong></span> <span class='ocrx_word' id='word_1_454' title='bbox 909 4545 1128 4614; x_wconf 88' lang='lat' dir='ltr'><strong>quidem</strong></span> <span class='ocrx_word' id='word_1_455' title='bbox 1153 4546 1277 4615; x_wconf 89' lang='lat' dir='ltr'><strong>quia</strong></span> <span class='ocrx_word' id='word_1_456' title='bbox 1305 4546 1572 4617; x_wconf 82' lang='lat' dir='ltr'><strong>generalis</strong></span> <span class='ocrx_word' id='word_1_457' title='bbox 1602 4548 1822 4616; x_wconf 87' lang='lat' dir='ltr'><strong>dispen-</strong></span> 
     </span>
    </p>
   </div>
   <div class='ocr_carea' id='block_1_63' title="bbox 1912 2065 3498 2141">
    <p class='ocr_par' dir='ltr' id='par_1_63' title="bbox 1912 2065 3498 2141">
     <span class='ocr_line' id='line_1_63' title="bbox 1912 2065 3498 2141; baseline -0.01 -11"><span class='ocrx_word' id='word_1_458' title='bbox 1912 2074 2078 2141; x_wconf 91' lang='lat' dir='ltr'><strong>coris,</strong></span> <span class='ocrx_word' id='word_1_459' title='bbox 2122 2072 2209 2128; x_wconf 86' lang='lat' dir='ltr'><strong>vel</strong></span> <span class='ocrx_word' id='word_1_460' title='bbox 2238 2073 2378 2127; x_wconf 89' lang='lat' dir='ltr'><strong>sicut</strong></span> <span class='ocrx_word' id='word_1_461' title='bbox 2407 2069 2570 2131; x_wconf 74' lang='lat' dir='ltr'><strong>LXX,</strong></span> <span class='ocrx_word' id='word_1_462' title='bbox 2616 2069 2900 2139; x_wconf 82' lang='lat' dir='ltr'><strong>pinnulam</strong></span> <span class='ocrx_word' id='word_1_463' title='bbox 2927 2065 3105 2135; x_wconf 89' lang='lat' dir='ltr'><strong>epatis</strong></span> <span class='ocrx_word' id='word_1_464' title='bbox 3133 2079 3256 2119; x_wconf 90' lang='lat' dir='ltr'><strong>cum</strong></span> <span class='ocrx_word' id='word_1_465' title='bbox 3289 2077 3498 2116; x_wconf 89' lang='lat' dir='ltr'><strong>renun-</strong></span> 
     </span>
    </p>
   </div>
   <div class='ocr_carea' id='block_1_64' title="bbox 1911 2150 3496 2233">
    <p class='ocr_par' dir='ltr' id='par_1_64' title="bbox 1911 2150 3496 2233">
     <span class='ocr_line' id='line_1_64' title="bbox 1911 2150 3496 2233; baseline -0.009 -13"><span class='ocrx_word' id='word_1_466' title='bbox 1911 2166 2047 2221; x_wconf 89' lang='lat' dir='ltr'><strong>culis</strong></span> <span class='ocrx_word' id='word_1_467' title='bbox 2075 2164 2275 2218; x_wconf 83' lang='lat' dir='ltr'><strong>auferri</strong></span> <span class='ocrx_word' id='word_1_468' title='bbox 2313 2162 2593 2233; x_wconf 72' lang='lat' dir='ltr'><strong>prtecepit,</strong></span> <span class='ocrx_word' id='word_1_469' title='bbox 2623 2168 2679 2215; x_wconf 93' lang='lat' dir='ltr'><strong>et</strong></span> <span class='ocrx_word' id='word_1_470' title='bbox 2707 2157 2895 2215; x_wconf 78' lang='lat' dir='ltr'><strong>oﬁerri</strong></span> <span class='ocrx_word' id='word_1_471' title='bbox 2922 2172 3046 2213; x_wconf 90' lang='lat' dir='ltr'><strong>cum</strong></span> <span class='ocrx_word' id='word_1_472' title='bbox 3080 2155 3203 2209; x_wconf 90' lang='lat' dir='ltr'><strong>aliis</strong></span> <span class='ocrx_word' id='word_1_473' title='bbox 3243 2154 3299 2207; x_wconf 91' lang='lat' dir='ltr'><strong>in</strong></span> <span class='ocrx_word' id='word_1_474' title='bbox 3338 2150 3496 2206; x_wconf 85' lang='lat' dir='ltr'><strong>altari</strong></span> 
     </span>
    </p>
   </div>
   <div class='ocr_carea' id='block_1_65' title="bbox 1913 2246 3496 2318">
    <p class='ocr_par' dir='ltr' id='par_1_65' title="bbox 1913 2246 3496 2318">
     <span class='ocr_line' id='line_1_65' title="bbox 1913 2246 3496 2318; baseline -0.008 -6"><span class='ocrx_word' id='word_1_475' title='bbox 1913 2258 2145 2312; x_wconf 90' lang='lat' dir='ltr'><strong>hostiam</strong></span> <span class='ocrx_word' id='word_1_476' title='bbox 2180 2254 2425 2310; x_wconf 89' lang='lat' dir='ltr'><strong>Domino.</strong></span> <span class='ocrx_word' id='word_1_477' title='bbox 2466 2251 2591 2305; x_wconf 86' lang='lat' dir='ltr'><strong>Vult</strong></span> <span class='ocrx_word' id='word_1_478' title='bbox 2632 2250 2780 2306; x_wconf 89' lang='lat' dir='ltr'><strong>enim</strong></span> <span class='ocrx_word' id='word_1_479' title='bbox 2813 2265 2938 2305; x_wconf 89' lang='lat' dir='ltr'><strong>eum</strong></span> <span class='ocrx_word' id='word_1_480' title='bbox 2972 2248 3066 2318; x_wconf 89' lang='lat' dir='ltr'><strong>qui</strong></span> <span class='ocrx_word' id='word_1_481' title='bbox 3116 2246 3496 2317; x_wconf 77' lang='lat' dir='ltr'><strong>pcenitentiam</strong></span> 
     </span>
    </p>
   </div>
   <div class='ocr_carea' id='block_1_66' title="bbox 1913 2338 3497 2421">
    <p class='ocr_par' dir='ltr' id='par_1_66' title="bbox 1913 2338 3497 2421">
     <span class='ocr_line' id='line_1_66' title="bbox 1913 2338 3497 2421; baseline -0.007 -17"><span class='ocrx_word' id='word_1_482' title='bbox 1913 2350 2041 2421; x_wconf 87' lang='lat' dir='ltr'><strong>agit,</strong></span> <span class='ocrx_word' id='word_1_483' title='bbox 2088 2344 2584 2417; x_wconf 84' lang='lat' dir='ltr'><strong>concupiscentiam</strong></span> <span class='ocrx_word' id='word_1_484' title='bbox 2614 2343 2891 2414; x_wconf 89' lang='lat' dir='ltr'><strong>propriam</strong></span> <span class='ocrx_word' id='word_1_485' title='bbox 2941 2357 3053 2396; x_wconf 88' lang='lat' dir='ltr'><strong>non</strong></span> <span class='ocrx_word' id='word_1_486' title='bbox 3097 2341 3338 2401; x_wconf 87' lang='lat' dir='ltr'><strong>habere,</strong></span> <span class='ocrx_word' id='word_1_487' title='bbox 3399 2338 3497 2394; x_wconf 91' lang='lat' dir='ltr'><strong>sed</strong></span> 
     </span>
    </p>
   </div>
   <div class='ocr_carea' id='block_1_67' title="bbox 1914 2431 3495 2501">
    <p class='ocr_par' dir='ltr' id='par_1_67' title="bbox 1914 2431 3495 2501">
     <span class='ocr_line' id='line_1_67' title="bbox 1914 2431 3495 2501; baseline -0.006 -6"><span class='ocrx_word' id='word_1_488' title='bbox 1914 2454 2134 2495; x_wconf 89' lang='lat' dir='ltr'><strong>omnem</strong></span> <span class='ocrx_word' id='word_1_489' title='bbox 2194 2454 2312 2493; x_wconf 86' lang='lat' dir='ltr'><strong>eam</strong></span> <span class='ocrx_word' id='word_1_490' title='bbox 2377 2437 2576 2491; x_wconf 75' lang='lat' dir='ltr'><strong>oﬁ‘erre</strong></span> <span class='ocrx_word' id='word_1_491' title='bbox 2641 2436 2774 2490; x_wconf 89' lang='lat' dir='ltr'><strong>Deo.</strong></span> <span class='ocrx_word' id='word_1_492' title='bbox 2818 2433 2956 2501; x_wconf 87' lang='lat' dir='ltr'><strong>Quia</strong></span> <span class='ocrx_word' id='word_1_493' title='bbox 2998 2431 3495 2501; x_wconf 86' lang='lat' dir='ltr'><strong>concupiscentias,</strong></span> 
     </span>
    </p>
   </div>
   <div class='ocr_carea' id='block_1_68' title="bbox 1914 2524 3493 2597">
    <p class='ocr_par' dir='ltr' id='par_1_68' title="bbox 1914 2524 3493 2597">
     <span class='ocr_line' id='line_1_68' title="bbox 1914 2524 3493 2597; baseline -0.006 -9"><span class='ocrx_word' id='word_1_494' title='bbox 1914 2534 2031 2588; x_wconf 90' lang='lat' dir='ltr'><strong>sive</strong></span> <span class='ocrx_word' id='word_1_495' title='bbox 2063 2530 2353 2593; x_wconf 89' lang='lat' dir='ltr'><strong>desideria,</strong></span> <span class='ocrx_word' id='word_1_496' title='bbox 2394 2529 2449 2582; x_wconf 90' lang='lat' dir='ltr'><strong>in</strong></span> <span class='ocrx_word' id='word_1_497' title='bbox 2485 2529 2681 2597; x_wconf 89' lang='lat' dir='ltr'><strong>hepatc</strong></span> <span class='ocrx_word' id='word_1_498' title='bbox 2715 2527 2922 2581; x_wconf 90' lang='lat' dir='ltr'><strong>moveri</strong></span> <span class='ocrx_word' id='word_1_499' title='bbox 2948 2525 3159 2589; x_wconf 87' lang='lat' dir='ltr'><strong>dicunt,</strong></span> <span class='ocrx_word' id='word_1_500' title='bbox 3190 2534 3246 2579; x_wconf 91' lang='lat' dir='ltr'><strong>et</strong></span> <span class='ocrx_word' id='word_1_501' title='bbox 3271 2524 3493 2588; x_wconf 88' lang='lat' dir='ltr'><strong>nutriri,</strong></span> 
     </span>
    </p>
   </div>
   <div class='ocr_carea' id='block_1_69' title="bbox 1914 2618 3499 2696">
    <p class='ocr_par' dir='ltr' id='par_1_69' title="bbox 1914 2618 3499 2696">
     <span class='ocr_line' id='line_1_69' title="bbox 1914 2618 3499 2696; baseline -0.005 -17"><span class='ocrx_word' id='word_1_502' title='bbox 1914 2639 2142 2696; x_wconf 88' lang='lat' dir='ltr'><strong>quarum</strong></span> <span class='ocrx_word' id='word_1_503' title='bbox 2194 2622 2445 2693; x_wconf 67' lang='lat' dir='ltr'><strong>primitiae</strong></span> <span class='ocrx_word' id='word_1_504' title='bbox 2478 2635 2578 2691; x_wconf 88' lang='lat' dir='ltr'><strong>per</strong></span> <span class='ocrx_word' id='word_1_505' title='bbox 2623 2620 2904 2689; x_wconf 88' lang='lat' dir='ltr'><strong>pinnulam</strong></span> <span class='ocrx_word' id='word_1_506' title='bbox 2942 2619 3138 2672; x_wconf 62' lang='lat' dir='ltr'><strong>oblatio</strong></span> <span class='ocrx_word' id='word_1_507' title='bbox 3162 2618 3219 2671; x_wconf 91' lang='lat' dir='ltr'><strong>in</strong></span> <span class='ocrx_word' id='word_1_508' title='bbox 3256 2618 3499 2672; x_wconf 88' lang='lat' dir='ltr'><strong>sanctiﬁ-</strong></span> 
     </span>
    </p>
   </div>
   <div class='ocr_carea' id='block_1_70' title="bbox 1915 2707 3500 2784">
    <p class='ocr_par' dir='ltr' id='par_1_70' title="bbox 1915 2707 3500 2784">
     <span class='ocr_line' id='line_1_70' title="bbox 1915 2707 3500 2784; baseline -0.003 -14"><span class='ocrx_word' id='word_1_509' title='bbox 1915 2715 2127 2770; x_wconf 89' lang='lat' dir='ltr'><strong>catione</strong></span> <span class='ocrx_word' id='word_1_510' title='bbox 2184 2712 2389 2784; x_wconf 88' lang='lat' dir='ltr'><strong>peragi,</strong></span> <span class='ocrx_word' id='word_1_511' title='bbox 2445 2726 2745 2782; x_wconf 82' lang='lat' dir='ltr'><strong>comesque</strong></span> <span class='ocrx_word' id='word_1_512' title='bbox 2795 2709 2993 2780; x_wconf 86' lang='lat' dir='ltr'><strong>corrigi</strong></span> <span class='ocrx_word' id='word_1_513' title='bbox 3050 2707 3281 2765; x_wconf 84' lang='lat' dir='ltr'><strong>faciunt.</strong></span> <span class='ocrx_word' id='word_1_514' title='bbox 3370 2708 3500 2765; x_wconf 68' lang='lat' dir='ltr'><strong>Haec</strong></span> 
     </span>
    </p>
   </div>
   <div class='ocr_carea' id='block_1_71' title="bbox 1915 2806 2398 2872">
    <p class='ocr_par' dir='ltr' id='par_1_71' title="bbox 1915 2806 2398 2872">
     <span class='ocr_line' id='line_1_71' title="bbox 1915 2806 2398 2872; baseline -0.006 -9"><span class='ocrx_word' id='word_1_515' title='bbox 1915 2808 2123 2872; x_wconf 90' lang='lat' dir='ltr'><strong>dicens,</strong></span> <span class='ocrx_word' id='word_1_516' title='bbox 2156 2806 2366 2862; x_wconf 88' lang='lat' dir='ltr'><strong>addidit</strong></span> <span class='ocrx_word' id='word_1_517' title='bbox 2384 2823 2398 2838; x_wconf 76' lang='grc' dir='ltr'><strong>ο</strong></span> 
     </span>
    </p>
   </div>
   <div class='ocr_carea' id='block_1_72' title="bbox 1992 2888 3501 2964">
    <p class='ocr_par' dir='ltr' id='par_1_72' title="bbox 1992 2888 3501 2964">
     <span class='ocr_line' id='line_1_72' title="bbox 1992 2888 3501 2964; baseline -0.005 -13"><span class='ocrx_word' id='word_1_518' title='bbox 1992 2897 2095 2951; x_wconf 86' lang='lat' dir='ltr'><strong>Pro</strong></span> <span class='ocrx_word' id='word_1_519' title='bbox 2113 2897 2302 2951; x_wconf 86' lang='lat' dir='ltr'><strong>delicto</strong></span> <span class='ocrx_word' id='word_1_520' title='bbox 2321 2903 2417 2950; x_wconf 90' lang='lat' dir='ltr'><strong>est.</strong></span> <span class='ocrx_word' id='word_1_521' title='bbox 2441 2892 2770 2958; x_wconf 89' lang='lat' dir='ltr'><strong>Ostendens,</strong></span> <span class='ocrx_word' id='word_1_522' title='bbox 2783 2894 2911 2964; x_wconf 91' lang='lat' dir='ltr'><strong>quia</strong></span> <span class='ocrx_word' id='word_1_523' title='bbox 2932 2908 3044 2949; x_wconf 89' lang='lat' dir='ltr'><strong>non</strong></span> <span class='ocrx_word' id='word_1_524' title='bbox 3065 2892 3270 2948; x_wconf 84' lang='lat' dir='ltr'><strong>frustra</strong></span> <span class='ocrx_word' id='word_1_525' title='bbox 3288 2888 3501 2946; x_wconf 89' lang='lat' dir='ltr'><strong>sacriﬁ-</strong></span> 
     </span>
    </p>
   </div>
   <div class='ocr_carea' id='block_1_73' title="bbox 1916 2984 3503 3055">
    <p class='ocr_par' dir='ltr' id='par_1_73' title="bbox 1916 2984 3503 3055">
     <span class='ocr_line' id='line_1_73' title="bbox 1916 2984 3503 3055; baseline -0.006 -11"><span class='ocrx_word' id='word_1_526' title='bbox 1916 2990 2058 3045; x_wconf 90' lang='lat' dir='ltr'><strong>cium</strong></span> <span class='ocrx_word' id='word_1_527' title='bbox 2092 2990 2196 3044; x_wconf 90' lang='lat' dir='ltr'><strong>hoc</strong></span> <span class='ocrx_word' id='word_1_528' title='bbox 2232 2987 2455 3043; x_wconf 89' lang='lat' dir='ltr'><strong>diﬁ&#39;erre</strong></span> <span class='ocrx_word' id='word_1_529' title='bbox 2486 2987 2555 3041; x_wconf 88' lang='lat' dir='ltr'><strong>ab</strong></span> <span class='ocrx_word' id='word_1_530' title='bbox 2593 2986 2714 3041; x_wconf 82' lang='lat' dir='ltr'><strong>aliis</strong></span> <span class='ocrx_word' id='word_1_531' title='bbox 2739 2984 3041 3050; x_wconf 88' lang='lat' dir='ltr'><strong>sacriﬁciis,</strong></span> <span class='ocrx_word' id='word_1_532' title='bbox 3081 3001 3202 3055; x_wconf 71' lang='lat' dir='ltr'><strong>qua:</strong></span> <span class='ocrx_word' id='word_1_533' title='bbox 3245 2990 3374 3037; x_wconf 90' lang='lat' dir='ltr'><strong>sunt</strong></span> <span class='ocrx_word' id='word_1_534' title='bbox 3401 2997 3503 3052; x_wconf 91' lang='lat' dir='ltr'><strong>pro</strong></span> 
     </span>
    </p>
   </div>
   <div class='ocr_carea' id='block_1_74' title="bbox 1917 3071 3502 3151">
    <p class='ocr_par' dir='ltr' id='par_1_74' title="bbox 1917 3071 3502 3151">
     <span class='ocr_line' id='line_1_74' title="bbox 1917 3071 3502 3151; baseline -0.007 -14"><span class='ocrx_word' id='word_1_535' title='bbox 1917 3081 2173 3151; x_wconf 87' lang='lat' dir='ltr'><strong>peccatis,</strong></span> <span class='ocrx_word' id='word_1_536' title='bbox 2217 3079 2372 3145; x_wconf 81' lang='lat' dir='ltr'><strong>dixit,</strong></span> <span class='ocrx_word' id='word_1_537' title='bbox 2402 3078 2499 3133; x_wconf 89' lang='lat' dir='ltr'><strong>sed</strong></span> <span class='ocrx_word' id='word_1_538' title='bbox 2542 3077 2667 3147; x_wconf 88' lang='lat' dir='ltr'><strong>quia</strong></span> <span class='ocrx_word' id='word_1_539' title='bbox 2709 3092 2809 3146; x_wconf 92' lang='lat' dir='ltr'><strong>pro</strong></span> <span class='ocrx_word' id='word_1_540' title='bbox 2836 3076 3034 3131; x_wconf 91' lang='lat' dir='ltr'><strong>delicto</strong></span> <span class='ocrx_word' id='word_1_541' title='bbox 3061 3083 3165 3141; x_wconf 90' lang='lat' dir='ltr'><strong>est,</strong></span> <span class='ocrx_word' id='word_1_542' title='bbox 3208 3074 3261 3129; x_wconf 93' lang='lat' dir='ltr'><strong>id</strong></span> <span class='ocrx_word' id='word_1_543' title='bbox 3292 3082 3398 3137; x_wconf 87' lang='lat' dir='ltr'><strong>est,</strong></span> <span class='ocrx_word' id='word_1_544' title='bbox 3442 3071 3502 3127; x_wconf 86' lang='lat' dir='ltr'><strong>in</strong></span> 
     </span>
    </p>
   </div>
   <div class='ocr_carea' id='block_1_75' title="bbox 1920 3165 3503 3241">
    <p class='ocr_par' dir='ltr' id='par_1_75' title="bbox 1920 3165 3503 3241">
     <span class='ocr_line' id='line_1_75' title="bbox 1920 3165 3503 3241; baseline -0.006 -12"><span class='ocrx_word' id='word_1_545' title='bbox 1920 3176 2089 3230; x_wconf 91' lang='lat' dir='ltr'><strong>Deum</strong></span> <span class='ocrx_word' id='word_1_546' title='bbox 2121 3173 2294 3228; x_wconf 87' lang='lat' dir='ltr'><strong>tendit</strong></span> <span class='ocrx_word' id='word_1_547' title='bbox 2327 3180 2612 3241; x_wconf 89' lang='lat' dir='ltr'><strong>peccatum</strong></span> <span class='ocrx_word' id='word_1_548' title='bbox 2644 3169 2785 3238; x_wconf 85' lang='lat' dir='ltr'><strong>ejus.</strong></span> <span class='ocrx_word' id='word_1_549' title='bbox 2814 3168 2971 3224; x_wconf 89' lang='lat' dir='ltr'><strong>Unde</strong></span> <span class='ocrx_word' id='word_1_550' title='bbox 3006 3177 3059 3222; x_wconf 88' lang='lat' dir='ltr'><strong>et</strong></span> <span class='ocrx_word' id='word_1_551' title='bbox 3088 3176 3296 3238; x_wconf 89' lang='lat' dir='ltr'><strong>partem</strong></span> <span class='ocrx_word' id='word_1_552' title='bbox 3339 3165 3503 3222; x_wconf 78' lang='lat' dir='ltr'><strong>Chri-</strong></span> 
     </span>
    </p>
   </div>
   <div class='ocr_carea' id='block_1_76' title="bbox 1919 3256 3502 3330">
    <p class='ocr_par' dir='ltr' id='par_1_76' title="bbox 1919 3256 3502 3330">
     <span class='ocr_line' id='line_1_76' title="bbox 1919 3256 3502 3330; baseline -0.007 -10"><span class='ocrx_word' id='word_1_553' title='bbox 1919 3266 1989 3320; x_wconf 90' lang='lat' dir='ltr'><strong>sti</strong></span> <span class='ocrx_word' id='word_1_554' title='bbox 2034 3261 2311 3327; x_wconf 88' lang='lat' dir='ltr'><strong>sacriﬁcii,</strong></span> <span class='ocrx_word' id='word_1_555' title='bbox 2352 3260 2498 3330; x_wconf 90' lang='lat' dir='ltr'><strong>quod</strong></span> <span class='ocrx_word' id='word_1_556' title='bbox 2532 3275 2633 3329; x_wconf 91' lang='lat' dir='ltr'><strong>pro</strong></span> <span class='ocrx_word' id='word_1_557' title='bbox 2670 3258 2817 3313; x_wconf 89' lang='lat' dir='ltr'><strong>omni</strong></span> <span class='ocrx_word' id='word_1_558' title='bbox 2850 3272 3046 3329; x_wconf 82' lang='lat' dir='ltr'><strong>genere</strong></span> <span class='ocrx_word' id='word_1_559' title='bbox 3074 3258 3315 3312; x_wconf 89' lang='lat' dir='ltr'><strong>humano</strong></span> <span class='ocrx_word' id='word_1_560' title='bbox 3345 3256 3502 3311; x_wconf 84' lang='lat' dir='ltr'><strong>obla-</strong></span> 
     </span>
    </p>
   </div>
   <div class='ocr_carea' id='block_1_77' title="bbox 1922 3350 3504 3421">
    <p class='ocr_par' dir='ltr' id='par_1_77' title="bbox 1922 3350 3504 3421">
     <span class='ocr_line' id='line_1_77' title="bbox 1922 3350 3504 3421; baseline -0.004 -10"><span class='ocrx_word' id='word_1_561' title='bbox 1922 3366 2034 3411; x_wconf 94' lang='lat' dir='ltr'><strong>tum</strong></span> <span class='ocrx_word' id='word_1_562' title='bbox 2083 3363 2184 3419; x_wconf 90' lang='lat' dir='ltr'><strong>est,</strong></span> <span class='ocrx_word' id='word_1_563' title='bbox 2240 3354 2296 3408; x_wconf 90' lang='lat' dir='ltr'><strong>in</strong></span> <span class='ocrx_word' id='word_1_564' title='bbox 2346 3368 2451 3408; x_wconf 93' lang='lat' dir='ltr'><strong>una</strong></span> <span class='ocrx_word' id='word_1_565' title='bbox 2504 3352 2668 3406; x_wconf 91' lang='lat' dir='ltr'><strong>etiam</strong></span> <span class='ocrx_word' id='word_1_566' title='bbox 2710 3366 2943 3421; x_wconf 86' lang='lat' dir='ltr'><strong>persona</strong></span> <span class='ocrx_word' id='word_1_567' title='bbox 2987 3350 3232 3419; x_wconf 87' lang='lat' dir='ltr'><strong>accipere</strong></span> <span class='ocrx_word' id='word_1_568' title='bbox 3275 3364 3504 3404; x_wconf 89' lang='lat' dir='ltr'><strong>necesse</strong></span> 
     </span>
    </p>
   </div>
   <div class='ocr_carea' id='block_1_78' title="bbox 1918 3440 3502 3514">
    <p class='ocr_par' dir='ltr' id='par_1_78' title="bbox 1918 3440 3502 3514">
     <span class='ocr_line' id='line_1_78' title="bbox 1918 3440 3502 3514; baseline -0.006 -12"><span class='ocrx_word' id='word_1_569' title='bbox 1918 3447 2130 3503; x_wconf 90' lang='lat' dir='ltr'><strong>habuit.</strong></span> <span class='ocrx_word' id='word_1_570' title='bbox 2162 3446 2391 3514; x_wconf 82' lang='lat' dir='ltr'><strong>Reliqua</strong></span> <span class='ocrx_word' id='word_1_571' title='bbox 2428 3454 2612 3498; x_wconf 90' lang='lat' dir='ltr'><strong>autem</strong></span> <span class='ocrx_word' id='word_1_572' title='bbox 2644 3459 2752 3498; x_wconf 88' lang='lat' dir='ltr'><strong>non</strong></span> <span class='ocrx_word' id='word_1_573' title='bbox 2784 3442 3014 3512; x_wconf 91' lang='lat' dir='ltr'><strong>accepit,</strong></span> <span class='ocrx_word' id='word_1_574' title='bbox 3053 3441 3181 3510; x_wconf 90' lang='lat' dir='ltr'><strong>quia</strong></span> <span class='ocrx_word' id='word_1_575' title='bbox 3217 3440 3315 3495; x_wconf 92' lang='lat' dir='ltr'><strong>soli</strong></span> <span class='ocrx_word' id='word_1_576' title='bbox 3347 3440 3502 3495; x_wconf 90' lang='lat' dir='ltr'><strong>obla-</strong></span> 
     </span>
    </p>
   </div>
   <div class='ocr_carea' id='block_1_79' title="bbox 1919 3531 3500 3604">
    <p class='ocr_par' dir='ltr' id='par_1_79' title="bbox 1919 3531 3500 3604">
     <span class='ocr_line' id='line_1_79' title="bbox 1919 3531 3500 3604; baseline -0.004 -13"><span class='ocrx_word' id='word_1_577' title='bbox 1919 3534 2083 3601; x_wconf 91' lang='lat' dir='ltr'><strong>tioni,</strong></span> <span class='ocrx_word' id='word_1_578' title='bbox 2137 3548 2260 3604; x_wconf 77' lang='lat' dir='ltr'><strong>qua:</strong></span> <span class='ocrx_word' id='word_1_579' title='bbox 2300 3548 2399 3603; x_wconf 91' lang='lat' dir='ltr'><strong>pro</strong></span> <span class='ocrx_word' id='word_1_580' title='bbox 2452 3532 2709 3586; x_wconf 89' lang='lat' dir='ltr'><strong>omnibus</strong></span> <span class='ocrx_word' id='word_1_581' title='bbox 2756 3531 2937 3586; x_wconf 86' lang='lat' dir='ltr'><strong>oblata</strong></span> <span class='ocrx_word' id='word_1_582' title='bbox 2990 3540 3097 3595; x_wconf 91' lang='lat' dir='ltr'><strong>est,</strong></span> <span class='ocrx_word' id='word_1_583' title='bbox 3152 3536 3500 3599; x_wconf 90' lang='lat' dir='ltr'><strong>competunt.</strong></span> 
     </span>
    </p>
   </div>
   <div class='ocr_carea' id='block_1_80' title="bbox 1916 3618 3504 3696">
    <p class='ocr_par' dir='ltr' id='par_1_80' title="bbox 1916 3618 3504 3696">
     <span class='ocr_line' id='line_1_80' title="bbox 1916 3618 3504 3696; baseline -0.004 -14"><span class='ocrx_word' id='word_1_584' title='bbox 1916 3626 2105 3696; x_wconf 86' lang='lat' dir='ltr'><strong>Neque</strong></span> <span class='ocrx_word' id='word_1_585' title='bbox 2154 3625 2301 3680; x_wconf 89' lang='lat' dir='ltr'><strong>enim</strong></span> <span class='ocrx_word' id='word_1_586' title='bbox 2345 3623 2460 3679; x_wconf 91' lang='lat' dir='ltr'><strong>sola</strong></span> <span class='ocrx_word' id='word_1_587' title='bbox 2527 3639 2650 3693; x_wconf 79' lang='lat' dir='ltr'><strong>qua:</strong></span> <span class='ocrx_word' id='word_1_588' title='bbox 2705 3622 2962 3691; x_wconf 66' lang='lat' dir='ltr'><strong>praedicta</strong></span> <span class='ocrx_word' id='word_1_589' title='bbox 3020 3629 3166 3686; x_wconf 91' lang='lat' dir='ltr'><strong>sunt,</strong></span> <span class='ocrx_word' id='word_1_590' title='bbox 3222 3618 3504 3689; x_wconf 85' lang='lat' dir='ltr'><strong>Unigeniti</strong></span> 
     </span>
    </p>
   </div>
   <div class='ocr_carea' id='block_1_81' title="bbox 1918 3713 3507 3785">
    <p class='ocr_par' dir='ltr' id='par_1_81' title="bbox 1918 3713 3507 3785">
     <span class='ocr_line' id='line_1_81' title="bbox 1918 3713 3507 3785; baseline -0.003 -13"><span class='ocrx_word' id='word_1_591' title='bbox 1918 3716 2243 3772; x_wconf 88' lang='lat' dir='ltr'><strong>sacriﬁcium</strong></span> <span class='ocrx_word' id='word_1_592' title='bbox 2295 3713 2589 3785; x_wconf 81' lang='lat' dir='ltr'><strong>praestitit:</strong></span> <span class='ocrx_word' id='word_1_593' title='bbox 2638 3714 2734 3769; x_wconf 92' lang='lat' dir='ltr'><strong>sed</strong></span> <span class='ocrx_word' id='word_1_594' title='bbox 2782 3721 2836 3768; x_wconf 90' lang='lat' dir='ltr'><strong>et</strong></span> <span class='ocrx_word' id='word_1_595' title='bbox 2870 3723 3210 3768; x_wconf 89' lang='lat' dir='ltr'><strong>mortuorum</strong></span> <span class='ocrx_word' id='word_1_596' title='bbox 3258 3728 3507 3768; x_wconf 87' lang='lat' dir='ltr'><strong>resurre-</strong></span> 
     </span>
    </p>
   </div>
   <div class='ocr_carea' id='block_1_82' title="bbox 1917 3806 3502 3872">
    <p class='ocr_par' dir='ltr' id='par_1_82' title="bbox 1917 3806 3502 3872">
     <span class='ocr_line' id='line_1_82' title="bbox 1917 3806 3502 3872; baseline -0.002 -8"><span class='ocrx_word' id='word_1_597' title='bbox 1917 3810 2176 3867; x_wconf 91' lang='lat' dir='ltr'><strong>ctionem.</strong></span> <span class='ocrx_word' id='word_1_598' title='bbox 2238 3820 2293 3863; x_wconf 86' lang='lat' dir='ltr'><strong>et.</strong></span> <span class='ocrx_word' id='word_1_599' title='bbox 2349 3807 2552 3863; x_wconf 87' lang='lat' dir='ltr'><strong>diaboli</strong></span> <span class='ocrx_word' id='word_1_600' title='bbox 2613 3808 3169 3872; x_wconf 86' lang='lat' dir='ltr'><strong>condemnationem,</strong></span> <span class='ocrx_word' id='word_1_601' title='bbox 3222 3806 3502 3862; x_wconf 89' lang='lat' dir='ltr'><strong>maledicti</strong></span> 
     </span>
    </p>
   </div>
   <div class='ocr_carea' id='block_1_83' title="bbox 1919 3899 3503 3970">
    <p class='ocr_par' dir='ltr' id='par_1_83' title="bbox 1919 3899 3503 3970">
     <span class='ocr_line' id='line_1_83' title="bbox 1919 3899 3503 3970; baseline -0.001 -14"><span class='ocrx_word' id='word_1_602' title='bbox 1919 3901 2329 3964; x_wconf 91' lang='lat' dir='ltr'><strong>liberationem,</strong></span> <span class='ocrx_word' id='word_1_603' title='bbox 2427 3899 2663 3970; x_wconf 87' lang='lat' dir='ltr'><strong>paradisi</strong></span> <span class='ocrx_word' id='word_1_604' title='bbox 2759 3899 3186 3964; x_wconf 87' lang='lat' dir='ltr'><strong>restitutionem,</strong></span> <span class='ocrx_word' id='word_1_605' title='bbox 3273 3916 3503 3970; x_wconf 90' lang='lat' dir='ltr'><strong>quarum</strong></span> 
     </span>
    </p>
   </div>
   <div class='ocr_carea' id='block_1_84' title="bbox 1921 3989 3507 4063">
    <p class='ocr_par' dir='ltr' id='par_1_84' title="bbox 1921 3989 3507 4063">
     <span class='ocr_line' id='line_1_84' title="bbox 1921 3989 3507 4063; baseline -0.002 -15"><span class='ocrx_word' id='word_1_606' title='bbox 1921 3992 2345 4063; x_wconf 86' lang='lat' dir='ltr'><strong>unumquodque</strong></span> <span class='ocrx_word' id='word_1_607' title='bbox 2402 3991 2655 4045; x_wconf 89' lang='lat' dir='ltr'><strong>virtutem</strong></span> <span class='ocrx_word' id='word_1_608' title='bbox 2718 3989 3038 4058; x_wconf 72' lang='lat' dir='ltr'><strong>pmnitentis</strong></span> <span class='ocrx_word' id='word_1_609' title='bbox 3119 3989 3350 4045; x_wconf 86' lang='lat' dir='ltr'><strong>excedit.</strong></span> <span class='ocrx_word' id='word_1_610' title='bbox 3421 3990 3507 4045; x_wconf 87' lang='lat' dir='ltr'><strong>Ad</strong></span> 
     </span>
    </p>
   </div>
   <div class='ocr_carea' id='block_1_85' title="bbox 1920 4080 3508 4154">
    <p class='ocr_par' dir='ltr' id='par_1_85' title="bbox 1920 4080 3508 4154">
     <span class='ocr_line' id='line_1_85' title="bbox 1920 4080 3508 4154; baseline -0.001 -15"><span class='ocrx_word' id='word_1_611' title='bbox 1920 4083 2081 4154; x_wconf 85' lang='lat' dir='ltr'><strong>cujus</strong></span> <span class='ocrx_word' id='word_1_612' title='bbox 2137 4082 2603 4152; x_wconf 89' lang='lat' dir='ltr'><strong>supplementum,</strong></span> <span class='ocrx_word' id='word_1_613' title='bbox 2643 4088 2833 4150; x_wconf 88' lang='lat' dir='ltr'><strong>utpote</strong></span> <span class='ocrx_word' id='word_1_614' title='bbox 2889 4096 2999 4135; x_wconf 89' lang='lat' dir='ltr'><strong>non</strong></span> <span class='ocrx_word' id='word_1_615' title='bbox 3057 4081 3160 4135; x_wconf 87' lang='lat' dir='ltr'><strong>sibi</strong></span> <span class='ocrx_word' id='word_1_616' title='bbox 3203 4080 3508 4138; x_wconf 76' lang='lat' dir='ltr'><strong>sufficiente</strong></span> 
     </span>
    </p>
   </div>
   <div class='ocr_carea' id='block_1_86' title="bbox 1920 4172 3503 4248">
    <p class='ocr_par' dir='ltr' id='par_1_86' title="bbox 1920 4172 3503 4248">
     <span class='ocr_line' id='line_1_86' title="bbox 1920 4172 3503 4248; baseline -0.003 -18"><span class='ocrx_word' id='word_1_617' title='bbox 1920 4185 2143 4248; x_wconf 90' lang='lat' dir='ltr'><strong>propter</strong></span> <span class='ocrx_word' id='word_1_618' title='bbox 2194 4172 2623 4243; x_wconf 83' lang='lat' dir='ltr'><strong>magnitudinem</strong></span> <span class='ocrx_word' id='word_1_619' title='bbox 2682 4173 2889 4242; x_wconf 85' lang='lat' dir='ltr'><strong>peccati</strong></span> <span class='ocrx_word' id='word_1_620' title='bbox 2949 4189 3015 4228; x_wconf 90' lang='lat' dir='ltr'><strong>eo</strong></span> <span class='ocrx_word' id='word_1_621' title='bbox 3070 4173 3160 4243; x_wconf 85' lang='lat' dir='ltr'><strong>qui</strong></span> <span class='ocrx_word' id='word_1_622' title='bbox 3235 4173 3503 4244; x_wconf 86' lang='lat' dir='ltr'><strong>peccavit,</strong></span> 
     </span>
    </p>
   </div>
   <div class='ocr_carea' id='block_1_87' title="bbox 1920 4264 3507 4340">
    <p class='ocr_par' dir='ltr' id='par_1_87' title="bbox 1920 4264 3507 4340">
     <span class='ocr_line' id='line_1_87' title="bbox 1920 4264 3507 4340; baseline -0.003 -15"><span class='ocrx_word' id='word_1_623' title='bbox 1920 4278 2129 4340; x_wconf 86' lang='lat' dir='ltr'><strong>partem</strong></span> <span class='ocrx_word' id='word_1_624' title='bbox 2180 4267 2446 4323; x_wconf 89' lang='lat' dir='ltr'><strong>Dominici</strong></span> <span class='ocrx_word' id='word_1_625' title='bbox 2491 4267 2739 4322; x_wconf 87' lang='lat' dir='ltr'><strong>sacriﬁcii</strong></span> <span class='ocrx_word' id='word_1_626' title='bbox 2782 4266 3222 4336; x_wconf 87' lang='lat' dir='ltr'><strong>comprehendit.</strong></span> <span class='ocrx_word' id='word_1_627' title='bbox 3282 4264 3507 4335; x_wconf 79' lang='lat' dir='ltr'><strong>Re|iqua</strong></span> 
     </span>
    </p>
   </div>
   <div class='ocr_carea' id='block_1_88' title="bbox 1922 4357 3510 4430">
    <p class='ocr_par' dir='ltr' id='par_1_88' title="bbox 1922 4357 3510 4430">
     <span class='ocr_line' id='line_1_88' title="bbox 1922 4357 3510 4430; baseline -0.003 -13"><span class='ocrx_word' id='word_1_628' title='bbox 1922 4370 2101 4417; x_wconf 89' lang='lat' dir='ltr'><strong>autem</strong></span> <span class='ocrx_word' id='word_1_629' title='bbox 2152 4360 2223 4425; x_wconf 91' lang='lat' dir='ltr'><strong>ei,</strong></span> <span class='ocrx_word' id='word_1_630' title='bbox 2273 4360 2416 4430; x_wconf 89' lang='lat' dir='ltr'><strong>quod</strong></span> <span class='ocrx_word' id='word_1_631' title='bbox 2464 4376 2564 4429; x_wconf 88' lang='lat' dir='ltr'><strong>pro</strong></span> <span class='ocrx_word' id='word_1_632' title='bbox 2592 4359 2846 4413; x_wconf 90' lang='lat' dir='ltr'><strong>omnibus</strong></span> <span class='ocrx_word' id='word_1_633' title='bbox 2878 4369 2978 4423; x_wconf 89' lang='lat' dir='ltr'><strong>cst,</strong></span> <span class='ocrx_word' id='word_1_634' title='bbox 3027 4357 3297 4413; x_wconf 86' lang='lat' dir='ltr'><strong>sacriﬁcio</strong></span> <span class='ocrx_word' id='word_1_635' title='bbox 3326 4367 3510 4414; x_wconf 87' lang='lat' dir='ltr'><strong>custo-</strong></span> 
     </span>
    </p>
   </div>
   <div class='ocr_carea' id='block_1_89' title="bbox 1920 4451 3509 4522">
    <p class='ocr_par' dir='ltr' id='par_1_89' title="bbox 1920 4451 3509 4522">
     <span class='ocr_line' id='line_1_89' title="bbox 1920 4451 3509 4522; baseline -0.001 -13"><span class='ocrx_word' id='word_1_636' title='bbox 1920 4455 2167 4510; x_wconf 89' lang='lat' dir='ltr'><strong>diuntur.</strong></span> <span class='ocrx_word' id='word_1_637' title='bbox 2195 4452 2556 4522; x_wconf 82' lang='lat' dir='ltr'><strong>Participatur</strong></span> <span class='ocrx_word' id='word_1_638' title='bbox 2578 4460 2758 4505; x_wconf 89' lang='lat' dir='ltr'><strong>autem</strong></span> <span class='ocrx_word' id='word_1_639' title='bbox 2784 4466 2849 4506; x_wconf 90' lang='lat' dir='ltr'><strong>eo</strong></span> <span class='ocrx_word' id='word_1_640' title='bbox 2870 4458 2925 4504; x_wconf 91' lang='lat' dir='ltr'><strong>et</strong></span> <span class='ocrx_word' id='word_1_641' title='bbox 2950 4451 3070 4515; x_wconf 89' lang='lat' dir='ltr'><strong>iste,</strong></span> <span class='ocrx_word' id='word_1_642' title='bbox 3105 4467 3202 4520; x_wconf 84' lang='lat' dir='ltr'><strong>pro</strong></span> <span class='ocrx_word' id='word_1_643' title='bbox 3220 4467 3330 4521; x_wconf 92' lang='lat' dir='ltr'><strong>quo</strong></span> <span class='ocrx_word' id='word_1_644' title='bbox 3361 4465 3509 4507; x_wconf 82' lang='lat' dir='ltr'><strong>nunc</strong></span> 
     </span>
    </p>
   </div>
   <div class='ocr_carea' id='block_1_90' title="bbox 1922 4543 3509 4610">
    <p class='ocr_par' dir='ltr' id='par_1_90' title="bbox 1922 4543 3509 4610">
     <span class='ocr_line' id='line_1_90' title="bbox 1922 4543 3509 4610; baseline -0.003 -8"><span class='ocrx_word' id='word_1_645' title='bbox 1922 4546 2248 4602; x_wconf 90' lang='lat' dir='ltr'><strong>sacriﬁcium</strong></span> <span class='ocrx_word' id='word_1_646' title='bbox 2298 4544 2378 4608; x_wconf 90' lang='lat' dir='ltr'><strong>ﬁt,</strong></span> <span class='ocrx_word' id='word_1_647' title='bbox 2419 4558 2541 4598; x_wconf 80' lang='lat' dir='ltr'><strong>Clllll</strong></span> <span class='ocrx_word' id='word_1_648' title='bbox 2592 4557 2735 4597; x_wconf 88' lang='lat' dir='ltr'><strong>unus</strong></span> <span class='ocrx_word' id='word_1_649' title='bbox 2781 4550 2836 4597; x_wconf 91' lang='lat' dir='ltr'><strong>et</strong></span> <span class='ocrx_word' id='word_1_650' title='bbox 2886 4543 3003 4610; x_wconf 89' lang='lat' dir='ltr'><strong>ipse</strong></span> <span class='ocrx_word' id='word_1_651' title='bbox 3037 4558 3106 4597; x_wconf 74' lang='lat' dir='ltr'><strong>ex</strong></span> <span class='ocrx_word' id='word_1_652' title='bbox 3149 4545 3297 4597; x_wconf 90' lang='lat' dir='ltr'><strong>omni</strong></span> <span class='ocrx_word' id='word_1_653' title='bbox 3330 4560 3509 4598; x_wconf 88' lang='lat' dir='ltr'><strong>massa</strong></span> 
     </span>
    </p>
   </div>
   <div class='ocr_carea' id='block_1_91' title="bbox 237 4632 3511 4725">
    <p class='ocr_par' dir='ltr' id='par_1_91' title="bbox 237 4632 3511 4725">
     <span class='ocr_line' id='line_1_91' title="bbox 237 4632 3511 4725; baseline -0.001 -36"><span class='ocrx_word' id='word_1_654' title='bbox 237 4645 357 4689; x_wconf 84' lang='lat' dir='ltr'><strong>sata</strong></span> <span class='ocrx_word' id='word_1_655' title='bbox 384 4642 467 4691; x_wconf 92' lang='lat' dir='ltr'><strong>est</strong></span> <span class='ocrx_word' id='word_1_656' title='bbox 498 4637 765 4701; x_wconf 90' lang='lat' dir='ltr'><strong>remissio,</strong></span> <span class='ocrx_word' id='word_1_657' title='bbox 796 4649 850 4692; x_wconf 88' lang='lat' dir='ltr'><strong>et</strong></span> <span class='ocrx_word' id='word_1_658' title='bbox 875 4637 1054 4693; x_wconf 90' lang='lat' dir='ltr'><strong>omnis</strong></span> <span class='ocrx_word' id='word_1_659' title='bbox 1084 4638 1308 4692; x_wconf 87' lang='lat' dir='ltr'><strong>humani</strong></span> <span class='ocrx_word' id='word_1_660' title='bbox 1343 4638 1560 4708; x_wconf 89' lang='lat' dir='ltr'><strong>generis</strong></span> <span class='ocrx_word' id='word_1_661' title='bbox 1600 4646 1819 4707; x_wconf 87' lang='lat' dir='ltr'><strong>peracta</strong></span> <span class='ocrx_word' id='word_1_662' title='bbox 1852 4666 1898 4725; x_wconf 70' lang='grc' dir='ltr'>υ</span> <span class='ocrx_word' id='word_1_663' title='bbox 1923 4639 2012 4694; x_wconf 85' lang='lat' dir='ltr'><strong>sit.</strong></span> <span class='ocrx_word' id='word_1_664' title='bbox 2056 4636 2347 4705; x_wconf 89' lang='lat' dir='ltr'><strong>Postquam</strong></span> <span class='ocrx_word' id='word_1_665' title='bbox 2381 4642 2562 4687; x_wconf 89' lang='lat' dir='ltr'><strong>autem</strong></span> <span class='ocrx_word' id='word_1_666' title='bbox 2621 4632 2775 4697; x_wconf 80' lang='lat' dir='ltr'><strong>dixit,</strong></span> <span class='ocrx_word' id='word_1_667' title='bbox 2826 4632 3075 4701; x_wconf 66' lang='lat' dir='ltr'><strong>quaadam</strong></span> <span class='ocrx_word' id='word_1_668' title='bbox 3125 4633 3378 4687; x_wconf 84' lang='lat' dir='ltr'><strong>sacriﬁcii</strong></span> <span class='ocrx_word' id='word_1_669' title='bbox 3412 4648 3511 4701; x_wconf 92' lang='lat' dir='ltr'><strong>pro</strong></span> 
     </span>
    </p>
   </div>
   <div class='ocr_carea' id='block_1_92' title="bbox 235 4721 3514 4798">
    <p class='ocr_par' dir='ltr' id='par_1_92' title="bbox 235 4721 3514 4798">
     <span class='ocr_line' id='line_1_92' title="bbox 235 4721 3514 4798; baseline -0.002 -16"><span class='ocrx_word' id='word_1_670' title='bbox 235 4736 325 4783; x_wconf 85' lang='lat' dir='ltr'><strong>est</strong></span> <span class='ocrx_word' id='word_1_671' title='bbox 350 4728 530 4792; x_wconf 89' lang='lat' dir='ltr'><strong>venia,</strong></span> <span class='ocrx_word' id='word_1_672' title='bbox 561 4731 868 4785; x_wconf 89' lang='lat' dir='ltr'><strong>necessarie</strong></span> <span class='ocrx_word' id='word_1_673' title='bbox 893 4745 1055 4785; x_wconf 92' lang='lat' dir='ltr'><strong>omne</strong></span> <span class='ocrx_word' id='word_1_674' title='bbox 1080 4729 1282 4784; x_wconf 87' lang='lat' dir='ltr'><strong>Christi</strong></span> <span class='ocrx_word' id='word_1_675' title='bbox 1310 4729 1633 4785; x_wconf 86' lang='lat' dir='ltr'><strong>sacriﬁcium</strong></span> <span class='ocrx_word' id='word_1_676' title='bbox 1658 4729 1824 4785; x_wconf 81' lang='lat' dir='ltr'><strong>oﬁ&#39;er-</strong></span> <span class='ocrx_word' id='word_1_677' title='bbox 1852 4721 1882 4725; x_wconf 37' lang='grc' dir='ltr'>τ</span> <span class='ocrx_word' id='word_1_678' title='bbox 1925 4730 2124 4786; x_wconf 87' lang='lat' dir='ltr'><strong>delicto</strong></span> <span class='ocrx_word' id='word_1_679' title='bbox 2158 4727 2453 4798; x_wconf 68' lang='lat' dir='ltr'><strong>praecipua,</strong></span> <span class='ocrx_word' id='word_1_680' title='bbox 2494 4722 2736 4780; x_wconf 89' lang='lat' dir='ltr'><strong>subdidit</strong></span> <span class='ocrx_word' id='word_1_681' title='bbox 2763 4721 3078 4778; x_wconf 86' lang='lat' dir='ltr'><strong>communia</strong></span> <span class='ocrx_word' id='word_1_682' title='bbox 3126 4737 3249 4792; x_wconf 62' lang='lat' dir='ltr'><strong>quae</strong></span> <span class='ocrx_word' id='word_1_683' title='bbox 3276 4722 3346 4777; x_wconf 90' lang='lat' dir='ltr'><strong>de</strong></span> <span class='ocrx_word' id='word_1_684' title='bbox 3380 4737 3514 4792; x_wconf 80' lang='lat' dir='ltr'><strong>pec-</strong></span> 
     </span>
    </p>
   </div>
   <div class='ocr_carea' id='block_1_93' title="bbox 239 4820 1823 4893">
    <p class='ocr_par' dir='ltr' id='par_1_93' title="bbox 239 4820 1823 4893">
     <span class='ocr_line' id='line_1_93' title="bbox 239 4820 1823 4893; baseline 0.004 -20"><span class='ocrx_word' id='word_1_685' title='bbox 239 4829 353 4879; x_wconf 91' lang='lat' dir='ltr'><strong>tur,</strong></span> <span class='ocrx_word' id='word_1_686' title='bbox 402 4820 489 4875; x_wconf 91' lang='lat' dir='ltr'><strong>hic</strong></span> <span class='ocrx_word' id='word_1_687' title='bbox 524 4828 708 4875; x_wconf 89' lang='lat' dir='ltr'><strong>autem</strong></span> <span class='ocrx_word' id='word_1_688' title='bbox 756 4822 885 4877; x_wconf 89' lang='lat' dir='ltr'><strong>illud</strong></span> <span class='ocrx_word' id='word_1_689' title='bbox 921 4832 1006 4878; x_wconf 90' lang='lat' dir='ltr'><strong>est</strong></span> <span class='ocrx_word' id='word_1_690' title='bbox 1033 4823 1179 4893; x_wconf 90' lang='lat' dir='ltr'><strong>quod</strong></span> <span class='ocrx_word' id='word_1_691' title='bbox 1221 4839 1318 4891; x_wconf 91' lang='lat' dir='ltr'><strong>pro</strong></span> <span class='ocrx_word' id='word_1_692' title='bbox 1364 4824 1446 4879; x_wconf 91' lang='lat' dir='ltr'><strong>eis</strong></span> <span class='ocrx_word' id='word_1_693' title='bbox 1498 4822 1579 4890; x_wconf 89' lang='lat' dir='ltr'><strong>ﬁt,</strong></span> <span class='ocrx_word' id='word_1_694' title='bbox 1623 4824 1823 4893; x_wconf 91' lang='lat' dir='ltr'><strong>quibus</strong></span> 
     </span>
    </p>
   </div>
   <div class='ocr_carea' id='block_1_94' title="bbox 238 4913 1825 4987">
    <p class='ocr_par' dir='ltr' id='par_1_94' title="bbox 238 4913 1825 4987">
     <span class='ocr_line' id='line_1_94' title="bbox 238 4913 1825 4987; baseline 0.003 -21"><span class='ocrx_word' id='word_1_695' title='bbox 238 4913 570 4968; x_wconf 89' lang='lat' dir='ltr'><strong>sacriﬁcium</strong></span> <span class='ocrx_word' id='word_1_696' title='bbox 624 4924 680 4969; x_wconf 89' lang='lat' dir='ltr'><strong>et</strong></span> <span class='ocrx_word' id='word_1_697' title='bbox 739 4915 990 4970; x_wconf 90' lang='lat' dir='ltr'><strong>remissio</strong></span> <span class='ocrx_word' id='word_1_698' title='bbox 1062 4925 1409 4987; x_wconf 88' lang='lat' dir='ltr'><strong>procuratur.</strong></span> <span class='ocrx_word' id='word_1_699' title='bbox 1472 4914 1825 4985; x_wconf 80' lang='lat' dir='ltr'><strong>Quaecunque</strong></span> 
     </span>
    </p>
   </div>
   <div class='ocr_carea' id='block_1_95' title="bbox 238 5008 1825 5077">
    <p class='ocr_par' dir='ltr' id='par_1_95' title="bbox 238 5008 1825 5077">
     <span class='ocr_line' id='line_1_95' title="bbox 238 5008 1825 5077; baseline 0.002 -18"><span class='ocrx_word' id='word_1_700' title='bbox 238 5021 377 5076; x_wconf 81' lang='lat' dir='ltr'><strong>ergo</strong></span> <span class='ocrx_word' id='word_1_701' title='bbox 398 5022 526 5061; x_wconf 89' lang='lat' dir='ltr'><strong>eum</strong></span> <span class='ocrx_word' id='word_1_702' title='bbox 549 5018 780 5077; x_wconf 90' lang='lat' dir='ltr'><strong>possunt</strong></span> <span class='ocrx_word' id='word_1_703' title='bbox 800 5008 1033 5074; x_wconf 87' lang='lat' dir='ltr'><strong>salvare,</strong></span> <span class='ocrx_word' id='word_1_704' title='bbox 1076 5009 1192 5063; x_wconf 66' lang='lat' dir='ltr'><strong>haec</strong></span> <span class='ocrx_word' id='word_1_705' title='bbox 1225 5008 1281 5062; x_wconf 88' lang='lat' dir='ltr'><strong>in</strong></span> <span class='ocrx_word' id='word_1_706' title='bbox 1306 5009 1632 5064; x_wconf 87' lang='lat' dir='ltr'><strong>sacriﬁcium</strong></span> <span class='ocrx_word' id='word_1_707' title='bbox 1672 5008 1825 5063; x_wconf 87' lang='lat' dir='ltr'><strong>Chri-</strong></span> 
     </span>
    </p>
   </div>
   <div class='ocr_carea' id='block_1_96' title="bbox 237 5098 1825 5169">
    <p class='ocr_par' dir='ltr' id='par_1_96' title="bbox 237 5098 1825 5169">
     <span class='ocr_line' id='line_1_96' title="bbox 237 5098 1825 5169; baseline 0.001 -16"><span class='ocrx_word' id='word_1_708' title='bbox 237 5098 312 5153; x_wconf 86' lang='lat' dir='ltr'><strong>sti</strong></span> <span class='ocrx_word' id='word_1_709' title='bbox 373 5099 572 5168; x_wconf 90' lang='lat' dir='ltr'><strong>suscipi</strong></span> <span class='ocrx_word' id='word_1_710' title='bbox 626 5099 900 5167; x_wconf 83' lang='lat' dir='ltr'><strong>legislator</strong></span> <span class='ocrx_word' id='word_1_711' title='bbox 939 5100 1122 5169; x_wconf 87' lang='lat' dir='ltr'><strong>jussit.</strong></span> <span class='ocrx_word' id='word_1_712' title='bbox 1156 5098 1286 5165; x_wconf 80' lang='lat' dir='ltr'><strong>Quae</strong></span> <span class='ocrx_word' id='word_1_713' title='bbox 1331 5100 1441 5154; x_wconf 91' lang='lat' dir='ltr'><strong>sint</strong></span> <span class='ocrx_word' id='word_1_714' title='bbox 1489 5108 1672 5155; x_wconf 90' lang='lat' dir='ltr'><strong>autem</strong></span> <span class='ocrx_word' id='word_1_715' title='bbox 1706 5100 1825 5155; x_wconf 65' lang='lat' dir='ltr'><strong>haec</strong></span> 
     </span>
    </p>
   </div>
   <div class='ocr_carea' id='block_1_97' title="bbox 239 5191 1821 5263">
    <p class='ocr_par' dir='ltr' id='par_1_97' title="bbox 239 5191 1821 5263">
     <span class='ocr_line' id='line_1_97' title="bbox 239 5191 1821 5263; baseline 0.002 -18"><span class='ocrx_word' id='word_1_716' title='bbox 239 5191 447 5247; x_wconf 86' lang='lat' dir='ltr'><strong>Paulus</strong></span> <span class='ocrx_word' id='word_1_717' title='bbox 474 5192 594 5256; x_wconf 88' lang='lat' dir='ltr'><strong>ait,</strong></span> <span class='ocrx_word' id='word_1_718' title='bbox 647 5191 839 5246; x_wconf 88' lang='lat' dir='ltr'><strong>Pacem</strong></span> <span class='ocrx_word' id='word_1_719' title='bbox 875 5193 1154 5263; x_wconf 82' lang='lat' dir='ltr'><strong>sequimini</strong></span> <span class='ocrx_word' id='word_1_720' title='bbox 1185 5210 1303 5247; x_wconf 88' lang='lat' dir='ltr'><strong>cum</strong></span> <span class='ocrx_word' id='word_1_721' title='bbox 1334 5193 1572 5247; x_wconf 86' lang='lat' dir='ltr'><strong>omnibus</strong></span> <span class='ocrx_word' id='word_1_722' title='bbox 1609 5193 1821 5259; x_wconf 86' lang='lat' dir='ltr'><strong>dicens,</strong></span> 
     </span>
    </p>
   </div>
   <div class='ocr_carea' id='block_1_98' title="bbox 241 5280 1823 5348">
    <p class='ocr_par' dir='ltr' id='par_1_98' title="bbox 241 5280 1823 5348">
     <span class='ocr_line' id='line_1_98' title="bbox 241 5280 1823 5348; baseline 0.002 -16"><span class='ocrx_word' id='word_1_723' title='bbox 241 5288 293 5332; x_wconf 86' lang='lat' dir='ltr'><strong>et</strong></span> <span class='ocrx_word' id='word_1_724' title='bbox 339 5281 765 5344; x_wconf 86' lang='lat' dir='ltr'><strong>sanctimoniam,</strong></span> <span class='ocrx_word' id='word_1_725' title='bbox 821 5280 933 5333; x_wconf 87' lang='lat' dir='ltr'><strong>sine</strong></span> <span class='ocrx_word' id='word_1_726' title='bbox 981 5297 1084 5348; x_wconf 90' lang='lat' dir='ltr'><strong>qua</strong></span> <span class='ocrx_word' id='word_1_727' title='bbox 1134 5298 1283 5335; x_wconf 89' lang='lat' dir='ltr'><strong>nemo</strong></span> <span class='ocrx_word' id='word_1_728' title='bbox 1337 5282 1526 5335; x_wconf 85' lang='lat' dir='ltr'><strong>videbit</strong></span> <span class='ocrx_word' id='word_1_729' title='bbox 1570 5280 1823 5335; x_wconf 78' lang='lat' dir='ltr'><strong>Deum&quot;.</strong></span> 
     </span>
    </p>
   </div>
   <div class='ocr_carea' id='block_1_99' title="bbox 240 5372 1826 5444">
    <p class='ocr_par' dir='ltr' id='par_1_99' title="bbox 240 5372 1826 5444">
     <span class='ocr_line' id='line_1_99' title="bbox 240 5372 1826 5444; baseline 0.003 -19"><span class='ocrx_word' id='word_1_730' title='bbox 240 5372 402 5437; x_wconf 86' lang='lat' dir='ltr'><strong>Quod</strong></span> <span class='ocrx_word' id='word_1_731' title='bbox 433 5380 487 5425; x_wconf 90' lang='lat' dir='ltr'><strong>et</strong></span> <span class='ocrx_word' id='word_1_732' title='bbox 512 5388 658 5427; x_wconf 90' lang='lat' dir='ltr'><strong>nunc</strong></span> <span class='ocrx_word' id='word_1_733' title='bbox 685 5372 959 5444; x_wconf 89' lang='lat' dir='ltr'><strong>legislator</strong></span> <span class='ocrx_word' id='word_1_734' title='bbox 990 5372 1312 5443; x_wconf 87' lang='lat' dir='ltr'><strong>signiﬁcavit</strong></span> <span class='ocrx_word' id='word_1_735' title='bbox 1362 5390 1461 5443; x_wconf 90' lang='lat' dir='ltr'><strong>per</strong></span> <span class='ocrx_word' id='word_1_736' title='bbox 1496 5374 1826 5430; x_wconf 80' lang='lat' dir='ltr'><strong>autel‘actam</strong></span> 
     </span>
    </p>
   </div>
   <div class='ocr_carea' id='block_1_100' title="bbox 240 5462 1827 5537">
    <p class='ocr_par' dir='ltr' id='par_1_100' title="bbox 240 5462 1827 5537">
     <span class='ocr_line' id='line_1_100' title="bbox 240 5462 1827 5537; baseline 0.004 -22"><span class='ocrx_word' id='word_1_737' title='bbox 240 5462 616 5517; x_wconf 87' lang='lat' dir='ltr'><strong>oblationem:</strong></span> <span class='ocrx_word' id='word_1_738' title='bbox 680 5463 1005 5520; x_wconf 88' lang='lat' dir='ltr'><strong>interiorum</strong></span> <span class='ocrx_word' id='word_1_739' title='bbox 1057 5464 1204 5519; x_wconf 90' lang='lat' dir='ltr'><strong>enim</strong></span> <span class='ocrx_word' id='word_1_740' title='bbox 1283 5467 1642 5537; x_wconf 88' lang='lat' dir='ltr'><strong>cogitationes</strong></span> <span class='ocrx_word' id='word_1_741' title='bbox 1698 5477 1827 5523; x_wconf 92' lang='lat' dir='ltr'><strong>sunt</strong></span> 
     </span>
    </p>
   </div>
   <div class='ocr_carea' id='block_1_101' title="bbox 243 5554 1821 5633">
    <p class='ocr_par' dir='ltr' id='par_1_101' title="bbox 243 5554 1821 5633">
     <span class='ocr_line' id='line_1_101' title="bbox 243 5554 1821 5633; baseline 0.004 -25"><span class='ocrx_word' id='word_1_742' title='bbox 243 5554 606 5625; x_wconf 85' lang='lat' dir='ltr'><strong>intelligibilia</strong></span> <span class='ocrx_word' id='word_1_743' title='bbox 651 5555 934 5633; x_wconf 84' lang='lat' dir='ltr'><strong>interiora,</strong></span> <span class='ocrx_word' id='word_1_744' title='bbox 985 5556 1183 5626; x_wconf 91' lang='lat' dir='ltr'><strong>quibus</strong></span> <span class='ocrx_word' id='word_1_745' title='bbox 1238 5572 1428 5627; x_wconf 91' lang='lat' dir='ltr'><strong>pacem</strong></span> <span class='ocrx_word' id='word_1_746' title='bbox 1472 5558 1821 5627; x_wconf 89' lang='lat' dir='ltr'><strong>habentibus,</strong></span> 
     </span>
    </p>
   </div>
   <div class='ocr_carea' id='block_1_102' title="bbox 240 5649 1824 5717">
    <p class='ocr_par' dir='ltr' id='par_1_102' title="bbox 240 5649 1824 5717">
     <span class='ocr_line' id='line_1_102' title="bbox 240 5649 1824 5717; baseline 0.005 -17"><span class='ocrx_word' id='word_1_747' title='bbox 240 5661 436 5717; x_wconf 83' lang='lat' dir='ltr'><strong>pacem</strong></span> <span class='ocrx_word' id='word_1_748' title='bbox 478 5662 603 5702; x_wconf 91' lang='lat' dir='ltr'><strong>cum</strong></span> <span class='ocrx_word' id='word_1_749' title='bbox 652 5649 907 5704; x_wconf 91' lang='lat' dir='ltr'><strong>omnibus</strong></span> <span class='ocrx_word' id='word_1_750' title='bbox 952 5649 1293 5704; x_wconf 88' lang='lat' dir='ltr'><strong>habebimus.</strong></span> <span class='ocrx_word' id='word_1_751' title='bbox 1327 5649 1613 5706; x_wconf 86' lang='lat' dir='ltr'><strong>Oblatione</strong></span> <span class='ocrx_word' id='word_1_752' title='bbox 1641 5660 1824 5709; x_wconf 89' lang='lat' dir='ltr'><strong>autem</strong></span> 
     </span>
    </p>
   </div>
   <div class='ocr_carea' id='block_1_103' title="bbox 245 5738 1824 5810">
    <p class='ocr_par' dir='ltr' id='par_1_103' title="bbox 245 5738 1824 5810">
     <span class='ocr_line' id='line_1_103' title="bbox 245 5738 1824 5810; baseline 0.006 -18"><span class='ocrx_word' id='word_1_753' title='bbox 245 5738 486 5805; x_wconf 88' lang='lat' dir='ltr'><strong>renium,</strong></span> <span class='ocrx_word' id='word_1_754' title='bbox 529 5748 585 5795; x_wconf 89' lang='lat' dir='ltr'><strong>ct</strong></span> <span class='ocrx_word' id='word_1_755' title='bbox 617 5739 877 5810; x_wconf 69' lang='lat' dir='ltr'><strong>pinnulae,</strong></span> <span class='ocrx_word' id='word_1_756' title='bbox 905 5747 960 5796; x_wconf 94' lang='lat' dir='ltr'><strong>et</strong></span> <span class='ocrx_word' id='word_1_757' title='bbox 988 5739 1185 5810; x_wconf 85' lang='lat' dir='ltr'><strong>epatis,</strong></span> <span class='ocrx_word' id='word_1_758' title='bbox 1219 5750 1270 5797; x_wconf 89' lang='lat' dir='ltr'><strong>et</strong></span> <span class='ocrx_word' id='word_1_759' title='bbox 1317 5740 1587 5797; x_wconf 80' lang='lat' dir='ltr'><strong>femorum</strong></span> <span class='ocrx_word' id='word_1_760' title='bbox 1619 5746 1824 5801; x_wconf 87' lang='lat' dir='ltr'><strong>sancti-</strong></span> 
     </span>
    </p>
   </div>
   <div class='ocr_carea' id='block_1_104' title="bbox 322 5938 1876 6017">
    <p class='ocr_par' dir='ltr' id='par_1_104' title="bbox 322 5938 1876 6017">
     <span class='ocr_line' id='line_1_104' title="bbox 322 5938 1876 6017; baseline 0.01 -25"><span class='ocrx_word' id='word_1_761' title='bbox 322 5938 367 5971; x_wconf 83' lang='lat'><strong>&quot;</strong></span> <span class='ocrx_word' id='word_1_762' title='bbox 403 5938 423 5993; x_wconf 89' lang='lat' dir='ltr'><strong>l</strong></span> <span class='ocrx_word' id='word_1_763' title='bbox 452 5938 589 6012; x_wconf 81' lang='lat' dir='ltr'><strong>Reg.</strong></span> <span class='ocrx_word' id='word_1_764' title='bbox 642 5957 702 6011; x_wconf 86' lang='grc' dir='ltr'><strong>ιι,</strong></span> <span class='ocrx_word' id='word_1_765' title='bbox 732 5944 825 5999; x_wconf 79' lang='grc'><strong>25.</strong></span> <span class='ocrx_word' id='word_1_766' title='bbox 899 5944 1122 6002; x_wconf 67' lang='lat' dir='ltr'><strong>“Joau.</strong></span> <span class='ocrx_word' id='word_1_767' title='bbox 1152 5960 1190 6014; x_wconf 80' lang='grc' dir='ltr'><strong>ι,</strong></span> <span class='ocrx_word' id='word_1_768' title='bbox 1219 5946 1308 6004; x_wconf 78' lang='lat'><strong>29.</strong></span> <span class='ocrx_word' id='word_1_769' title='bbox 1385 5951 1429 5984; x_wconf 76' lang='grc'><strong>⁸⁵</strong></span> <span class='ocrx_word' id='word_1_770' title='bbox 1464 5949 1630 6007; x_wconf 83' lang='lat' dir='ltr'><strong>Hebr.</strong></span> <span class='ocrx_word' id='word_1_771' title='bbox 1658 5966 1754 6017; x_wconf 77' lang='lat' dir='ltr'><strong>xtl,</strong></span> <span class='ocrx_word' id='word_1_772' title='bbox 1792 5951 1876 6008; x_wconf 75' lang='grc'><strong>14.</strong></span> 
     </span>
    </p>
   </div>
   <div class='ocr_carea' id='block_1_105' title="bbox 1925 4821 2271 4878">
    <p class='ocr_par' dir='ltr' id='par_1_105' title="bbox 1925 4821 2271 4878">
     <span class='ocr_line' id='line_1_105' title="bbox 1925 4821 2271 4878; baseline -0.012 0"><span class='ocrx_word' id='word_1_773' title='bbox 1925 4822 2062 4878; x_wconf 90' lang='lat' dir='ltr'><strong>catis</strong></span> <span class='ocrx_word' id='word_1_774' title='bbox 2090 4821 2271 4875; x_wconf 88' lang='lat' dir='ltr'><strong>habet.</strong></span> 
     </span>
    </p>
   </div>
   <div class='ocr_carea' id='block_1_106' title="bbox 2000 4894 3514 4980">
    <p class='ocr_par' dir='ltr' id='par_1_106' title="bbox 2000 4894 3514 4980">
     <span class='ocr_line' id='line_1_106' title="bbox 2000 4894 3514 4980; baseline -0.005 -10"><span class='ocrx_word' id='word_1_775' title='bbox 2000 4908 2195 4971; x_wconf 63' lang='lat' dir='ltr'><strong>Omnis</strong></span> <span class='ocrx_word' id='word_1_776' title='bbox 2205 4911 2471 4966; x_wconf 84' lang='lat' dir='ltr'><strong>masculus</strong></span> <span class='ocrx_word' id='word_1_777' title='bbox 2488 4911 2551 4966; x_wconf 85' lang='lat' dir='ltr'><strong>de</strong></span> <span class='ocrx_word' id='word_1_778' title='bbox 2577 4894 2894 4964; x_wconf 77' lang='lat' dir='ltr'><strong>sacerdotali</strong></span> <span class='ocrx_word' id='word_1_779' title='bbox 2916 4926 3102 4980; x_wconf 85' lang='lat' dir='ltr'><strong>genere</strong></span> <span class='ocrx_word' id='word_1_780' title='bbox 3124 4909 3181 4962; x_wconf 88' lang='lat' dir='ltr'><strong>in</strong></span> <span class='ocrx_word' id='word_1_781' title='bbox 3207 4910 3317 4962; x_wconf 85' lang='lat' dir='ltr'><strong>loco</strong></span> <span class='ocrx_word' id='word_1_782' title='bbox 3330 4916 3514 4962; x_wconf 86' lang='lat' dir='ltr'><strong>sancto</strong></span> 
     </span>
    </p>
   </div>
   <div class='ocr_carea' id='block_1_107' title="bbox 1926 5001 3515 5073">
    <p class='ocr_par' dir='ltr' id='par_1_107' title="bbox 1926 5001 3515 5073">
     <span class='ocr_line' id='line_1_107' title="bbox 1926 5001 3515 5073; baseline -0.003 -11"><span class='ocrx_word' id='word_1_783' title='bbox 1926 5016 2159 5063; x_wconf 85' lang='lat' dir='ltr'><strong>vescetur</strong></span> <span class='ocrx_word' id='word_1_784' title='bbox 2186 5007 2264 5059; x_wconf 85' lang='lat' dir='ltr'><strong>his</strong></span> <span class='ocrx_word' id='word_1_785' title='bbox 2288 5004 2558 5067; x_wconf 84' lang='lat' dir='ltr'><strong>carnibus,</strong></span> <span class='ocrx_word' id='word_1_786' title='bbox 2613 5004 2737 5073; x_wconf 90' lang='lat' dir='ltr'><strong>quia</strong></span> <span class='ocrx_word' id='word_1_787' title='bbox 2778 5001 3031 5057; x_wconf 86' lang='lat' dir='ltr'><strong>Sanctum</strong></span> <span class='ocrx_word' id='word_1_788' title='bbox 3067 5013 3370 5056; x_wconf 89' lang='lat' dir='ltr'><strong>sanctorum</strong></span> <span class='ocrx_word' id='word_1_789' title='bbox 3416 5009 3515 5058; x_wconf 83' lang='lat' dir='ltr'><strong>est.</strong></span> 
     </span>
    </p>
   </div>
   <div class='ocr_carea' id='block_1_108' title="bbox 1931 5082 3513 5164">
    <p class='ocr_par' dir='ltr' id='par_1_108' title="bbox 1931 5082 3513 5164">
     <span class='ocr_line' id='line_1_108' title="bbox 1931 5082 3513 5164; baseline -0.003 -14"><span class='ocrx_word' id='word_1_790' title='bbox 1931 5096 2078 5151; x_wconf 86' lang='lat' dir='ltr'><strong>Sicut</strong></span> <span class='ocrx_word' id='word_1_791' title='bbox 2110 5112 2206 5164; x_wconf 90' lang='lat' dir='ltr'><strong>pro</strong></span> <span class='ocrx_word' id='word_1_792' title='bbox 2237 5082 2449 5164; x_wconf 84' lang='lat' dir='ltr'><strong>peccato</strong></span> <span class='ocrx_word' id='word_1_793' title='bbox 2494 5095 2707 5163; x_wconf 65' lang='lat' dir='ltr'><strong>offertur</strong></span> <span class='ocrx_word' id='word_1_794' title='bbox 2735 5094 2929 5158; x_wconf 83' lang='lat' dir='ltr'><strong>hostia,</strong></span> <span class='ocrx_word' id='word_1_795' title='bbox 2966 5094 3042 5146; x_wconf 92' lang='lat' dir='ltr'><strong>ita</strong></span> <span class='ocrx_word' id='word_1_796' title='bbox 3077 5102 3126 5148; x_wconf 87' lang='lat' dir='ltr'><strong>et</strong></span> <span class='ocrx_word' id='word_1_797' title='bbox 3169 5110 3264 5163; x_wconf 90' lang='lat' dir='ltr'><strong>pro</strong></span> <span class='ocrx_word' id='word_1_798' title='bbox 3302 5092 3513 5146; x_wconf 76' lang='lat' dir='ltr'><strong>delicto.</strong></span> 
     </span>
    </p>
   </div>
   <div class='ocr_carea' id='block_1_109' title="bbox 1936 5187 3518 5261">
    <p class='ocr_par' dir='ltr' id='par_1_109' title="bbox 1936 5187 3518 5261">
     <span class='ocr_line' id='line_1_109' title="bbox 1936 5187 3518 5261; baseline -0.002 -15"><span class='ocrx_word' id='word_1_799' title='bbox 1936 5193 2212 5261; x_wconf 87' lang='lat' dir='ltr'><strong>Utriusque</strong></span> <span class='ocrx_word' id='word_1_800' title='bbox 2273 5191 2454 5245; x_wconf 71' lang='lat' dir='ltr'><strong>hostia:</strong></span> <span class='ocrx_word' id='word_1_801' title='bbox 2510 5206 2617 5244; x_wconf 86' lang='lat' dir='ltr'><strong>una</strong></span> <span class='ocrx_word' id='word_1_802' title='bbox 2667 5188 2752 5243; x_wconf 85' lang='lat' dir='ltr'><strong>lea:</strong></span> <span class='ocrx_word' id='word_1_803' title='bbox 2810 5190 2933 5243; x_wconf 89' lang='lat' dir='ltr'><strong>erit.</strong></span> <span class='ocrx_word' id='word_1_804' title='bbox 2988 5187 3132 5258; x_wconf 88' lang='lat' dir='ltr'><strong>Ergo</strong></span> <span class='ocrx_word' id='word_1_805' title='bbox 3178 5188 3319 5242; x_wconf 89' lang='lat' dir='ltr'><strong>nihil</strong></span> <span class='ocrx_word' id='word_1_806' title='bbox 3366 5187 3518 5243; x_wconf 89' lang='lat' dir='ltr'><strong>aliud</strong></span> 
     </span>
    </p>
   </div>
   <div class='ocr_carea' id='block_1_110' title="bbox 1934 5280 3521 5354">
    <p class='ocr_par' dir='ltr' id='par_1_110' title="bbox 1934 5280 3521 5354">
     <span class='ocr_line' id='line_1_110' title="bbox 1934 5280 3521 5354; baseline -0.003 -15"><span class='ocrx_word' id='word_1_807' title='bbox 1934 5299 2205 5354; x_wconf 76' lang='lat' dir='ltr'><strong>exponere</strong></span> <span class='ocrx_word' id='word_1_808' title='bbox 2251 5284 2361 5348; x_wconf 91' lang='lat' dir='ltr'><strong>hic,</strong></span> <span class='ocrx_word' id='word_1_809' title='bbox 2411 5293 2504 5339; x_wconf 89' lang='lat' dir='ltr'><strong>aut</strong></span> <span class='ocrx_word' id='word_1_810' title='bbox 2550 5282 2753 5338; x_wconf 88' lang='lat' dir='ltr'><strong>addere</strong></span> <span class='ocrx_word' id='word_1_811' title='bbox 2792 5297 3024 5338; x_wconf 91' lang='lat' dir='ltr'><strong>necesse</strong></span> <span class='ocrx_word' id='word_1_812' title='bbox 3057 5282 3345 5346; x_wconf 89' lang='lat' dir='ltr'><strong>habemus,</strong></span> <span class='ocrx_word' id='word_1_813' title='bbox 3389 5280 3521 5349; x_wconf 85' lang='lat' dir='ltr'><strong>quia</strong></span> 
     </span>
    </p>
   </div>
   <div class='ocr_carea' id='block_1_111' title="bbox 1932 5373 3519 5445">
    <p class='ocr_par' dir='ltr' id='par_1_111' title="bbox 1932 5373 3519 5445">
     <span class='ocr_line' id='line_1_111' title="bbox 1932 5373 3519 5445; baseline -0.003 -14"><span class='ocrx_word' id='word_1_814' title='bbox 1932 5375 2242 5432; x_wconf 91' lang='lat' dir='ltr'><strong>communia</strong></span> <span class='ocrx_word' id='word_1_815' title='bbox 2299 5375 2417 5429; x_wconf 67' lang='lat' dir='ltr'><strong>haec</strong></span> <span class='ocrx_word' id='word_1_816' title='bbox 2462 5390 2582 5430; x_wconf 89' lang='lat' dir='ltr'><strong>esse</strong></span> <span class='ocrx_word' id='word_1_817' title='bbox 2618 5390 2716 5445; x_wconf 91' lang='lat' dir='ltr'><strong>pro</strong></span> <span class='ocrx_word' id='word_1_818' title='bbox 2764 5381 3012 5443; x_wconf 87' lang='lat' dir='ltr'><strong>peccato,</strong></span> <span class='ocrx_word' id='word_1_819' title='bbox 3078 5381 3134 5428; x_wconf 92' lang='lat' dir='ltr'><strong>et</strong></span> <span class='ocrx_word' id='word_1_820' title='bbox 3167 5389 3267 5445; x_wconf 90' lang='lat' dir='ltr'><strong>pro</strong></span> <span class='ocrx_word' id='word_1_821' title='bbox 3316 5373 3519 5427; x_wconf 89' lang='lat' dir='ltr'><strong>delicto</strong></span> 
     </span>
    </p>
   </div>
   <div class='ocr_carea' id='block_1_112' title="bbox 1934 5464 3519 5523">
    <p class='ocr_par' dir='ltr' id='par_1_112' title="bbox 1934 5464 3519 5523">
     <span class='ocr_line' id='line_1_112' title="bbox 1934 5464 3519 5523; baseline -0.003 0"><span class='ocrx_word' id='word_1_822' title='bbox 1934 5468 2197 5523; x_wconf 87' lang='lat' dir='ltr'><strong>sacriﬁcia</strong></span> <span class='ocrx_word' id='word_1_823' title='bbox 2256 5467 2587 5523; x_wconf 88' lang='lat' dir='ltr'><strong>audivimus.</strong></span> <span class='ocrx_word' id='word_1_824' title='bbox 2647 5465 2994 5521; x_wconf 79' lang='lat' dir='ltr'><strong>Suﬁicienter</strong></span> <span class='ocrx_word' id='word_1_825' title='bbox 3056 5473 3239 5520; x_wconf 88' lang='lat' dir='ltr'><strong>autem</strong></span> <span class='ocrx_word' id='word_1_826' title='bbox 3310 5465 3377 5519; x_wconf 90' lang='lat' dir='ltr'><strong>de</strong></span> <span class='ocrx_word' id='word_1_827' title='bbox 3432 5464 3519 5518; x_wconf 89' lang='lat' dir='ltr'><strong>his</strong></span> 
     </span>
    </p>
   </div>
   <div class='ocr_carea' id='block_1_113' title="bbox 1933 5556 3513 5630">
    <p class='ocr_par' dir='ltr' id='par_1_113' title="bbox 1933 5556 3513 5630">
     <span class='ocr_line' id='line_1_113' title="bbox 1933 5556 3513 5630; baseline -0.003 -16"><span class='ocrx_word' id='word_1_828' title='bbox 1933 5575 2054 5630; x_wconf 70' lang='lat' dir='ltr'><strong>qua:</strong></span> <span class='ocrx_word' id='word_1_829' title='bbox 2107 5576 2204 5630; x_wconf 89' lang='lat' dir='ltr'><strong>pro</strong></span> <span class='ocrx_word' id='word_1_830' title='bbox 2255 5570 2480 5630; x_wconf 87' lang='lat' dir='ltr'><strong>peccato</strong></span> <span class='ocrx_word' id='word_1_831' title='bbox 2530 5568 2658 5614; x_wconf 92' lang='lat' dir='ltr'><strong>sunt</strong></span> <span class='ocrx_word' id='word_1_832' title='bbox 2705 5559 2761 5613; x_wconf 87' lang='lat' dir='ltr'><strong>in</strong></span> <span class='ocrx_word' id='word_1_833' title='bbox 2815 5558 3091 5628; x_wconf 63' lang='lat' dir='ltr'><strong>praedictis</strong></span> <span class='ocrx_word' id='word_1_834' title='bbox 3138 5556 3513 5627; x_wconf 84' lang='lat' dir='ltr'><strong>exposuimus.</strong></span> 
     </span>
    </p>
   </div>
   <div class='ocr_carea' id='block_1_114' title="bbox 1936 5650 3515 5719">
    <p class='ocr_par' dir='ltr' id='par_1_114' title="bbox 1936 5650 3515 5719">
     <span class='ocr_line' id='line_1_114' title="bbox 1936 5650 3515 5719; baseline -0.004 -11"><span class='ocrx_word' id='word_1_835' title='bbox 1936 5653 2043 5708; x_wconf 81' lang='lat' dir='ltr'><strong>Sed</strong></span> <span class='ocrx_word' id='word_1_836' title='bbox 2078 5653 2547 5708; x_wconf 86' lang='lat' dir='ltr'><strong>conﬁrmationem</strong></span> <span class='ocrx_word' id='word_1_837' title='bbox 2606 5652 2766 5707; x_wconf 89' lang='lat' dir='ltr'><strong>etiam</strong></span> <span class='ocrx_word' id='word_1_838' title='bbox 2799 5652 2926 5706; x_wconf 89' lang='lat' dir='ltr'><strong>huic</strong></span> <span class='ocrx_word' id='word_1_839' title='bbox 2957 5650 3060 5719; x_wconf 82' lang='lat' dir='ltr'><strong>legi</strong></span> <span class='ocrx_word' id='word_1_840' title='bbox 3120 5651 3280 5705; x_wconf 86' lang='lat' dir='ltr'><strong>talem</strong></span> <span class='ocrx_word' id='word_1_841' title='bbox 3328 5662 3515 5719; x_wconf 88' lang='lat' dir='ltr'><strong>super-</strong></span> 
     </span>
    </p>
   </div>
   <div class='ocr_carea' id='block_1_115' title="bbox 1934 5746 2184 5802">
    <p class='ocr_par' dir='ltr' id='par_1_115' title="bbox 1934 5746 2184 5802">
     <span class='ocr_line' id='line_1_115' title="bbox 1934 5746 2184 5802; baseline -0.008 -1"><span class='ocrx_word' id='word_1_842' title='bbox 1934 5746 2144 5802; x_wconf 84' lang='lat' dir='ltr'><strong>addidit</strong></span> <span class='ocrx_word' id='word_1_843' title='bbox 2171 5764 2184 5799; x_wconf 91' lang='lat'><strong>:</strong></span> 
     </span>
    </p>
   </div>
  </div>
