4046 6412
590 443 703 508 859

1792 444 2157 507 HESYCHII
2193 443 2673 506 PRESBYTER]

3062 378 3089 397 δ
3183 382 3213 413 Τ

3792 443 3895 511 860

662 561 743 616 Ad
799 561 1126 616 sacerdotem
1175 563 1265 630 qui
1303 578 1423 617 eam
1473 562 1723 617 obtulerit
1765 563 2069 633 pertinebit.
2116 592 2189 605 —-
2214 566 2264 622 Α
2295 573 2415 618 tur:
2449 563 2577 632 quia
2605 562 2722 632 ipse
2745 559 2906 617 nobis
2930 560 3247 631 patientiam
3277 560 3704 623 demonstravit.
3740 562 3893 629 prius

589 654 829 708 Christus
872 644 1050 708 autem
1080 656 1224 709 nobis
1263 656 1572 725 propitiatio
1624 658 1795 726 factus
1825 665 1901 709 est
1919 657 1988 708 ⁸⁸.
2029 656 2172 726 Ergo

589 744 646 798 in
696 745 816 815 ipso
872 761 1036 800 omne
1084 745 1423 816 pmnitentia:
1470 747 1799 803 sacriﬁcium
1826 748 2173 802 ministratur

587 845 644 890 et
669 836 864 907 agitur,
897 845 953 891 et
985 852 1148 891 omne
1195 846 1339 906 quod
1378 854 1444 892 ex
1477 839 1796 908 paenitentia
1823 839 1947 908 quis
1974 854 2173 894 conse-

586 929 789 997 quitur,
822 930 890 984 ad
920 946 1043 984 eum
1070 930 1330 997 refertur;
1370 931 1538 1001 ipsius
1555 931 1800 997 estfenim
1824 932 2167 1001 poenitentia,

586 1029 643 1073 et
665 1029 885 1090 pr0pter
915 1020 1078 1084 hanc,
1108 1031 1167 1075 ut
1189 1038 1291 1076 nos
1317 1023 1573 1089 salvaret,
1593 1024 1849 1089 advenit;
1881 1023 2026 1093 quod
2055 1038 2174 1078 ma-

585 1109 844 1165 nifestum
907 1120 1083 1167 estex
1133 1126 1199 1167 eo
1247 1114 1392 1182 quod
1444 1114 1623 1168 dixit:
1659 1113 1779 1168 Non
1826 1115 1945 1169 veni
1986 1132 2173 1171 vocare

579 1198 775 1267 justos,
810 1202 901 1254 sed
931 1212 1227 1271 peccatores
1259 1204 1313 1257 in
1361 1206 1721 1274 paenitentiam
1745 1206 1816 1261 ⁸⁷.

659 1289 819 1343 Vens.
864 1289 1023 1345 8-10.
1062 1309 1080 1342 ‹
1116 1291 1383 1348 Sacerdos
1411 1295 1502 1364 qui
1540 1294 1731 1350 oﬁ‘eret
1758 1295 2174 1353 holocaustivi-

586 1378 832 1448 ctimam,
882 1381 1103 1438 habebit
1154 1385 1348 1453 pellem
1395 1386 1515 1455 ejus
1556 1394 1613 1440 et
1642 1402 1804 1442 omne
1831 1389 2159 1444 sacriﬁcium

584 1469 775 1525 similae
816 1472 959 1541 quod
1004 1475 1260 1545 coquitur
1300 1476 1353 1529 in
1398 1477 1634 1544 clibano,
1679 1486 1735 1533 et
1788 1478 2053 1548 quidquid
2112 1480 2171 1534 in

584 1563 865 1627 craticula,
893 1565 978 1620 vel
1005 1566 1057 1620 in
1082 1568 1354 1638 sartagine
1387 1580 1745 1639 praeparatur,
1785 1572 1905 1639 ejus
1951 1572 2065 1626 erit
2085 1587 2173 1627 sa-

583 1653 841 1718 cerdotis,
872 1672 901 1710 a
938 1673 1047 1727 quo
1084 1658 1345 1714 oﬁ‘ertur:
1388 1662 1503 1717 sive
1531 1661 1654 1716 oleo
1692 1678 2020 1733 conspersa,
2055 1664 2172 1719 sive

582 1746 732 1799 arida
768 1747 986 1811 fuerint,
1020 1753 1235 1807 cunctis
1260 1752 1382 1808 ﬁliis
1413 1753 1596 1809 Aaron
1612 1770 1865 1810 mensura
1894 1772 2050 1827 aaqua
2074 1771 2172 1827 per

582 1838 825 1909 singulos
863 1841 1197 1899 dividentur.
1227 1864 1246 1895 ι

642 1927 758 1983 Non
784 1933 1182 2006 qualiacunque
1212 1952 1308 2007 per
1332 1952 1397 1992 ea
1422 1953 1544 2009 qua
1564 1954 1713 1995 nunc
1737 1939 2012 2006 dicuntur,
2031 1941 2167 2012 legi-

580 2020 747 2075 slator
782 2024 1050 2095 signiﬁcat
1076 2046 1089 2083 :
1120 2030 1235 2084 haec
1252 2030 1541 2085 enimsunt
1563 2031 1617 2085 in
1642 2032 1841 2103 quibus
1871 2049 1997 2102 eum
2039 2050 2169 2105 per-

578 2124 887 2171 scrutantes
931 2127 990 2173 ut
1026 2120 1493 2191 obstupescamus,
1544 2126 1767 2198 dignum
1804 2137 1908 2183 est.

646 2205 903 2263 Sacerdos
945 2214 1035 2282 qui
1078 2215 1253 2283 offeret
1299 2216 1593 2271 holocausti
1639 2221 1928 2287 victimam,
1959 2221 2167 2275 habebit

576 2299 763 2366 pellem
795 2302 927 2371 ejus.
956 2304 1097 2370 Quid
1136 2322 1233 2376 per
1276 2308 1470 2378 pellem
1504 2310 1731 2382 intelligi
1768 2313 1959 2381 possit,
1997 2312 2169 2367 mani-

575 2390 716 2447 feste
771 2395 1012 2450 ostendit
1067 2397 1171 2453 hoc
1221 2401 1366 2470 quod
1427 2402 1540 2457 Deo
1583 2418 1612 2456 a
1668 2404 1887 2459 diabolo
1939 2406 2007 2459 de
2060 2405 2165 2461 Job

574 2482 779 2537 dictum
810 2499 916 2541 est.
944 2486 1170 2553 Quando
1208 2490 1354 2545 enim
1402 2490 1522 2556 Job,
1569 2509 1731 2563 quem
1777 2504 1835 2548 ut
1876 2494 2165 2549 abundan-

575 2581 684 2628 tem
715 2575 970 2632 omnibus
994 2581 1289 2644 accusavit,
1321 2597 1539 2637 omnem
1568 2584 1749 2639 saaculi
1776 2585 2160 2652 substantiam,

573 2664 689 2721 sive
726 2669 907 2723 omnia
950 2686 1071 2740 quae
1111 2672 1257 2728 circa
1300 2689 1425 2729 eum
1471 2684 1627 2729 erant
1675 2677 2030 2746 disperdidit,
2073 2679 2163 2735 ille

572 2766 752 2811 autem
779 2760 832 2813 in
856 2776 953 2815 sua
990 2762 1269 2832 impietate
1310 2769 1631 2835 permansit,
1672 2769 1901 2825 audiens
1933 2786 1963 2825 a
2000 2772 2109 2826 Deo
2145 2789 2159 2825 :

571 2847 828 2919 Nunquid
861 2852 1205 2907 considerasti
1244 2871 1452 2910 servum
1500 2874 1672 2910 meum
1716 2857 1834 2923 Job,
1872 2861 2010 2928 quod
2057 2876 2164 2913 non

570 2941 640 2994 sit
671 2942 719 2994 ei
764 2943 955 2997 similis
999 2945 1051 2997 in
1086 2955 1226 3000 terra
1262 2963 1280 3000 :
1332 2949 1413 3001 vir
1444 2948 1668 3017 simplex
1698 2958 1747 3001 et
1784 2960 1975 3015 rectus,
2008 2968 2070 3005 ac
2092 2953 2164 3005 ti-

572 3049 717 3085 mens
752 3033 948 3101 Deum,
983 3045 1032 3089 et
1067 3037 1312 3092 recedens
1350 3056 1382 3092 a
1422 3039 1583 3103 malo,
1630 3050 1681 3094 et
1712 3043 1883 3096 adhuc
1930 3045 2161 3098 re!inens

570 3124 964 3179 innocentiam?
1019 3126 1093 3181 Tu
1137 3138 1316 3183 autem
1382 3133 1706 3186 commovisti
1764 3150 1848 3188 me
1913 3137 2162 3191 adversus

2272 658 2495 728 quidem
2529 655 2718 710 dicens
2746 673 2758 709 :
2799 653 2864 707 In
2892 654 3152 723 patientia
3185 664 3358 708 vestra
3392 655 3734 721 possidebitis
3772 656 3895 706 ani-

2273 764 2388 800 mas
2428 756 2629 800 vestras
2644 746 2705 799 ⁸⁸.
2748 743 2998 799 Deinde:
3033 743 3097 798 In
3134 745 3331 798 mundo
3374 744 3763 797 tribulationes
3794 746 3893 795 ba-

2272 837 2477 900 bebitis,
2520 837 2613 890 sed
2634 836 2899 904 conﬁdite,
2934 836 3062 906 quia
3095 852 3189 906 ego
3228 836 3327 890 vici
3368 838 3725 890 mundum“.
3774 835 3893 888 Non

2273 932 2449 986 solum
2482 939 2663 983 autem
2701 929 2756 983 in
2801 928 2923 998 ejus
2955 928 3240 993 doctrinis,
3285 929 3385 984 sed
3423 938 3481 984 et
3520 929 3575 983 in
3624 940 3891 999 respectu

2272 1024 2427 1091 ejus,
2477 1019 2795 1090 patientiam
2852 1019 2907 1073 in
2961 1018 3312 1088 passionibus
3358 1019 3662 1083 habemus,
3719 1018 3894 1073 Paulo

2272 1113 2528 1167 dicente:
2580 1110 2820 1183 Cogitate
2865 1121 3045 1166 autem
3089 1112 3373 1178 quitatem
3420 1115 3677 1167 sustinuit
3707 1129 3745 1166 a
3775 1130 3894 1181 pec-

2272 1205 2537 1261 catoribus
2580 1207 2830 1259 adversus
2861 1206 3201 1275 semetipsum
3228 1207 3725 1270 contradictionem,
3745 1216 3809 1259 ut
3828 1223 3893 1259 ne

2273 1296 2573 1367 fatigemini
2601 1297 2797 1350 animis
2826 1297 3009 1351 vestris
3046 1298 3427 1359 deﬁcientes".
3461 1297 3700 1369 Propter
3734 1299 3891 1368 quod

2275 1391 2449 1447 David
2481 1392 2597 1448 ait:
2649 1394 2719 1448 Et
2760 1410 2900 1447 nunc
2928 1408 3046 1464 qua:
3079 1402 3154 1448 est
3196 1395 3458 1464 patientia
3514 1396 3674 1447 mea!
3710 1409 3891 1446 nonne

2274 1484 2556 1549 Dominus,
2620 1496 2670 1540 et
2727 1486 3028 1540 substantia
3089 1503 3207 1540 mea
3263 1497 3388 1541 ante
3419 1497 3468 1541 te
3523 1485 3887 1552 est“?Quia

2272 1588 2456 1632 autem
2505 1576 2847 1648 intelligibile
2892 1577 2982 1632 hic
3026 1577 3294 1633 describit
3317 1577 3733 1643 holocaustum,
3767 1576 3889 1646 ipse

2272 1677 2455 1724 textus
2481 1668 2742 1733 ostendit,
2773 1668 2849 1722 ait
2874 1668 3023 1723 enim
3052 1686 3065 1722 :

2343 1759 2599 1814 Sacerdos
2645 1761 2735 1830 qui
2795 1762 2969 1830 offeret
3027 1760 3322 1816 holocausti
3388 1763 3683 1817 victimam.
3755 1760 3885 1817 Non

2276 1853 2460 1913 boum,
2491 1860 2586 1906 aut
2614 1851 2822 1915 ovium,
2856 1862 2950 1906 aut
2979 1853 3213 1907 aliorum
3242 1854 3525 1921 similium,
3562 1855 3662 1909 sed
3688 1854 3883 1909 homi-

2272 1943 2377 1997 nis.
2411 1941 2513 1997 Ubi
2547 1942 2693 1997 enim
2724 1959 2834 1998 non
2866 1944 2934 1998 ab
2962 1944 3046 1999 his
3083 1944 3175 2015 qui
3225 1946 3486 2012 oderunt,
3529 1947 3628 2001 sed
3658 1947 3733 2001 ab
3795 1946 3884 2001 his

2272 2050 2397 2105 quae
2427 2034 2755 2101 oﬁ‘eruntur,
2784 2035 3046 2093 sacriﬁcia
3074 2036 3515 2102 considerantur,
3550 2037 3883 2093 necessarie

2268 2127 2595 2181 animalium
2628 2127 2964 2182 mentionem
2987 2127 3136 2183 facit.
3175 2127 3273 2183 llic
3297 2138 3501 2196 autem,
3528 2130 3659 2200 quia
3708 2145 3879 2199 aper-

2268 2217 2378 2273 tius
2400 2218 2571 2272 voluit
2605 2218 2955 2273 introducere
2984 2234 3277 2289 personam
3328 2220 3569 2287 Domini,
3603 2221 3879 2276 sacerdo-

2270 2318 2376 2364 tem
2436 2311 2637 2380 posuit,
2674 2311 3052 2367 holocaustum
3104 2313 3341 2370 hominis
3391 2313 3743 2369 offerentem.
3785 2316 3876 2369 In-

2268 2402 2565 2472 telligibilia
2601 2404 2746 2458 enim
2775 2413 2962 2459 nostra
3011 2406 3328 2461 holocausta
3393 2407 3543 2462 solus
3606 2406 3874 2462 Christus

2267 2494 2447 2557 offert,
2482 2495 2548 2550 ad
2571 2497 2727 2565 cujus
2760 2497 3123 2553 imitationem
3162 2513 3356 2553 eorum
3395 2499 3588 2556 hostia:
3629 2509 3688 2555 et
3733 2515 3871 2555 con~

2266 2587 2602 2642 versationes
2617 2589 2923 2643 studentur.
2958 2589 3087 2646 Post
3118 2590 3235 2646 haec
3262 2591 3398 2646 dixit
3433 2607 3448 2643 :

2334 2678 2499 2734 Omne
2526 2681 2843 2749 sacriﬁcium
2870 2684 3007 2752 quod
3038 2684 3283 2754 coquitur
3303 2683 3514 2738 clibano
3530 2694 3580 2739 et
3603 2686 3869 2756 quidquid

2264 2770 2319 2822 in
2347 2771 2627 2835 craticula,
2651 2772 2730 2825 vel
2749 2774 2802 2825 in
2825 2775 3098 2844 sartagine
3118 2784 3476 2845 prteparatur,
3503 2776 3622 2845 ejus
3653 2780 3759 2831 erit
3784 2796 3869 2831 sa-

2264 2862 2486 2916 cerdotis
2515 2880 2548 2915 a
2609 2881 2710 2929 quo
2748 2866 3012 2935 oﬁ'eretur.
3046 2866 3530 2924 Reminiscendum
3574 2880 3662 2926 est
3734 2872 3865 2941 quia

2265 2955 2534 3011 sacriﬁcia
2582 2957 2698 3012 hate
2731 2957 3017 3029 theologia:
3065 2973 3187 3014 esse
3237 2960 3516 3032 Unigeniti
3571 2962 3867 3032 dispensa-

2265 3046 2430 3102 tionis
2452 3048 2710 3113 diximus,
2743 3057 2799 3104 et
2832 3050 2963 3105 illud
2984 3050 3204 3121 quidem
3228 3054 3373 3123 quod
3403 3062 3486 3108 est
3518 3054 3587 3109 de
3614 3055 3860 3122 clibano,

2264 3138 2501 3195 diximus
2532 3141 2841 3212 signiﬁcare
2863 3142 3100 3215 Virginis
3130 3155 3347 3215 partum
3372 3163 3388 3212 ;
3429 3147 3576 3215 quod
3606 3163 3745 3203 vero
3793 3148 3863 3204 de

569 3230 711 3278 eum,
753 3224 809 3267 ut
870 3217 1152 3287 aﬂligerem
1202 3236 1322 3274 eum
1375 3222 1654 3292 frustra”.
1686 3222 1785 3278 Cui
1823 3226 2161 3295 respondens
2189 3236 2234 3299 ε
2264 3230 2536 3301 sartagine
2563 3240 2666 3297 est,
2700 3232 2880 3288 crucis
2911 3233 3225 3303 passionem
3260 3251 3276 3290 :
3318 3236 3453 3292 illud
3485 3237 3654 3293 etiam
3708 3241 3859 3310 quod

571 3306 761 3370 Satan,
785 3306 902 3362 ait:
952 3308 1148 3365 Pellem
1191 3329 1286 3381 pro
1327 3314 1479 3383 pelle,
1527 3324 1575 3370 et
1604 3326 1791 3370 cuncta
1847 3334 1965 3389 qua:
2007 3319 2158 3374 habet

568 3400 741 3469 homo,
787 3403 935 3457 dabit
972 3420 1066 3472 pro
1109 3406 1291 3460 aninta
1330 3424 1426 3461 sua
1442 3409 1507 3464 ".
1559 3409 1702 3480 Ergo
1738 3411 1895 3479 pellis
1936 3412 2157 3467 divitia-

567 3504 690 3544 rum
722 3494 1152 3559 circumstantia,
1203 3496 1357 3565 quasi
1393 3498 1637 3553 exterius
1684 3499 2031 3559 circumdans
2073 3512 2158 3558 est

568 3582 867 3647 hominem,
896 3602 1058 3655 quam
1098 3587 1298 3642 oﬁ‘erre
1329 3589 1653 3660 intelligibili
1680 3594 1951 3648 sacerdoti
1978 3594 2032 3650 hi
2062 3596 2154 3665 qui

565 3676 758 3732 volunt
789 3678 1167 3735 holocaustum
1200 3680 1339 3746 ﬁeri,
1381 3682 1601 3739 debent.
1637 3684 1864 3755 Propter
1916 3690 2060 3758 quod
2096 3690 2153 3745 hi

564 3766 657 3836 qui
685 3767 946 3823 doctrina:
979 3771 1288 3841 apostolica:
1307 3772 1678 3841 crediderunt,
1700 3778 1999 3836 vendentes
2019 3783 2155 3839 sub-

564 3856 795 3911 stantias
843 3874 992 3923 suas,
1031 3861 1101 3917 ad
1144 3863 1310 3933 pedes
1361 3866 1732 3935 apostolorum
1788 3873 2147 3940 ponebant“.

562 3946 700 4011 Quia
740 3963 871 4021 ergo
901 3952 1094 4020 pellem
1148 3970 1248 4025 pro
1278 3956 1419 4026 pelle
1456 3958 1612 4027 dixit,
1652 3964 1968 4020 necessarie
1999 3966 2147 4023 divi-

562 4038 761 4095 tiarum
827 4043 1315 4113 circumstantiam,
1383 4065 1545 4119 quam
1606 4054 1843 4122 perdidit
1892 4055 1995 4112 Job
2047 4074 2148 4129 pro

560 4133 840 4201 patientia,
892 4151 1012 4205 qua:
1052 4139 1099 4193 ei
1150 4140 1337 4195 relicta
1383 4150 1484 4205 est,
1524 4143 1893 4216 intelligimus.
1942 4147 2146 4206 Pellem

559 4235 766 4293 autem,
827 4229 953 4298 quia
1008 4232 1179 4287 multa
1233 4248 1301 4288 ex
1343 4249 1406 4289 ea
1456 4236 1611 4291 utilia
1652 4238 1791 4293 ﬁunt
1821 4240 2143 4309 patientiam

558 4319 898 4386 proﬁtemur.
935 4322 1067 4388 Quae
1118 4326 1319 4380 multa?
1366 4327 1792 4398 Acquirentibus
1856 4348 1915 4388 se
1954 4335 2143 4405 provi-

558 4406 652 4461 det
705 4409 897 4467 bona:
951 4416 1271 4483 patientiam
1327 4427 1510 4474 autem
1564 4436 1687 4476 eam
1733 4424 1989 4492 maxime,
2020 4442 2142 4497 quae

557 4500 613 4555 in
652 4503 1094 4564 tribulationibus
1143 4518 1249 4575 est,
1303 4514 1447 4567 unde
1498 4523 1553 4569 et
1610 4515 1782 4573 David
1827 4520 2134 4588 psallebat:

557 4591 695 4657 Quia
732 4598 904 4666 [actus
935 4616 1051 4654 sum
1080 4603 1215 4656 sicut
1247 4614 1363 4657 uter
1392 4606 1447 4658 in
1475 4608 1690 4675 pruina,
1726 4610 2138 4680 justiﬁcationes

557 4692 678 4737 tuas
726 4704 828 4741 non
876 4706 993 4744 sum
1023 4692 1212 4747 oblitus
1228 4696 1292 4748 “.
1330 4696 1798 4761 Quemadmodum
1834 4704 1981 4758 enim
2016 4714 2138 4761 uter

555 4774 609 4828 in
641 4780 837 4846 pruina
859 4782 1037 4851 juvari
1060 4795 1115 4840 et
1144 4786 1439 4842 confortari
1470 4789 1693 4857 dicitur,
1742 4793 1823 4849 sic
1845 4805 1901 4850 et
1925 4797 2139 4866 patien-

554 4868 628 4922 tia
658 4875 855 4929 crescit
896 4877 1357 4935 tribulationibus.
1399 4881 1627 4954 Propter
1653 4888 1797 4956 quod
1847 4898 1901 4945 et
1939 4889 2138 4948 Paulus

544 4964 688 5019 dixit
716 4983 729 5018 :
755 4966 1039 5023 Tribulatio
1067 4974 1379 5039 patientiam
1409 4981 1737 5045 operatur".
1764 4980 1934 5038 Simul
1968 4985 2131 5040 etiam

552 5060 609 5105 et
643 5052 872 5109 inferius
925 5059 1132 5115 addidit
1165 5081 1177 5115 :
1213 5063 1484 5119 Patientia
1517 5068 1898 5138 probationem,
1932 5077 2132 5143 proba-

552 5145 625 5197 tio
663 5161 838 5215 spem,
884 5167 998 5219 spes
1039 5164 1215 5209 autem
1251 5173 1352 5211 non
1401 5161 1669 5230 confundit
1684 5163 1748 5216 ⁸³.
1787 5163 1922 5230 Quia
1952 5177 2133 5224 autem

551 5238 807 5293 sacerdos
852 5241 1088 5299 offerens
1129 5257 1376 5302 nostrum
1415 5250 1816 5319 holocaustum,
1847 5264 1931 5311 est
1972 5257 2134 5314 Chri-

548 5334 667 5380 stus
700 5345 712 5380 :
742 5325 850 5399 Ipsi
898 5334 1035 5387 enim
1077 5337 1372 5392 exhibemus
1429 5356 1647 5410 corpora
1691 5355 1868 5401 nostra
1910 5349 2135 5406 hostiam

548 5416 741 5482 vivam,
762 5428 1021 5489 sanctam,
1045 5422 1151 5479 Deo
1166 5426 1479 5495 placentem,
1500 5432 1816 5489 rationabile
1833 5438 2133 5510 obsequium

550 5512 867 5577 nostrum“,
912 5514 1085 5585 ipsius
1123 5521 1437 5577 necessario
1484 5538 1605 5578 esse
1642 5527 1985 5597 patientiam,
2033 5551 2132 5605 per

549 5616 712 5670 quam
741 5608 1088 5677 assequimur
1114 5612 1430 5681 prtedictam
1466 5618 1961 5689 conversationem,
1992 5625 2125 5683 dici-

2260 3321 2329 3377 de
2356 3323 2616 3378 craticula
2642 3334 2745 3385 est,
2786 3340 2816 3379 a
2846 3334 3022 3382 morte
3051 3329 3536 3395 resurrectionem,
3583 3332 3857 3389 rationem

2260 3414 2314 3469 in
2345 3415 2600 3470 omnibus
2632 3416 2945 3485 reddentes,
2976 3428 3032 3475 et
3061 3421 3442 3490 probationem
3471 3439 3609 3495 quas
3639 3437 3861 3496 oporte-

2257 3504 2369 3570 bat,
2397 3505 2737 3575 adjicieutes.
2774 3507 2910 3575 Quia
2940 3526 3070 3582 ergo
3094 3511 3211 3570 haec
3263 3513 3548 3585 theologia:
3596 3516 3859 3573 incarna-

2258 3597 2421 3652 tionis
2444 3600 2687 3669 proxima
2734 3611 2883 3664 sunt,
2916 3606 3227 3662 necessarie
3277 3608 3577 3663 sacerdotis
3608 3609 3858 3666 oﬂ'eren-

2254 3690 2325 3745 tis
2346 3706 2490 3755 eam,
2513 3691 2717 3750 Christi
2747 3695 3132 3751 videlicetnati
3157 3707 3212 3754 et
3231 3700 3379 3769 passi
3404 3709 3460 3755 et
3479 3704 3851 3774 resurgentis,

2253 3793 2354 3839 est.
2385 3783 2492 3840 Sed
2519 3786 2778 3840 nimirum
2802 3803 3001 3844 novum
3025 3790 3122 3845 tibi
3149 3791 3365 3847 videtur
3387 3793 3534 3862 quod
3559 3793 3807 3849 infertur
3831 3812 3848 3850 :

2324 3880 2443 3935 Sive
2477 3881 2589 3935 oleo
2624 3899 2923 3953 conspersa,
2950 3886 3056 3939 sive
3085 3888 3242 3941 arida
3285 3889 3467 3959 fuerit,
3495 3892 3701 3944 cunctis
3721 3891 3852 3959 ﬁliis

2250 3973 2430 4027 Aaron
2472 3991 2625 4045 atqua
2672 3993 2917 4031 mensura
2964 3994 3057 4046 per
3096 3979 3330 4051 singulos
3380 3982 3668 4037 dividetur.
3697 3982 3848 4039 Con-

2249 4080 2497 4135 spersum
2561 4068 2829 4137 siquidem
2896 4067 2951 4121 in
2985 4068 3107 4124 oleo
3162 4071 3495 4127 sacriﬁcium
3540 4073 3609 4129 de
3658 4074 3841 4129 simila

2247 4155 2379 4210 dicit
2424 4158 2567 4225 quod
2604 4172 2706 4211 nec
2734 4157 2789 4211 in
2828 4157 3045 4213 clibano
3086 4175 3190 4216 nec
3225 4161 3279 4215 in
3308 4164 3602 4235 sartagine,
3635 4180 3742 4220 nec
3788 4166 3843 4219 in

2245 4248 2506 4302 craticula
2536 4248 2789 4303 mittitur.
2822 4247 2962 4319 Ergo
3014 4261 3071 4305 et
3100 4250 3274 4321 ipsam
3336 4268 3461 4310 esse
3504 4255 3838 4327 theologiam

2244 4337 2501 4403 diximus,
2534 4339 2629 4393 sed
2664 4355 2775 4396 non
2799 4338 2868 4394 de
2887 4340 3166 4397 Dominica
3201 4343 3596 4401 incarnatione.
3627 4345 3701 4401 Ut
3724 4363 3833 4402 non

2244 4445 2377 4501 ergo
2405 4446 2625 4486 omnem
2658 4433 2991 4505 theologiam
3049 4436 3565 4494 circumscrihamus
3611 4439 3665 4494 in
3702 4439 3836 4495 Uni-

2244 4525 2413 4595 geniti
2483 4527 2858 4594 humanitate,
2911 4539 3127 4599 oportet
3186 4547 3289 4587 nos
3354 4543 3408 4588 et
3467 4534 3538 4589 de
3608 4535 3827 4603 Patris,

2244 4618 2392 4673 etde
2419 4619 2655 4689 Spiritus
2685 4621 2859 4675 sancti
2890 4631 2946 4677 et
2978 4624 3143 4679 etiam
3181 4626 3354 4695 ipsius
3406 4625 3551 4693 Filii,
3584 4645 3709 4699 qua:
3760 4646 3825 4685 ex

2244 4710 2404 4767 Patre
2424 4720 2527 4777 est,
2586 4714 2886 4769 substantia
2930 4715 3230 4786 disputare.
3287 4719 3578 4789 Propterea
3608 4737 3717 4776 non
3770 4722 3824 4777 in

2245 4803 2538 4873 semetipso
2560 4811 2776 4873 portare
2802 4806 2905 4862 hoc
2951 4809 3276 4865 sacriﬁcium
3306 4810 3581 4882 repetivit,
3610 4813 3705 4867 sed
3761 4814 3823 4867 ﬁ-

2245 4894 2330 4949 liis
2359 4894 2538 4951 Aaron
2569 4896 2721 4964 illud,
2753 4900 2821 4954 ad
2869 4902 3195 4973 theologiam
3252 4917 3350 4971 per
3412 4902 3823 4959 meditationem

2243 4988 2651 5057 proﬁcientibus
2707 4992 3135 5064 Scripturarum,
3181 4994 3485 5064 deputavit,
3533 4997 3823 5066 unicuique

2235 5080 2515 5149 aequaliter
2543 5081 2892 5153 dispertiens,
2920 5092 2980 5139 ut
3008 5101 3119 5140 non
3156 5084 3460 5149 dissimilia,
3496 5086 3594 5139 sed
3636 5101 3821 5140 omnes

2236 5170 2433 5226 similia
2461 5173 2529 5228 de
2562 5172 2671 5229 Deo
2700 5177 2987 5231 sentirent.
3014 5177 3082 5231 Et
3127 5177 3231 5232 hoc
3262 5176 3641 5239 manifestum.
3698 5181 3817 5249 quia

2237 5263 2509 5319 haereticis
2535 5266 2603 5320 de
2625 5265 2715 5319 tali
2746 5266 3029 5338 percipere
3080 5267 3349 5322 sacriﬁcio
3401 5284 3512 5323 non
3540 5272 3811 5340 praecepit,

2242 5355 2367 5424 quia
2397 5372 2505 5410 non
2528 5358 2719 5413 eadem
2744 5358 2812 5413 de
2840 5359 2952 5414 Deo
2981 5360 3221 5428 sapiunt,
3247 5358 3343 5413 sed
3371 5367 3428 5412 et
3457 5360 3625 5416 nimis
3664 5362 3811 5415 dific-

2243 5448 2441 5503 rentia.
2475 5449 2591 5504 Non
2622 5465 2979 5522 conspersum
3011 5460 3194 5505 autem
3245 5449 3315 5503 de
3346 5448 3527 5503 simila
3572 5450 3699 5505 dicit
3719 5452 3813 5505 ite-

2240 5555 2381 5605 rum,
2406 5541 2623 5611 quando
2653 5541 2861 5596 decima
2903 5541 3029 5611 ephi
3087 5542 3293 5610 absque
3353 5540 3496 5603 oleo,
3529 5549 3585 5596 et
3636 5541 3805 5601 thure.

2237 5646 2339 5702 pro
2369 5643 2593 5703 peccato
2619 5632 2863 5699 oﬁ'ertur,
2888 5649 2918 5687 a
2953 5649 3062 5687 non
3102 5633 3410 5689 valentibus
3454 5633 3692 5702 hircum,
3723 5645 3807 5690 ant

622 5811 1043 5903 tlloan:_lt,.2.
1097 5819 1364 5903 tf’ﬂblatth.
1388 5823 1567 5903 ix,_l3.
1716 5826 1836 5882 Joh.
1868 5829 2017 5903 n.3,
2074 5834 2119 5865 5‘
2142 5834 2271 5889 ibid.
2300 5837 2349 5889 -i.
2426 5837 2600 5891 “Act.
2628 5854 2698 5903 Iv,
2720 5838 2916 5898 54,25.
2994 5838 3199 5893 "Psal.
3222 5841 3519 5900 cxvm.8."i.
3598 5840 3795 5895 "ltom.

550 5896 603 5948 ν,
631 5882 684 5937 ’5.
715 5884 758 5916 ⁵³
796 5886 931 5942 ibid.
968 5889 1020 5943 4.
1097 5889 1302 5946 “Rom.
1338 5882 1520 5961 xu,'l.

1600 5899 1643 5929 °°
1670 5897 1801 5953 Luc.
1853 5915 1963 5967 xxi,
2000 5902 2084 5959 l9.
2160 5906 2203 5937 ⁸⁸
2235 5906 2393 5962 Joan.
2426 5924 2536 5976 xvi,
2567 5908 2654 5964 55.
2686 5897 2695 5903 ’
2733 5910 2775 5941 ⁵⁷
2796 5897 2964 5965 Hebr.
2990 5925 3085 5977 xu,
3140 5911 3193 5965 5.

3271 5911 3480 5991 “Psal.
3502 5928 3721 5983 xxxvnt,
3748 5911 3792 5965 8.
