4046 6410
46 460 175 525 861

1212 462 1298 524 ΙΝ
1337 461 1780 526 LEVITICUM.
1821 490 1892 502 —
1931 466 2079 527 LIB.
2122 466 2208 527 II.

3246 463 3352 527 862

37 586 249 637 ovem,
280 579 374 626 aut
433 586 532 642 par
585 579 877 633 turturum,
923 579 1017 625 aut
1046 571 1225 642 pullos
1278 574 1654 629 columbarum
1685 577 1731 632 A
1758 573 1887 629 dum
1925 576 2335 643 misericordiae,
2364 588 2585 651 propter
2640 577 3067 634 inobedientiam
3132 574 3353 632 Iudaeo-

38 662 271 718 offerre
291 664 347 717 in
368 662 715 718 sacriﬁcium.
738 661 851 717 Hoc
870 671 1053 718 autem
1071 663 1172 718 etsi
1191 665 1515 719 sacriﬁcium
1537 665 1656 720 Sal-

42 756 277 811 vatoris
302 755 600 828 signiﬁcat,
633 764 815 810 tamen
849 756 974 825 quia
1008 770 1118 810 non
1149 755 1434 828 theologia:
1461 758 1654 829 gratia,

42 846 160 900 sed
197 862 367 902 causa
397 846 646 901 utilitatis
676 845 960 902 offerentis
992 857 1264 918 praecepta
1288 857 1391 915 est,
1416 860 1472 903 et
1513 848 1659 904 hanc

42 936 191 992 ﬁliis
245 939 429 993 Aaron
496 939 799 1008 deputavit.
859 938 1156 1009 Oportebat
1215 940 1385 1005 enim,
1442 949 1660 999 etcum

43 1029 275 1085 obla‘tio
304 1030 497 1085 eadem
520 1039 686 1091 esset,
710 1044 874 1085 causa
906 1038 1089 1085 autem
1118 1030 1309 1085 eadem
1334 1047 1447 1086 non
1489 1038 1658 1096 esset,

12 1121 175 1211 tboe
206 1122 480 1192 siquidem
505 1132 728 1192 propter
751 1122 1105 1193 theologiam,
1142 1123 1273 1179 illud
1303 1134 1487 1178 autem
1532 1138 1663 1194 pro-

46 1223 192 1281 pter
224 1223 600 1283 paupertatem
631 1215 956 1285 postulantis
1004 1230 1101 1286 pro
1131 1216 1368 1287 peccatis
1411 1216 1661 1281 offertur,

49 1306 441 1362 differentiam
464 1309 696 1377 aliquam
732 1306 1059 1363 sacriﬁcium
1116 1308 1339 1375 habere,
1374 1318 1436 1364 ut
1473 1318 1664 1364 osten-

52 1398 258 1461 datur,
288 1400 419 1470 quid
474 1415 572 1470 pro
602 1400 891 1469 theologia,
924 1408 981 1454 et
1034 1399 1201 1470 gloria
1233 1417 1354 1469 quae
1396 1401 1448 1454 in
1504 1400 1668 1456 Chri-

54 1500 153 1543 sto
204 1500 313 1557 est,
366 1491 644 1555 offeratur,
686 1493 815 1562 quid
868 1508 969 1562 pro
1001 1490 1116 1546 sola
1160 1491 1390 1547 utilitate
1428 1492 1669 1549 offeren-

61 1582 164 1636 tis.

138 1669 315 1726 Vens.
352 1672 537 1726 li-lS.
574 1690 593 1724 ι
623 1671 749 1726 Haec
791 1681 877 1728 est
928 1672 1014 1727 lex
1044 1672 1237 1728 hostia:
1288 1672 1668 1743 paciﬁcorum,

60 1779 197 1833 qua:
225 1764 457 1819 ofl'ertur
481 1765 730 1819 Domino.
765 1765 821 1818 Si
854 1781 953 1835 pro
973 1765 1271 1835 gratiarum
1304 1766 1521 1821 actione
1544 1765 1668 1821 fue-

63 1858 143 1911 rit
161 1858 395 1924 oblatio,
427 1856 661 1913 oﬁ‘ercnt
681 1873 849 1927 panes
873 1859 1079 1929 absque
1109 1857 1378 1913 fermento
1407 1872 1671 1928 consper-

63 1965 163 2004 sos
224 1950 368 2017 oleo,
393 1960 450 2006 et
506 1951 693 2022 lagana
737 1967 923 2022 azyma
954 1960 1118 2006 uncta
1173 1951 1314 2017 oleo,
1347 1960 1669 2021 coctamque
1700 1930 1743 1987 Β

62 2043 335 2108 similam,
383 2053 438 2099 et
487 2044 774 2115 collyridas
806 2046 907 2101 olei
966 2043 1293 2099 admistione
1318 2059 1666 2114 conspersas.

62 2133 256 2190 Panes
285 2152 502 2206 quoque
554 2136 908 2193 fermentatus
936 2152 1061 2192 eum
1115 2136 1293 2193 hostia
1345 2137 1666 2208 gratiarum,

62 2244 196 2297 qua:
228 2230 540 2285 immolatur
575 2245 675 2299 pro
719 2229 983 2300 paciﬁcis,
1013 2245 1081 2285 ex
1126 2229 1327 2300 quibus
1373 2245 1517 2285 unus
1571 2245 1670 2301 pro

64 2322 343 2390 primitiis
379 2322 640 2377 offeretur
694 2323 946 2386 Domino,
982 2331 1038 2377 et
1069 2322 1175 2377 erit
1230 2323 1530 2378 sacerdotis
1576 2322 1669 2392 qui

64 2412 270 2468 fundet
306 2415 501 2470 hostia:
531 2415 874 2486 sanguinem,
911 2415 1070 2484 cujus
1113 2429 1308 2470 carnes
1333 2414 1526 2469 eadem
1575 2429 1671 2469 co-

64 2506 376 2559 medentur
405 2507 514 2574 die,
540 2522 643 2562 nec
675 2507 983 2563 remanebit
1017 2520 1082 2561 ex
1115 2506 1195 2561 eis
1224 2505 1523 2576 quidquam
1576 2520 1671 2560 us-

61 2612 178 2666 que
203 2614 390 2653 mane.
429 2618 447 2650 ι
1648 2662 1660 2673 _

140 2688 619 2755 Quemadmodum
646 2691 1086 2748 holocaustorum
1110 2701 1166 2748 et
1192 2698 1543 2762 peccatorum
1582 2704 1673 2745 sa-

67 2781 306 2846 criﬁcia,
342 2784 421 2838 sic
471 2792 527 2838 et
574 2800 636 2839 ea
672 2800 793 2854 qua:
822 2800 924 2854 pro
950 2784 1211 2854 paciﬁcis,
1271 2785 1385 2840 sive
1443 2782 1672 2838 salutari

68 2873 414 2942 offeruntur,
455 2875 773 2941 reiteravit;
810 2877 1051 2932 secundo
1087 2877 1219 2931 illud
1246 2877 1455 2939 dicens,
1486 2884 1547 2931 ut
1586 2890 1675 2930 re-

69 2968 350 3037 petitione
378 2969 694 3024 memoriam
719 2984 909 3024 eorum
944 2970 1117 3041 legem
1148 2969 1547 3024 meditantibus
1582 2968 1672 3022 in-

70 3061 331 3114 sereret.
353 3059 634 3115 Subinfert
655 3070 836 3115 autem
865 3076 927 3115 ea
955 3076 1078 3131 quae
1123 3070 1251 3115 ante
1276 3076 1386 3116 non
1423 3061 1580 3125 dixit,
1615 3069 1677 3115 ut

72 3154 239 3207 nobis
298 3154 463 3209 lectio
510 3154 837 3220 necessaria,
870 3164 926 3209 et
981 3171 1092 3209 non
1149 3155 1497 3225 despicabilis
1560 3153 1669 3208 ﬁat.

1761 684 1903 735 rum,
1967 671 2303 740 permiscent
2341 673 2536 727 minas.
2597 672 2751 729 Unde
2793 681 2848 727 et
2891 687 3002 726 non
3057 656 3353 740 conspersa

1760 762 1882 816 oleo
1913 762 2124 834 lagana,
2158 763 2255 819 sed
2317 774 2531 820 tantum
2579 773 2743 820 uncta
2777 780 2898 820 esse
2937 763 3212 819 dicuntur.
3246 761 3352 817 Co-

1761 861 1904 908 ctam
1936 862 2117 908 autem
2153 855 2406 917 similam.
2437 866 2493 911 et
2530 856 2816 927 collyridas
2840 857 2944 911 olei
2973 855 3356 911 commistione

1763 958 2107 1014 conspersas,
2170 946 2254 999 vel
2310 947 2451 1000 sicut
2517 944 2663 1000 LXX
2713 947 2905 1002 dicunt
2953 964 2967 1001 :
3018 945 3085 1000 Et
3121 945 3356 999 similam

1766 1054 2100 1107 conspersam
2131 1038 2243 1092 oleo
2274 1038 2545 1108 collyridis
2585 1056 2785 1109 panum
2823 1053 3175 1109 azymorum:
3203 1036 3354 1090 simi»

1765 1130 1873 1185 lam
1906 1130 1959 1185 in
1990 1131 2111 1185 oleo
2139 1146 2514 1200 conspersum,
2551 1146 2676 1186 eum
2734 1131 3080 1202 eleemosyna
3142 1129 3354 1185 theolo-

1769 1222 1911 1294 giam
1944 1223 2319 1294 intelligimus,
2351 1223 2495 1278 unde
2522 1233 2578 1278 et
2604 1223 2778 1278 simila
2826 1232 3053 1296 propter
3082 1221 3357 1277 subtilita-

1771 1322 1877 1369 tem
1910 1313 2133 1369 dicitur.
2165 1313 2552 1369 Verumtamen
2577 1315 2630 1368 in
2657 1315 2931 1385 eollyridis
2962 1314 3196 1385 panibus
3235 1315 3357 1368 sine

1768 1406 2060 1469 fermento,
2105 1421 2335 1461 munera
2368 1406 2614 1461 sacriﬁcii
2658 1407 3030 1477 paciﬁcorum,
3069 1424 3166 1463 seu
3212 1406 3361 1462 salu-

1771 1493 1905 1548 taris
1938 1494 2199 1563 praecepit
2226 1494 2363 1561 ﬁeri,
2397 1496 2451 1550 in
2477 1497 2792 1566 apostolicis
2814 1497 3069 1552 videlicet
3106 1497 3358 1565 Scriptu-

1772 1585 1867 1641 ris.
1903 1584 2271 1656 Apostolicam
2318 1598 2497 1642 autem
2568 1589 2872 1644 doctrinam
2910 1589 3065 1661 sequi
3124 1590 3362 1645 maxime

1772 1687 1986 1749 oportet
2006 1694 2155 1745 eum,
2187 1679 2278 1749 qui
2302 1680 2499 1736 salvari
2530 1682 2822 1740 desiderat.

1842 1769 2017 1823 Panes
2043 1786 2246 1841 quoque
2270 1772 2610 1842 fermentatos
2651 1790 2768 1827 cum
2832 1774 3002 1828 hostia
3042 1774 3360 1845 gratiarum,

1774 1875 1891 1930 quae
1926 1860 2235 1914 immolatur
2280 1878 2375 1931 pro
2420 1863 2677 1932 paciﬁcis,
2735 1880 2799 1917 ex
2835 1865 3021 1935 quibus
3068 1879 3202 1916 unus
3267 1877 3363 1930 pro

1771 1953 2022 2022 primitiis
2044 1954 2289 2023 offeretur
2314 1954 2542 2009 Domino
2567 1971 2585 2009 :
2617 1963 2665 2009 et
2688 1956 2786 2009 erit
2814 1954 3101 2009 sacerdotis
3129 1954 3219 2023 qui
3245 1955 3368 2023 {urb

1769 2045 1854 2098 det
1884 2044 2070 2099 hostia:
2099 2046 2430 2116 sanguinem.
2456 2044 2597 2099 LXX
2638 2054 2819 2100 autem
2860 2044 3052 2100 dicunt
3087 2061 3100 2097 :
3134 2043 3203 2097 Et
3230 2043 3360 2112 offe-

1769 2145 1847 2190 ret
1886 2137 1951 2190 de
2008 2138 2246 2192 omnibus
2302 2138 2603 2191 muneribus
2650 2138 2759 2191 suis
2832 2135 3192 2190 laudationem
3236 2131 3366 2194 Deo,

1768 2230 2032 2283 sacerdoti
2054 2228 2399 2300 profundenti
2428 2227 2738 2297 sanguinem
2759 2225 3017 2280 salutaris
3043 2223 3188 2277 illius
3241 2221 3363 2276 erit.

1770 2318 1874 2375 Per
1893 2320 2010 2375 haec
2043 2320 2417 2384 ostendentes,
2487 2319 2611 2388 quia
2660 2327 3147 2388 quantumcunque
3199 2313 3368 2367 homo

1772 2412 1944 2484 egerit
1989 2420 2046 2467 et
2103 2410 2317 2477 vixerit,
2367 2409 2691 2474 cucurrerit,
2742 2416 2798 2463 et
2856 2404 3362 2477 comprehenderit,

1772 2507 1887 2562 sive
1918 2514 2201 2561 assecutus
2222 2504 2407 2570 fuerit,
2437 2504 2555 2559 sine
2578 2502 2851 2572 adjutorio
2885 2500 3101 2555 Domini
3126 2499 3363 2553 salutem

1772 2599 2003 2670 adipisci
2067 2600 2183 2653 sive
2218 2597 2436 2667 assequi
2466 2613 2576 2651 non
2622 2603 2823 2666 potest.
2881 2595 3113 2664 Propter
3142 2591 3287 2662 quod
3313 2600 3371 2645 et

1775 2690 1974 2745 Paulus
2035 2690 2289 2744 dicebat:
2319 2688 2441 2743 Non
2496 2687 2715 2742 uolentis
2750 2702 2914 2757 neque
2960 2685 3241 2747 currentis,
3278 2682 3371 2737 sed

1775 2783 2070 2838 miserentis
2101 2790 2175 2836 est
2204 2781 2299 2836 Dei
2330 2782 2394 2834 τί.
2429 2780 2537 2851 lpsi
2583 2788 2766 2834 autem
2816 2776 3089 2832 sacerdoti
3142 2773 3371 2845 profun-

1774 2875 1923 2931 denti
1978 2874 2299 2945 sanguinem
2339 2872 2630 2932 salutaris,
2687 2870 2743 2926 id
2794 2878 2898 2931 est,
2949 2866 3153 2923 Christi
3203 2865 3370 2921 mini-

1775 2966 1969 3021 stranti
2000 2973 2056 3019 et
2089 2963 2392 3034 perﬁcienti
2428 2961 2753 3017 sacriﬁcium
2803 2976 2901 3029 per
2942 2973 3103 3012 suum
3147 2957 3367 3026 adjuto-

1776 3059 1941 3123 rium,
1982 3057 2257 3128 primitias
2283 3055 2448 3126 jussit
2484 3053 2690 3110 ofl‘erri.
2722 3051 2959 3107 Attende
3005 3056 3187 3104 autem
3234 3064 3370 3118 qua-

1776 3150 1903 3205 liter
1958 3149 2121 3205 etiam
2173 3155 2497 3220 praesentem
2552 3145 2687 3217 legis
2749 3142 3091 3199 sanctionem
3149 3140 3377 3197 conclu-

74 3245 258 3300 Dividi
291 3255 476 3301 autem
497 3246 631 3301 illud
652 3262 761 3301 non
787 3245 1010 3309 frustra,
1036 3246 1131 3300 sed
1168 3256 1225 3301 et
1255 3246 1418 3300 nimis
1441 3247 1679 3299 rationa-
1703 3276 1747 3335 α
1785 3242 1857 3297 sit
1882 3258 1895 3295 :

74 3336 267 3391 biliter
289 3336 563 3405 praevidit,
595 3336 714 3390 haec
737 3336 883 3391 enim
904 3335 1180 3405 inquisitis
1206 3335 1528 3407 legislatoris
1555 3350 1676 3391 ver-

73 3429 162 3484 bis
198 3428 547 3483 invenimus.

151 3521 283 3575 Hazc
308 3530 385 3575 est
404 3522 488 3575 lex
520 3523 703 3578 hostia:
718 3523 1079 3593 paciﬁcorum,
1112 3538 1230 3593 quae
1251 3523 1466 3592 oﬂ‘ertur
1498 3520 1677 3575 Domi-

79 3630 165 3678 no,
201 3615 251 3667 si
276 3629 377 3680 pro
401 3613 702 3683 gratiarum
738 3615 943 3668 actione
986 3614 1181 3683 oﬂ'eret,
1214 3615 1320 3668 sive
1351 3630 1445 3682 pro
1485 3612 1678 3667 lauda-

82 3708 246 3761 tione.
280 3705 449 3760 Vides
476 3707 707 3761 activam
741 3706 961 3777 quidem
990 3706 1161 3761 solam
1185 3720 1327 3771 esse,
1355 3704 1677 3760 rationalem

80 3808 291 3866 autem,
326 3808 382 3853 et
411 3798 644 3854 activam
675 3815 796 3855 esse
826 3798 1014 3859 vitam,
1044 3813 1111 3853 ex
1147 3797 1234 3852 his
1263 3812 1383 3867 qua:
1423 3796 1582 3850 nobis
1611 3794 1681 3849 ad

82 3898 341 3968 paciﬁca,
367 3898 483 3952 sive
518 3895 585 3950 ad
616 3894 846 3950 salutem
878 3891 1289 3947 transeuntibus
1319 3889 1485 3952 dedit,
1520 3899 1682 3959 pote-

85 3999 286 4045 statem
315 3990 581 4053 tribuens,
617 4002 779 4057 quam
803 4000 871 4040 ex
900 3984 1187 4052 utriusque
1219 3981 1556 4037 voluerimus
1586 3981 1684 4037 eli-

86 4099 211 4153 gere
240 4102 257 4149 ;
294 4082 426 4153 quia
453 4081 600 4137 enim
623 4078 886 4134 rationale
919 4076 1191 4147 quoddam
1223 4082 1307 4130 est
1353 4073 1683 4129 sacriﬁcium

87 4177 393 4248 gratiarum
422 4172 677 4234 actionis,
709 4170 824 4225 sive
846 4168 1151 4224 secundum
1197 4164 1359 4230 LXX,
1414 4164 1684 4220 laudatio-

88 4271 214 4334 nis;
248 4269 382 4323 audi
424 4266 612 4330 David,
648 4273 937 4335 postquam
961 4259 1243 4331 prohibuit
1276 4257 1541 4313 sacriﬁcia
1562 4272 1686 4327 quae

91 4362 401 4417 secundum
429 4361 598 4429 legem
629 4366 805 4420 erant,
828 4356 1099 4410 dicentem
1139 4370 1153 4405 ε
1179 4350 1405 4405 Immola
1456 4349 1562 4403 Deo
1594 4367 1687 4403 sa-

1851 3333 2017 3403 Cujus
2046 3348 2234 3388 carnes
2258 3331 2444 3385 eadem
2483 3330 2825 3384 comedentur
2848 3329 2954 3391 die,
2996 3345 3089 3382 nec
3132 3342 3378 3382 remane-

1778 3427 1849 3480 bit
1864 3442 1928 3480 ea:
1957 3426 2030 3480 eis
2055 3424 2349 3496 quidquam
2373 3439 2537 3492 usque
2561 3438 2737 3476 mane.
2778 3420 2877 3476 Vel
2912 3421 3054 3476 sicut
3076 3419 3219 3475 LXX
3249 3438 3263 3475 :
3305 3418 3378 3473 Et

1779 3534 1962 3572 carnes
2013 3515 2261 3584 sacriﬁcii
2308 3514 2483 3567 laudis
2526 3513 2799 3579 salutaris,
2834 3514 2937 3582 ipsi
2988 3521 3141 3567 erunt
3188 3511 3377 3566 videli-

1778 3618 1857 3667 cet
1880 3609 2131 3680 offerenti,
2164 3616 2212 3661 et
2240 3607 2298 3660 in
2340 3620 2653 3676 quacunque
2689 3604 2774 3658 die
2804 3603 3020 3659 donabit
3051 3603 3376 3666 comedetur,

1782 3720 1886 3758 non
1916 3701 2207 3771 relinquent
2242 3715 2307 3752 ea:
2330 3714 2389 3752 eo
2420 3713 2582 3767 usque
2604 3712 2779 3750 mane.
2802 3695 2903 3750 Hic
2935 3710 3097 3751 mane
3119 3693 3378 3749 sarculum

1782 3796 2026 3851 futurum
2067 3791 2324 3862 appellat,
2360 3798 2548 3859 utpote
2579 3787 2727 3859 quod
2786 3795 2961 3841 totum
3000 3795 3086 3842 est
3127 3786 3267 3840 lucis
3322 3793 3382 3839 et

1736 3910 1743 3917 -
1783 3884 1930 3942 nocti
1953 3880 2237 3954 praesentis
2271 3879 2453 3935 saeculi
2487 3877 2749 3934 succedit.
2783 3876 2860 3931 De
2924 3874 3042 3945 ipso
3072 3874 3277 3945 quippe
3324 3879 3382 3927 et

1782 3978 1983 4033 Paulus
2003 3976 2079 4031 ait
2108 3974 2265 4028 :Noa:
2284 3972 2568 4041 prtecessit,
2603 3970 2713 4025 dies
2746 3979 2925 4024 autem
2970 3967 3378 4038 appropinqua-

1785 4072 1859 4126 vit
1879 4070 1924 4101 τ’
1955 4087 1971 4123 :
2004 4066 2173 4122 David
2193 4074 2375 4119 autem
2399 4063 2535 4118 dicit
2569 4080 2583 4115 :
2612 4061 2765 4116 Mane
2795 4059 2979 4115 astabo
2999 4059 3089 4112 tibi
3104 4066 3153 4111 et
3175 4055 3379 4120 videbo,

1786 4162 2036 4235 quoniam
2069 4172 2173 4213 non
2226 4157 2365 4210 Deus
2401 4156 2579 4208 volens
2626 4153 2962 4219 iniquitatem
3004 4160 3061 4203 tu
3094 4150 3231 4204 es".
3261 4146 3382 4201 Non

1785 4256 1902 4312 vult
1935 4269 2063 4324 ergo
2092 4254 2161 4307 de
2180 4248 2437 4306 carnibus
2457 4245 2708 4300 sacriﬁcii
2743 4243 2996 4299 salutaris
3024 4243 3079 4296 in
3101 4254 3263 4295 mane
3296 4254 3383 4293 re—

1788 4345 1981 4416 linqui,
2016 4352 2078 4398 ut
2103 4356 2215 4396 non
2245 4336 2618 4408 imperfectam
2643 4335 2808 4389 vitam
2832 4342 3073 4388 nostram
3107 4330 3379 4399 relinqua-

1789 4456 1931 4506 mus,
1967 4452 2065 4508 per
2100 4450 2263 4505 quam
2288 4447 2388 4486 nos
2421 4436 2639 4499 oportet
2670 4427 2869 4483 salvari
2898 4444 2911 4479 :
2938 4426 3176 4480 scientes
3232 4422 3381 4477 enim

92 4457 353 4525 criﬁcium
381 4454 551 4507 laudis
573 4460 621 4506 et
670 4449 829 4504 redde
868 4447 1136 4501 Allissimo
1188 4453 1307 4498 vota
1338 4454 1429 4497 tua
1448 4443 1514 4497 ⁵⁸.
1546 4441 1687 4497 Audi

92 4559 147 4604 et
166 4515 412 4603 'Paulum
447 4545 513 4600 ad
549 4544 804 4599 Hebraeos
829 4540 1158 4596 scribentem
1181 4553 1279 4607 per
1299 4552 1378 4601 se,
1403 4536 1537 4590 dicit
1590 4552 1688 4589 au-
1790 4531 1917 4603 quia
1950 4544 2061 4583 non
2088 4532 2259 4581 restat
2288 4524 2341 4577 in
2392 4522 2487 4575 illo
2524 4520 2723 4575 saeculo
2780 4518 3049 4589 operatio,
3072 4523 3127 4570 et
3160 4515 3213 4569 in
3259 4528 3377 4569 me-

96 4651 200 4696 tem
246 4659 261 4695 :
302 4638 393 4693 Sic
410 4640 689 4707 offeramus
720 4634 943 4687 hostiam
965 4632 1137 4685 laudis
1160 4646 1363 4698 semper
1393 4629 1523 4690 Deo,
1567 4630 1681 4701 fru-
1715 4618 1765 4675 D
1792 4621 2023 4679 moriam
2060 4623 2649 4707 nostramrevocantes
2678 4610 2921 4707 quinque
2962 4607 3224 4707 virgines,
3256 4621 3379 4675 quas

97 4743 234 4786 ctum
268 4731 531 4785 tabiorum
576 4725 941 4794 conﬁtentium
969 4723 1169 4777 nomini
1199 4721 1314 4791 ejus
1335 4722 1400 4778 ⁷ο.
1444 4719 1689 4786 Quomo-
1787 4714 1915 4785 quia
1941 4711 2157 4780 Sponso
2182 4712 2416 4762 vocante
2446 4703 2634 4758 venire
2655 4702 2722 4756 ad
2753 4699 2993 4794 nuptias,
3020 4697 3202 4794 oleum
3229 4710 3381 4750 eme-

98 4824 164 4878 do
192 4834 385 4878 autem
419 4821 576 4891 jubet
602 4789 732 4872 illud
768 4815 998 4873 ofl‘erri?
1223 4789 1232 4791 ⁷
1790 4822 1849 4861 re
1873 4804 2150 4864 volebant,
2180 4816 2209 4855 a
2238 4798 2444 4869 nuptiis
2463 4796 2696 4852 exclusa:
2726 4801 2856 4849 sunt
2883 4792 2951 4855 ⁷⁸,
3006 4789 3142 4844 nihil
3166 4802 3381 4891 eorum,

164 4919 361 4987 Oﬂ'eret
414 4878 575 4984 panes
608 4913 797 4981 absque
818 4911 1091 4981 fermento,
1143 4923 1439 4976 conspersos
1486 4905 1620 4970 oleo,
1645 4914 1696 4959 et
1791 4907 1913 4961 quae
1939 4891 2009 4946 ad
2038 4890 2266 4945 salutem
2291 4881 3180 4987 proﬁc-itmt,.non.manducatum,
3216 4878 3388 4987 idfst

101 4968 299 5079 laganna
355 4968 546 5077 az'yma
592 4968 748 5057 uncta
793 4968 925 5066 oleo,
973 5010 1278 5067 coctumque
1331 4999 1586 5061 similam,
1646 5006 1694 5051 et
1796 4998 1903 5038 "0“
1932 4989 2217 5079 “Defalum
2246 4993 2408 5079 min?
2457 4975 2797 5079 inle'ligibﬂe
2848 4973 3243 5079 τθιξῐξξιυῗξηξξδο
3273 4968 3390 5079 Ξοθ

102 5060 386 5171 collyridas
417 5060 516 5153 olei
545 5095 859 5149 admistione
884 5060 1208 5162 conspersos.
1234 5090 1389 5156 Quod
1428 5060 1579 5143 LXXV
1618 5089 1691 5143 ita
1794 5075 1940 5130 enim
1978 5074 2137 5171 "tibi?
2184 5082 2241 5127 et
2298 5070 2556 5127 Salomon
2600 5068 2656 5122 in
2721 5062 3194 5171 Pro-verbiisdicit
3222 5060 3390 5171 :‘A‘lon

302 5211 319 5247 :
352 5194 419 5247 Et
470 5190 703 5245 similam
763 5154 1094 5255 conspersum
1147 5154 1277 5246 oleo,
1333 5183 1389 5234 in
1426 5180 1694 5249 collyridis
1792 5169 1977 5221 dicas:
2011 5163 2175 5227 Vade,
2212 5174 2259 5219 et
2293 5172 2571 5226 revertere,
2590 5169 2638 5215 et
2654 5176 2772 5213 cras
2805 5157 2940 5255 dabo
2964 5156 3057 5209 tibi
3077 5170 3193 5208 cum
3210 5154 3391 5208 statim

105 5302 305 5353 panum
328 5297 633 5352 azymorum
666 5279 843 5349 oﬂ’eret
879 5290 1097 5329 munera
1125 5288 1281 5341 super
1305 5270 1475 5323 altare
1498 5269 1693 5323 lauda-
1792 5261 1958 5331 possis
1971 5260 2098 5313 dare
2115 5258 2183 5323 7";
2214 5272 2376 5325 neque
2393 5255 2533 5309 enim
2550 5254 2651 5308 scis
2670 5251 2796 5353 quid
2812 5250 2990 5319 pariat
3012 5254 3390 5348 superuentura

108 5336 259 5429 lienis
290 5336 564 5427 salutaris.
596 5336 773 5423 Panes
803 5368 920 5420 sine
968 5365 1262 5427 fermento,
1315 5361 1430 5415 sive
1466 5374 1692 5432 azymos
1793 5356 1935 5408 dies:
1959 5370 2022 5407 ne
2053 5353 2206 5423 forte,
2236 5349 2333 5411 ait,
2365 5347 2665 5409 deducaris,
2706 5342 2793 5396 ubi
2827 5357 2929 5395 non
2965 5351 3129 5432 potes,
3167 5349 3258 5391 nec
3294 5336 3394 5390 mi-

110 5478 437 5533 conspersos
457 5462 511 5515 in
543 5461 686 5523 oleo,
717 5456 1049 5527 apostolicos
1097 5453 1304 5517 libros;
1344 5451 1532 5521 lagana
1580 5466 1687 5505 un-
1794 5447 2156 5511 sericordiam,
2187 5459 2280 5497 nec
2304 5440 2467 5494 aliam
2490 5440 2736 5494 virtutem
2763 5432 2973 5504 operari
2998 5430 3047 5533 ‘7'
3066 5434 3108 5484 ‘.

112 5566 196 5611 cta
222 5555 348 5609 oleo
374 5551 722 5623 propheticus
750 5547 1008 5618 intellige,
1032 5547 1159 5615 quia
1213 5544 1289 5600 illi
1338 5544 1557 5614 quidem
1600 5545 1692 5599 ni-

115 5650 215 5704 mis
257 5646 567 5717 opulentcr,
617 5644 691 5697 illi
731 5652 913 5696 autem
962 5640 1063 5695 etsi
1118 5649 1173 5695 et
1227 5638 1331 5708 ipsi
1386 5637 1698 5707 opulenter,

116 5755 222 5795 non
245 5748 430 5794 tamen
462 5747 673 5793 tantum
711 5731 1041 5789 annuntiant
1093 5729 1525 5785 misericordiam
1570 5728 1693 5794 Dei,

1868 5538 2029 5593 Vens.
2059 5537 2239 5591 16.20.
2267 5556 2284 5587 ι
2312 5533 2369 5590 Si
2404 5542 2554 5596 voto,
2580 5530 2667 5585 vel
2698 5536 2895 5598 sponte
2920 5523 3209 5594 quisquam
3231 5518 3393 5573 obtu-

1807 5631 1934 5687 lerit
1962 5629 2218 5693 hostiam,
2247 5627 2437 5681 eadem
2473 5622 2727 5679 similiter
2753 5619 2949 5674 edetur
2975 5616 3083 5670 die.
3125 5612 3233 5667 Sed
3262 5619 3317 5664 et
3343 5608 3390 5664 si

1807 5721 1938 5793 quid
1955 5720 2008 5775 in
2027 5716 2329 5774 crastinum
2350 5709 2701 5775 remanserit,
2716 5707 2861 5763 vesci
2886 5705 3093 5761 licitum
3108 5710 3213 5757 est.
3227 5698 3393 5765 Quid-

2646 5870 2688 5902 ⁷⁸
2720 5866 2861 5922 Psal.
2892 5882 2949 5931 γ,
2973 5864 3026 5918 5.
3129 5858 3174 5893 ⁷⁸
3198 5857 3389 5914 Matth-

188 5900 231 5932 "
264 5899 408 5953 Psal.
448 5912 596 5954 xuv.
639 5896 727 5949 Η.
806 5893 853 5927 ⁷ο
891 5890 1055 5949 llcbr.
1091 5909 1214 5954 xm,
1239 5891 1327 5946 5f.
1424 5893 1469 5922 τ’
1506 5889 1662 5943 Rom.

1808 5887 1891 5941 lﬁ.
2000 5883 2043 5914 ⁷¹
2087 5879 2242 5954 “om.
2275 5891 2393 5940 xm,
2452 5874 2537 5927 12.

125 5985 247 6035 xxv,
270 5951 488 6042 Vlirscqq.
520 5951 530 5952 ί
565 5951 609 6001 ⁷⁸
632 5966 768 6022 Prov
822 5982 901 6030 ιιι,
928 5964 1021 6031 ‘28,
1052 5964 1141 6020 29.
1203 5951 1290 5995 ’π’
1320 5963 1478 6017 Prov.
1508 5977 1673 6025 xxvii,

1780 5968 1832 6012 ct
1862 5956 1977 6009 Jac.
2010 5968 2081 6019 tv,
2124 5951 2208 6003 li.
