3946 6516
613 430 726 496 863

1806 433 2170 495 HESYCHII
2204 435 2677 495 PRESBYTERI

3804 421 3885 486 86$

616 551 748 621 quid
785 557 971 604 autem
1004 548 1201 605 tertius
1228 548 1507 603 invenerit
1532 548 1671 613 dies,
1696 549 1836 619 ignis
1863 553 2120 606 absumit.
2144 550 2199 605 Si
2232 556 2277 611 Α
2305 553 2461 618 Quod
2497 562 2791 622 utrumque
2825 552 2878 604 in
2914 548 3172 620 praesenti
3202 548 3410 602 saeculo
3468 542 3770 612 contingit,
3803 558 3887 597 non

617 641 740 711 quis
762 640 829 694 de
850 638 1109 693 carnibus
1122 638 1356 692 victimae
1374 637 1727 708 paciﬁcorum
1745 638 1832 693 die
1857 638 2017 693 tertio
2031 654 2208 693 come-

619 730 951 797 derit,irrita
980 729 1073 783 ﬁet
1098 730 1320 795 oblatio,
1351 746 1451 785 nec
1484 730 1997 800 proderitoﬁ'erenti
2026 746 2039 783 :
2072 732 2206 801 quin

622 824 806 894 potius
820 837 1161 891 quaecunque
1182 822 1364 875 anima
1387 823 1477 876 tali
1498 838 1557 877 se
1578 823 1761 877 edulio
1793 824 2209 878 contaminave-

622 917 713 979 rit,
748 916 1213 985 praevaricationis
1246 932 1338 969 rea
1365 917 1487 970 erit.
1525 916 1663 970 Caro
1691 932 1812 985 quae
1842 915 2045 985 aliquid
2080 914 2209 969 teti-

620 1009 757 1079 gerit
789 1008 1151 1073 immundum,
1181 1024 1289 1062 non
1344 1008 1681 1073 comedetur,
1708 1008 1803 1062 sed
1858 1009 2211 1062 comburetur

622 1100 755 1167 igni,
808 1100 903 1171 qui
951 1100 1115 1155 fuerit
1158 1100 1496 1165 immundus,
1528 1110 1777 1157 vescetur
1802 1118 1871 1155 ex
1898 1115 1982 1155 ea.
2012 1100 2211 1154 Anima

620 1194 827 1265 polluta
859 1210 981 1263 qua:
1013 1193 1189 1248 ederit
1218 1194 1286 1249 de
1311 1194 1567 1248 carnibus
1607 1192 1803 1247 hostiae
1854 1192 2211 1263 paciﬁcorum

621 1299 744 1352 qum
776 1283 955 1336 oblata
988 1292 1073 1338 est
1124 1282 1379 1348 Domino,
1414 1283 1613 1353 peribit
1646 1284 1714 1337 de
1765 1282 1981 1352 populis
2015 1283 2152 1338 suis.
2188 1302 2208 1335 ι

698 1376 825 1431 Haec
851 1376 939 1430 lex
972 1376 1038 1432 ad
1072 1377 1302 1446 primam
1332 1376 1553 1446 quidem
1595 1376 1792 1431 faciem
1823 1375 2098 1431 contraria
2128 1376 2214 1431 vi-

622 1466 786 1521 detur
854 1467 1309 1537 praecedentibus,
1360 1466 1455 1522 sed
1510 1482 1619 1520 non
1674 1466 1746 1521 ita
1794 1476 1878 1522 est
1943 1466 2211 1532 discussa,

626 1560 826 1629 quippe
867 1560 1030 1615 nimis
1072 1560 1352 1615 invenitur
1381 1560 1461 1615 eis
1503 1575 1628 1615 esse
1665 1559 2028 1615 concordans.
2078 1561 2213 1617 lllud

626 1659 808 1704 autem
838 1660 1174 1706 scrutantem
1211 1651 1508 1723 intelligere
1546 1661 1782 1722 oportet,
1802 1652 1930 1721 quia
1963 1643 2213 1709 umbram

630 1740 836 1798 habens
903 1743 986 1797 lex
1055 1744 1362 1799 futurorum
1411 1745 1697 1810 bonorum,
1752 1755 1899 1799 recte
1939 1745 2126 1799 multis
2162 1754 2219 1800 et

629 1834 1015 1895 diﬁ‘erentibus
1062 1837 1476 1907 quaestionibus,
1519 1838 1586 1893 ad
1643 1837 1925 1910 ﬁguranda
1971 1854 2036 1893 ea
2096 1854 2217 1909 quae

630 1923 987 1993 designantur
1010 1927 1287 1996 mysteria,
1315 1943 1409 1981 usa
1438 1938 1541 1981 est.

701 2014 759 2070 Si
783 2026 900 2070 voto
946 2018 1024 2071 vel
1048 2028 1231 2087 sponte
1263 2020 1528 2089 quispiam
1563 2020 1807 2074 obtulerit
1837 2021 2086 2084 hostiam,
2125 2037 2218 2075 ea-

631 2108 748 2163 dem
778 2108 1022 2163 similiter
1046 2111 1229 2164 edetur
1252 2112 1355 2166 die.
1395 2112 1501 2166 Sed
1529 2121 1576 2166 et
1599 2114 1792 2177 siquid
1836 2115 1893 2167 in
1925 2115 2222 2169 crastinum

634 2204 969 2265 remanserit,
996 2205 1130 2257 vesci
1156 2204 1359 2259 licitum
1406 2216 1476 2260 est
1503 2222 1520 2260 :
1548 2208 1803 2278 quidquid
1827 2220 2005 2263 autem
2037 2210 2223 2265 tertius

634 2294 887 2350 invenerit
930 2297 1038 2351 dies
1085 2298 1221 2368 ignis
1258 2299 1506 2354 absumit.
1528 2301 1701 2357 Omne
1740 2303 1958 2372 quidem
2012 2304 2223 2360 sacriﬁ-

634 2387 791 2442 cium
807 2389 1154 2458 paciﬁcorum
1190 2407 1285 2446 seu
1313 2394 1549 2449 salutare
1565 2404 1927 2465 spontaneum
1954 2404 2059 2461 est,
2079 2398 2225 2453 unde

636 2480 767 2535 illud
792 2482 933 2536 inter
962 2483 1105 2537 dona
1135 2486 1402 2554 superiori
1448 2496 1601 2556 parte
1647 2488 1769 2542 libri
1819 2489 2019 2559 hujus,
2058 2490 2224 2561 legis-

636 2572 776 2626 lator
807 2575 1097 2646 ascripsit;
1131 2577 1225 2631 sed
1255 2578 1551 2648 gratiarum
1583 2580 1837 2647 actionis,
1901 2580 2014 2636 sive
2048 2582 2227 2637 laudis

637 2667 989 2734 sacrilicium,
1020 2686 1333 2740 quanquam
1381 2672 1595 2742 species
1638 2674 1709 2729 sit
1761 2674 2054 2730 oblationis
2105 2677 2226 2746 ejus

638 2774 762 2829 quae
795 2776 942 2815 nunc
977 2762 1120 2818 dicta
1149 2774 1255 2827 est,
1292 2773 1473 2819 tamen
1518 2766 1645 2836 quia
1684 2767 2005 2822 rationabile
2054 2769 2229 2837 quod-

639 2858 765 2912 dam
799 2868 904 2921 est,
936 2868 1223 2928 propterea
1250 2862 1303 2913 in
1350 2860 1467 2931 lege
1501 2860 1864 2915 voluntarium
1896 2876 2007 2916 non
2063 2861 2230 2917 habet

642 2953 888 3008 additum
932 2972 946 3007 :
978 2956 1102 3024 quia
1137 2971 1261 3009 cum
1298 2956 1417 3011 sine
1466 2957 1633 3011 dubio
1672 2958 1966 3014 rationales
2032 2960 2226 3025 simus,

641 3045 885 3101 debitum
915 3048 1316 3116 quodammodo
1337 3050 1671 3119 pneeipuum
1698 3051 1941 3105 Creatori
1967 3053 2233 3109 rationale

648 3138 983 3194 sacriﬁcium
1015 3140 1297 3195 debemus.
1330 3140 1629 3211 Propterea
1657 3143 1712 3197 itt
1738 3160 1805 3199 eo
1862 3146 2231 3201 voluntarium

2311 644 2363 699 in
2402 645 2607 699 futuro.
2663 643 2817 698 Unde
2864 658 2966 697 nec
3018 641 3130 695 ullo
3179 639 3338 694 modo
3389 637 3555 693 diem
3604 634 3887 704 duplicant,

2312 753 2476 794 unam
2528 736 2674 792 diem
2725 744 2935 790 tantum
2974 734 3165 789 dicens
3214 732 3269 786 in
3300 729 3596 785 sacriﬁcio
3630 727 3891 797 gratiarum

2310 829 2565 895 actionis,
2599 830 2713 884 sive
2730 828 2923 883 laudis.
2951 827 3061 882 Aut
3089 827 3230 879 forte
3248 824 3382 879 hinc
3420 820 3787 876 manifestum
3829 831 3894 875 est

2310 920 2438 991 quia
2463 919 2549 974 his
2584 919 2676 988 qui
2709 917 3031 973 rationalem
3057 916 3225 968 vitam
3269 910 3423 982 apud
3479 924 3549 963 se
3597 906 3897 961 deﬁnierunt

2311 1022 2368 1069 et
2397 1012 2638 1068 studium
2672 1010 2893 1081 quietis,
2942 1007 3112 1063 veluti
3168 1004 3333 1059 hlaria
3360 1016 3504 1073 quin
3548 1000 3751 1054 bonam
3802 1012 3899 1067 par-

2312 1114 2422 1161 tem
2449 1106 2630 1177 elegit,
2659 1114 2717 1159 et
2737 1103 2805 1158 ad
2851 1101 3017 1173 pedes
3038 1098 3254 1153 Domini
3309 1096 3453 1151 Jesu
3510 1092 3724 1148 Christi
3770 1090 3899 1144 sede-

2311 1196 2425 1261 bat,
2462 1195 2694 1263 simplex
2723 1203 2809 1248 est
2860 1192 2966 1247 vita
2994 1201 3051 1247 et
3075 1189 3235 1245 velox
3277 1197 3454 1257 atque
3507 1184 3585 1238 ad
3636 1181 3895 1237 transitum

2313 1296 2521 1359 parata.
2566 1286 2657 1341 Eis
2685 1300 2817 1341 vero
2851 1284 2941 1353 qui
3004 1280 3237 1337 activam
3289 1278 3622 1349 elegerunt,
3680 1288 3787 1327 non
3822 1274 3899 1333 ita,

2313 1380 2411 1435 sed
2438 1380 2726 1443 laboriosa,
2780 1376 2960 1445 qualis
3008 1382 3129 1430 erat
3158 1371 3382 1427 Martha:
3414 1385 3555 1439 qua:
3607 1366 3903 1422 turbabatur

2314 1488 2443 1544 erga
2471 1472 2627 1542 plura
2656 1472 2723 1526 ⁸ο.
2749 1469 2909 1526 Unde
2939 1478 2995 1524 et
3048 1468 3100 1522 ei
3128 1466 3330 1536 duplex
3386 1472 3652 1531 tempus,
3706 1470 3898 1529 propter

2311 1565 2552 1629 labores,
2599 1569 2988 1633 computatur;
3029 1566 3408 1614 verumtamen
3463 1552 3772 1624 legislator,
3821 1551 3901 1604 etsi

2316 1657 2501 1712 verbis
2548 1655 2782 1711 diversis
2825 1652 2999 1708 utitur
3020 1659 3245 1723 propter
3269 1648 3634 1719 opulentiam
3684 1644 3896 1713 spiritus.

2317 1759 2371 1806 et
2406 1759 2467 1803 ut
2494 1748 2815 1819 multiplicia
2848 1746 3122 1809 redderet,
3156 1744 3301 1799 sicut
3324 1757 3482 1812 saepe
3532 1739 3798 1800 diximus,
3832 1738 3901 1789 in-

2318 1842 2630 1914 telligentize
2680 1842 2991 1911 aenigmata,
3034 1854 3065 1894 a
3092 1837 3339 1893 districta
3382 1846 3591 1890 tamen
3628 1831 3899 1887 subtilitate

2250 1921 2294 1979 Β
2320 1951 2429 1990 non
2462 1935 2688 1999 recedit,
2720 1935 2815 1989 sed
2851 1933 2928 1990 ibi
2957 1933 3116 1997 dixit,

2391 2029 2512 2083 Non
2529 2029 2822 2097 relinquent
2848 2034 2913 2081 de
2941 2043 3000 2081 eo
3019 2027 3074 2080 in
3098 2041 3272 2080 mane.
3302 2023 3429 2078 Non
3462 2021 3689 2078 dicens.
3718 2018 3769 2072 in
3804 2031 3898 2070 crs-

2323 2124 2488 2187 stino,
2522 2123 2649 2193 quia
2682 2121 2984 2176 crastinum
3004 2135 3114 2175 non
3150 2117 3424 2189 signiﬁcat
3450 2116 3711 2170 futurum
3754 2125 3899 2165 saecu-

2323 2218 2436 2271 lum
2469 2233 2483 2271 :
2511 2215 2600 2269 hic
2644 2223 2829 2268 autem
2869 2211 3134 2282 quidquid
3197 2210 3396 2265 tertius
3459 2206 3742 2261 invenerit
3783 2202 3892 2265 dies,

2326 2310 2468 2380 ignis
2494 2308 2754 2370 absumit,
2782 2320 2881 2375 per
2920 2306 3064 2360 diem
3098 2303 3340 2367 tertium,
3377 2301 3643 2356 futurum
3686 2296 3897 2351 indicans

2326 2403 2588 2459 saeculum
2612 2446 2626 2468 ,
2656 2402 2710 2455 in
2749 2400 2867 2469 ipso
2891 2398 3095 2468 quippe
3129 2396 3403 2468 generalis
3431 2404 3528 2450 est
3584 2400 3893 2449 mortuorum

2327 2495 2655 2552 resurrectio
2688 2513 2701 2548 :
2743 2508 2904 2561 quam
2936 2491 3184 2561 designat
3230 2488 3377 2544 tertii
3402 2488 3519 2543 diei
3554 2488 3699 2540 facta
3744 2498 3896 2538 resur-

2328 2590 2498 2645 rectio
2528 2586 2739 2644 Domini
2768 2600 2890 2655 quae
2920 2599 3084 2639 mane
3110 2581 3382 2654 provenit.
3423 2580 3671 2650 Propter
3696 2576 3826 2648 quod
3852 2584 3894 2630 et

2328 2699 2489 2739 mane
2514 2682 2772 2737 saeculum
2795 2680 3036 2736 diximus
3056 2676 3367 2749 signiﬁcare
3398 2674 3683 2729 futurum.

2401 2779 2541 2834 Tunc
2561 2794 2683 2849 ergo
2701 2778 2841 2847 quod
2879 2776 3139 2846 reliquum
3163 2783 3238 2829 est
3259 2774 3324 2827 de
3360 2771 3639 2840 sacriﬁcio
3682 2764 3891 2838 paci/ico-

2332 2890 2449 2928 rum
2472 2889 2560 2927 seu
2601 2872 2924 2926 salutarium
2963 2869 3083 2939 igne
3137 2874 3499 2922 consumetur.
3550 2860 3893 2929 Quodcunque

2332 2969 2480 3022 enim
2519 2964 2901 3035 reliquerimus
2957 2962 3025 3017 ad
3056 2971 3297 3016 nostram
3351 2960 3597 3014 salutem
3630 2955 3888 3026 pertinens,

2334 3060 2676 3130 inoperatum
2712 3069 2816 3120 est,
2875 3065 3058 3111 autem
3114 3054 3467 3124 inoperatum
3530 3059 3589 3107 et
3658 3042 3890 3116 hocquod

2336 3153 2474 3208 male
2504 3160 2790 3221 operatum
2816 3156 2922 3214 est,
2958 3158 3012 3204 et
3042 3148 3212 3218 ligna,
3265 3154 3360 3200 aut
3392 3145 3589 3200 fenum
3629 3152 3783 3211 atque
3812 3136 3891 3193 sti-

644 3232 731 3288 lex
771 3232 1013 3299 reticuit,
1051 3250 1163 3289 non
1203 3235 1332 3289 illud
1365 3236 1644 3306 excipiens
1673 3255 1702 3292 a
1753 3239 2097 3305 voluntariis,
2128 3255 2231 3295 ne-
2257 3273 2299 3328 ρ
2337 3246 2462 3316 pula
2509 3244 2729 3309 factum,
2760 3244 2863 3299 hoc
2884 3242 3007 3313 igne
3037 3250 3417 3303 consumetur,
3450 3254 3558 3292 nos
3597 3244 3771 3290 autem
3817 3231 3890 3286 de-

643 3340 753 3395 que
789 3326 939 3381 enirn
992 3343 1094 3397 pro
1147 3327 1407 3397 peccatis,
1460 3330 1557 3384 sed
1597 3346 1700 3385 nec
1747 3347 1812 3386 ex
1864 3333 2232 3402 promissione

643 3417 888 3472 oblatum
922 3419 1183 3475 ostendit.
1216 3420 1449 3476 Tantum
1479 3431 1661 3477 autem
1687 3432 1851 3486 tacet,
1877 3425 2233 3493 quemadmo.

644 3509 777 3565 dum
829 3509 1090 3577 diximus,
1135 3514 1503 3569 voluntarium
1528 3557 1543 3581 ,
1581 3516 1697 3569 sive
1733 3527 2118 3585 spontaneum,
2176 3527 2236 3572 ut

646 3616 771 3658 cum
812 3603 1007 3658 siletur
1026 3604 1134 3660 hoc
1164 3608 1390 3661 verbum
1416 3607 1509 3677 qui
1564 3609 1855 3663 rationales
1900 3610 2091 3674 simus,
2147 3611 2238 3665 de-

645 3695 780 3752 bere
818 3712 918 3752 nos
952 3698 1061 3753 Deo
1084 3700 1367 3756 rationalia
1425 3702 1693 3757 sacriﬁcia
1753 3702 2139 3773 intelligamus,
2179 3712 2234 3759 et

646 3788 796 3842 omni
826 3788 877 3842 ei
898 3790 1084 3845 studio
1103 3791 1503 3851 adhaereamus.
1539 3793 1647 3848 Sed
1695 3793 1954 3863 quoniam
2013 3793 2121 3849 illic
2176 3793 2231 3847 in

645 3893 754 3948 qua
783 3879 871 3934 die
897 3880 1147 3946 oﬁ'ertur,
1181 3885 1506 3946 comeditur,
1539 3885 1632 3949 ait,
1660 3885 1749 3940 hic
1778 3894 1983 3949 autem,
2008 3885 2061 3939 in
2097 3900 2234 3955 qua-

644 3986 860 4043 cunque
884 3972 972 4028 die
1000 3974 1249 4039 oﬁ'crtur,
1281 3986 1335 4030 et
1359 3976 1412 4030 in
1447 3977 1684 4032 crastino
1713 3995 1726 4031 :
1760 3992 1862 4031 nec
1887 3977 1993 4033 hoc
2017 3987 2234 4032 contra-

644 4066 788 4120 rium
818 4076 922 4132 est,
952 4068 1294 4138 apertissime
1328 4069 1474 4124 enim
1499 4069 1678 4126 ethoc
1702 4070 1847 4139 quod
1870 4071 2103 4127 dicimus
2123 4087 2236 4126 cra-

643 4158 870 4224 stinum,
919 4160 1298 4215 denuntiatum
1355 4163 1641 4232 praesentis
1700 4164 1883 4218 saeculi
1929 4172 2033 4227 est,
2086 4164 2232 4233 quod

646 4260 876 4306 testatur
895 4253 1132 4308 Jacobus
1156 4254 1344 4309 dicens
1368 4274 1379 4308 :
1399 4254 1529 4307 Ecce
1551 4271 1687 4307 nunc
1708 4255 1797 4325 qui
1822 4256 1999 4308 dicitis
2019 4272 2038 4309 :
2066 4257 2235 4311 Hodie

645 4351 694 4396 et
719 4345 948 4397 crastino
972 4344 1358 4398 ambulabimus
1405 4346 1460 4397 in
1486 4345 1637 4399 illam
1686 4347 1951 4401 civitatem
1989 4357 2037 4401 et
2084 4364 2235 4419 nego-

646 4436 922 4496 tiabimur,
953 4445 1000 4489 et
1026 4436 1229 4489 lucrum
1256 4438 1507 4507 faciemus
1533 4439 1598 4493 ⁷⁸.
1630 4438 1698 4491 Ει
1725 4439 1949 4493 omnino
1983 4455 2093 4493 non
2145 4440 2233 4494 in-

643 4527 835 4581 venies
853 4527 1162 4597 ubicunque
1191 4528 1246 4581 in
1273 4528 1547 4596 Scriptum
1599 4529 1919 4593 crastinum,
1964 4531 2234 4585 assimila-

647 4628 759 4673 tum
810 4619 996 4674 futuro
1056 4622 1278 4684 saeculo,
1312 4622 1409 4676 sed
1461 4621 1661 4676 dicitur
1706 4623 1926 4692 quidem
1981 4636 2227 4691 praesens
2264 4609 2310 4663 Ῑ)

643 4710 900 4764 sarculum
949 4711 1131 4776 hodie,
1200 4712 1475 4781 quomodo
1526 4712 1690 4766 David
1754 4714 1925 4768 dicit:
1972 4712 2145 4767 Hodie
2185 4716 2231 4769 si

643 4817 817 4855 vocem
863 4802 977 4871 ejus
1019 4804 1314 4869 audieritis,
1343 4803 1503 4857 nolite
1535 4805 1794 4858 obdurare
1837 4806 1997 4859 corda
2036 4815 2229 4872 vestra,

644 4894 775 4946 sicut
796 4894 851 4946 in
871 4898 1271 4950 exacerbatione
1294 4898 1358 4950 ⁷⁷.
1391 4898 1458 4950 Ει
1496 4913 1685 4951 rursus
1711 4897 1908 4952 Paulus
1940 4916 1952 4951 :
1990 4896 2092 4953 Sed
2136 4899 2237 4952 ad-

646 4984 935 5038 hortamini
961 4989 1291 5056 vosmetipsos
1315 5006 1408 5057 per
1453 4990 1683 5059 singulos
1710 4991 1843 5053 dies,
1876 4991 2038 5044 donec
2084 4992 2238 5045 hodie

647 5078 1131 5145 cognominatur".
1190 5080 1398 5135 Dicitur
1424 5090 1604 5135 autem
1644 5092 1700 5137 et
1741 5098 1886 5148 cras,
1918 5099 2028 5138 non
2054 5093 2236 5139 tamen

646 5167 874 5223 omnino
901 5170 1006 5239 ἀγὰ
1031 5170 1320 5243 διαστολὴν
1352 5174 1599 5228 hodierni
1624 5192 1638 5227 :
1671 5175 1762 5229 sed
1791 5175 1915 5244 quia
1956 5177 2241 5244 praesentis

646 5258 830 5312 Steculi
848 5274 957 5314 non
968 5262 1154 5317 eadem
1169 5272 1295 5317 sunt
1310 5266 1501 5333 spatia,
1522 5266 1726 5320 sicutin
1744 5265 2054 5323 Proverbiis
2066 5277 2245 5323 osten-

646 5348 745 5416 dit,
796 5351 876 5406 Ne
897 5354 1043 5408 dicas
1067 5356 1238 5408 amico
1263 5366 1350 5409 tuo
1377 5372 1396 5410 :
1448 5355 1611 5419 Vade,
1644 5369 1691 5411 et
1722 5375 1839 5412 cras
1873 5360 2009 5413 veni.
2056 5359 2244 5431 Neque

648 5444 799 5501 enim
827 5445 1085 5500 saeculum
1145 5448 1405 5503 describit
1429 5448 1693 5516 futurum,
1726 5452 1820 5505 sed
1849 5454 2192 5522 subsequens
2217 5496 2231 5518 ,

645 5535 934 5605 praesentis
982 5536 1107 5593 vitae
1169 5547 1401 5608 tempus.
1427 5540 1648 5611 Propter
1682 5543 1825 5611 quod
1850 5543 2023 5598 dixit:
2057 5544 2239 5615 Neque

646 5626 788 5679 enim
811 5627 936 5681 scies
962 5629 1087 5698 quid
1110 5630 1289 5698 pariat
1315 5643 1693 5699 superuentura
1716 5632 1825 5686 dies
1856 5633 1919 5697 "’,
1955 5633 2009 5687 id
2039 5642 2140 5697 est,
2171 5646 2240 5686 ne

646 5709 789 5770 forte
810 5714 867 5770 in
892 5731 956 5771 ea
980 5718 1251 5785 moriaris,
1282 5730 1375 5776 aut
1402 5722 1471 5777 ab
1494 5722 1669 5791 aliqua
1705 5723 2017 5793 impediaris
2044 5738 2233 5778 causa.

728 5890 904 5949 "Jac.
932 5910 1007 5963 tv,
1041 5895 1126 5951 15.
1204 5898 1248 5930 ⁷⁷
1274 5896 1417 5953 Psal.
1447 5914 1589 5965 χειν,
1618 5900 1676 5967 8;
1700 5897 1867 5955 llebr.
1900 5916 1974 5967 tv,
1994 5902 2045 5954 7.

2126 5900 2167 5931 ⁷³
2199 5895 2364 5955 llebr.
2401 5915 2484 5969 ιιι,
2520 5899 2602 5955 15.

2338 3339 2655 3393 trimentum
2687 3337 2984 3407 patiemur.
3010 3333 3117 3389 Sed
3145 3333 3276 3404 quid
3309 3332 3395 3387 his
3425 3330 3642 3387 addidit
3667 3329 3691 3383 2

2406 3428 2465 3484 Si
2486 3431 2601 3499 quis
2624 3429 2687 3482 de
2712 3428 2957 3481 carnibus
2992 3426 3218 3481 victima:
3257 3425 3606 3495 paci/icorum
3644 3423 3725 3475 die
3767 3418 3887 3473 tertio

2336 3522 2636 3586 comederit,
2671 3522 2826 3573 irrita
2865 3520 2955 3589 fiet
2993 3517 3210 3583 oblatio,
3254 3533 3344 3570 nec
3370 3515 3611 3584 proderit
3647 3508 3887 3581 oﬁ'erenti:

2336 3610 2462 3681 quin
2484 3610 2655 3679 potius
2677 3625 2997 3680 quaecunque
3018 3608 3196 3661 anima
3232 3607 3329 3660 tali
3356 3623 3410 3660 se
3450 3604 3631 3659 edulio
3665 3598 3881 3655 contenti-

2337 3706 2556 3766 naverit,
2604 3703 3059 3773 prazvaricationis
3112 3718 3201 3755 rea
3226 3702 3344 3755 erit.
3382 3699 3497 3755 Nec
3548 3699 3666 3752 hiec
3722 3694 3881 3748 frustra

2336 3796 2595 3867 praesenti
2623 3794 2895 3851 sanctioni
2937 3794 3166 3859 addidit,
3196 3793 3293 3849 sed
3338 3792 3469 3863 quia
3524 3790 3737 3862 quidam
3787 3793 3880 3855 post

2336 3888 2498 3942 ﬁnem
2552 3887 2715 3955 hujus
2780 3886 2905 3942 vitis
2970 3893 3026 3941 et
3068 3894 3413 3939 mortuorum
3461 3878 3881 3939 resurrectionem

2335 3978 2494 4032 aliam
2532 3977 2689 4033 talem
2718 3977 2905 4041 vitam,
2939 3974 3116 4045 qualis
3132 3990 3281 4030 nunc
3313 3982 3419 4038 est,
3445 3970 3753 4029 describere
3774 3980 3879 4037 pre-

2336 4078 2713 4142 sumpserunt,
2746 4068 2894 4123 mille
2924 4082 3193 4123 annorum
3232 4066 3509 4136 quoddam
3546 4062 3783 4120 saeculum
3814 4055 3877 4108 in-

2335 4162 2704 4224 troducentes,
2730 4160 2787 4214 in
2810 4159 2939 4229 quo,
2979 4166 3038 4212 ut
3080 4157 3252 4221 aiunt,
3282 4154 3588 4211 Jerusalem
3645 4144 3871 4206 sensibilis

2334 4254 2706 4317 aediﬁcabitur,
2738 4252 3109 4322 templumque
3149 4249 3289 4321 ejus,
3323 4257 3381 4304 et
3410 4262 3537 4318 qum
3566 4246 3622 4300 in
3642 4259 3702 4299 ea
3730 4253 3872 4310 quon-

2335 4348 2457 4402 dam
2490 4345 2711 4399 t‘uerunt
2741 4344 2939 4398 Sancta
2988 4350 3304 4396 sanctorum
3359 4337 3809 4393 restattrabuntur,
3833 4333 3872 4377 et

2335 4438 2597 4493 sacriﬁcia
2621 4435 2941 4501 oﬁerentur,
2960 4432 3292 4503 nuptiasque,
3318 4439 3375 4485 et
3403 4429 3639 4485 ﬁliorum
3666 4431 3869 4495 procrea-

2336 4534 2431 4597 tio,
2455 4539 2511 4587 et
2532 4531 2740 4586 deliciae
2768 4528 3015 4599 quaedam
3043 4541 3166 4581 cum
3187 4524 3395 4595 justitia
3427 4520 3689 4584 sensibili,
3709 4523 3757 4571 et
3778 4513 3867 4565 lon-

2337 4642 2401 4696 ge
2428 4624 2529 4678 alia
2553 4620 2897 4677 conversatio
2926 4628 3133 4683 nostra,
3163 4632 3326 4687 quam
3356 4630 3419 4670 ea
3483 4630 3603 4685 quae
3659 4621 3786 4664 nunc
3802 4608 3869 4703 est

2335 4717 2629 4785 justorum,
2688 4726 2814 4767 cum
2849 4726 2915 4765 ex
2968 4708 3203 4763 mortuis
3267 4704 3716 4761 resurrexerimus
3746 4704 3863 4749 cr“:

2341 4809 2481 4861 hanc
2512 4820 2640 4875 ergo
2671 4803 3149 4872 praesumptionem
3173 4800 3241 4855 de
3263 4800 3457 4854 animo
3506 4806 3687 4853 nostro
3724 4799 3865 4843 remo-

2339 4915 2468 4954 vere
2502 4898 2729 4967 cupiens
2759 4914 2773 4950 :
2805 4895 2860 4950 Si
2884 4896 3007 4964 quis
3029 4895 3096 4949 de
3117 4894 3395 4959 carnibus,
3420 4893 3517 4958 ait,
3572 4886 3861 4961 paciﬁcorum

2343 4991 2428 5046 die
2457 4990 2619 5043 tertio
2648 4988 2968 5051 comederit,
3003 4987 3059 5041 id
3082 4994 3194 5049 est,
3237 4986 3284 5039 si
3309 4985 3432 5054 quis
3490 4982 3591 5038 sibi
3626 4981 3675 5034 in
3702 4970 3861 5042 cogita-

2343 5082 2488 5136 tione
2525 5088 2813 5151 proponat,
2846 5079 2973 5149 quia
3003 5088 3130 5149 post
3184 5076 3640 5131 resurrectionem
3667 5074 3862 5123 mortuo-

2344 5189 2482 5238 rum,
2516 5172 2770 5243 reliquias
2801 5172 2963 5242 hujus
2991 5172 3116 5227 vitze
3132 5179 3355 5225 acturus
3374 5179 3477 5229 est.
3507 5177 3561 5223 et
3602 5161 3742 5218 modo
3760 5166 3861 5223 σιυο-

2344 5266 2465 5321 dam
2505 5264 2756 5319 comedat
2787 5264 3043 5335 praedicta
3105 5263 3158 5315 in
3218 5270 3421 5325 mente,
3450 5270 3606 5314 utens
3646 5266 3732 5325 pro
3770 5244 3860 5299 εἱὺο

2346 5358 2667 5429 phantasia;
2698 5366 2754 5411 et
2780 5372 3006 5427 sperans
3028 5372 3087 5411 se
3111 5356 3398 5410 comedere
3426 5368 3491 5407 co
3540 5357 3753 5437 tempore
3777 5346 3857 5437 (tuo

2351 5450 2639 5506 comedere
2697 5449 3035 5519 impossibile
3086 5454 3191 5507 est,
3226 5446 3278 5501 id
3318 5457 3421 5509 est,
3462 5440 3664 5515 Operari
3691 5432 3857 5527 illul“

2348 5542 2551 5597 oblatio
2576 5559 2684 5597 non
2712 5542 3026 5613 suscipitur,
3054 5555 3155 5595 nec
3180 5539 3519 5609 reputabitur
3549 5534 3615 5590 ei.
3633 5526 3719 5595 Qui
3742 5526 3851 5576 enim

2346 5634 2479 5689 falsa
2499 5636 2566 5691 de
2597 5636 2781 5689 futuro
2804 5634 3003 5689 szeculo
3032 5632 3283 5695 aestimat,
3303 5626 3619 5699 sibimetipsi
3644 5621 3850 5677 damnum

2344 5724 2490 5789 facit,
2523 5725 2943 5779 abominabilcm
2997 5733 3052 5777 et
3084 5722 3344 5793 pollutam
3389 5719 3695 5774 oblationem
3734 5710 3846 5760 suam

2681 5901 2727 5932 7°
2754 5898 2871 5955 Jac.
2901 5916 2975 5968 tv,
3010 5900 3092 5955 li.
3167 5896 3351 5954 "Luc.
3386 5914 3438 5964 ι,
3475 5898 3560 5963 60,
3584 5892 3659 5950 Η-
