4046 6418
55 456 190 521 865

1219 440 1302 502 ΙΝ
1345 436 1790 501 LEVITICUM.
1831 460 1899 471 -
1938 436 2085 497 LIB.
2123 435 2207 495 II.

3245 431 3354 496 866

47 559 382 621 constituit.
416 557 534 613 Non
566 554 743 610 solum
772 559 954 607 autem
985 549 1113 614 hoc,
1145 549 1239 605 sed
1264 557 1319 603 ct
1369 555 1653 620 peccatum
1681 554 1727 610 Α
1761 543 2046 600 rationalis
2082 542 2343 599 hominis.
2377 541 2535 599 Unde
2555 525 2779 613 quidem
2812 539 3206 613 cogitationum
3235 557 3354 596 ma-

47 659 293 715 sihimet
319 649 595 710 contrahit
621 665 637 716 ;
664 654 888 718 propter
915 644 1058 715 quod
1081 643 1218 698 dixit
1245 658 1263 694 :

139 748 285 814 Quin
314 745 490 815 potius
523 755 842 813 qua'cunque
863 738 1044 792 anima
1075 735 1172 789 tali
1196 752 1252 789 se
1270 734 1444 790 edulio
1469 743 1656 788 conta-

1753 641 1934 696 larum
1969 637 2232 693 Dominus
2292 637 2628 692 mentionem
2676 635 2828 702 fecit,
2864 643 2922 689 et
2969 635 3050 689 sic
3090 633 3305 690 addidit
3339 649 3350 683 :

1758 731 1885 786 Ilth
1939 739 2120 784 autem
2171 739 2298 784 sunt
2344 745 2462 800 qua:
2505 728 2749 799 polluant
2785 727 3068 782 hominem.
3095 725 3353 782 Jumenta

49 841 380 905 minaverit,
422 835 870 910 prwuaricationis
912 849 1003 888 rea
1030 832 1148 888 erit.
1183 829 1491 887 Ostendens
1530 830 1659 901 quia
1759 821 2327 894 ergoimmundasunt
2343 822 2398 876 hi
2422 821 2515 890 qui
2534 819 2837 876 immundis
2861 829 2918 875 et
2945 819 3357 885 terrenisactio-

51 946 122 991 et
150 937 207 991 in
235 934 438 990 damno
465 932 732 986 bonorum
781 927 934 992 vivit,
959 935 1016 981 et
1043 933 1268 996 peccato
1301 939 1361 980 se
1419 924 1658 994 subjicit,

52 1030 391 1098 quicunque
421 1041 532 1081 non
574 1025 714 1079 bona
740 1022 808 1078 de
834 1019 1192 1076 retributione
1217 1016 1452 1072 aestimat
1499 1016 1663 1072 Chri-

55 1122 142 1176 sti
179 1137 196 1174 :
223 1136 339 1176 non
363 1119 510 1174 enim
537 1127 672 1173 sunt
701 1113 1086 1183 corruptibiles
1113 1110 1508 1166 retributiones
1544 1109 1662 1171 Dei,

57 1230 182 1270 nec
227 1228 353 1284 qua:
400 1210 572 1266 semel
622 1206 913 1270 destruxit,
957 1206 1048 1260 illa
1099 1217 1289 1258 rursus
1338 1202 1666 1257 constituit:

58 1315 346 1376 ιιι-ειπερ
377 1321 486 1359 non
516 1303 632 1360 vult
667 1299 899 1356 virtutes
925 1297 1060 1354 falsa
1113 1295 1418 1352 intentione
1465 1293 1664 1366 pollui;

61 1397 228 1452 unde
255 1403 314 1452 et
348 1395 487 1451 dixit
512 1413 526 1450 :

149 1487 297 1544 Caro
321 1503 440 1557 quae
459 1486 662 1558 aliquid
690 1486 919 1558 tetigerit
940 1485 1293 1548 immundum,
1314 1500 1415 1537 non
1434 1481 1671 1536 comede-

69 1587 192 1643 tur,
213 1581 306 1633 sed
330 1581 447 1650 igne
467 1589 823 1633 consumetur.
845 1577 1052 1633 Carnes
1081 1578 1270 1632 dicens
1309 1575 1565 1641 virtutes,
1603 1588 1669 1627 ex

69 1672 290 1741 quibus
317 1671 644 1727 sacriﬁcium
695 1670 932 1726 salutare
983 1677 1246 1724 constat:
1288 1667 1442 1724 verbi
1479 1665 1668 1737 gratia,

69 1765 414 1828 castitatem,
462 1764 888 1834 cleemosynam,
933 1762 1220 1832 justitiam.
1277 1761 1403 1817 Haec
1459 1775 1588 1829 ergo
1628 1759 1674 1814 si

73 1859 366 1930 tetigerint
405 1857 748 1912 immundum
779 1855 1083 1926 quidpiam,
1121 1870 1244 1909 cum
1285 1854 1425 1909 forte
1461 1869 1557 1923 per
1585 1867 1678 1906 su-

77 1953 341 2022 perbiam
378 1950 588 2016 iustitia
634 1960 691 2005 et
744 1951 966 2005 castitas
1027 1948 1096 2003 ad
1132 1962 1325 2002 vanam
1351 1945 1595 2016 gloriam,
1622 1953 1679 1998 et

73 2045 428 2116 elecmosyna
461 2059 529 2098 ex
563 2042 826 2111 injustitia
852 2041 930 2102 ﬁt,
966 2042 1087 2112 igne
1115 2039 1474 2095 incendentur
1491 2035 1681 2106 judicii

75 2135 284 2192 futuri.
312 2137 467 2203 Quod
487 2136 830 2190 demonstrat
858 2133 1048 2198 lsaias,
1073 2133 1265 2188 dicens
1300 2149 1312 2184 :
1343 2130 1445 2196 Qui
1494 2131 1683 2184 immo-

77 2227 168 2282 lat
203 2229 405 2294 bovem,
429 2228 582 2299 quasi
604 2228 693 2296 qui
720 2226 1007 2294 interﬁciat
1039 2226 1244 2291 uirum;
1273 2225 1364 2295 qui
1380 2231 1578 2276 mactat
1593 2238 1682 2291 pe-

76 2337 206 2385 (us,
241 2321 393 2391 quasi
425 2321 514 2390 qui
542 2318 838 2373 excerebrat
887 2334 1071 2373 canem
1094 2319 1161 2381 3‘,
1193 2326 1250 2372 et
1273 2315 1503 2386 reliqua.
1533 2316 1681 2370 Prte-

77 2414 271 2468 sentis
309 2423 489 2467 autem
523 2411 762 2466 mandati
799 2420 946 2466 recta
975 2411 1259 2466 conclusio
1289 2418 1411 2465 est:
1443 2407 1543 2473 Qui
1565 2409 1683 2478 fue-

75 2509 159 2560 rit
214 2508 466 2572 mundus,
514 2517 748 2560 vescetur
780 2523 863 2561 ea.
889 2506 1082 2559 Anima
1121 2503 1326 2571 polluta
1349 2518 1466 2574 quae
1518 2501 1682 2556 ederit

76 2599 155 2652 de
169 2599 422 2652 carnibus
439 2598 620 2652 hostia:
637 2597 978 2667 paciﬁcorum
998 2611 1116 2666 quae
1139 2594 1317 2649 oblata
1340 2604 1414 2649 est
1431 2593 1677 2656 Domino,

77 2692 285 2760 peribit
317 2694 381 2744 de
409 2689 615 2760 populis
644 2690 774 2743 suis.
799 2687 999 2759 Aperte
1045 2687 1136 2742 hic
1162 2686 1390 2740 ironiam
1430 2684 1680 2746 destruit,

80 2795 149 2838 ct
180 2781 519 2853 hypocrisin.
547 2781 662 2837 haec
686 2784 832 2837 enim
888 2789 1017 2836 sunt
1055 2780 1250 2835 anima:
1301 2777 1679 2843 immunditiaa,

81 2874 174 2930 ita
204 2884 268 2930 ut
297 2877 487 2930 horum
517 2873 682 2930 homo
704 2875 933 2930 interior
955 2875 1115 2944 lupus
1137 2873 1523 2944 appellaretur,
1557 2885 1684 2925 cum

81 2967 368 3021 Dominus
391 2965 524 3022 dicit
548 2984 563 3021 ε
590 2967 868 3021 Attendite
882 2966 948 3020 ab
985 2966 1057 3020 eis
1079 2966 1169 3038 qui
1189 2965 1403 3033 veniunt
1427 2965 1498 3017 ad
1517 2979 1606 3017 vos
1627 2963 1685 3016 in

80 3058 287 3112 vestitu
309 3058 504 3122 ovium,
531 3059 670 3112 intus
708 3070 887 3111 autem
915 3067 1033 3112 sunt
1061 3058 1172 3126 lupi
1199 3073 1418 3126 rapaces
1436 3057 1504 3110 ⁸⁸.
1531 3054 1594 3108 lli
1617 3053 1686 3109 de

79 3150 361 3205 cornibus
411 3149 606 3205 hostia:
654 3150 1007 3221 paciﬁcorum
1066 3152 1182 3206 sive
1224 3147 1496 3211 salutaris,
1563 3163 1686 3218 quae

1760 913 1923 968 nibus
1950 921 2322 982 occupantur;
2350 913 2414 966 ad
2433 921 2632 968 terram
2653 911 2974 978 intendunt,
2997 912 3355 982 quemadmo-

1762 1005 1891 1060 dum
1913 1003 2366 1074 jumenta.Undc
2386 1015 2442 1059 et
2464 1004 2826 1061 fornicatores
2877 1005 2999 1075 equi
3052 1004 3357 1059 admissarii

1765 1096 2110 1168 appellantur
2149 1097 2218 1151 “.

1837 1186 1959 1244 Sive
2009 1189 2178 1242 omnis
2226 1187 2303 1242 rei
2363 1203 2480 1258 qua:
2542 1187 2778 1257 polluere
2849 1196 3042 1256 potest.
3110 1185 3357 1253 Quicun-

1768 1296 1875 1352 que
1929 1283 2112 1337 omina
2173 1290 2230 1337 et
2276 1281 2668 1347 divinationes,
2730 1289 2787 1337 et
2834 1283 3209 1365 purgationes,
3271 1282 3358 1336 vel

1770 1374 1908 1441 dies,
1956 1383 2012 1432 et
2086 1383 2334 1446 tempora
2383 1375 2720 1440 custodiunt,
2781 1376 2954 1430 multo
3014 1376 3186 1446 magis
3259 1390 3361 1430 au-

1774 1474 1882 1520 tem
1929 1465 2072 1536 magi
2126 1473 2184 1520 et
2235 1465 2502 1531 veneﬁci,
2555 1465 2952 1521 abominabiles
3016 1476 3146 1521 sunt
3209 1466 3359 1521 enim

1774 1558 1918 1629 apud
1948 1557 2258 1612 Dominum.
2287 1555 2478 1613 Omnis
2504 1558 2596 1628 qui
2629 1557 2758 1613 facit
2786 1560 2922 1620 haec.
2950 1558 3177 1615 forsitan
3211 1558 3361 1612 enim

1775 1649 2146 1706 communicat
2174 1649 2298 1720 quis
2329 1649 2486 1704 malis
2528 1665 2718 1706 eorum
2761 1651 3023 1716 consiliis,
3065 1660 3158 1706 aut
3195 1651 3365 1706 actio-

1776 1743 1969 1808 nibus,
2031 1751 2087 1798 et
2143 1741 2269 1808 hic,
2323 1749 2514 1812 utpote
2543 1743 2906 1813 ,prohibitam
2962 1743 3366 1798 immunditiam

1782 1845 2030 1908 tangens,
2065 1851 2174 1892 non
2209 1845 2392 1908 potest
2430 1851 2495 1892 ea
2533 1852 2655 1906 quae
2696 1837 2764 1892 ad
2799 1837 3031 1892 hostiam
3073 1837 3365 1893 salutarem

1780 1929 1865 1984 vel
1910 1928 2265 1999 paciﬁcorum
2310 1929 2591 2000 pertinent
2631 1929 2940 1991 comedere,
2973 1929 3088 1984 sive
3127 1929 3367 1998 operari.

1781 2016 1918 2072 Cum
1954 2017 2102 2073 enim
2149 2018 2308 2073 nisus
2355 2017 2522 2074 fuerit
2555 2033 2618 2073 ea
2665 2034 2785 2090 quae
2822 2019 2890 2074 ad
2929 2020 3158 2074 salutem
3196 2019 3366 2089 perti-

1782 2122 1919 2168 nent
1963 2128 2149 2185 agere,
2183 2121 2241 2168 et
2291 2113 2782 2168 communicaverit
2825 2113 3180 2183 operantibus
3229 2113 3372 2168 mala

1782 2216 1841 2262 et
1866 2219 1989 2276 quae
2017 2207 2086 2261 ad
2117 2205 2482 2275 perditionem
2515 2205 2812 2276 pertinent,
2839 2205 3042 2274 peribit
3073 2205 3141 2260 de
3169 2204 3373 2276 populo

1782 2311 1906 2362 suo,
1938 2295 1993 2350 id
2031 2304 2136 2362 est,
2164 2296 2232 2352 de
2278 2296 2366 2351 his
2412 2296 2506 2367 qui
2556 2297 2862 2360 salvantur,
2893 2312 3022 2352 nam
3073 2307 3129 2352 et
3176 2298 3374 2353 alienis

1783 2387 2195 2443 communicare
2239 2389 2514 2458 peccatis,
2562 2387 2904 2443 mortiferum
2951 2395 3082 2443 est:
3123 2389 3270 2443 unde
3318 2395 3376 2442 et

1786 2479 1957 2535 David
2004 2480 2223 2535 dicebat
2253 2498 2267 2534 :
2300 2481 2372 2535 Et
2402 2482 2468 2534 ab
2505 2481 2696 2535 alienis
2723 2497 2882 2549 parce
2907 2497 3054 2535 servo
3081 2489 3170 2534 tuo
3199 2481 3266 2534 ⁸⁸.
3307 2480 3376 2534 Et

1785 2572 1987 2630 Paulus
2018 2574 2308 2629 Timotheo
2333 2576 2595 2644 praecepit
2625 2593 2636 2628 :
2667 2574 2856 2630 Manus
2887 2576 2990 2630 cito
3033 2575 3230 2629 nemini
3268 2574 3373 2626 im-

1783 2668 2018 2733 posueris
2041 2706 2056 2731 ,
2111 2683 2276 2737 neque
2333 2669 2803 2722 communicaveris
2858 2669 3086 2739 peccatis
3141 2667 3372 2732 alienis,

1788 2761 2119 2830 temetipsum
2149 2770 2350 2816 castum
2379 2763 2582 2816 custodi
2603 2761 2673 2814 ⁸⁸.

1855 2878 2023 2935 Vens.
2061 2879 2254 2935 25-25.
2291 2900 2311 2932 ‹
2345 2880 2694 2950 Locutusque
2722 2887 2807 2935 est
2835 2877 3101 2934 Dominus
3130 2879 3196 2934 ad
3231 2878 3374 2951 Moy-

1787 2986 1885 3027 sen
1916 2973 2106 3028 dicens
2140 2991 2153 3026 :
2184 2973 2436 3043 Loquere
2464 2973 2589 3027 ﬁliis
2628 2972 2814 3027 Israel.
2856 2972 3085 3042 Adipem
3110 2973 3285 3037 bovis,
3319 2981 3375 3027 et

1786 3066 1928 3132 ovis,
1961 3073 2018 3120 et
2050 3081 2230 3136 caprae
2273 3081 2384 3120 non
2431 3065 2730 3121 comedetis
2773 3083 2786 3119 :
2825 3066 3039 3136 adipem
3093 3065 3374 3121 cadaveris

1788 3158 2091 3224 morticini,
2123 3167 2180 3213 et
2222 3157 2343 3228 ejus
2389 3158 2648 3218 animale.
2690 3163 2836 3227 quod
2880 3174 2910 3212 a
2938 3158 3112 3214 bestia
3156 3168 3372 3228 captum

82 3242 298 3297 oblata:
331 3251 459 3297 sunt
491 3243 741 3308 Domino,
773 3244 1140 3310 comedentes,
1167 3243 1256 3312 qui
1307 3242 1538 3297 virtutes
1566 3256 1686 3311 qua:

1791 3260 1897 3315 est,
1931 3250 2204 3307 habebitis
2252 3251 2308 3305 in
2352 3266 2485 3306 usus
2529 3251 2731 3305 varios.
2764 3249 2820 3304 Si
2852 3251 2975 3320 quis
3013 3251 3250 3321 adipem.
3280 3253 3374 3321 qui

85 3351 129 3390 τι
181 3334 293 3390 Deo
349 3334 720 3406 possidentur,
762 3351 874 3390 non
933 3337 1150 3391 virtutis
1211 3333 1534 3398 intentione,
1589 3333 1688 3388 sed

87 3425 478 3481 fraudulenter
506 3436 822 3496 operantur,
839 3439 1072 3498 pereunt
1099 3428 1167 3482 de
1212 3426 1414 3498 populo
1445 3441 1568 3490 suo,
1630 3433 1691 3479 ut

87 3534 212 3574 non
239 3519 352 3589 jam
387 3534 541 3582 oves,
575 3521 667 3576 sed
706 3521 820 3591 lupi
877 3519 1232 3575 nominentur
1253 3527 1310 3574 et
1357 3529 1418 3574 ut
1457 3517 1691 3573 manife-

90 3621 249 3667 stum
287 3612 376 3678 sit,
397 3612 523 3683 quia
548 3613 616 3668 de
644 3629 806 3686 grege
828 3612 1037 3683 expulsi
1064 3621 1212 3668 sunt.
1240 3612 1566 3682 Quicunque
1593 3627 1691 3665 au-

91 3715 216 3761 tem
248 3716 399 3760 extra
432 3722 647 3778 gregem
697 3718 801 3773 est,
829 3707 919 3762 hic
951 3707 1004 3760 in
1035 3716 1189 3777 parte
1243 3705 1538 3761 bestiarum
1591 3704 1691 3759 de-

89 3808 370 3869 putatur:
403 3799 474 3854 Et
497 3801 588 3870 qui
631 3801 859 3872 tetigerit
903 3801 1302 3854 immunditiam
1341 3800 1568 3853 hominis
1613 3797 1694 3853 vel

81 3888 351 3957 jumenti,
383 3890 490 3944 sive
517 3891 684 3945 omnis
721 3893 800 3945 rei
820 3908 938 3963 quia
969 3891 1201 3961 polluere
1223 3901 1412 3960 potest,
1441 3900 1489 3945 et
1523 3907 1695 3944 come-

91 3981 238 4034 derit
275 3982 340 4034 de
389 3981 752 4051 hujuscemodi
796 3984 1063 4049 carnibus,
1103 3983 1338 4037 interibit
1379 3983 1443 4036 de
1489 3983 1693 4052 populis

89 4075 231 4129 suis.
285 4073 408 4129 Non
453 4090 583 4146 ergo
635 4076 939 4146 quemlibet
975 4077 1127 4131 illum
1171 4076 1518 4132 solummodo
1553 4075 1696 4130 mala

92 4168 374 4224 mundum
425 4183 548 4224 esse
589 4179 648 4224 et
692 4185 882 4226 carere
916 4170 1031 4224 vult
1063 4169 1283 4225 actione
1311 4169 1357 4225 si
1400 4169 1694 4224 salutarem

94 4259 218 4315 sive
246 4259 535 4331 paciﬁcam
558 4271 816 4330 operatur
845 4259 1103 4324 hostiam,
1132 4267 1189 4313 et
1226 4257 1379 4328 cupit
1407 4259 1528 4328 ejus
1573 4272 1696 4312 esse

97 4352 408 4422 particeps,
424 4351 522 4407 sed
546 4352 792 4407 utetiam
816 4351 886 4406 ab
911 4350 1138 4406 alterius
1164 4351 1289 4404 mali
1308 4349 1696 4421 conjunctione

96 4442 404 4507 abstineat,
433 4442 549 4498 sive
588 4442 948 4514 cogitationes
993 4442 1113 4512 ejus
1164 4442 1279 4496 sive
1331 4457 1495 4510 opera
1553 4441 1695 4495 mala

97 4535 236 4587 sint.
290 4530 432 4598 Quia
495 4532 643 4588 enim
714 4531 996 4588 rationalis
1045 4540 1102 4586 et
1166 4529 1550 4585 intellectualis
1613 4539 1698 4583 est

1790 3345 1976 3402 olierri
2009 3346 2170 3401 debet
2205 3344 2259 3399 in
2291 3345 2575 3400 incensum
2606 3344 2843 3410 Domini,
2879 3344 3203 3410 comederit,
3252 3359 3377 3415 pcr-

1791 3438 1893 3494 ibit
1918 3439 1986 3494 de
2013 3438 2215 3508 populo
2242 3452 2363 3492 suo.
2394 3455 2413 3488 ι

1863 3529 2196 3585 Admiranda
2236 3537 2320 3583 est
2355 3527 2686 3595 legislatons
2714 3534 2981 3597 sapientia
3021 3542 3379 3597 quemadmo-

1793 3623 1924 3679 dum
1948 3637 2047 3693 per
2068 3621 2356 3692 :rnigmata
2385 3628 2440 3673 et
2469 3618 2757 3688 parabolas
2783 3618 3094 3673 iutroducat
3116 3618 3380 3688 subjectis

1795 3716 1972 3776 utilia,
2005 3723 2165 3770 caute
2211 3711 2453 3767 mandati
2505 3709 2853 3780 margaritam
2908 3710 3063 3778 quasi
3096 3710 3152 3764 in
3195 3726 3379 3778 peram

1795 3820 2132 3877 componens
2201 3803 2414 3858 litterae.
2493 3800 2862 3866 Quamobrem
2943 3802 3089 3854 enim
3165 3801 3380 3872 adipem

1797 3899 1983 3963 boum,
2020 3906 2075 3951 et
2123 3895 2330 3955 ovium,
2361 3903 2415 3948 et
2463 3909 2750 3963 caprarum
2793 3892 3006 3946 comedi
3039 3909 3147 3946 non
3177 3908 3383 3963 pratce-

1797 3991 1920 4060 pit:
1963 4001 2306 4058 quorumque
2348 3999 2546 4039 carnes
2597 3984 2831 4038 mandas
2876 3992 2930 4038 ct
2983 3983 3202 4039 esibiles
3248 3984 3382 4039 dixit

1796 4093 1988 4134 eorum
2032 4076 2244 4132 comedi
2273 4073 2489 4144 adipem
2529 4073 2722 4138 vetuit,
2748 4088 2851 4128 nec
2896 4073 3016 4143 ejus
3051 4072 3143 4142 qui
3189 4088 3382 4142 Opera-

1797 4181 1889 4228 tur
1918 4171 2262 4233 mandatum,
2285 4167 2742 4237 quemadmodum
2775 4174 2857 4220 est
2886 4165 3006 4231 bos,
3040 4180 3142 4220 nec
3170 4166 3380 4236 simpli-

1797 4267 1896 4331 cis,
1917 4265 2012 4336 qui
2043 4273 2126 4319 est
2146 4264 2287 4327 ovis,
2325 4277 2430 4316 nec
2462 4275 2654 4315 eorum
2684 4259 2776 4330 qui
2806 4275 2906 4329 pro
2938 4259 3174 4329 peccatis
3201 4259 3384 4330 paeni-

1797 4359 2028 4415 tentiam
2060 4363 2250 4428 agunt,
2284 4369 2383 4424 per
2417 4365 2638 4422 capram
2673 4351 2874 4420 quippe
2916 4349 3294 4421 signiﬁcantur
3317 4367 3382 4406 ea

1797 4466 1919 4522 quae
1945 4463 2042 4519 pro
2077 4445 2316 4518 peccatis
2347 4451 2478 4499 sunt
2506 4442 2794 4506 sacriﬁcia,
2828 4457 2951 4497 cum
2986 4457 3202 4510 capram
3237 4459 3383 4512 prae-

1801 4542 2009 4612 ceperit
2053 4538 2108 4592 in
2159 4538 2245 4594 his
2290 4544 2387 4590 aut
2432 4534 2648 4589 hircum
2709 4533 3000 4599 immolari,
3045 4549 3147 4587 nec
3185 4535 3381 4588 horum

98 4623 297 4691 homo.
327 4632 478 4680 ιέεῐε
506 4625 910 4681 immundum!“
944 4623 1209 4688 hominist
1264 4638 1386 4678 eam
1443 4637 1566 4693 (Ιυω
1610 4631 1695 4676 εει
1717 4612 1773 4674 Ῑ)
1797 4648 1928 4706 ergo
1955 4629 2208 4687 concedit
2232 4637 2294 4683 ut
2321 4626 2659 4682 desiderium
2685 4623 3077 4679 comedamus?
3100 4624 3182 4678 Ad
3212 4626 3381 4679 Deum

96 4717 156 4772 in
216 4717 488 4780 consiliis,
513 4725 570 4772 et
605 4717 1049 4788 cogitationibus,
1086 4716 1350 4772 malitiam
1409 4714 1697 4782 intellexit,

95 4810 252 4884 quod
291 4811 610 4868 manifestat
645 4822 700 4868 et
750 4813 1038 4880 Dominus,
1089 4812 1322 4868 dicens:
1355 4811 1592 4866 Necdum
1620 4810 1703 4864 in-

101 4905 367 4977 telligitis,
408 4905 534 4976 quia
575 4922 729 4961 omne
753 4908 894 4978 quod
928 4907 1228 4976 ingreditur
1251 4906 1307 4958 in
1338 4921 1444 4970 ore,
1479 4904 1533 4958 in
1575 4919 1703 4958 ven-

97 5005 241 5052 trem
267 4994 444 5060 vadit,
470 5004 518 5049 et
542 4996 597 5049 in
621 5011 879 5050 secessum
901 4995 1205 5049 emittitur?
1229 4993 1310 5047 Ea
1357 5002 1535 5048 autem
1586 5007 1706 5063 quia

95 5087 452 5160 egrediuntur
473 5087 538 5140 de
582 5103 694 5152 ore,
724 5092 788 5141 de
827 5087 981 5141 corde
1010 5095 1218 5149 exeunt,
1243 5096 1294 5140 et
1328 5085 1425 5139 illa
1457 5084 1700 5154 polluant

95 5178 392 5233 hominem.
423 5177 518 5232 De'
533 5179 686 5233 corde
723 5178 862 5232 enim
907 5185 1098 5232 exeunt
1149 5177 1486 5246 cogitationes
1521 5174 1698 5240 malta,

94 5275 414 5339 homicidia,
438 5274 726 5339 adulteria,
757 5275 926 5346 furta,
956 5272 1092 5344 falsa
1115 5271 1434 5336 testimonia,
1456 5270 1698 5340 blasphe-

94 5371 225 5424 miae
245 5369 334 5423 "2'
371 5367 490 5424 Non
550 5385 614 5426 ea
677 5385 800 5442 quae
830 5370 888 5424 in
933 5368 1148 5423 actione
1170 5375 1315 5430 sunt,
1347 5366 1538 5421 dicens
1558 5366 1700 5421 furta

93 5470 198 5516 aut
228 5461 518 5527 adulteria,
543 5472 640 5518 aut
685 5461 1098 5525 fornicationes,
1126 5474 1252 5512 nam
1286 5457 1402 5512 hare
1424 5459 1701 5528 quomodo

97 5556 170 5610 de
205 5555 379 5611 corde
404 5557 640 5611 exeunt?
670 5557 767 5612 sed
800 5571 866 5610 ea
909 5569 1032 5624 quae
1063 5553 1117 5605 in
1172 5550 1592 5622 cogitationibus
1642 5559 1697 5606 et

95 5645 355 5702 consiliis
383 5657 532 5714 sunt,
557 5648 686 5734 quia
723 5649 842 5718 ipsa
871 5645 1121 5700 maximze
1161 5651 1287 5697 sunt
1335 5642 1695 5698 immunditize

168 5867 215 5899 ⁸⁸
253 5866 357 5922 lsa.
383 5881 528 5927 uvr.
547 5866 602 5920 3.

97 5939 146 5970 “
175 5937 199 5994 Ι
229 5936 378 5993 Tim.
410 5952 465 6003 ν,
496 5937 587 5992 2‘2.
664 5937 707 5969 ⁸⁷
741 5936 925 5991 l'fim.
955 5955 1008 6002 v,
1039 5940 1091 5992 0'.

1798 4726 1946 4782 enim
1983 4723 2117 4778 illud
2151 4720 2369 4784 referri,
2411 4728 2466 4774 et
2501 4719 2616 4774 Deo
2659 4716 2844 4772 olierri
2887 4716 3067 4786 jubet,
3111 4727 3385 4786 quatenus

1798 4833 1911 4872 non
1945 4815 2016 4871 sit
2057 4812 2362 4868 secundum
2394 4808 2752 4864 intentionem
2784 4807 3104 4873 humanam,
3135 4808 3229 4863 sed
3275 4809 3386 4862 Deo

1801 4909 1901 4964 soli
1952 4904 2387 4973 uniuscujusque
2439 4900 2555 4966 rei,
2603 4915 2766 4970 quam
2819 4899 2945 4969 quis
2993 4914 3059 4952 ex
3111 4900 3386 4970 praedictis

1801 4999 2132 5070 assequitur,
2174 4995 2508 5052 desiderium
2554 4993 2834 5048 offeratur.
2873 4991 3139 5048 Similiter
3186 5009 3383 5062 pecca-

1807 5103 1987 5148 torum
2015 5088 2373 5152 desiderium,
2404 5087 2549 5158 quod
2582 5101 2678 5157 per
2711 5084 2996 5140 morticina
3048 5093 3102 5140 et
3131 5100 3159 5139 a
3192 5085 3386 5141 bestiis

1805 5192 1964 5255 capta
2020 5180 2356 5252 signiﬁcatur
2393 5197 2406 5234 :
2447 5195 2546 5250 per
2591 5177 2878 5232 morticina
2927 5176 3145 5246 quidem
3197 5187 3385 5247 utpote

1803 5277 1899 5348 qui
1934 5277 2213 5347 elegerunt
2253 5289 2352 5344 per
2389 5272 2650 5344 quasdam
2685 5269 3054 5339 impudicitias
3085 5279 3140 5324 et
3169 5285 3267 5340 per
3295 5286 3388 5324 su-

1804 5368 2052 5440 perbiam
2092 5367 2302 5436 peccati
2343 5376 2598 5421 mortem.
2639 5363 2792 5430 Quod
2837 5363 3033 5434 probat
3072 5361 3271 5416 Paulus
3317 5361 3386 5415 de

1804 5463 1986 5518 viduis
2014 5461 2094 5516 sic
2123 5462 2312 5516 dicens
2354 5478 2366 5513 :
2399 5457 2528 5524 Quae
2571 5460 2709 5512 enim
2753 5458 2808 5510 in
2856 5457 3056 5510 deliciis
3090 5463 3162 5507 est
3202 5454 3384 5518 vidua,

1804 5557 1980 5610 vivens
2027 5563 2236 5608 mortua
2277 5563 2354 5608 est
2384 5553 2451 5606 ⁸⁷.
2486 5550 2590 5606 Per
2635 5567 2697 5604 ea
2745 5559 2926 5604 autem
2967 5561 3088 5617 qua:
3127 5561 3157 5598 a
3197 5544 3388 5598 bestiis

1802 5655 1962 5716 capta
2005 5657 2173 5707 sunt.
2227 5646 2609 5716 intelliguntur
2669 5643 2722 5698 hi
2776 5643 2890 5712 qui,
2925 5641 3053 5695 dum
3105 5636 3390 5708 negiigunt

701 5865 1085 5937 "Matthwu,
1129 5870 1213 5924 l5.
1293 5871 1339 5904 "
1389 5871 1580 5926 Matth.
1654 5889 1763 5937 xv,
1822 5872 2006 5928 17-19.
2083 5870 2326 5925 8‘Eccli.
2398 5884 2562 5924 sum
2597 5906 2613 5934 ,
2666 5865 2718 5920 6.
2796 5864 2842 5897 ⁸⁸
2889 5861 3028 5917 Psal.
3063 5875 3242 5927 xvnt,
3300 5857 3386 5915 l4.
