3946 6446
613 470 721 536 867

1820 460 2183 522 HESYCHII
2218 457 2696 520 PRESBYTERI
3798 454 3885 517 868

612 581 883 639 cautelam
933 594 1090 635 suam
1132 587 1189 633 et
1255 574 1585 639 custodiam,
1638 573 1891 643 captivati
1943 581 2092 636 sunt,
2130 572 2200 626 ab
2230 578 2273 634 Α
2303 589 2428 643 pem
2467 574 2681 638 hostiae,
2723 582 2777 627 et
2808 570 3207 643 pectusculum.
3237 569 3496 640 Cumque
3532 565 3705 621 ambo
3732 566 3887 620 oblata

614 672 1050 745 intelligibilibus
1095 670 1290 725 bestiis
1335 668 1717 740 comprehensi
1766 684 1779 719 :
1814 667 1959 735 quod
1995 676 2054 719 ut
2085 681 2199 718 non

614 769 903 833 faciamus,
935 781 1129 821 rursus
1157 764 1354 819 Petrus
1385 764 1461 817 ait
1494 781 1508 816 ε
1542 761 1717 818 Sobrii
1753 769 1933 823 estote,
1961 759 2198 829 vigilate,

613 859 951 912 adversarius
995 856 1135 910 enim
1182 865 1351 910 vester
1389 853 1651 915 diabolus,
1690 852 1825 904 sicut
1870 850 1948 903 leo
1992 850 2202 920 rugiens

616 952 826 1013 circuit,
856 964 1097 1019 quwrens
1125 964 1280 1017 quem
1322 948 1530 999 devoret
1552 944 1618 998 ⁸⁸.
1651 942 1895 1008 Quorum
1923 956 2034 995 non
2067 956 2201 995 con-

616 1041 992 1111 ceditadipem
1013 1040 1227 1095 comedi
1251 1056 1268 1093 :
1293 1040 1517 1093 noxium
1543 1038 1687 1093 enim
1713 1047 1799 1091 est
1820 1036 1979 1091 nobis
2003 1036 2201 1090 horum

615 1134 905 1190 desideriis
936 1134 1036 1187 uti.
1064 1133 1173 1188 Sed
1207 1148 1310 1187 nec
1346 1132 1455 1186 Deo
1488 1147 1551 1185 ea
1577 1131 1734 1200 jubet
1758 1128 1965 1191 oﬂerri,
1999 1128 2203 1181 deside-

613 1229 753 1282 rium
782 1226 921 1280 enim
950 1234 1284 1294 peccatorum
1306 1223 1496 1293 peribit
1519 1223 1587 1275 ⁸³.
1611 1222 1718 1276 Sed
1756 1220 1886 1290 quid
1910 1217 2203 1289 praecepit?

688 1318 962 1371 Habebitis
992 1318 1049 1369 in
1073 1333 1197 1369 usus
1226 1317 1422 1369 varios.
1458 1314 1795 1369 Transferre
1819 1327 1948 1384 ergo
1969 1310 2102 1366 illud
2135 1309 2202 1365 ad

614 1408 873 1463 virtutem
920 1406 1207 1471 debemus,
1243 1418 1302 1460 ut
1349 1405 1417 1459 ad
1462 1405 1799 1468 castitatem,
1836 1412 1931 1457 aut
1959 1402 2026 1457 ad
2056 1402 2203 1456 elee-

614 1515 916 1571 mosynam,
962 1508 1056 1553 aut
1102 1500 1170 1552 ad
1218 1498 1511 1569 justitiam,
1561 1506 1657 1550 aut
1703 1495 1773 1549 ad
1820 1484 2202 1564 quamcunque

617 1593 858 1663 speciem
896 1592 1054 1645 bonae
1090 1590 1424 1659 operationis
1466 1589 1662 1643 horum
1708 1586 2039 1641 desiderium
2074 1600 2204 1639 con-
2254 1656 2255 1659 η

619 1693 917 1749 vertamus,
964 1682 1307 1737 resolventes
1356 1681 1510 1745 illud,
1557 1690 1613 1734 et
1660 1679 1717 1733 in
1767 1679 1935 1732 alium
1979 1677 2201 1731 modum

619 1777 955 1832 derivantes.
1003 1775 1117 1829 IIoc
1155 1775 1302 1829 enim
1340 1781 1445 1837 est,
1476 1772 1729 1825 habebitis
1764 1773 1819 1825 in
1848 1788 1973 1824 usus
2004 1773 2201 1823 varios.

619 1866 757 1933 Quia
795 1876 851 1920 et
880 1866 1068 1936 adeps.
1102 1866 1147 1920 si
1196 1865 1262 1919 ad
1306 1864 1538 1934 aliquam
1582 1862 1873 1915 utilitatem
1912 1860 2205 1930 cujuslibet

618 1958 943 2013 conﬁciendi
974 1957 1158 2028 Operis
1188 1956 1531 2012 necessarius
1565 1964 1669 2021 est,
1698 1954 2008 2007 subtiliatur
2041 1962 2204 2022 atque

620 2050 932 2104 resolvitur.

690 2141 750 2195 Si
780 2142 896 2207 quis
930 2141 1140 2208 adipem
1183 2137 1274 2209 qui
1312 2138 1487 2208 oﬂ‘erri
1519 2137 1667 2191 debet
1706 2136 1761 2189 in
1802 2137 2069 2189 incensum
2101 2135 2210 2188 Do-

618 2233 752 2286 mini
788 2234 1086 2297 comederit,
1124 2232 1315 2302 peribit
1363 2232 1428 2283 de
1467 2230 1660 2299 populo
1692 2245 1807 2283 suo.
1842 2228 2009 2283 Recte
2042 2227 2206 2297 perit,

619 2322 878 2379 videlicet
922 2337 1146 2393 cogens,
1194 2330 1290 2375 aut
1334 2320 1443 2374 alio
1496 2320 1660 2373 modo
1709 2318 1948 2374 suadens
2003 2318 2075 2382 ei,
2113 2318 2208 2386 qui

620 2421 975 2488 semetipsum
1007 2417 1205 2472 obtulit
1234 2416 1368 2479 Deo,
1400 2430 1509 2468 non
1541 2413 1610 2468 ad
1644 2428 1947 2483 supernum
1989 2413 2208 2468 oculum

620 2512 953 2567 desiderium
990 2511 1213 2573 habere,
1246 2509 1344 2563 sed
1377 2508 1446 2562 ad
1480 2506 1804 2577 placendum
1835 2505 1961 2560 sibi.

691 2600 855 2658 Vens.
890 2602 981 2667 26,
1013 2604 1104 2656 27.
1152 2620 1172 2653 ι
1218 2600 1554 2670 Sanguinem
1604 2614 1820 2669 quoque
1872 2596 2052 2651 omnis
2093 2597 2212 2650 ani-

623 2694 782 2748 malis
810 2710 920 2748 non
951 2692 1183 2749 sumetis
1212 2692 1265 2746 in
1296 2693 1442 2755 cibo,
1473 2701 1580 2745 tam
1614 2692 1682 2745 de
1709 2690 1923 2755 avibus,
1952 2703 2112 2758 quam
2144 2689 2211 2744 de

623 2786 938 2855 pecoribus.
999 2784 1194 2839 Omnis
1244 2784 1427 2838 anima
1481 2799 1603 2854 qutc
1633 2783 1809 2839 ederit
1869 2781 2207 2853 sanguinem,

624 2879 830 2948 peribit
858 2879 925 2933 de
956 2876 1174 2948 populis
1204 2876 1341 2930 suis.
1374 2894 1392 2926 ι

696 2970 836 3036 Quia
876 2969 1199 3041 sanguinem
1241 2968 1477 3022 animam
1510 2967 1626 3022 vult
1657 2967 1907 3038 intelligi,
1941 2965 2215 3021 suﬁicien-

626 3070 709 3117 ter
736 3063 989 3131 superius
1014 3062 1451 3115 demonstratum
1491 3069 1592 3115 est.
1638 3059 1759 3113 Vult
1790 3075 1921 3130 ergo
1954 3059 2211 3113 virtutem

626 3164 730 3204 nos
755 3150 972 3219 assequi
1004 3149 1229 3203 alternat:
1253 3149 1561 3203 dilectionis
1593 3168 1605 3201 :
1632 3159 1688 3203 et
1715 3165 1891 3219 neque
1916 3151 2211 3219 justorum,

626 3254 858 3309 quorum
908 3240 1013 3294 hoc
1042 3239 1184 3305 loco,
1232 3248 1457 3309 propter
1498 3241 1748 3294 altiorem
1791 3243 2052 3305 volatum,
2086 3256 2215 3295 con-

625 3333 998 3389 versationem
1029 3332 1375 3402 signiﬁcavit,
1406 3349 1587 3402 neque
1618 3344 1988 3403 peccatorum,
2017 3334 2216 3402 quibus

627 3438 891 3495 pecorum
915 3423 1229 3493 appellatio,
1255 3438 1356 3493 pro
1383 3438 1449 3478 eo
1474 3425 1619 3492 quod
1649 3424 1716 3478 ad
1742 3423 2003 3479 inferiora
2035 3424 2220 3477 inten-

628 3515 789 3579 dunt,
818 3515 1078 3571 convenit
1121 3515 1412 3569 comedere
1465 3516 1812 3585 sanguinem,
1856 3516 1908 3570 id
1954 3524 2040 3569 est
2083 3515 2221 3568 nihil

627 3607 699 3661 ad
750 3621 940 3661 eorum
996 3608 1212 3676 Operari
1276 3616 1529 3660 mortem.
1592 3606 1748 3672 Quod
1819 3617 2026 3673 autem,
2080 3607 2223 3662 sicut

630 3697 804 3753 edunt
848 3696 1013 3764 LXX,
1062 3700 1167 3753 hoc
1216 3715 1328 3754 non
1389 3699 1505 3754 ﬁeri
1565 3699 1621 3753 in
1676 3699 1823 3753 omni
1880 3700 2222 3754 habitatione

632 3789 914 3859 praecepit,
959 3804 1058 3859 per
1112 3790 1501 3855 habitationes,
1555 3790 1877 3845 differentes
1926 3806 2223 3845 conversa-

636 3882 812 3935 tiones
857 3880 1060 3936 innuit.
1096 3881 1326 3952 'Propter
1356 3884 1502 3953 quod
1548 3892 1765 3953 oportet
1791 3900 1819 3937 a
1853 3885 2057 3939 malitia
2088 3900 2225 3939 con-

636 3982 718 4027 tra
770 3973 1101 4043 proximum,
1158 3984 1266 4028 tam
1319 3975 1627 4030 sublimiter
1684 3976 2010 4045 sapientem,
2060 3992 2221 4044 quant

634 4062 1003 4129 mediocriter,
1035 4064 1119 4119 vel
1155 4065 1365 4118 nullum
1412 4065 1699 4134 sapientia:
1734 4066 1972 4120 studium
2016 4066 2224 4120 haben-

637 4164 765 4221 tem,
799 4165 854 4210 et
885 4166 944 4211 ut
972 4157 1184 4212 dicatur
1228 4159 1487 4223 breviter,
1530 4166 1584 4212 et
1622 4159 1831 4229 justum
1877 4160 1946 4213 ab
1989 4175 2075 4225 ea,
2103 4176 2225 4229 quae

634 4255 721 4300 est
754 4256 941 4301 contra
988 4256 1355 4317 peccatorem,
1394 4258 1449 4303 et
1500 4259 1843 4319 peccatorem
1890 4251 1960 4304 ab
2002 4266 2064 4304 ea
2103 4268 2223 4321 quae

637 4352 760 4393 esse
814 4347 992 4409 potest
1042 4349 1233 4393 contra
1291 4341 1523 4410 justum,
1557 4342 1837 4397 abstinere
1888 4344 2115 4410 malitia,
2167 4355 2226 4399 ut

636 4431 816 4484 nullas
858 4431 935 4485 illi
970 4433 1228 4486 moliatur
1273 4432 1519 4497 insidias,
1569 4435 1770 4495 sciens,
1813 4435 1939 4505 quia
2000 4438 2052 4489 in
2097 4452 2224 4490 san-

639 4521 857 4591 guinem
908 4533 1118 4593 peccat,
1154 4533 1209 4579 et
1255 4528 1575 4597 sanguinem
1632 4528 1924 4583 comedere
1971 4544 2095 4582 eum
2143 4529 2223 4583 le-

2304 663 2534 719 Domino
2572 664 2994 727 consecraverit,
3031 662 3210 717 tradet
3238 659 3550 723 sacerdoti,
3591 655 3690 727 qui
3724 656 3890 711 adole.

2302 756 2382 811 bit
2422 756 2640 827 adipem
2692 772 2859 828 super
2904 757 3117 811 altare:
3147 753 3543 826 pectusculum
3590 759 3777 803 autem
3806 751 3892 801 erit

2302 849 2507 915 Aaron,
2542 858 2598 903 et
2643 847 2877 903 ﬁliorum
2926 848 3068 919 ejus,
3108 861 3294 902 armus
3338 857 3582 915 quoque
3622 841 3810 896 dexter
3838 841 3893 895 de

2303 942 2655 1012 paciﬁcorum
2706 942 2902 997 hostiis
2947 941 3091 997 cadit
3140 941 3199 995 in
3249 938 3524 1009 primitiis
3586 934 3892 989 sacerdotis.

2304 1034 2406 1100 Qui
2438 1034 2698 1089 obtulerit
2737 1034 3061 1105 sanguinem
3101 1042 3159 1087 et
3196 1032 3410 1101 adipem
3443 1028 3707 1083 filiorum
3736 1026 3893 1079 Aaron

2304 1126 2421 1196 ipse
2458 1126 2684 1181 habebit
2726 1133 2781 1180 ct
2825 1139 3038 1179 armum
3074 1123 3327 1178 dextrum
3360 1121 3413 1173 in
3453 1117 3729 1189 portione
3768 1130 3896 1168 sua:

2304 1218 2680 1287 pectuscnlum
2709 1218 2856 1270 enim
2886 1215 3159 1279 elationis,
3195 1222 3250 1267 et
3279 1227 3502 1266 armum
3548 1208 3900 1279 separationis

2307 1311 2403 1365 tuli
2453 1326 2483 1365 a
2530 1310 2657 1365 ﬁliis
2703 1309 2891 1373 Israel,
2942 1323 3007 1363 ex
3058 1306 3253 1363 hostiis
3290 1318 3493 1360 eorum
3552 1300 3821 1371 paciﬁcis,
3858 1311 3899 1352 et

2304 1407 2428 1463 dedi
2458 1407 2642 1461 Aaron
2682 1403 2970 1467 sacerdoti,
3009 1418 3075 1457 ac
3116 1402 3241 1457 ﬁliis
3281 1401 3402 1471 ejus
3452 1398 3592 1467 lege
3630 1400 3896 1464 perpetua,

2305 1502 2373 1556 ab
2402 1502 2552 1555 omni
2584 1500 2786 1570 populo
2820 1496 3007 1551 Israel.
3049 1514 3067 1545 ι

2376 1592 2515 1647 Vere
2564 1592 2657 1661 qui
2715 1593 2888 1662 legem
2944 1588 3039 1642 Dei
3093 1586 3387 1643 meditatur
3448 1590 3637 1637 nocte
3694 1587 3751 1633 et
3805 1579 3894 1639 die,

2306 1687 2510 1757 lignum
2543 1694 2627 1738 est
2661 1684 2961 1754 plantatum
3009 1696 3169 1736 secus
3209 1679 3481 1733 decursus
3518 1688 3815 1742 aquarum,
3848 1684 3895 1721 ut

2305 1776 2392 1830 det
2430 1775 2668 1829 fructum
2708 1775 2764 1828 in
2799 1783 3043 1842 tempore
3074 1785 3173 1825 suo
3206 1767 3581 1824 meditatione
3628 1763 3895 1832 irrigatum

2305 1868 2472 1937 legis,
2515 1882 2638 1936 quae
2685 1875 2744 1919 ut
2798 1881 2907 1918 non
2960 1864 3124 1917 faciat
3166 1860 3484 1922 fastidium,
3538 1870 3651 1910 nec
3703 1854 3895 1908 deﬁciat

2308 1961 2514 2030 legens,
2569 1959 2744 2013 variat
2798 1958 3157 2019 sanctionem,
3204 1953 3541 2008 differenter
3602 1948 3676 2002 de
3726 1946 3895 1999 iisdem

2308 2050 2639 2121 praecipiens
2668 2050 2735 2102 ὀ.
2791 2048 2904 2102 Hoc
2954 2055 3136 2101 autem
3191 2045 3395 2099 divinat
3450 2051 3548 2097 est
3607 2039 3892 2109 sapientiae.

2309 2155 2431 2210 qua:
2476 2140 2532 2193 in
2578 2140 2726 2194 omni
2770 2140 2934 2193 etiam
2975 2136 3262 2207 disciplina
3297 2136 3401 2190 hoc
3434 2141 3735 2203 operatur.
3779 2130 3893 2184 Nam

2310 2246 2437 2288 ecce
2467 2241 2523 2286 et
2554 2232 2886 2286 medicinam
2920 2230 3170 2284 invenies
3207 2227 3382 2282 morbi
3418 2236 3708 2295 tempore,
3744 2221 3888 2275 multa

2310 2325 2692 2396 preferentem
2733 2322 3154 2385 medicamenta,
3187 2320 3362 2375 multo
3401 2319 3590 2389 magis
3628 2326 3681 2370 et
3716 2315 3769 2367 in
3805 2314 3893 2365 hoc

2309 2418 2455 2488 quod
2478 2418 2679 2471 animae
2705 2415 3010 2485 profectum
3033 2424 3089 2469 et
3113 2414 3398 2468 sanitatem
3421 2417 3681 2481 praestat.
3709 2406 3886 2472 Quam-

2311 2512 2502 2566 obrem
2530 2511 2789 2563 virtutem
2823 2508 2986 2578 hujus
3016 2506 3364 2561 intendamus
3397 2501 3737 2557 sanctionis.

2382 2604 2610 2657 Locutus
2658 2612 2732 2656 est
2777 2602 3035 2655 Dominus
3077 2599 3148 2651 ad
3179 2598 3388 2667 Moysen
3415 2598 3608 2649 dicens
3630 2610 3652 2647 :
3682 2592 3889 2657 Loquere

2312 2694 2437 2764 filiis
2472 2694 2662 2747 Israel.
2705 2692 2763 2746 In
2800 2708 2909 2761 quo
2950 2692 3070 2746 loco
3116 2689 3259 2744 LXX
3297 2689 3601 2743 ediderunt
3638 2704 3653 2737 :
3690 2683 3756 2738 Et
3783 2682 3888 2749 ﬁliis

2315 2786 2487 2842 Israel
2536 2787 2782 2857 loqueris,
2812 2787 3008 2839 dicens.
3039 2784 3161 2838 Non
3211 2797 3340 2854 ergo
3390 2781 3606 2835 frustra
3658 2777 3885 2847 superius

2314 2881 2567 2941 diximus,
2603 2880 2728 2949 quia
2775 2879 2843 2933 ad
2891 2878 3151 2949 populum
3202 2875 3444 2947 gentium
3514 2888 3583 2927 ea
3622 2886 3742 2941 qua:
3774 2880 3884 2922 tunc

2315 2967 2461 3022 dicta
2507 2968 2918 3037 sunt‘maxime
2972 2966 3357 3036 pertinebant,
3404 2965 3580 3033 hujus
3633 2961 3774 3015 enim
3823 2956 3883 3009 rei

2316 3059 2593 3129 lcgislator
2636 3074 2867 3123 memor,
2904 3075 3012 3112 non
3052 3057 3191 3112 dixit
3235 3073 3382 3112 nunc
3424 3055 3735 3111 secundum
3767 3049 3881 3103 LXX

2316 3152 2611 3206 editionem
2647 3169 2658 3203 :
2685 3149 2923 3220 Loquere
2948 3150 3075 3219 ﬁliis
3096 3150 3299 3212 Israel;
3325 3151 3441 3214 sed,
3470 3160 3519 3202 et
3547 3147 3676 3217 ﬁliis
3700 3143 3885 3197 Israel:

2320 3245 2424 3298 hoc
2449 3244 2766 3307 ostendens,
2800 3245 2925 3313 quia
2968 3258 3076 3297 non
3110 3242 3285 3296 solum
3328 3243 3428 3305 eis,
3473 3240 3576 3294 sed
3609 3247 3667 3292 et
3695 3235 3791 3289 illis
3817 3233 3881 3284 lo-

2320 3344 2538 3404 quatur,
2567 3336 2661 3404 qui
2709 3344 2839 3388 sunt
2882 3351 2945 3389 ex
2994 3335 3265 3406 gentibus,
3300 3332 3616 3387 communis
3653 3328 3788 3382 enim
3819 3326 3885 3377 eis

2321 3431 2437 3483 haec
2474 3437 2559 3482 est
2589 3429 2891 3482 secundum
2927 3427 3181 3497 spiritum
3211 3427 3316 3480 lex.
3342 3424 3485 3490 Quid
3514 3432 3697 3479 autem
3726 3417 3826 3472 ait?

2392 3519 2492 3584 Qui
2526 3520 2699 3589 oﬁ‘eret
2741 3520 3014 3573 victimam
3056 3518 3393 3587 paci/irarum
3432 3516 3685 3576 Domino,
3729 3510 3881 3578 offerat

2320 3610 2480 3663 simul
2529 3619 2577 3662 et
2624 3610 2966 3678 sacriﬁcium,
2990 3610 3047 3662 id
3084 3620 3180 3673 est,
3217 3619 3268 3661 et
3304 3607 3601 3660 libamenta
3632 3603 3757 3672 ejus.
3798 3598 3877 3649 Se-

2323 3703 2561 3758 cundum
2601 3701 2743 3756 LXX
2772 3712 2957 3756 autem
3002 3720 3015 3754 :
3047 3700 3275 3770 Offerens
3316 3698 3640 3766 sacri/icium
3679 3692 3879 3747 salutare

2324 3794 2581 3857 Domino,
2630 3795 2806 3863 o/j‘eret
2854 3810 3043 3848 munus
3089 3809 3245 3846 suum
3298 3791 3526 3844 Domino
3559 3791 3623 3843 de
3653 3782 3876 3851 sacriﬁcio

2322 3887 2551 3941 salutari
2576 3888 2710 3957 ejus.
2736 3887 2801 3941 Et
2819 3903 2982 3957 quam
3005 3887 3112 3941 hoc
3139 3885 3661 3956 interpretationem
3692 3880 3876 3934 habeat.

2325 3980 2643 4034 manifestat
2671 3981 2829 4050 plane
2859 3983 3004 4050 quod
3034 3980 3301 4050 sequitur.

2396 4071 2603 4125 Tenebit
2647 4073 2889 4125 manibus
2933 4074 3142 4142 adipem
3181 4072 3385 4126 hostia’.
3417 4069 3514 4124 Vel
3547 4070 3687 4124 sicut
3722 4062 3837 4119 LXX
3865 4077 3874 4109 :

2325 4160 2511 4213 Manus
2536 4160 2650 4228 ejus
2671 4162 2884 4230 oﬂ'erent
2900 4172 3020 4215 exta
3045 4162 3291 4225 Domino,
3317 4161 3372 4215 id
3391 4171 3495 4219 est,
3526 4160 3705 4229 ipsum
3719 4168 3873 4224 quent-

2327 4252 2471 4320 piam
2503 4262 2721 4321 oportet
2754 4268 2817 4307 ea
2852 4269 2973 4322 quae
3012 4254 3082 4308 ad
3118 4253 3366 4323 paciﬁca,
3400 4252 3487 4306 vel
3521 4252 3744 4305 salutem
3772 4258 3873 4313 per-

2329 4342 2504 4395 tinent
2550 4344 2789 4412 operari,
2835 4354 3022 4415 utpote
3076 4344 3170 4413 qui
3227 4342 3452 4398 alterius
3507 4342 3707 4402 studio,
3742 4332 3869 4388 amici

2326 4433 2504 4500 forte,
2546 4446 2640 4490 aut
2679 4439 2930 4508 cognati,
2980 4438 3177 4492 salvari
3231 4453 3339 4492 non
3392 4443 3598 4506 potest.
3639 4426 3871 4498 Quemad-

2327 4526 2551 4580 modum
2587 4527 2705 4583 htec
2739 4529 2999 4599 iniquitas
3031 4531 3205 4599 iniqui
3239 4545 3405 4599 super
3437 4543 3566 4582 eum
3596 4527 3713 4589 erit,
3745 4522 3810 4575 sic
3828 4528 3867 4569 ct

638 4615 862 4685 gislator
893 4616 1122 4687 judicat,
1153 4627 1208 4673 et
1250 4620 1453 4688 peribit
1506 4620 1686 4674 anima
1735 4621 1851 4676 haec
1893 4621 1961 4675 de
2008 4622 2223 4692 p0pulis
2258 4663 2301 4720 υ
2322 4617 2531 4687 justitia
2554 4620 2690 4689 justi
2717 4636 2885 4689 super
2911 4636 3037 4676 eum
3063 4620 3186 4677 erit.
3213 4619 3499 4684 Quomodo
3539 4628 3666 4673 ante
3690 4616 3862 4684 ορθηθι

638 4708 788 4774 suis,
838 4724 938 4780 pro
992 4725 1059 4765 eo
1108 4713 1253 4781 quod
1309 4713 1672 4768 intentionem
1725 4714 1918 4770 habuit
1964 4715 2222 4785 perdendi

620 4800 893 4871 proximi.
944 4802 1178 4873 Insuper
1220 4812 1277 4858 et
1321 4805 1426 4859 hoc
1470 4805 1716 4871 intende,
1762 4808 1855 4875 qui
1898 4822 1961 4862 ca
2002 4816 2123 4878 qua)
2160 4810 2228 4863 de

642 4892 933 4961 prohibitis
967 4895 1103 4950 cibis
1131 4904 1235 4960 est,
1270 4903 1325 4951 et
1357 4906 1505 4952 tactu
1533 4898 1964 4960 immundorum,
1993 4900 2228 4954 sanctio-

642 4997 769 5036 nem
813 4982 1099 5038 insinuans
1140 4985 1358 5050 animae,
1400 4986 1483 5040 lex
1520 4988 1856 5042 mentionem
1894 4989 2022 5043 facit
2057 5007 2069 5041 :
2102 4989 2227 5058 quia

644 5071 882 5126 maxime
927 5088 993 5127 ex
1037 5075 1294 5144 gentibus
1336 5075 1563 5144 populo,
1594 5078 1753 5146 cujus
1791 5092 1913 5133 esse
1956 5078 2228 5149 signiﬁca-

646 5166 851 5221 tionem
899 5167 1192 5221 animalem
1246 5168 1520 5223 hominem
1571 5169 2067 5230 manifestavimus,
2114 5186 2233 5225 mos

2329 4709 2561 4764 hostiam
2601 4711 2905 4765 celebrari?

2397 4802 2606 4856 Tenebit
2658 4804 2900 4857 manibus
2948 4805 3157 4872 adipem
3205 4804 3387 4858 hostire
3428 4812 3479 4856 et
3531 4794 3859 4870 pectusculum.

2326 4892 2423 4947 Vel
2469 4895 2771 4949 secundum
2812 4894 2953 4948 LXX
2985 4912 2997 4947 :
3030 4894 3218 4964 Offeret
3263 4896 3475 4963 adipem
3510 4895 3602 4963 qui
3643 4898 3711 4944 est
3745 4896 3865 4951 super

2326 4987 2704 5054 pectusculum,
2740 4996 2787 5040 et
2823 4990 3039 5055 pinnam
3068 4989 3284 5057 jecoris,
3316 4998 3363 5041 et
3395 4988 3573 5057 oﬂ‘cret
3604 5002 3681 5047 ea,
3715 4989 3762 5033 ut
3791 4978 3865 5027 im-

2328 5088 2555 5147 ponatur
2590 5079 2645 5132 iu
2679 5091 2957 5148 conspectu
2992 5080 3228 5134 Domini.
3262 5078 3645 5134 Pectusculum
3679 5066 3866 5142 appr“al

2331 5169 2494 5224 ﬁdem
2538 5180 2595 5226 et
2639 5172 3048 5235 conﬁdentiam,
3086 5173 3215 5241 quia
3258 5172 3375 5226 haec
3421 5166 3719 5225 fortitudini
3763 5172 3865 5215 con-

645 5264 731 5311 est
766 5258 1021 5345 omnibus
1061 5258 1244 5312 vetitis
1284 5257 1451 5327 pollui
1499 5258 1833 5324 actionibus,
1867 5276 1898 5313 a
1939 5260 2137 5329 quibus
2172 5260 2235 5312 il-
2330 5262 2519 5331 juncta
2568 5276 2715 5318 sunt.
2756 5264 3045 5319 Fortitudo
3094 5275 3277 5318 autem
3332 5263 3607 5327 animalis,
3647 5254 3866 5330 perfectos

646 5346 760 5401 lum
789 5350 1049 5402 recedere
1080 5346 1359 5416 praecepit.

724 5458 884 5515 Vsus.
916 5458 1107 5513 28-54.
1155 5478 1173 5510 ι
1205 5458 1445 5514 Locutus
1478 5471 1564 5516 est
1600 5460 1866 5518 Dominus
1910 5462 1979 5517 ad
2018 5438 2238 5533 Moysen

646 5554 835 5609 dicens
865 5570 879 5606 :
912 5551 1160 5621 Loquere
1188 5550 1315 5607 ﬁliis
1350 5551 1513 5608 Israel
1543 5572 1558 5608 :
1588 5553 1693 5621 Qui
1721 5555 1916 5611 oﬁ‘eret
1949 5556 2227 5610 victimam

650 5644 999 5713 paciﬁcorum
1048 5640 1300 5709 Domino,
1334 5642 1527 5712 oﬁ‘erat
1572 5648 1735 5701 simul
1787 5658 1842 5702 et
1879 5648 2229 5713 sacriﬁcium,

651 5734 702 5789 id
743 5742 828 5787 est
855 5740 910 5787 et
942 5731 1237 5787 libamenta
1280 5733 1419 5804 ejus,
1457 5737 1773 5808 tenebitque
1817 5738 2071 5793 manibus
2112 5737 2233 5791 adi-

2335 5355 2624 5425 designare
2668 5357 2826 5419 solet,
2859 5373 2984 5410 nam
3022 5367 3076 5411 et
3116 5356 3383 5412 Dominus
3412 5355 3479 5409 ad
3512 5354 3615 5409 Job
3641 5354 3705 5407 ita
3731 5339 3863 5411 ιοίιυί-

2342 5457 2448 5502 tur.
2492 5447 2745 5518 Nunquid
2791 5449 3043 5518 pra'bebis
3088 5466 3218 5518 equo
3259 5447 3643 5519 fortitudinem,
3674 5447 3755 5494 aut
3788 5432 3865 5519 cit:-

2337 5542 2606 5596 cumdabis
2633 5517 2638 5518 ί
2666 5517 2799 5596 collo
2856 5543 2970 5611 ejus
3013 5517 3276 5595 hinnitum
3304 5540 3372 5592 ⁸³.
3427 5536 3722 5593 Secundum
3753 5517 3860 5579 LXX

2342 5643 2522 5689 autem
2562 5634 2715 5689 addit
2746 5654 2760 5690 ξ
2794 5634 3228 5704 Circumposuisti
3271 5642 3448 5686 autem
3477 5631 3525 5683 ei
3555 5642 3695 5682 omne
3725 5628 3863 5704 armos

2342 5749 2459 5786 rum
2486 5748 2666 5803 genus,
2697 5732 2867 5803 gloria
2897 5742 3073 5784 autem
3104 5729 3326 5800 pectoris
3353 5725 3467 5795 ejus
3490 5721 3724 5779 audacia.
3745 5701 3859 5777 Qu0d

721 5931 989 5993 ⁸³1Ροιτ.
1035 5957 1088 6006 v,
1128 5939 1180 5994 8.
1258 5939 1300 5969 "'
1330 5937 1473 5994 I’sal.
1511 5955 1614 6007 est,
1678 5938 1762 5994 l0.
1838 5939 1883 5970 ⁹⁰
1909 5937 2047 5993 Psal.
2083 5937 2122 6005 Ι,
2177 5938 2209 5990 5

2321 5937 2351 5966 ἰ
2393 5934 2493 5991 Job
2517 5952 2702 6003 xxxnt,
2734 5936 2821 5993 l5).
