4046 6412
162 425 284 490 869

1322 426 1407 487 IN
1448 426 1891 489 LEVITICUM.
1930 451 1998 464 -
2035 428 2183 489 LIB.
2217 428 2301 488 II.

3341 421 3448 487 870

163 537 322 591 enim
352 532 633 605 praesumit
681 541 736 588 et
784 532 971 600 audet,
1004 549 1071 590 ex
1121 533 1443 590 fortitudine
1485 546 1542 590 et
1587 535 1760 591 conﬁ-
1792 557 1834 613 Α
1931 536 2000 590 Et
2035 538 2155 591 dedi
2181 537 2360 589 Aaron
2406 534 2668 589 sacerdoti
2698 543 2747 587 et
2776 533 2902 604 ﬁliis
2930 532 3067 602 eius.
3129 531 3444 588 Secundum

162 628 360 683 dentia
399 626 499 693 ﬁt;
550 626 679 695 quia
726 636 912 682 autem
959 643 1083 683 cum
1117 628 1186 682 de
1226 628 1494 683 sacriﬁcio
1533 627 1758 683 salutari

160 721 603 790 praeciperetur,
674 720 916 785 ventris,
966 730 1023 776 et
1066 736 1295 787 renum,
1337 730 1394 776 et
1443 722 1647 786 lumbi,
1704 731 1760 777 et

161 812 697 883 pinnaa,ethepatis,
745 823 802 870 et
833 815 1029 885 adipis,
1053 824 1110 869 et
1139 814 1405 870 fenuorum
1438 814 1758 870 memoriam

161 904 321 971 fecit,
350 906 537 961 omisit
583 916 766 962 autem
812 907 1213 977 pectusculum,
1249 908 1347 963 sed
1390 915 1447 963 et
1491 922 1705 963 armum
1742 924 1757 962 :

160 1000 384 1054 variare
432 999 710 1066 videlicet,
763 1000 906 1055 sicut
956 1000 1163 1056 dictum
1212 1011 1316 1065 est,
1358 1000 1759 1072 legislationcm

166 1090 389 1157 volens,
428 1100 484 1146 et
546 1100 762 1162 tempus
816 1092 922 1147 sibi
976 1107 1200 1148 servare
1248 1093 1316 1148 de
1364 1094 1567 1149 eisdem
1624 1094 1761 1164 ipsis

163 1180 494 1251 frequenter
548 1190 818 1253 praecepta
871 1182 1057 1238 dandi.
1107 1182 1248 1239 Ecce
1292 1184 1442 1239 enim
1479 1200 1628 1238 nunc
1672 1198 1758 1250 ea,

161 1291 293 1345 quae
322 1276 479 1346 prius
507 1291 617 1330 non
638 1270 804 1341 “dixit,
835 1277 1111 1347 exposuit.

240 1369 456 1424 Tenebit
504 1370 746 1424 manibus
793 1371 1002 1439 adipem
1047 1370 1254 1434 hostire,
1284 1378 1333 1423 et
1382 1369 1758 1439 pectusculum.

164 1458 270 1516 Vel
295 1463 437 1517 sicut
472 1460 613 1516 LXX
649 1480 662 1516 :
700 1463 923 1531 Adipem
952 1478 1110 1532 super
1138 1462 1518 1531 pectusculum,
1554 1471 1609 1516 et
1640 1461 1763 1531 pin-

168 1570 301 1610 nam
358 1555 574 1624 hepatis
631 1554 954 1625 praecipiens
1005 1552 1215 1609 oﬁ‘erri.
1270 1551 1376 1608 Per
1426 1553 1673 1623 pinnam,
1711 1561 1765 1606 et
1808 1572 1817 1575 Ἴ

166 1662 360 1712 renes,
388 1649 549 1703 etiam
578 1648 644 1703 ad
683 1647 915 1703 aliorum
943 1664 1065 1718 quas
1089 1649 1201 1719 jam
1236 1648 1381 1703 dicta
1410 1657 1560 1712 sunt,
1593 1649 1763 1703 semel

172 1741 499 1795 memoriam
540 1755 642 1795 nos
687 1740 978 1795 reducens.
1012 1739 1117 1795 Per
1147 1741 1523 1811 pectusculum
1555 1749 1759 1801 autem,

168 1831 334 1887 ﬁdem
365 1832 656 1903 designans
686 1842 741 1887 et
773 1831 1184 1897 conﬁdentiam,
1225 1850 1389 1904 quam
1423 1834 1615 1889 oﬂ‘erri
1651 1833 1762 1887 Do-

1860 629 2116 698 superius
2142 629 2396 683 videlicet
2422 628 2625 683 dictam
2655 626 2997 682 divisionem.
3034 626 3227 682 Totius
3256 635 3444 681 autem

1859 719 2028 790 hujus
2059 721 2299 775 mandati
2329 719 2678 775 confirmatio
2708 720 2981 789 sequitur.

1931 812 2066 883 Lege
2098 822 2349 881 perpetua
2371 822 2445 866 est
2465 829 2495 865 a
2522 812 2646 882 ﬁliis
2669 811 2862 867 Israel.
2886 812 3007 866 Non
3030 820 3114 866 est
3136 808 3280 865 enim
3310 817 3446 863 tem-
3522 864 3535 877 ,

1858 920 1983 975 pus,
2025 920 2134 974 quo
2182 920 2292 960 non
2346 905 2469 961 ﬁdei
2531 917 2587 959 et
2638 905 2869 959 actionis
2931 904 3261 959 oblationem
3316 916 3444 970 spe-

1859 996 2072 1052 cialiter
2099 997 2244 1052 Deus
2270 997 2337 1052 ab
2368 997 2451 1052 his
2487 997 2578 1067 qui
2603 997 2901 1060 salvantur,
2939 995 3198 1065 accipiat.
3246 993 3445 1047 Paulus

1860 1088 2066 1160 quippe
2118 1088 2196 1144 ait
2236 1104 2427 1144 omnes
2455 1089 2547 1159 qui
2600 1089 2895 1143 virtutibus
2932 1087 3229 1158 pollebant,
3276 1084 3445 1140 veluti

1860 1180 2016 1246 Abel,
2042 1180 2227 1234 Enoch
2258 1188 2315 1235 et
2336 1179 2448 1234 Noe
2471 1219 2486 1245 ,
2524 1187 2579 1234 et
2610 1194 2965 1249 quoscunque
2996 1193 3121 1233 cum
3151 1177 3257 1232 illis
3301 1190 3442 1231 con-

1862 1273 2195 1336 numeravit,
2224 1272 2407 1342 perﬁci
2436 1289 2535 1342 per
2564 1272 2724 1326 ﬁdem
2756 1273 2826 1325 ".

1940 1384 1958 1415 ι
2016 1364 2146 1420 Haac
2173 1373 2256 1419 est
2278 1364 2463 1419 unctio
2493 1365 2675 1419 Aaron
2699 1374 2754 1419 et
2780 1363 3011 1417 ﬁliorum
3043 1363 3162 1432 ejus
3193 1362 3246 1415 in
3275 1376 3443 1416 caere-

1864 1457 2061 1511 moniis
2101 1456 2340 1519 Domini,
2375 1456 2463 1510 die
2486 1472 2593 1525 qua
2616 1456 2816 1510 obtulit
2847 1470 2941 1510 eos
2968 1454 3174 1526 Moyses
3230 1461 3288 1507 ut
3353 1470 3443 1507 sa-

1863 1546 2104 1602 cerdotio
2127 1546 2502 1618 fungerentur,
2525 1555 2580 1601 et
2611 1562 2731 1616 qua:
2762 1546 3022 1615 praecepit
3063 1545 3175 1599 dari
3203 1544 3281 1599 eis
3335 1543 3443 1598 Do-

1864 1638 2047 1692 minus
2069 1654 2099 1691 a
2129 1636 2253 1692 ﬁliis
2279 1638 2437 1693 Israel
2466 1638 2725 1709 religione
2762 1646 3023 1707 perpetua
3046 1636 3097 1689 in
3135 1637 3445 1707 generatio-

1862 1728 2027 1783 nibus
2054 1727 2189 1782 suis.
2224 1747 2243 1779 ι

1934 1817 2009 1871 Ea
2034 1833 2155 1887 quae
2212 1819 2355 1874 dicta
2396 1827 2545 1880 sunt,
2596 1816 2851 1871 videntur
2914 1816 3318 1885 quodammodo
3372 1818 3442 1870 ad

168 1924 326 1978 mino
360 1925 493 1990 νυιι,
532 1925 601 1979 ab
643 1940 711 1979 eo
754 1924 846 1995 qui
894 1926 1089 1982 salvari
1139 1927 1436 1995 desiderat,
1473 1926 1601 1997 quia
1644 1928 1757 1981 sine
1788 1909 1829 1964 Β
1862 1908 2175 1964 unctionem
2234 1910 2577 1963 sacerdotum
2607 1910 2901 1979 pertinere,
2930 1908 3025 1962 sed
3057 1923 3166 1961 non
3194 1907 3248 1960 in
3301 1922 3441 1975 prai-

168 2014 273 2082 ﬁde
305 2014 629 2084 impossibile
658 2024 732 2070 est
764 2033 856 2070 nos
887 2016 1097 2087 placere
1125 2018 1235 2073 Deo
1263 2020 1332 2074 ".

240 2102 391 2170 Quid
418 2114 601 2160 autem
637 2106 723 2161 bis
761 2106 1004 2163 addidit?

244 2196 441 2249 Tradet
490 2196 773 2262 sacerdoti,
839 2199 929 2268 qui
968 2199 1197 2254 adolebit
1240 2201 1451 2270 adipem
1484 2218 1641 2271 super
1670 2202 1755 2256 al-

170 2296 290 2341 tare
309 2328 323 2341 .
353 2286 519 2342 Recte
557 2287 794 2345 diximus
832 2292 1003 2355 enim,
1032 2291 1162 2362 quia
1195 2307 1358 2350 omne
1385 2302 1633 2350 nostrum
1662 2294 1757 2351 de-

170 2380 438 2435 siderium
470 2380 849 2437 holocaustum
885 2381 1001 2438 ﬁeri
1031 2384 1169 2439 vult.

242 2471 617 2527 Pectusculum
664 2484 845 2529 autem
889 2478 987 2530 erit
1030 2477 1210 2531 Aaron
1260 2489 1309 2534 et
1356 2480 1587 2549 ﬁliorum
1618 2481 1752 2551 ejus.

167 2569 370 2619 Aratus
409 2582 611 2636 quoque
648 2567 831 2622 dexter
884 2569 948 2623 de
1004 2571 1345 2640 paciﬁcorum
1393 2572 1574 2627 hostiis
1612 2574 1756 2627 cadit

81 2673 94 2685 -
166 2654 225 2707 in
253 2656 507 2724 primitiis
536 2657 844 2713 sacerdotis.
875 2657 1075 2716 Armus
1108 2663 1299 2717 dexter
1327 2663 1571 2717 actiones
1598 2664 1756 2719 bonae

168 2754 325 2801 sunt.
375 2746 515 2819 Ergo
568 2758 624 2804 et
674 2750 857 2815 ﬁdem,
892 2760 947 2806 et
997 2753 1244 2808 actiones
1292 2754 1489 2810 oﬁ‘erre
1539 2765 1757 2825 oportet

167 2854 322 2904 eum,
357 2841 449 2910 qui
494 2841 691 2897 salvari
740 2845 877 2898 vult.
923 2842 1031 2899 Sed
1068 2845 1193 2915 quia
1224 2847 1599 2916 pectusculum
1630 2847 1755 2903 ﬁliis

171 2932 362 2986 Aaron
412 2933 711 3003 deputavit,
748 2937 840 3006 qui
890 2937 1154 2992 sublimes
1196 2939 1305 2993 vita
1354 2948 1501 3004 sunt,
1541 2955 1754 2994 armum

169 3031 361 3077 autem
416 3024 664 3078 dextrum
722 3027 1010 3092 sacerdoti,
1061 3030 1153 3097 qui
1210 3030 1501 3100 imaginem
1550 3029 1755 3085 Christi

169 3122 349 3178 tenet,
381 3125 600 3185 pr0pter
631 3116 779 3186 quod
816 3118 966 3173 solus
1010 3120 1264 3174 sacerdos
1294 3121 1397 3174 hoc
1428 3121 1752 3176 sacriﬁcium

168 3205 440 3275 perﬁcere
485 3215 682 3277 potest,
715 3210 900 3265 offerri
948 3221 1133 3281 aperte
1168 3212 1442 3282 legislator
1469 3215 1707 3268 ostendit
1738 3231 1752 3268 :

169 3296 302 3366 quia
337 3298 560 3352 credere
590 3299 833 3367 quidem,
868 3309 921 3355 et
968 3317 1271 3371 proponere
1311 3304 1472 3365 bona,
1504 3312 1755 3358 nostrum

168 3397 271 3451 est,
312 3385 427 3441 sive
461 3387 702 3456 incipere
745 3403 847 3455 ea;
879 3390 1138 3458 operibus
1165 3398 1347 3444 autem
1391 3389 1673 3459 perﬁcere,
1704 3398 1759 3444 et

168 3477 239 3532 ad
266 3477 433 3533 (hiem
465 3480 766 3549 perducere
792 3497 855 3535 ea
894 3497 1012 3550 quae
1044 3492 1219 3551 erepta
1249 3492 1398 3547 sunt,
1428 3483 1532 3537 hoc
1560 3483 1759 3538 divina:

169 3580 255 3627 est
282 3574 495 3645 gratiae.
533 3573 766 3644 Proliter
802 3577 946 3645 quod
981 3577 1122 3630 dixit
1149 3577 1350 3631 Paulus
1379 3596 1390 3631 :
1426 3576 1551 3631 Non
1576 3578 1755 3631 volen-

171 3664 260 3729 tis,
296 3682 466 3735 neque
504 3669 783 3732 currentis,
815 3669 905 3721 sed
934 3669 1224 3722 miserentis
1254 3678 1328 3723 est
1355 3668 1455 3723 Dei
1476 3670 1541 3721 9".
1573 3668 1757 3723 Solius

170 3755 322 3808 enim
369 3754 489 3825 ejus
534 3763 619 3809 est
661 3756 895 3826 dirigere
938 3756 1204 3810 actiones.
1254 3756 1481 3825 Propter
1524 3755 1669 3824 quod
1702 3764 1758 3809 et

170 3845 460 3900 brachium
507 3847 621 3917 ipse
669 3846 762 3901 Dei
814 3848 1153 3911 nominatur,
1205 3848 1281 3902 ait
1334 3849 1477 3901 enim
1534 3847 1697 3901 Isaias
1740 3862 1754 3899 :

177 3936 422 4002 Domine,
454 3938 570 4008 quis
621 3940 840 3992 credidit
893 3940 1100 3991 auditui
1151 3950 1349 4000 nostra,
1390 3949 1436 3991 et
1484 3938 1753 3991 brachium

176 4029 390 4083 Domini
434 4031 518 4082 cui
573 4030 861 4084 revelatum
891 4040 963 4084 est
996 4030 1071 4083 9"?
1119 4029 1185 4084 Ut
1228 4030 1321 4099 qui
1366 4044 1493 4099 ergo
1526 4029 1643 4099 ipse
1672 4037 1757 4082 est

170 4135 364 4175 verum
414 4120 723 4181 brachium.
771 4129 917 4175 recte
962 4130 1209 4175 nostrum
1255 4136 1489 4186 armum,
1532 4134 1649 4183 seu,
1698 4126 1758 4172 ut

170 4212 319 4266 LXX
349 4213 561 4278 dicunt,
593 4214 875 4268 brachium
908 4213 1134 4282 accepit.
1165 4212 1367 4267 Deinde
1398 4213 1754 4266 intentionem

168 4313 421 4357 nostram
454 4305 689 4358 dilatans
722 4303 1005 4375 legislator
1037 4304 1279 4359 subdidit
1314 4321 1329 4358 :
1372 4303 1473 4367 Qui
1511 4304 1779 4377 obtulerit'

169 4393 483 4462 sanguinem
522 4403 571 4446 et
613 4394 823 4461 adipem
866 4394 1099 4463 filiorum
1151 4395 1350 4457 Aaron,
1392 4395 1500 4463 ipse
1549 4394 1754 4447 habebit

170 4494 384 4535 armum
416 4482 657 4535 dextrum
684 4484 739 4536 in
767 4484 1006 4551 portione
1039 4499 1156 4536 sua.
1187 4481 1440 4537 Christus
1468 4492 1551 4537 est
1580 4481 1750 4545 enim,

1860 2001 2003 2056 senti
2056 2001 2124 2056 de
2184 2002 2289 2057 hac
2348 2001 2617 2056 disserere
2670 2001 2943 2073 legislator
3003 2007 3364 2071 proposuerat
3423 2014 3440 2051 :

1855 2109 2019 2163 quam
2080 2095 2225 2151 enim
2260 2110 2384 2150 cum
2428 2096 2684 2149 unctione
2730 2096 3073 2149 sacerdotum
3124 2093 3440 2149 societatem

1854 2186 2059 2241 habent
2095 2202 2157 2242 ea
2193 2202 2314 2256 quae
2346 2186 2601 2257 praedicta
2655 2194 2802 2251 sunt,
2834 2185 3137 2241 sacriﬁcia?
3177 2185 3288 2240 Sed
3348 2197 3441 2238 so-

1856 2280 2134 2334 lummodo
2167 2294 2359 2334 eorum
2409 2294 2530 2348 quae
2574 2278 2823 2348 superius
2871 2278 2939 2332 ab
2972 2293 3038 2332 eo
3091 2276 3236 2331 dicta
3287 2282 3438 2339 sunt,

1854 2375 1974 2430 vult
1998 2374 2287 2429 ostendere
2319 2373 2657 2445 dignitatem,
2687 2382 2742 2428 et
2773 2379 2935 2441 quem
2963 2372 3272 2442 profectum
3298 2385 3443 2441 pra:-

1854 2475 2001 2523 stent
2031 2465 2116 2520 his
2168 2465 2262 2534 qui
2300 2479 2364 2519 ea
2404 2464 2739 2519 custodiunt.
2772 2462 2929 2529 Quod
2980 2462 3126 2517 enim
3160 2461 3275 2515 ait:
3313 2460 3442 2515 Hazc

1856 2565 1936 2611 est
1970 2557 2145 2610 unctio
2180 2554 2362 2608 Aaron
2395 2563 2443 2607 et
2481 2553 2712 2622 ﬁliorum
2741 2555 2855 2623 ejus
2880 2554 2934 2606 in
2970 2552 3292 2606 cteremoniis
3329 2550 3441 2604 Do-

1854 2647 2006 2701 mini.
2036 2646 2119 2701 Ad
2140 2644 2417 2715 superiora
2442 2644 2553 2698 hoc
2591 2643 2845 2707 reddidit,
2869 2651 2929 2697 ut
2960 2653 3016 2696 tu
3058 2655 3440 2711 cognosceres.

1854 2737 1982 2801 quia
2015 2734 2331 2791 custodiens
2379 2747 2720 2802 quarcunque
2763 2732 2851 2787 lex
2879 2731 3130 2801 superius
3181 2730 3334 2792 dixit,
3374 2729 3447 2793 ad

1855 2827 2153 2882 sacerdotis
2182 2826 2395 2897 proﬁcit
2415 2827 2752 2899 dignitatem,
2794 2833 2849 2878 et
2872 2822 3141 2877 studendo
3167 2836 3230 2876 ea
3262 2821 3443 2876 valcas

1856 2919 2036 2990 regale
2060 2920 2447 2984 sacerdotium,
2472 2935 2604 2991 gens
2660 2925 2846 2973 sancta
2888 2915 3029 2970 dici:
3065 2914 3219 2968 aliter
3256 2923 3440 2968 autem

1858 3026 2230 3079 nequaquam.

1932 3101 2058 3156 Hazc
2085 3112 2160 3156 est
2192 3103 2330 3157 enim
2360 3101 2534 3155 unctio
2564 3101 2618 3153 in
2652 3098 2974 3154 cazremoniis
3005 3097 3240 3151 Domini.
3271 3095 3434 3151 Vide-

1858 3194 1988 3248 licet
2056 3210 2120 3249 ex
2177 3192 2673 3254 observationibus,
2722 3206 2844 3260 qua:
2887 3190 2940 3243 in
2982 3190 3259 3259 praedictis
3312 3196 3445 3244 sunt

1858 3286 2148 3355 descripta:
2176 3284 2473 3339 sacriﬁciis.
2496 3283 2719 3351 Propter
2747 3280 2890 3350 quod
2918 3280 3124 3334 addidit
3149 3298 3161 3333 :

1927 3376 1989 3430 In
2011 3378 2095 3429 die
2118 3393 2221 3445 qua
2253 3376 2435 3428 obtulit
2467 3390 2553 3427 eos
2587 3373 2804 3441 Moyses,
2837 3379 2894 3423 ut
2930 3371 3224 3423 sacerdotio
3256 3371 3443 3440 funge-

1857 3483 2039 3528 rentur
2098 3480 2147 3525 et
2196 3486 2312 3540 qua:
2356 3470 2600 3538 prwcepit
2657 3466 2777 3520 dari
2825 3467 2898 3518 eis
2952 3465 3263 3518 Dominusa
3313 3464 3442 3531 [iliis

1855 3565 2042 3622 Israel.
2076 3563 2215 3633 Ergo
2239 3563 2297 3616 in
2327 3562 2411 3615 his
2442 3560 2602 3615 nobis
2623 3558 2937 3613 unctionem
2964 3555 3135 3620 dedit,
3160 3565 3215 3609 et
3247 3555 3299 3607 in
3325 3554 3442 3608 istis

1856 3673 1955 3712 nos
1981 3655 2187 3711 vocavit
2230 3654 2392 3716 Deus,
2416 3652 2502 3707 die
2534 3665 2638 3720 qua
2672 3649 2871 3703 obtulit
2917 3662 3034 3701 eos.
3066 3645 3297 3711 Quando
3338 3661 3442 3699 au-

1856 3758 1965 3803 tem
1990 3746 2273 3811 hoc?Qua
2302 3744 2390 3798 die
2429 3743 2583 3797 unxit
2617 3756 2731 3805 eos,
2767 3751 2824 3794 ut
2876 3738 3180 3793 sacerdotio
3240 3737 3437 3807 funge-

1856 3848 2065 3903 rentur,
2099 3838 2153 3892 id
2183 3845 2265 3892 est
2318 3852 2423 3906 qua
2469 3836 2557 3889 die
2604 3835 2724 3888 illos
2754 3848 2820 3887 ex
2881 3832 3009 3886 ﬁliis
3056 3830 3222 3885 Israel
3259 3831 3438 3896 unxit,

1856 3946 1954 4001 per
1993 3930 2305 3985 unctionem
2372 3928 2577 3983 scilicet
2632 3941 2753 3996 quae
2801 3940 2949 3979 nunc
2992 3925 3135 3978 dicta
3190 3931 3295 3978 est.
3333 3924 3439 3986 Qui

1856 4025 2003 4079 enim
2067 4023 2354 4079 sublimius
2405 4021 2617 4082 vivunt,
2650 4034 2749 4071 seu
2809 4022 3229 4077 conversantur,
3295 4022 3442 4068 recte

1857 4116 2005 4171 omni
2037 4114 2449 4170 excellentiores
2484 4119 2613 4164 sunt
2645 4109 2866 4178 pupulo.
2892 4106 3045 4161 Unde
3072 4115 3128 4159 et
3150 4104 3313 4159 nimis
3344 4121 3443 4174 op-

1856 4215 2092 4278 mrtune
2145 4204 2417 4275 legislator
2463 4200 2744 4255 subdidit:
2781 4198 3050 4268 Religione
3098 4205 3347 4265 perpetua
3384 4196 3443 4249 in

1855 4298 2276 4371 generationibus
2296 4294 2492 4348 vestris.
2508 4291 2788 4358 Quatenus
2808 4300 2862 4345 tu
2876 4289 3065 4350 scires,
3093 4290 3219 4358 quia
3243 4288 3442 4343 incon-

1854 4408 2015 4446 cussa
2036 4392 2148 4444 haec
2165 4389 2308 4458 apud
2327 4388 2493 4441 Deum
2514 4384 2702 4455 religio
2731 4391 2833 4445 est,
2855 4392 2914 4436 ut
2939 4396 3118 4450 neque
3152 4380 3437 4450 dignitate,

1857 4498 2033 4552 neque
2048 4480 2336 4549 sapientia,
2366 4494 2543 4547 neque
2572 4475 2892 4545 cognatione
2930 4474 3225 4543 iustorum,
3262 4488 3441 4541 neque

171 4572 570 4644 intelligibilem
621 4576 940 4645 sanguinem
996 4575 1367 4645 paciﬁcorum,
1411 4583 1465 4627 et
1516 4574 1752 4642 adipem,
1785 4582 1829 4637 ι)
1860 4571 1961 4626 alia
1991 4571 2153 4625 simili
2176 4586 2243 4623 ex
2273 4585 2331 4622 re
2353 4568 2577 4637 populo,
2600 4566 2686 4619 vel
2718 4563 2962 4634 plurimis
2978 4563 3244 4616 excellere
3270 4562 3443 4630 possit

170 4665 430 4720 videlicet
470 4666 702 4735 animas,
739 4674 795 4722 et
827 4667 1095 4722 desideria
1123 4666 1443 4721 salutarium
1478 4666 1750 4730 oﬁ‘erens;

171 4757 263 4826 qui
298 4767 383 4811 est
418 4758 637 4827 quidem
667 4760 734 4814 de
768 4760 894 4814 ﬁliis
924 4761 1127 4827 Aaron,
1159 4776 1268 4814 non
1309 4768 1529 4829 propter
1556 4774 1756 4830 cogna-

173 4848 407 4912 tionem,
441 4851 538 4905 sed
570 4860 793 4922 propter
827 4852 1103 4923 propriam
1147 4852 1465 4924 dignitatem
1504 4852 1758 4907 sacerdos

174 4938 492 5008 singularis,
524 4949 578 4996 et
608 4942 662 4995 in
696 4944 952 4997 omnibus
982 4944 1291 5013 praecipuus
1321 4960 1335 4999 :
1370 4943 1421 4995 in
1472 4943 1591 5011 ejus
1632 4958 1757 5012 por-

176 5034 385 5089 tionem
412 5051 597 5091 armus
623 5037 829 5101 dexter,
860 5054 956 5092 seu
984 5038 1266 5092 brachium
1299 5038 1566 5102 dextrum,
1592 5038 1645 5092 id
1673 5046 1756 5091 est

174 5126 356 5180 omnis
389 5127 533 5183 bona
580 5129 722 5183 actio
751 5138 807 5183 et
839 5129 1019 5196 operis
1050 5129 1280 5185 eﬁ‘ectus
1324 5129 1538 5184 transit.
1581 5130 1746 5184 Reca-

172 5215 413 5285 pitulans
436 5230 618 5274 autem
647 5234 767 5288 qua:
793 5220 938 5274 dicta
967 5228 1111 5285 sunt,
1139 5220 1347 5275 addidit
1384 5237 1399 5273 :

243 5305 615 5362 Pectusculum
647 5309 785 5362 enim
814 5308 1055 5361 elationis
1092 5315 1215 5380 (seu
1243 5309 1543 5364 secundum
1588 5308 1750 5374 LXX,

173 5398 578 5466 propositionis)
628 5408 676 5451 et
730 5414 940 5450 armum
1004 5398 1354 5467 separationis
1406 5398 1502 5450 tuli
1533 5414 1565 5449 a
1628 5397 1753 5464 ﬁliis

176 5482 365 5551 Israel,
397 5488 461 5539 de
505 5488 685 5541 hostiis
738 5504 918 5541 eorum
979 5487 1233 5555 paciﬁcis.
1281 5486 1418 5553 Quia
1465 5486 1646 5550 ﬁdem,
1697 5498 1750 5540 et

177 5575 471 5641 actionem,
506 5578 834 5634 oblationem
888 5579 1179 5648 specialem
1233 5580 1300 5633 de
1350 5580 1592 5650 paciﬁcis
1652 5594 1749 5634 seu

178 5666 503 5723 salutaribus
541 5670 818 5726 sacriﬁciis
856 5671 988 5726 vult.
1021 5670 1249 5740 Pr0ptcr
1271 5672 1414 5741 quod
1431 5671 1604 5726 dixit:

249 5860 293 5891 ”
322 5859 487 5917 llebr.
522 5877 595 5929 xi,
628 5861 680 5916 6.
756 5863 801 5895 ”
830 5862 987 5919 Rom.
1019 5880 1091 5933 ix,
1158 5864 1238 5920 l6.
1314 5866 1369 5919 “.
1406 5864 1510 5921 lsa.
1538 5879 1690 5933 scin,
1726 5864 1775 5918 l.

1854 4666 1995 4736 quis,
2010 4665 2112 4719 nisi
2130 4680 2191 4719 ea
2209 4661 2687 4726 assecutusl‘uerit,
2711 4676 2830 4729 qum
2855 4659 2906 4712 i‘n
2930 4657 3442 4727 superioribussunt

1855 4767 2143 4828 praecepta.
2177 4754 2267 4810 Sic
2293 4755 2437 4809 enim
2463 4753 2729 4823 quispiam
2765 4758 2820 4805 et
2860 4748 3116 4809 sacerdos
3155 4748 3214 4800 ﬁt
3245 4762 3442 4799 secun-

1855 4848 1983 4902 dum
2017 4846 2400 4917 cognationem
2433 4842 2636 4898 Christi
2691 4842 2802 4896 veri
2840 4838 3158 4901 sacerdotis,
3192 4837 3283 4906 qui
3340 4837 3442 4890 im-

1854 4938 2178 4991 maculatum
2211 4944 2265 4989 et
2307 4934 2605 5004 perfectam
2657 4929 3049 4986 demonstravit
3088 4928 3272 4981 vitam.
3328 4925 3439 4981 Sed

1855 5028 1982 5098 quia
2022 5029 2337 5083 unctionem
2388 5042 2483 5096 per
2517 5040 2579 5079 ea
2609 5039 2729 5093 qua:
2767 5021 3019 5092 superius
3071 5020 3231 5090 plane
3294 5018 3441 5074 dicta

1855 5128 2005 5185 sunt,
2034 5118 2316 5181 intellexit,
2348 5132 2469 5186 quae
2499 5117 2909 5183 subsequuntur
2931 5112 3258 5182 approbant.

1924 5209 2089 5265 Vens.
2125 5212 2213 5275 57,
2238 5209 2326 5264 '58.
2367 5227 2385 5259 α
2417 5208 2492 5261 Ita
2527 5216 2611 5261 est
2648 5206 2731 5261 lex
2786 5203 3085 5258 holocausti
3142 5210 3197 5256 et
3234 5199 3440 5255 sacriﬁ-

1855 5300 1925 5356 cii
1958 5315 2058 5378 pro
2083 5308 2307 5370 peccato
2329 5307 2492 5367 atque
2532 5296 2751 5360 delicto,
2786 5302 2841 5348 et
2861 5308 2961 5364 pro
3003 5292 3437 5351 consecratione,
3486 5330 3505 5339 η

1854 5402 1911 5446 et
1940 5392 2291 5462 paciﬁcorum
2349 5388 2604 5453 victimis,
2632 5402 2767 5456 quas
2828 5386 3111 5440 constituit
3167 5385 3437 5438 Dominus

1854 5482 2021 5554 Moysi
2054 5482 2107 5536 iu
2131 5491 2315 5536 monte
2345 5478 2518 5546 Sinai,
2548 5478 2767 5549 quando
2791 5477 3068 5531 mandavit
3095 5476 3217 5529 ﬁliis
3249 5475 3436 5539 lsrael,

1857 5585 1915 5630 ut
1947 5576 2212 5651 olIerrent
2237 5575 2539 5631 oblationes
2591 5589 2717 5630 suas
2767 5573 2992 5628 Domino
3040 5569 3092 5625 in
3117 5568 3332 5624 deserto
3354 5563 3440 5619 Si-

1859 5685 1969 5723 llal.
2009 5688 2026 5720 ι

1872 5862 1919 5895 νδ
1950 5862 2117 5919 Hebr.
2162 5878 2238 5927 xt,
2300 5860 2326 5915 l
2375 5875 2527 5931 seqq.
