3946 6474
541 400 642 467 871

1737 394 2101 456 HESYCHII
2136 392 2612 455 PRESBYTERI
3700 388 3788 453 8τὲ

612 512 773 569 Vides
794 510 1117 567 diﬁ‘erentes
1137 508 1608 574 conversationes,
1637 523 1759 578 qua:
1780 507 2122 576 conjungunt
2149 513 2195 570 Α
2224 503 2589 560 inaestimabili
2606 501 2839 572 quadam
2894 498 3230 555 sublimitatc
3267 498 3496 554 excellit
3528 498 3670 556 Deus
3702 503 3790 558 ho-

535 606 650 662 Deo
665 604 780 659 sive
792 618 892 674 per
907 602 1211 674 perfectum
1232 602 1493 657 honorem
1510 618 1567 655 sa
1574 601 1792 671 pientire
1804 601 1894 669 qui
1913 614 2008 669 per
2021 599 2122 652 ho-

534 697 839 754 locaustum
861 696 1223 769 signiﬁcatur,
1238 694 1352 749 sive
1370 708 1467 763 per
1481 693 1808 748 mediocrem
1830 690 2120 760 justitiam,

447 850 461 863 ι
537 805 663 858 qua:
692 790 889 845 idonea
906 797 1197 856 estetqua:
1211 787 1277 841 ad
1297 787 1552 850 salutem,
1573 784 1853 855 pertinent
1882 781 2117 853 operari.

538 882 814 937 Sacriﬁcia
857 880 1004 935 enim
1034 880 1152 934 htec
1176 879 1525 949 paciﬁcorum
1550 877 1663 933 sive
1684 892 1781 947 per
1810 875 2122 930 holocausta

539 984 790 1045 agantur,
813 972 927 1028 sive
949 988 1046 1041 per
1068 970 1420 1037 oblationem,
1446 979 1593 1025 recte
1613 984 1732 1024 esse
1745 967 1917 1033 utilia,
1936 975 2124 1037 utpote

538 1067 855 1137 dignitatem
901 1063 1292 1119 sacerdotalem
1328 1062 1665 1133 praestantia,
1706 1061 1791 1114 lex
1814 1059 2121 1115 intellexit:

540 1167 596 1212 et
626 1167 909 1228 propterea
943 1158 999 1212 in
1059 1156 1149 1211 die
1182 1172 1289 1226 qua
1322 1154 1597 1210 unctionis
1642 1155 1814 1225 legem
1848 1151 2014 1226 Moysi
2069 1152 2124 1206 in

541 1261 727 1306 monte
756 1250 905 1305 Sinai
933 1251 1229 1316 mandavit,
1256 1253 1420 1305 etiam
1448 1264 1511 1304 ea
1547 1264 1668 1319 qua:
1702 1258 1830 1303 sunt
1862 1248 1929 1302 de
1955 1246 2125 1302 sacri-

545 1344 687 1398 ﬁciis
710 1343 971 1405 subdidit,
1003 1343 1273 1411 simulque
1303 1357 1365 1396 ea
1385 1341 1568 1396 omnia
1612 1341 1850 1395 breviter
1896 1355 2126 1394 enume-

540 1435 699 1499 ravit,
727 1442 782 1489 et
838 1434 1305 1489 commemoravit.
1372 1431 1507 1487 Nam
1561 1432 1706 1486 LXX
1757 1431 2122 1487 addiderunt:

541 1524 609 1577 Et
659 1526 1130 1578 consummationis
1162 1540 1181 1579 :
1232 1540 1357 1579 cum
1394 1524 1524 1578 illud
1581 1524 1637 1577 in
1673 1523 1964 1593 praeteritis
2016 1537 2123 1577 non

542 1612 883 1668 inveniamus
950 1614 1262 1684 specialiter
1297 1613 1481 1669 verbis
1524 1613 1847 1684 legislatoris
1900 1626 2125 1681 expres-

541 1721 660 1760 sum
692 1706 857 1760 etiam
902 1706 958 1759 in
1022 1706 1137 1777 ipsa
1165 1705 1305 1759 LXX
1341 1706 1602 1761 editione.
1638 1706 1744 1761 Sed
1788 1708 1917 1776 quia
1951 1705 2127 1760 simile

542 1796 866 1852 sacriﬁcium
899 1812 1002 1852 nec
1026 1812 1127 1867 pro
1158 1807 1406 1866 peccato,
1430 1813 1534 1853 nec
1554 1797 1881 1860 holocausti,
1913 1796 1998 1851 vel
2027 1796 2125 1849 de-

2219 597 2483 661 minibus,
2519 604 2575 649 et
2603 594 2798 665 gratia,
2835 593 3015 663 inqua
3042 592 3091 647 ei
3129 591 3643 655 communicamus;
3666 596 3790 662 quod

2221 689 2389 745 David
2408 688 2720 760 signiﬁcans
2734 687 2802 741 ad
2822 686 3110 741 Dominum
3128 686 3296 740 dixit:
3322 683 3492 739 Sedes
3514 694 3627 751 tua,
3652 685 3793 751 Deus,

2220 784 2278 838 in
2305 781 2557 837 saeculum
2585 780 2786 847 steculi,
2832 782 2981 849 virga
3030 789 3172 833 recta
3220 787 3316 843 est,
3343 780 3505 848 virga
3533 779 3675 847 regni
3707 779 3793 831 tui.

2221 879 2473 935 Dilexisti
2489 877 2782 947 justitiam,
2807 888 2854 930 et
2905 876 3064 928 odisti
3106 874 3471 944 iniquitatem,
3536 884 3792 941 propterea

2222 972 2373 1026 unxit
2411 981 2462 1025 te
2490 970 2631 1025 Deus
2655 969 2792 1023 Deus
2826 976 2947 1022 tuus
2976 967 3089 1020 oleo
3128 967 3348 1028 ltetitite,
3390 981 3508 1034 prm
3558 967 3797 1018 consorti-

2222 1065 2317 1119 bus
2343 1064 2445 1118 tuis
2462 1063 2532 1118 ⁸⁸.
2560 1062 2669 1117 Sed
2700 1061 2790 1133 qui
2815 1069 2943 1115 sunt
2970 1060 3091 1129 ejus
3131 1044 3476 1129 participes?
3495 1056 3607 1111 Nos
3631 1058 3796 1127 utique

2224 1156 2293 1213 de
2314 1156 2516 1227 quibus
2547 1156 2749 1211 dictum
2773 1164 2857 1210 est
2890 1173 2902 1208 :
2940 1153 3235 1222 Participes
3274 1152 3420 1205 enim
3452 1149 3654 1206 Christi
3685 1152 3798 1219 facti

2222 1267 2425 1314 sumus,
2447 1251 2492 1304 si
2520 1260 2697 1303 tanton
2740 1249 2950 1301 initium
2990 1246 3299 1299 substantia:
3361 1244 3486 1313 ejus
3538 1260 3696 1311 usque
3738 1246 3797 1295 ad

2223 1341 2380 1410 ﬁnem
2432 1341 2643 1409 ﬁrmam
2690 1340 3010 1393 retineamus
3038 1339 3104 1391 θ’.
3137 1336 3329 1392 Cernis
3351 1345 3567 1399 tamen,
3627 1349 3793 1402 quem~

2226 1431 2520 1487 admodum
2599 1430 2873 1500 przecipue
2947 1428 3333 1482 exsultationis
3403 1427 3558 1490 oleo,
3621 1424 3673 1478 id
3717 1434 3789 1478 est

2225 1526 2442 1596 spiritu,
2474 1540 2583 1595 pra:
2620 1523 2977 1594 participibus
3069 1521 3256 1590 utique
3306 1519 3495 1583 nobis,
3555 1518 3695 1571 sicut
3734 1519 3799 1572 ait

2229 1617 2539 1681 Psalmista,
2570 1616 2813 1687 ungitur,
2871 1616 2987 1686 ipse
3041 1612 3316 1683 siquidem
3350 1610 3793 1673 substantialiter,

2228 1726 2330 1764 nos
2352 1724 2482 1764 vero
2515 1708 2834 1779 operatione
2863 1710 3002 1778 ejus,
3062 1716 3117 1761 et
3141 1707 3331 1777 gratia.
3374 1705 3678 1775 Propterea
3716 1720 3797 1756 un-

2229 1811 2431 1872 guntur
2446 1801 2666 1871 quidem
2694 1802 2857 1855 simul
2885 1815 3007 1855 cum
3047 1801 3229 1855 Aaron
3270 1799 3367 1853 ﬁlii
3395 1800 3543 1868 ejus,
3568 1800 3662 1853 sed
3702 1814 3791 1851 non

542 1889 677 1952 licti,
707 1905 811 1944 nec
839 1890 1092 1944 sacriﬁcii
1114 1900 1200 1946 est
1224 1892 1501 1957 salutaris,
1534 1902 1593 1946 ut
1615 1908 1724 1948 non
1758 1892 1994 1963 Speciem
2040 1906 2127 1945 sa-
2160 1885 2200 1939 Β
2232 1892 2356 1946 talia
2380 1894 2433 1946 in
2459 1892 2561 1957 eis,
2595 1892 2773 1961 qualia
2800 1901 2853 1946 et
2877 1893 2930 1945 iu
2954 1890 3186 1946 Aaronis
3229 1891 3499 1944 unctione
3559 1897 3792 1959 aguntur,

541 1980 730 2036 criﬁcii
757 1982 919 2051 hujus
939 1992 1033 2036 aut
1061 1999 1261 2038 nomen
1317 1983 1713 2055 ignoraremus,
1740 1984 1795 2037 in
1848 1985 1952 2038 hoc
2004 1983 2126 2037 loco

543 2071 866 2126 sacriﬁcium
895 2073 1025 2127 illud
1081 2075 1571 2130 consummationis
1630 2075 1941 2145 appellavit,
1993 2074 2125 2128 illud

543 2172 599 2219 te
635 2165 827 2220 volens
859 2164 1184 2237 intelligere,
1206 2168 1364 2238 cujus
1386 2169 1803 2238 appellationem
1844 2168 2121 2223 omiserat.

543 2254 685 2320 Quid
715 2266 899 2311 autem
930 2258 1200 2330 theologia
1231 2259 1530 2328 perfectius
1551 2261 1673 2315 est?
1703 2275 1869 2330 quam
1924 2260 2127 2314 sacriﬁ-

543 2348 690 2402 cium
744 2349 938 2404 similze
959 2366 1086 2405 cum
1111 2352 1234 2406 oleo
1260 2361 1315 2406 et
1336 2352 1495 2406 thure
1529 2353 1790 2417 oblatum,
1820 2352 2127 2424 signiﬁcare

541 2440 799 2496 diximus.
832 2441 941 2497 Sed
971 2444 1064 2497 ubi
1096 2444 1211 2499 haec
1243 2445 1536 2499 constituta
1588 2444 1773 2499 dixit?
1800 2445 1857 2498 In
1907 2445 2126 2499 deserto

545 2532 717 2588 Sinai.
744 2531 895 2587 Sinai
934 2542 1141 2599 autem,
1176 2534 1338 2587 rubus
1367 2534 1453 2589 vel
1493 2536 1742 2597 tentatio,
1799 2534 2127 2603 interpreta-

545 2634 650 2681 tur.
678 2625 882 2681 Similis
904 2634 989 2681 est
1013 2635 1195 2682 autem
1224 2627 1360 2682 rubo
1385 2628 1635 2693 tentatio,
1667 2641 1918 2696 asperum
1964 2627 2126 2696 quip-

542 2718 927 2790 pevirgultum
959 2727 1064 2785 est,
1103 2728 1159 2774 et
1183 2720 1327 2790 quod
1384 2718 1599 2774 difﬁcile
1650 2734 1814 2773 manu
1874 2732 2124 2788 compre-

544 2812 805 2866 henditur
842 2829 856 2865 :
889 2811 1224 2883 signiﬁcatur
1248 2822 1431 2868 autem
1457 2828 1556 2883 per
1582 2813 1749 2875 hunc,
1788 2810 1915 2881 quia
1931 2825 2125 2879 quem—

543 2901 838 2957 admodum
893 2917 1085 2957 eorum
1132 2905 1223 2972 qui
1259 2904 1314 2957 in
1359 2918 1533 2973 agone
1559 2902 1898 2957 contendunt
1921 2916 2124 2957 corona

545 2992 599 3045 in
635 2994 836 3047 sudore
857 3001 913 3047 et
937 2994 1121 3048 labore
1143 3002 1243 3057 est,
1277 2996 1355 3048 sic
1385 3003 1440 3047 et
1464 3009 1662 3048 corona
1714 2995 1870 3048 bonae
1896 2994 2022 3048 vita:
2069 2994 2121 3048 iu

546 3083 938 3138 tentationibus
958 3093 1013 3138 et
1046 3082 1486 3138 tribulationibus
1507 3093 1937 3147 consummatur,
1966 3093 2027 3137 ut
2069 3094 2125 3138 et

2227 1985 2369 2040 sicut
2398 1985 2749 2039 manifestam
2779 1984 3082 2055 sequentia.
3113 1984 3219 2038 Sed
3242 1984 3409 2038 etiam
3442 1984 3500 2035 in
3526 1983 3631 2037 hoc
3659 1997 3793 2036 tuens

2228 2073 2281 2127 in
2308 2074 2563 2143 praesenti
2584 2072 2797 2143 ﬁgenda
2830 2082 2934 2136 est,
2985 2072 3131 2141 quod
3185 2086 3295 2125 non
3331 2070 3543 2124 frustra
3588 2070 3695 2123 haec
3745 2070 3791 2121 in

2225 2165 2503 2221 Christum
2527 2167 2861 2237 accipiamus
2893 2183 2906 2219 :
2937 2166 3119 2221 sciens
3170 2165 3318 2220 enim
3356 2163 3667 2219 Ecclesiam
3712 2162 3793 2215 de-

2226 2273 2350 2312 cere
2382 2258 2498 2312 hzec
2532 2256 2804 2329 legislator
2822 2257 3096 2328 mysteria,
3122 2255 3413 2310 convocari
3448 2269 3666 2307 omnem
3695 2268 3791 2306 cu:-

2230 2355 2363 2410 Ium,
2408 2346 2525 2401 sive
2554 2361 2879 2418 synagogam
2917 2345 3197 2416 pracepit,
3233 2345 3285 2399 id
3315 2356 3401 2399 est
3427 2344 3581 2414 quod
3639 2342 3791 2397 (ἕτερςὶ

2226 2439 2417 2494 dicunt
2442 2437 2741 2509 ἐκκλησίας
2779 2438 2845 2493 ad
2862 2438 3086 2508 januam
3110 2436 3449 2493 tabernaculi
3491 2434 3789 2489 testimonii.

2226 2529 2360 2597 Quae
2386 2531 2669 2602 Synagoga
2704 2545 2815 2585 non
2867 2539 3051 2601 potest
3107 2530 3267 2585 aliter
3304 2529 3373 2584 ad
3441 2529 3590 2583 hanc
3637 2526 3790 2594 legem

2228 2624 2678 2678 communionem
2734 2623 2955 2688 habere,
2996 2622 3103 2677 nisi
3153 2623 3220 2677 ad
3261 2619 3569 2676 Ecclesiam
3612 2632 3791 2672 convc-

2226 2714 2360 2779 niat,
2425 2716 2569 2785 apud
2624 2730 2787 2786 quam
2832 2715 3026 2770 harum
3082 2713 3379 2787 ﬁgurarum
3408 2714 3621 2770 veritas
3672 2725 3789 2764 con-

2226 2817 2491 2862 servatur.

2300 2900 2461 2955 Vsus.
2492 2900 2608 2956 4-9.
2656 2919 2675 2953 ι
2705 2898 2857 2956 Fecit
2881 2900 3113 2971 Moyses,
3148 2908 3211 2954 ut
3259 2896 3531 2953 Dominus
3575 2895 3785 2965 impera-

2227 3001 2402 3055 verat,
2438 3002 2874 3065 congregataque
2904 2993 3057 3047 onmi
3099 2991 3271 3045 turba.
3306 3000 3436 3045 ante
3482 2990 3644 3053 fores,
3675 2986 3781 3039 ait:

2226 3085 2336 3141 Iste
2370 3093 2455 3139 est
2481 3100 2664 3139 sermo
2692 3099 2854 3154 quem
2902 3082 3071 3152 jussit
3113 3082 3375 3137 Dominus
3408 3081 3552 3137 ﬁeri.
3587 3081 3786 3133 Statim-

546 3171 748 3229 Paulus
773 3173 990 3229 dicebat
1021 3190 1037 3228 :
1074 3172 1264 3228 Omnes
1287 3175 1374 3243 qui
1395 3173 1572 3227 volunt
1607 3175 1775 3227 vivere
1806 3175 1860 3227 in
1918 3174 2124 3229 Christo
2155 3219 2197 3275 Ο
2228 3193 2334 3248 que
2360 3176 2557 3231 obtulit
2579 3177 2759 3229 Aaron
2807 3184 2864 3230 et
2911 3175 3051 3231 ﬁlios
3102 3175 3242 3245 ejus,
3293 3190 3533 3244 cumque
3589 3171 3784 3227 lavisset

542 3266 687 3329 Jesu,
743 3267 1155 3337 persecutionem
1207 3267 1475 3335 patientur
1506 3268 1575 3320 ".
1622 3264 1854 3321 Maxime
1908 3267 1952 3322 si
1998 3283 2125 3323 suas

543 3360 849 3414 oblationes
899 3360 1163 3425 Domino,
1215 3358 1299 3414 vel
1358 3358 1498 3414 sicut
1540 3359 1681 3415 LXX
1711 3361 2021 3424 ediderunt,
2075 3361 2130 3413 in

544 3462 819 3520 conspectu
844 3451 1054 3505 Domini
1108 3452 1354 3519 olferant.
1398 3452 1743 3508 Manifestum
1811 3461 1896 3507 est
1943 3462 2125 3506 autem

543 3543 671 3611 quia
694 3544 785 3613 qui
818 3544 1075 3597 mundam
1104 3543 1391 3612 justitiam,
1433 3553 1488 3598 et
1509 3559 1631 3614 quae
1664 3545 1857 3614 placita
1883 3554 1967 3599 est
1996 3543 2125 3608 Deo,

543 3631 773 3700 adeptus
792 3630 978 3696 fuerit,
1009 3632 1098 3686 hic
1135 3639 1191 3687 et
1236 3633 1562 3688 tentationes
1589 3635 1810 3703 patitur,
1847 3647 1903 3689 et
1953 3635 2128 3689 tribu-

546 3719 795 3776 lationes.
815 3720 1001 3790 Neque
1020 3722 1166 3776 enim
1192 3722 1556 3794 intelligibiles
1584 3724 1787 3780 inimici
1811 3725 2124 3795 quiescunt,

545 3830 649 3870 nec
680 3817 1009 3872 tentationes
1034 3818 1185 3887 justo
1236 3818 1455 3883 desunt,
1479 3820 1609 3890 quia
1664 3821 1998 3875 abominatio
2044 3829 2129 3876 est

546 3909 926 3977 peccatoribus
964 3910 1158 3980 pietas.
1186 3909 1374 3965 Finem
1423 3922 1607 3967 autem
1664 3912 2026 3968 tentatiouum
2073 3922 2129 3967 et

549 3998 980 4065 tribulationum,
1010 4000 1248 4057 Jacobus
1274 4002 1434 4056 nobis
1454 4003 1786 4058 sutlicienter
1833 4003 2123 4073 exposuit:

546 4088 740 4143 Beatus
765 4092 845 4145 uir
863 4093 953 4162 qui
981 4093 1159 4162 suffert
1203 4095 1566 4158 tentatiouem,
1592 4096 1741 4165 quia,
1779 4112 1895 4149 cum
1933 4096 2129 4164 proba-

548 4191 629 4236 tus
657 4185 837 4254 fuerit,
858 4186 1078 4254 accipiet
1095 4202 1341 4241 coronam
1369 4189 1509 4253 vitta,
1532 4205 1689 4259 quant
1718 4191 1959 4258 promisit
1987 4190 2128 4245 Deuo

546 4275 879 4346 diligentibus
915 4294 970 4331 se
999 4277 1064 4331 ".

1162 4369 1316 4426 CAP.
1341 4370 1484 4426 Vill.

612 4460 785 4516 \‘s‘ns.
821 4462 929 4517 1-5.
968 4482 987 4515 ι
1022 4461 1370 4533 Locutusque
1392 4472 1476 4518 est
1530 4462 1794 4517 Dominus
1814 4463 1883 4519 ad
1901 4463 2124 4536 Moysen

2230 3285 2347 3335 eos,
2378 3268 2597 3323 vestivit
2622 3267 2932 3338 pontiﬁcem
2984 3266 3247 3322 subucula
3293 3266 3461 3331 linea,
3523 3264 3783 3333 accingeris

2228 3382 2354 3420 eum
2400 3365 2643 3429 baltheo,
2674 3372 2732 3418 et
2786 3364 3021 3418 induens
3071 3363 3253 3417 tunica
3318 3360 3688 3433 hyacinthina,
3736 3365 3781 3409 et

2229 3458 2464 3527 desuper
2481 3456 2761 3511 humerale
2790 3455 3070 3525 imposuit,
3098 3456 3243 3525 quod
3256 3456 3571 3525 astringens
3595 3449 3781 3516 cingqu

2230 3549 2505 3618 coaptavit
2524 3548 2796 3613 rationali,
2828 3548 2884 3601 in
2937 3562 3047 3617 quo
3076 3547 3459 3603 eratdoctrina
3491 3554 3547 3601 et
3586 3543 3775 3598 veritas.

2229 3642 2422 3713 (lydari
2442 3656 2658 3711 quoque
2709 3641 2843 3695 texit
2875 3649 3060 3710 caput,
3112 3648 3170 3693 et
3197 3654 3364 3708 super
3424 3653 3549 3692 eam
3615 3644 3776 3691 contra

2231 3732 2468 3787 frontem
2499 3730 2682 3802 posuit
2720 3730 2983 3785 laminam
3034 3743 3281 3794 auream,
3343 3736 3705 3783 consecratam
3732 3724 3775 3774 in

2230 3823 2743 3885 sanctiﬁcationem,
2778 3822 2922 3878 sicut
2953 3821 3353 3893 praeceperatei
3384 3820 3664 3875 Dominus.
3700 3834 3717 3867 ι

2299 3917 2435 3983 Quia
2471 3917 2585 3972 haec
2607 3917 2676 3971 de
2709 3917 2906 3986 quibus
2967 3929 3150 3971 sermo
3193 3924 3280 3969 est
3325 3914 3523 3968 umbra
3580 3912 3693 3973 sint,
3734 3915 3775 3960 et

2229 4010 2413 4082 ﬁgurae
2440 4025 2630 4065 eorum
2662 4026 2783 4080 quas
2806 4010 2860 4064 in
2896 4008 3142 4066 Ecclesia
3178 4016 3431 4080 aguntur,
3460 4003 3775 4077 apertissime

2228 4103 2391 4158 etiam
2425 4103 2539 4172 ipsa
2569 4118 2689 4173 quae
2712 4118 2860 4158 nunc
2882 4102 3162 4173 proposita
3196 4110 3326 4155 sunt
3367 4108 3652 4155 testantur.

2300 4193 2444 4248 Fecit
2478 4192 2685 4263 Moyses
2716 4202 2774 4245 ut
2802 4192 3058 4246 Dominus
3102 4193 3477 4262 imperaverat,
3522 4202 3771 4258 congrega-

2227 4294 2384 4355 (aque
2410 4284 2553 4337 omni
2579 4284 2730 4337 turba
2769 4292 2893 4337 ante
2917 4285 3076 4355 fores,
3108 4283 3207 4337 ait.
3261 4281 3417 4349 Quod
3456 4280 3639 4337 Graeca
3689 4277 3774 4330 lin-

2226 4391 2330 4447 gua
2358 4376 2414 4430 in
2438 4374 2582 4429 LXX
2611 4375 2926 4445 expressius
2969 4374 3290 4428 translatum
3338 4383 3443 4437 est,
3486 4374 3539 4428 id
3578 4380 3670 4433 est,
3700 4370 3770 4420 ix-

2226 4469 2535 4540 κλησίασας
2561 4468 2660 4540 τὴν
2688 4469 3043 4538 Συναγωγήν.
3079 4468 3147 4522 Et
3197 4468 3553 4537 quamobrem
3588 4479 3683 4519 non
3702 4460 3771 4512 di-

541 4552 727 4609 dicens
759 4573 773 4607 :
809 4556 1005 4611 Tollite
1030 4554 1210 4610 Aaron
1241 4570 1365 4610 cum
1389 4555 1511 4610 ﬁliis
1542 4555 1679 4619 suis,
1726 4566 1905 4612 vestes
1935 4572 2124 4612 eorum
2158 4568 2203 4624 ι)
2228 4562 2322 4626 cit,
2362 4562 2579 4634 collegit
2604 4560 3091 4632 Congregationem
3150 4560 3263 4614 sive
3292 4558 3643 4631 Synagogam.
3693 4551 3767 4603 se"

541 4655 598 4700 et
627 4646 900 4702 unctionis
927 4648 1130 4714 oleum,
1158 4648 1389 4702 vitulum
1422 4662 1522 4718 pro
1550 4657 1796 4717 peccato,
1822 4648 1958 4703 duos
1982 4648 2125 4703 arie-

544 4745 647 4805 tes,
676 4740 974 4795 canistrum
1003 4753 1131 4794 cum
1160 4738 1389 4811 azymis,
1430 4748 1486 4793 et
1514 4738 1872 4810 congregabis
1904 4753 2123 4794 omnem

541 4844 741 4885 castum
768 4831 834 4885 ad
863 4832 1066 4885 ostium
1098 4831 1434 4885 tabernaculi
1489 4830 1809 4886 testimonii.
1849 4849 1869 4882 ι

612 4922 745 4987 Qum
771 4922 842 4977 sit
868 4924 951 4978 vis
983 4924 1390 4994 praedictorum,
1421 4932 1613 4994 aperte
1636 4932 1692 4978 et
1721 4932 2032 4993 opportune
2068 4923 2124 4979 in

546 5015 631 5069 his
650 5030 770 5083 quae
792 5024 1098 5085 sequuntur
1114 5017 1444 5080 ostenditur,
1460 5017 1677 5086 quando
1694 5016 1970 5087 legislator
1993 5017 2123 5071 sub-

545 5109 788 5163 intulerit
816 5124 879 5163 ea
909 5125 1030 5179 qua:
1073 5110 1129 5164 in
1172 5110 1254 5165 eis
1310 5120 1565 5180 aguntur.
1608 5108 1748 5175 Quid
1798 5119 1977 5164 autem
2011 5110 2127 5163 haec

543 5214 664 5267 quae
690 5215 837 5255 nunc
860 5201 1005 5256 dicta
1036 5210 1166 5255 sunt
1196 5202 1526 5273 signiﬁcent,
1556 5200 1661 5255 hoc
1683 5200 1777 5253 tibi
1806 5201 2123 5269 praecedens

542 5305 723 5347 sermo
747 5293 944 5358 tradet,
965 5294 1090 5364 quia
1121 5294 1330 5356 unctio,
1370 5292 1592 5347 Christo
1624 5301 1679 5345 et
1724 5291 1812 5345 his
1865 5292 1959 5362 qui
2009 5293 2128 5361 ejus

534 5380 670 5439 'sunt
720 5387 1027 5441 communis
1078 5397 1134 5441 θι
1166 5400 1274 5439 non
1333 5384 1640 5439 communis
1664 5394 1781 5439 est:
1811 5384 2123 5438 communis

539 5479 780 5549 quidem,
806 5480 930 5549 quia
966 5480 1213 5550 ejusdem
1250 5477 1525 5531 unctionis
1572 5486 1700 5531 sunt
1724 5472 1784 5531 et
1815 5476 1915 5547 ipsi
1948 5477 2121 5546 parti-

539 5574 711 5642 cipes.
738 5574 1094 5641 quamobrem
1154 5581 1211 5626 et
1243 5587 1344 5625 nos
1413 5572 1835 5642 participatione
1892 5571 2120 5634 Christi,

538 5664 834 5719 Christiani
877 5665 1153 5727 dicimur;
1198 5678 1309 5718 non
1373 5664 1685 5718 communis
1733 5673 1937 5729 autem,
1994 5665 2119 5733 quia

2230 4660 2554 4717 convocata,
2577 4651 2631 4707 id
2665 4660 2751 4706 est
2789 4650 3198 4722 ἐκκλησιάζειν,
3253 4650 3403 4703 omni
3431 4650 3608 4709 turba,
3643 4646 3685 4698 id
3704 4647 3769 4692 est

2228 4745 2511 4815 Synagoga
2536 4758 2631 4797 seu
2666 4742 3140 4814 Congregatione?
3186 4741 3324 4807 Quia
3392 4741 3579 4806 procul
3631 4734 3765 4791 dubio

2226 4844 2284 4893 et
2342 4851 2443 4907 per
2508 4836 2628 4890 hinc
2687 4834 3113 4904 innuitaliquid,
3149 4832 3482 4903 Synagogam
3521 4832 3652 4885 illam
3689 4840 3766 4892 ίῳ-

2225 4928 2456 4999 pellans,
2486 4928 2613 4999 quia
2634 4927 2738 4982 hoc
2770 4942 2970 4981 nomen
2999 4925 3276 4996 proprium
3302 4934 3478 4979 caatus
3506 4920 3763 4994 popttlian-

2226 5020 2453 5092 tiquitus
2496 5020 2622 5075 fuit.
2670 5019 2984 5074 Convocare
3023 5026 3241 5083 autem,
3291 5018 3341 5071 id
3374 5026 3479 5079 est,
3510 5010 3764 5083 ἐκκλησιῶ

2226 5110 2342 5177 ζειν
2367 5113 2648 5183 praecepit,
2682 5122 2742 5166 ut
2779 5126 3235 5182 cognosceremus
3286 5110 3446 5180 paulo
3486 5116 3604 5180 post
3647 5104 3762 5159 futu-

2226 5220 2343 5259 ram
2374 5204 2698 5266 Ecclesiam,
2748 5218 2870 5271 quae
2911 5203 3076 5274 hujus
3136 5202 3412 5256 invenitur
3456 5202 3624 5255 virtus
3668 5203 3762 5249 esse

2228 5295 2555 5350 sanctionis.
2588 5292 2941 5348 Manifestius
2964 5304 3145 5349 autem
3178 5292 3236 5346 ﬁt
3290 5308 3357 5347 ex
3405 5308 3473 5347 eo
3523 5288 3653 5361 quod
3694 5284 3757 5336 ιρι

2229 5387 2462 5456 Dei,qui
2504 5387 2671 5441 Israel
2716 5386 2926 5449 eduxit,
2957 5386 3050 5455 qui
3102 5385 3374 5440 Abraham
3429 5383 3650 5445 vocavit,
3688 5370 3758 5442 qui

2230 5478 2412 5533 omnia
2450 5478 2575 5533 fecit
2598 5493 2719 5548 qum
2744 5494 2843 5549 per
2868 5476 3084 5547 Moysen
3113 5477 3437 5547 prophetam
3467 5476 3753 5531 scribuntur.

2230 5584 2293 5624 ea
2320 5585 2440 5640 quae
2477 5572 2704 5640 mystice
2738 5570 2794 5623 in
2844 5568 3084 5623 Ecclesia
3126 5577 3380 5638 aguntur,
3422 5578 3549 5620 ante
3601 5558 3756 5618 multas

2230 5661 2609 5733 generationes
2638 5660 2862 5731 Spiritus
2899 5659 2994 5716 Dci
3038 5660 3316 5731 praecepit.
3356 5658 3463 5715 Sed
3492 5666 3670 5713 etcum
3694 5660 3759 5702 se-

606 5865 848 5920 "ITim.
878 5882 957 5929 ιιι,
989 5866 1077 5919 12.
1149 5866 1193 5897 ⁸⁷
1223 5863 1337 5918 Jac.
1372 5879 1409 5930 ι,
1448 5863 1529 5917 l2.
1604 5864 1649 5897 9"
1674 5863 1814 5919 Psal.
1844 5880 1986 5929 κων,
2014 5865 2066 5930 7,
2099 5866 2124 5919 8

2228 5868 2254 5898 ν
2283 5866 2536 5934 Πειπλιι,
2576 5867 2661 5922 li.
