3946 6406
105 398 199 463 873

1244 388 1323 452 IN
1360 388 1799 455 LEVITICUM.
1833 415 1902 428 —
1940 390 2088 456 LIB.
2125 389 2209 454 Ιῐ.

3253 409 3360 480 871

104 514 328 571 cundum
367 508 534 575 LXX,
576 508 829 578 superius
870 506 1097 562 dixisset
1134 521 1146 558 :
1199 505 1442 561 Convoca
1473 508 1544 560 ad
1584 507 1678 575 λιι-
1710 543 1750 594 Α
1781 524 1900 561 eum
1927 507 2152 574 baltlieo,
2185 518 2234 563 et
2268 510 2487 567 indueus
2518 515 2722 571 tunica.
2774 518 2931 586 Quod
2960 520 3097 580 LXX
3125 536 3366 586 transtu-

105 624 225 665 ηεαδ
252 603 586 659 tabernaculi
614 601 917 664 testimonii,
941 600 1030 655 hic
1064 600 1168 655 ait:
1203 599 1515 655 Convocavit
1550 616 1674 653 con-

103 702 478 775 gregationem,
503 713 613 752 non
639 696 705 751 ad
728 695 945 766 ianuas,
977 694 1073 749 sed
1132 695 1203 747 ad
1228 693 1460 763 januam
1495 693 1677 746 taber-

102 794 269 849 naculi
300 790 596 846 testimonii
623 806 641 843 :
669 789 975 843 admonens
1009 801 1172 840 aures
1198 793 1415 840 nostras
1447 784 1675 838 eviden-

103 886 353 956 ter,quod
397 882 774 954 apostolorum
819 880 1106 945 doctrinae,
1130 894 1267 950 quas
1318 893 1442 933 esse
1479 878 1677 948 ianuas

103 976 430 1034 tabernaculi
475 973 777 1030 testimonii
831 972 1149 1044 praecedens
1188 986 1368 1026 sermo
1402 969 1672 1039 exposuit,

101 1083 149 1127 et
182 1069 383 1124 Christi
421 1066 691 1132 doctrina,
732 1075 862 1122 sunt
884 1065 1057 1136 ipsius
1109 1064 1310 1137 lingua:
1349 1063 1565 1130 infusae,
1619 1072 1677 1119 et

100 1180 158 1218 ex
173 1163 267 1217 his
304 1175 375 1215 ex
402 1160 609 1230 quibus
637 1161 752 1230 ipse
793 1158 1001 1213 docuit.
1043 1156 1515 1225 Quemadmodum
1547 1171 1676 1228 ergo

102 1257 229 1311 inter
249 1253 455 1307 multas
477 1253 695 1323 ianuas,
723 1260 777 1305 et
801 1266 963 1305 unam
1005 1250 1252 1320 ianuam,
1285 1250 1400 1304 sola
1428 1248 1546 1303 haec
1571 1248 1676 1304 dil-

100 1346 316 1403 ferentia
340 1354 453 1411 est,
478 1345 605 1415 quia
625 1344 728 1398 illae
746 1344 965 1414 quidem
984 1344 1169 1399 multa:
1186 1351 1332 1407 sunt,
1354 1342 1470 1397 hau:
1489 1348 1676 1395 autem

103 1454 194 1492 una
244 1444 351 1503 est,
460 1435 541 1491 sic
595 1434 968 1505 apostolorum
1030 1448 1315 1491 sermones
1369 1440 1427 1488 et
1467 1432 1676 1487 doctri-

102 1547 173 1584 nae
212 1528 354 1583 nihil
414 1545 449 1582 a
501 1526 708 1583 Christi
755 1527 1006 1583 doctrina
1048 1526 1498 1591 diﬁ'eruntaliud,
1566 1525 1674 1580 nisi

102 1624 209 1693 quia
247 1638 423 1676 unum
457 1621 804 1676 Dominicum
860 1622 1086 1676 verbum
1134 1629 1239 1685 est,
1272 1620 1341 1675 de
1382 1634 1491 1689 quo
1525 1616 1674 1672 Pau-

104 1718 174 1770 lus
192 1717 304 1769 ait:
345 1715 503 1769 Vivus
534 1724 609 1768 est
680 1715 821 1768 enim
878 1714 976 1768 Dei
1017 1700 1208 1776 sernt'o,
1260 1721 1309 1766 et
1366 1712 1567 1781 efﬁcax,
1628 1718 1677 1763 et

104 1809 291 1861 acutior
320 1809 469 1861 omni
520 1808 697 1877 gladio
749 1808 970 1875 ancipiti
1000 1808 1039 1859 ¹.
1094 1806 1161 1860 Et
1191 1806 1383 1859 Petrus
1417 1820 1541 1858 cum
1570 1818 1677 1858 ca:-

1781 598 1998 655 lerunt:
2040 598 2107 655 Et
2138 602 2309 657 induit
2345 621 2464 660 eum
2493 610 2752 678 tunicam,
2782 623 2830 667 et
2857 619 3130 683 prwcinxit
3152 638 3363 691 zonam,

1778 700 1826 745 et
1851 693 2055 747 vestivit
2085 693 2236 748 illum
2267 699 2575 769 hypodytin.
2610 701 2713 759 Hic
2739 707 3031 765 manifeste
3088 711 3367 785 Unigeniti

1777 785 2568 860 exsequiturincarnationem,
2600 797 2694 866 qui
2751 800 2878 869 quia
2913 812 3085 859 totum
3111 819 3363 867 nostrum

1778 876 2091 971 incarnatus
2109 888 2195 933 est
2228 880 2528 949 hominem,
2571 888 2810 944 tunicam
2882 892 3035 949 indui
3086 908 3142 953 et
3192 900 3367 971 hypo-

1776 968 1924 1038 dytin
1937 969 2155 1026 dicitur.
2175 971 2378 1042 Duplex
2396 978 2639 1032 estenim
2655 989 2843 1037 nostra
2863 986 3107 1041 conditio
3124 1009 3135 1043 :
3151 1001 3206 1045 et
3223 968 3367 1050 unus
3408 982 3421 993 ’
3468 1016 3475 1019 ·

1775 1061 1994 1130 quidem
2012 1064 2067 1117 in
2086 1064 2245 1120 nobis
2269 1075 2352 1122 est
2369 1067 2438 1123 de
2468 1072 2691 1138 pulvere
2719 1088 2734 1126 :
2768 1075 2905 1130 alter
2934 1080 3207 1151 cmlestis;
3265 1089 3364 1143 sed

1777 1162 1958 1210 tamen
1988 1170 2133 1210 unus
2167 1166 2416 1228 uterque.
2449 1160 2540 1216 Ait
2579 1163 2725 1218 enim
2788 1166 2997 1238 Moyses
3028 1188 3041 1224 :
3092 1173 3364 1234 Formavit

1778 1244 1915 1301 Deus
1938 1248 2199 1303 hominem
2222 1251 2425 1305 delimo
2453 1262 2643 1321 terrte;
2694 1257 2786 1313 hic
2816 1269 3055 1332 estergo
3090 1274 3358 1327 terrenus.

1777 1332 1845 1387 Et
1869 1335 2151 1406 insufflauit
2174 1341 2229 1393 in
2251 1342 2441 1411 faciem
2464 1343 2581 1413 ejus
2627 1348 2875 1416 spiritum
2937 1354 3129 1423 vitaz“;
3194 1376 3362 1430 aper-

1779 1427 1986 1484 tissime
2032 1431 2122 1485 hic
2145 1433 2384 1489 caelestis
2400 1445 2505 1491 est.
2541 1438 2609 1492 Et
2638 1441 2809 1510 factus
2849 1455 2925 1498 est
2964 1447 3117 1503 homo
3154 1452 3211 1505 in
3230 1427 3363 1509 'am'.

1781 1540 1921 1577 mam
1944 1525 2119 1580 vivam
2140 1528 2161 1558 °
2189 1541 2202 1578 :
2247 1543 2416 1582 unum
2447 1530 2594 1585 enim
2622 1533 2825 1589 animal
2872 1546 3121 1610 uterque.
3152 1543 3255 1609 Qui
3315 1546 3363 1603 si

1778 1617 1997 1686 quidem
2023 1633 2084 1674 se
2112 1621 2179 1673 ad
2211 1635 2498 1691 corporea,
2524 1633 2583 1679 et
2602 1626 2912 1697 voluptates
2938 1645 3362 1693 convertatcar‘

1780 1710 1932 1765 nales
1981 1726 1996 1763 :
2059 1720 2205 1767 totus
2227 1714 2394 1769 homo
2440 1724 2717 1785 terrenus,
2768 1723 2924 1791 quasi
2982 1727 3253 1783 exstincto
3306 1741 3364 1786 et

1779 1803 2039 1858 concluso
2059 1806 2269 1861 cmlesti
2292 1810 2732 1879 nuncupabitur;
2792 1814 2835 1868 si
2869 1825 3049 1871 autem
3074 1819 3218 1875 circa
3247 1824 3363 1878 sola

106 1902 220 1956 teris
244 1902 509 1972 apostolis
537 1901 655 1956 ait:
712 1900 834 1955 Non
893 1908 967 1955 est
999 1915 1208 1968 (equum
1240 1899 1539 1969 relinquere
1589 1912 1677 1951 vos
1712 1890 1753 1948 Β
1781 1910 2068 1951 versemur
2100 1899 2301 1954 anima;
2354 1901 2717 1970 proﬁcientia,
2782 1908 3257 1981 concedamusque
3308 1916 3363 1969 ei

104 1996 294 2048 verbum
319 1994 440 2056 Dei,
471 2004 520 2048 et
562 1995 870 2048 ministrare
908 1996 1098 2048 mensis
1126 1994 1168 2047 ².
1200 1991 1256 2045 In
1287 1992 1487 2046 multas
1522 1988 1669 2045 enim

104 2089 289 2160 linguas
337 2098 395 2143 et
423 2088 740 2145 dill‘erentes
788 2088 1021 2143 divisum
1088 2098 1191 2142 est.
1233 2085 1365 2151 Quae
1418 2100 1541 2139 cum
1593 2082 1675 2152 ia-

104 2196 207 2234 nue
252 2192 479 2250 propter
517 2181 924 2235 multitudinem
944 2180 1073 2245 sint,
1090 2180 1159 2235 ad
1199 2194 1368 2233 unum
1388 2178 1669 2233 introitum

106 2275 230 2337 vitae,
264 2275 318 2329 id
348 2274 656 2329 estChristi
708 2275 955 2344 ianuam,
1019 2274 1298 2329 deducunt
1341 2273 1666 2327 auditorem.

163 2366 593 2438 Congregataque
618 2370 760 2420 omni
792 2367 947 2420 turba
979 2379 1104 2421 ante
1126 2368 1264 2437 fores
1294 2367 1369 2419 ait
1395 2379 1411 2419 :
1436 2363 1536 2417 Hic
1594 2371 1670 2418 est

104 2475 272 2522 sermo,
304 2473 459 2529 quem
481 2457 645 2526 jussit
680 2455 937 2510 Dominus
979 2456 1119 2524 ﬁeri.
1148 2454 1282 2521 Quis
1303 2468 1487 2509 sermo
1541 2450 1632 2505 ille
1652 2489 1668 2514 ,

102 2550 278 2620 dequo
304 2550 519 2605 scilicet
558 2548 727 2602 David
760 2547 977 2603 dicebat
1007 2563 1020 2600 :
1081 2547 1342 2601 Dominus
1372 2546 1519 2599 dabit
1552 2560 1669 2600 ver-

105 2642 210 2695 bum
241 2641 721 2713 eoangelizantibus
772 2641 1016 2695 virtutem
1066 2642 1294 2696 multam
1326 2641 1387 2694 '?
1452 2639 1560 2695 Sed
1614 2648 1671 2695 et

106 2730 278 2788 Petrus
306 2733 525 2803 planius
550 2732 627 2787 ait
667 2749 682 2787 :
722 2730 837 2785 Hoc
866 2740 942 2785 est
969 2731 1181 2787 verbum
1214 2733 1353 2804 quod
1372 2733 1667 2791 annuntio-7

108 2836 203 2880 tum
226 2836 299 2881 est
328 2828 497 2881 vobis.
528 2827 890 2900 Evangelicus
928 2826 1197 2896 siquidem
1232 2840 1472 2895 praesens
1490 2840 1670 2880 sermo

107 2928 193 2983 est,
222 2920 345 2990 quia
370 2930 424 2975 et
459 2920 782 2991 Evangelica
814 2926 945 2975 sunt
971 2920 1040 2974 ab
1087 2934 1156 2974 eo
1190 2919 1516 2973 annuntiata
1551 2934 1669 2989 my-

108 3013 270 3075 steria,
291 3015 493 3083 quibus
523 3022 578 3069 et
598 3013 768 3082 gratia
791 3013 935 3067 inest
956 3012 1319 3082 baptismatis.
1368 3010 1671 3065 Consuevit

107 3105 232 3159 extim
261 3106 538 3179 legislator
558 3107 774 3177 quoties
815 3105 1311 3161 ecclesiasticorum
1368 3103 1671 3175 mysterio-

110 3214 211 3253 rum
236 3200 495 3255 describit
541 3200 851 3272 amigmata,
897 3201 1096 3255 talibus
1156 3199 1233 3253 uti
1296 3197 1666 3252 sermonibus.

1780 1991 2145 2063 principatum
2168 2010 2376 2066 gerere,
2405 2005 2461 2051 et
2486 1996 2756 2054 dominari
2812 2003 3049 2073 corpori,
3080 2016 3229 2063 recte
3250 2024 3363 2065 cm.

1780 2084 1930 2141 lestis
1977 2085 2197 2152 dicitur,
2258 2098 2445 2157 utpote
2514 2100 2733 2147 terreno
2806 2095 3074 2165 neglecto.
3132 2098 3363 2164 Quando

1777 2176 1949 2232 Adam
1980 2194 2077 2249 per
2106 2180 2529 2237 inobedientiam
2558 2184 2777 2248 cecidit,
2816 2188 3008 2256 procul
3036 2188 3205 2245 dubio
3257 2201 3366 2247 ter-

1778 2272 2189 2327 reuusell‘ectus
2228 2283 2332 2338 est,
2370 2283 2426 2331 et
2468 2284 2759 2345 propterea
2815 2280 3041 2336 audivit.
3089 2281 3251 2337 Terra
3283 2303 3361 2354 es,

1778 2374 1827 2420 et
1857 2366 1913 2421 in
1946 2376 2143 2423 terram
2178 2368 2277 2423 ibis
2300 2372 2319 2403 ⁹
2340 2374 2391 2437 ⁶;
2421 2371 2475 2426 id
2521 2380 2603 2427 est
2625 2372 2861 2427 dilexisti
2891 2374 3135 2443 corporis
3171 2391 3364 2432 (ξονι-ιιι

1779 2458 2046 2528 ptiouem,
2080 2461 2251 2517 habes
2288 2478 2505 2532 penam
2538 2474 2769 2534 peccato
2791 2473 2888 2520 tuo
2911 2467 3169 2522 similem.
3201 2469 3363 2524 Chri‘

1778 2559 1899 2607 stus
1920 2559 2105 2608 autem
2131 2554 2383 2610 induitur
2410 2557 2629 2627 quidem
2656 2566 2957 2622 terrenum,
2979 2559 3032 2614 id
3080 2568 3164 2615 est
3206 2562 3363 2619 illum

1777 2643 1869 2712 qui
1890 2644 1958 2699 de
1980 2653 2122 2700 terra
2150 2654 2234 2701 est
2260 2657 2500 2702 veterem
2526 2648 2828 2717 hominem,
2855 2666 3020 2720 quem
3049 2651 3214 2706 etiam
3281 2654 3365 2707 si-

1777 2734 1890 2789 mul
1922 2734 2092 2790 allixit
2110 2737 2281 2802 cruci,
2313 2737 2389 2792 ait
2413 2738 2613 2809 quippe
2643 2738 2876 2795 Paulus:
2924 2740 3061 2806 Quia
3086 2751 3232 2797 vetus
3269 2747 3366 2798 lio-

1778 2843 1864 2881 mo
1892 2838 2068 2882 noster
2085 2829 2248 2883 simul
2273 2830 2555 2900 cruciﬁxus
2611 2841 2707 2896 est,
2738 2843 2798 2887 ut
2832 2833 3138 2889 destruatur
3177 2853 3364 2908 corpus

1777 2922 1980 2989 peccati
2006 2921 2070 2975 “.
2112 2922 2342 2977 lndutus
2399 2933 2482 2978 est
2532 2932 2716 2980 autem
2748 2935 2804 2981 et
2842 2927 3142 2995 caelestem,
3199 2945 3365 3001 quem

1778 3012 1896 3083 ipse
1928 3013 2246 3069 insumavit.
2277 3014 2385 3069 Sed
2413 3015 2542 3085 quia
2572 3016 2709 3071 nihil
2766 3019 2877 3091 egit
2925 3027 3205 3076 terrenum
3248 3022 3363 3085 hic,

1778 3120 1881 3160 nec
1899 3104 2239 3176 corruptioni
2297 3107 2630 3176 proximum,
2671 3110 2862 3179 procul
2906 3111 3075 3166 dubio
3122 3113 3366 3170 ccelestis

1778 3193 2003 3261 dicitur;
2032 3195 2138 3250 hoc
2160 3193 2360 3250 Paulus
2383 3212 2666 3268 exponens
2715 3186 2849 3255 dicit
2885 3219 2899 3255 :
2950 3201 3165 3256 Primus
3208 3205 3367 3260 Iconio

107 3288 221 3345 Nam
239 3302 291 3348 et
327 3310 457 3349 cum
481 3294 549 3350 de
568 3261 763 3348 manna
788 3261 1076 3357 scriberet,
1107 3293 1253 3363 quod
1276 3292 1417 3363 gerit
1446 3290 1671 3362 ﬁgurant
1699 3261 1741 3318 θ
1780 3288 1844 3341 de
1871 3299 2015 3342 terra
2036 3296 2293 3355 terrenus,
2317 3261 2575 3345 secundus
2597 3292 2662 3345 de
2694 3292 2822 3346 mlo
2870 3294 3093 3349 cwlestis
3124 3297 3187 3361 “,
3214 3300 3366 3367 quod

110 3386 263 3453 panis,
297 3387 393 3457 qui
421 3386 490 3441 de
518 3388 658 3441 coelo
682 3387 986 3449 descendit,
1041 3386 1269 3440 verbum
1303 3384 1470 3438 etiam
1504 3382 1573 3436 de
1607 3395 1677 3435 eo

110 3474 261 3529 simile
288 3477 652 3546 prasentibus
679 3477 834 3545 ponit
872 3475 1105 3531 :dicens
1162 3475 1309 3529 enim
1371 3490 1384 3526 :
1436 3472 1536 3525 llic
1590 3478 1666 3524 est

109 3568 237 3645 panis
258 3586 414 3639 quem
441 3569 584 3621 dedit
615 3569 757 3623 vobis
821 3568 1076 3621 Dominus
1130 3567 1400 3620 comedere
1424 3564 1466 3629 ⁸,
1525 3563 1678 3619 illico

110 3662 317 3716 subdidit
343 3679 356 3715 :
380 3661 492 3714 lloc
507 3672 583 3715 est
608 3663 815 3715 verbum
844 3663 980 3732 quod
1005 3661 1208 3715 locutus
1231 3669 1306 3714 est
1355 3659 1607 3713 Dominus
1630 3657 1673 3710 ⁵.

112 3748 330 3823 Sedquid
346 3764 431 3808 est
442 3754 603 3808 etiam
623 3753 766 3823 quod
777 3770 923 3808 nunc
935 3753 1158 3822 exponit
1173 3753 1339 3807 Deum
1356 3750 1675 3822 praecipere.

168 3843 450 3915 Statimque
479 3846 665 3900 obtulit
697 3845 879 3901 Aaron
904 3857 951 3900 et
979 3846 1117 3914 ﬁlios
1151 3844 1291 3910 eius,
1351 3842 1677 3914 cumquela-

112 3938 239 3993 uisset
257 3958 362 3995 eos.
391 3940 705 4007 Quandois,
730 3939 822 4010 qui
848 3954 974 3995 vere
1003 3948 1088 3994 est
1113 3938 1393 4001 sacerdos,
1421 3936 1676 3992 Christus

113 4031 313 4088 offertur
342 4032 491 4087 Patri
529 4033 869 4087 :oblationis
892 4033 1037 4087 enim
1094 4032 1214 4101 eius
1262 4030 1427 4085 etiam
1487 4027 1676 4084 Daniel

114 4126 355 4189 meminit,
386 4141 514 4180 cum
545 4126 677 4180 dicit
710 4143 725 4179 :
764 4124 833 4178 Et
868 4141 981 4178 ecce
1007 4133 1062 4177 ut
1095 4121 1268 4177 Filius
1296 4122 1524 4176 hominis
1554 4137 1675 4174 cum

116 4216 303 4271 nubibus
325 4217 461 4281 mli,
485 4226 534 4271 et
562 4233 724 4286 usque
772 4216 843 4269 ad
879 4215 1143 4269 Vetustum
1177 4214 1383 4268 dierum
1414 4214 1673 4281 pervenit,

116 4314 155 4356 et
172 4307 361 4362 oblatus
396 4318 470 4362 est
499 4310 555 4360 in
588 4316 864 4375 compecto
888 4308 1001 4377 ejus
1032 4307 1074 4371 ⁸,
1108 4305 1279 4359 nostri
1304 4306 1493 4374 utique
1510 4319 1674 4359 causa

117 4406 161 4450 et
181 4400 475 4465 nobiscum,
509 4408 565 4453 et
594 4408 820 4469 propter
850 4413 951 4453 nos
1007 4397 1261 4452 olIertur.
1295 4396 1591 4466 Pmptcrea
1620 4404 1675 4450 et

118 4501 236 4544 nunc
270 4507 392 4545 eum
423 4507 548 4546 cum
579 4491 705 4545 ﬁliis
726 4491 841 4546 suis
891 4491 1026 4545 dicit
1077 4490 1343 4553 oblatum,
1399 4504 1524 4543 cum
1588 4488 1675 4542 his

119 4584 353 4655 videlicet,
407 4589 498 4658 qui
530 4588 851 4643 sublimiora
898 4588 1137 4657 sapiunt,
1170 4593 1226 4641 et
1256 4585 1349 4655 qui
1385 4585 1669 4638 imitantur
1702 4615 1746 4670 υ

118 4693 236 4743 eum,
262 4695 527 4750 quantum
560 4681 641 4735 las
671 4689 756 4735 est
786 4678 1123 4741 hominibus,
1164 4678 1307 4733 sicut
1336 4675 1539 4731 Paulus
1554 4676 1665 4729 ait:

120 4768 385 4828 lmitatores
446 4774 548 4827 mei
611 4783 795 4838 estote,
844 4774 976 4826 sicut
1018 4780 1068 4825 et
1111 4788 1203 4842 ego
1239 4769 1431 4826 Christi
1453 4771 1493 4826 ⁷.
1560 4768 1674 4822 Sed

118 4863 285 4921 oblatio
317 4868 437 4937 ipsa
472 4882 571 4936 per
597 4866 928 4935 baptismum
965 4866 1296 4930 celebratur,
1353 4863 1500 4934 quod
1550 4863 1626 4916 ait
1655 4879 1669 4915 :

171 4957 392 5030 Cumque
423 4960 636 5013 lavisset
661 4976 766 5014 eos.
797 4960 992 5014 Certus
1012 4975 1071 5013 es
1100 4968 1306 5020 autem,
1340 4958 1484 5027 quod
1509 4956 1672 5011 Chri-

117 5054 209 5102 stus
231 5051 293 5105 ad
326 5051 626 5105 sacrandus
647 5066 817 5120 aquas
860 5050 1206 5121 baptismatis
1236 5049 1435 5115 nostri,
1470 5050 1524 5103 in
1545 5049 1671 5104 Jor-

117 5138 225 5197 dane
258 5152 342 5198 est
390 5142 558 5198 ﬂuvio
589 5143 912 5213 baptizatus.
946 5142 1054 5198 Sed
1105 5144 1223 5198 hac
1249 5143 1471 5212 quidem
1518 5158 1671 5197 com-

115 5235 269 5290 munia
288 5246 420 5292 sunt
448 5237 632 5290 Aaron
665 5251 788 5290 cum
823 5235 946 5290 ﬁliis
962 5236 1104 5305 eius.
1147 5234 1368 5290 Christo
1416 5235 1673 5289 videlicet

118 5324 403 5393 nobiscum;
434 5327 727 5397 sequentia
795 5343 928 5382 vero
977 5342 1348 5397 nequaquam.
1385 5326 1672 5381 Excedunt

118 5418 284 5489 quippe
311 5436 435 5484 nos,
464 5429 629 5490 atque
661 5419 977 5474 sublimiora
1041 5420 1201 5474 nobis
1252 5430 1402 5483 sunt,
1457 5419 1670 5488 solique

117 5510 262 5575 primo
278 5530 342 5568 ac
363 5529 497 5568 vero
527 5514 793 5569 sacerdoti
822 5513 1207 5582 competentia.

173 5601 474 5675 Vestwitque
511 5605 812 5675 pontificem
874 5605 1129 5659 subucula
1180 5605 1342 5667 linea,
1391 5606 1671 5675 accingens

172 5785 365 5844 ‘Ilebr.
421 5805 497 5855 tv,
548 5788 639 5843 η.
750 5790 917 5846 ‘Act.
956 5791 1114 5854 v1.2.

284 5954 565 6016 ΡΑτιιοι..
599 5954 719 6016 Gn.
754 5955 978 6019 XCIII.

1231 5791 1251 5823 ³
1279 5791 1420 5847 Psal.
1450 5808 1575 5847 1.va
1606 5809 1645 5858 ι,
1684 5792 1770 5846 12.

119 5852 370 5931 'Philipp.
404 5852 501 5927 nr;
530 5861 619 5914 17.
689 5862 710 5891 ⁸
740 5861 877 5917 Gen.
908 5879 967 5917 ll.
999 5852 1049 5919 7.
1120 5865 1140 5895 ’
1176 5864 1309 5919 ibid.
1387 5865 1430 5896 θ’
1460 5862 1597 5919 Gen.
1633 5852 1714 5930 in,
1749 5865 1834 5921 19.

1779 3378 1995 3434 duobus
2035 3379 2212 3435 modis
2232 3379 2407 3451 accipi
2442 3390 2679 3452 oportet.
2736 3382 2951 3440 Primus
2989 3386 3137 3440 enim
3201 3390 3366 3446 homo

1778 3480 1987 3538 noster,
2038 3472 2094 3526 id
2133 3482 2220 3528 est
2252 3486 2473 3543 corpus,
2497 3488 2564 3530 ex
2603 3484 2748 3530 terra
2770 3475 3036 3533 formatus
3073 3489 3179 3546 est,
3232 3498 3365 3553 pro-

1778 3573 1901 3634 pter
1929 3563 2074 3633 quod
2120 3572 2375 3619 terrenus
2439 3564 2619 3620 dictus
2657 3578 2787 3621 est:
2857 3568 3039 3623 anima
3102 3587 3236 3626 vero
3295 3574 3366 3630 de

1778 3656 1938 3719 ccelo,
1958 3656 2053 3711 Dei
2083 3664 2167 3711 est
2196 3656 2343 3712 enim
2375 3654 2692 3714 insulilatio.
2726 3658 2939 3715 Rursus
2963 3662 3175 3731 primus
3196 3664 3365 3719 homo

1780 3748 2105 3803 inobediens
2135 3748 2308 3803 Adam
2331 3764 2397 3804 ex
2432 3756 2577 3805 terra
2616 3760 2893 3817 terrenus,
2927 3754 3053 3822 quia
3105 3757 3366 3825 operibus

1779 3838 2019 3907 pulveris
2036 3838 2394 3909 semetipsum
2422 3841 2728 3911 deputavit,
2763 3844 3039 3899 secundus
3065 3845 3229 3901 homo
3257 3864 3362 3904 no-

1776 3947 1899 3995 vus,
1931 3940 2016 3987 est
2038 3931 2310 3997 Christus,
2342 3922 2441 4002 qui»
2464 3933 2533 3989 de
2561 3935 2701 3990 caelo
2727 3945 2833 4001 est,
2864 3952 2974 3990 non
3026 3937 3204 3992 solum
3239 3940 3365 4008 quia

1776 4025 1844 4080 de
1875 4026 2016 4081 cmlo
2039 4025 2343 4092 descendit,
2377 4026 2474 4081 sed
2519 4027 2647 4093 quia
2678 4036 2733 4083 et
2759 4028 3079 4099 dignitatem
3124 4032 3367 4087 cmlestis

1780 4120 2043 4181 servavit,
2069 4119 2200 4175 dum
2232 4134 2335 4174 nec
2359 4128 2639 4174 terrenum
2702 4120 2907 4191 aliquid
2948 4133 3209 4192 operatus
3256 4127 3390 4186 est,’

1777 4227 1880 4266 nec
1906 4211 2247 4281 corruptioni
2287 4211 2622 4281 proximum.
2647 4213 2789 4284 Ergo
2808 4218 3044 4269 tunicam
3078 4216 3167 4271 hic
3188 4225 3365 4271 terre-

1776 4322 1908 4360 num
1940 4305 2211 4376 appellat;
2237 4305 2305 4362 de
2337 4305 2449 4359 lino
2491 4306 2663 4371 enim,
2696 4307 2842 4375 quod
2866 4317 2951 4363 est
2982 4322 3051 4362 ex
3085 4320 3250 4371 terra,
3275 4318 3363 4364 tu-

1776 4396 1897 4451 nica
1927 4395 2069 4451 tacta
2098 4404 2215 4461 est;
2244 4395 2321 4451 ait
2345 4396 2494 4450 enim
2527 4414 2542 4449 :
2574 4395 2642 4451 Et
2674 4398 2794 4469 fecit
2834 4399 2908 4452 eis
2930 4400 3135 4453 tunicas
3154 4399 3361 4466 lineas;

1779 4490 2093 4559 hypodytim
2120 4498 2303 4543 autem
2334 4490 2635 4554 caelestem,
2667 4491 2795 4559 quia
2826 4491 3116 4562 hypodytis
3145 4494 3364 4563 poderis

1778 4589 1883 4647 est,
1921 4573 2083 4635 simul
2119 4591 2300 4637 autem
2330 4591 2388 4637 et
2439 4582 2830 4653 hyacinthinus
2872 4593 2975 4638 est.
3036 4584 3138 4640 Hic
3178 4594 3363 4639 autem

1781 4673 1932 4728 color
1963 4673 2085 4728 caeli
2114 4682 2218 4739 est,
2246 4675 2393 4744 quod
2431 4690 2564 4729 vero
2598 4684 2682 4729 est
2741 4676 2890 4730 color
2940 4677 3083 4741 cmli,
3138 4679 3242 4733 hoc
3280 4688 3366 4733 est

1780 4766 1921 4820 actio
1950 4766 2215 4827 caelestis,
2255 4766 2467 4820 scilicet
2496 4774 2552 4820 et
2582 4765 2954 4830 subsistentia,
2976 4775 3204 4837 propter
3218 4770 3365 4837 quod

1781 4870 1835 4914 et
1864 4859 2104 4915 caelestis
2124 4859 2347 4914 dicitur.
2397 4857 2563 4913 Multa
2591 4870 2773 4912 autem
2829 4867 2884 4914 et
2923 4861 3027 4915 alia
3074 4861 3365 4933 hypodytis

1783 4952 1946 5007 habet
1970 4951 2238 5024 signantia
2266 4951 2545 5005 caelestem
2599 4950 2899 5015 hominem,
2955 4968 3076 5022 quae
3133 4953 3187 5007 in
3227 4968 3365 5008 cono

1780 5047 2084 5101 structione
2107 5043 2465 5109 tabernaculi,
2497 5058 2622 5097 cum
2654 5044 3021 5113 pontiﬁcalem
3046 5047 3239 5101 stolam
3268 5063 3365 5101 ex-

1781 5140 2048 5210 planaret,
2084 5137 2360 5208 legislator
2402 5140 2674 5209 exposuit.
2739 5138 2815 5193 De
2865 5140 3063 5209 quibus
3121 5140 3368 5196 dicemus

1780 5247 1905 5286 cum
1953 5231 2098 5285 Dens
2123 5228 2406 5294 annuerit,
2430 5238 2491 5283 ut
2545 5244 2666 5284 eam
2735 5229 2900 5284 etiam
2956 5246 3079 5300 quae
3124 5230 3237 5287 illic
3280 5240 3367 5288 est

1779 5323 2244 5394 dispensationem
2278 5321 2681 5394 contingamus.
2701 5320 2857 5377 Nunc
2892 5331 3073 5378 autem
3101 5340 3366 5393 quaecun-

1779 5432 1885 5486 que
1914 5416 1981 5469 ad
2014 5415 2118 5470 hoc
2138 5413 2285 5484 quod
2320 5423 2403 5467 est
2425 5413 2481 5467 in
2529 5413 2809 5473 manibus,
2838 5413 3148 5468 necessaria
3171 5414 3367 5468 viden-

1780 5519 1887 5575 tur,
1920 5509 2319 5579 comprehensa
2338 5514 2466 5561 sunt
2492 5516 2551 5561 ut
2573 5509 2893 5576 probaretur
2919 5510 3045 5576 quia
3078 5514 3367 5574 utrumque

1782 5612 2029 5658 nostrum
2055 5600 2311 5657 Christus
2338 5600 2580 5670 suscepit
2602 5598 2904 5665 hominem,
2938 5609 2991 5653 et
3011 5598 3368 5652 manifestum

2488 5784 2660 5840 Isibid.
2698 5784 2785 5841 16.
2899 5784 2919 5815 °
2954 5782 3092 5839 Dan.
3133 5796 3233 5851 vn,
3278 5779 3368 5840 15.

2438 5857 2478 5890 ¹¹
2508 5856 2525 5910 I
2554 5854 2680 5911 Cor.
2716 5872 2806 5926 xv,
2837 5856 2924 5912 47.

3009 5943 3085 6007 28

1879 5790 1902 5823 ⁵
1930 5788 2097 5843 Exod.
2130 5803 2241 5850 XVI,
2289 5787 2379 5840 15.

1919 5864 1963 5895 ιο
2006 5862 2165 5916 item.
2198 5875 2273 5926 γι,
2304 5858 2356 5913 6.
