3946 6402
518 382 627 447 8ῗὸ

1704 375 2068 440 HESYCHII
2099 378 2572 443 PRESBYTER!

3696 373 3799 439 876

520 507 578 552 et
609 491 906 559 occultum,
940 499 996 546 et
1024 498 1301 545 terrenum
1328 497 1385 542 et
1413 486 1714 553 ccelcstem,
1741 486 1795 542 id
1846 495 1931 543 est
1979 504 2105 543 cor-
2135 507 2179 560 Α
2208 495 2342 550 dicit.
2370 496 2516 551 enim
2538 499 2595 549 in
2620 494 2956 551 tabernaculi
3017 490 3428 551 constructione
3460 506 3477 545 :
3517 490 3588 546 Ει
3639 492 3801 561 tua};

523 606 627 662 pus
647 586 977 660 perfectum,
1013 593 1069 638 ct
1089 582 1326 637 animam
1379 580 1702 653 perfectam,
1732 587 1787 634 et
1840 579 1895 633 in
1926 580 2103 634 omni-

522 684 627 739 bus
652 682 919 750 integram
958 693 973 729 :
1016 684 1307 744 utrumque
1365 673 1535 738 enim,
1592 681 1785 742 utpote
1822 672 2108 741 utriusque

524 783 741 831 creator
780 770 1030 826 salvavit.
1061 766 1195 821 lllud
1240 766 1404 821 etiam
1449 764 1697 831 intende,
1748 764 2107 832 quemadmo-

525 868 656 925 dum
676 862 995 937 bypodytin,
1032 861 1179 931 quod
1218 859 1456 914 diximus
1478 872 1599 911 esse
1626 855 1902 910 caelestem
1936 855 2109 910 homi-

526 975 675 1024 nem,
733 954 1025 1027 epandytin
1073 952 1165 1006 alii
1218 951 1546 1020 interpretes
1608 948 1939 1003 ediderunt:
1982 947 2108 1017 quia

526 1052 646 1122 ipse
684 1057 767 1103 est
812 1062 920 1117 quo
955 1045 1331 1100 desideramus
1362 1041 1663 1097 secundum
1693 1040 1837 1110 quod
1865 1041 1939 1095 ait
1967 1038 2109 1093 Pau-

528 1147 635 1206 lus,
662 1138 982 1212 superindui
1012 1156 1027 1204 ;
1066 1138 1192 1193 dicit
1222 1145 1404 1191 autem
1435 1136 1512 1189 sic
1541 1152 1554 1188 :
1592 1133 1839 1199 Quandiu
1870 1134 2005 1188 enim
2030 1150 2115 1186 su-

528 1255 646 1293 mus
679 1238 734 1289 in
783 1235 876 1287 hoc
902 1232 1262 1295 tabernaculo,
1330 1228 1715 1301 iugemiscimus
1772 1228 2000 1299 gravati,
2054 1241 2112 1280 eo

530 1332 667 1404 quod
697 1329 939 1383 nolumus
968 1326 1220 1397 spoliare,
1245 1325 1334 1378 sed
1359 1323 1719 1393 supervestiri,
1748 1334 1801 1376 ut
1838 1321 2113 1375 absorbea-

531 1435 617 1479 tur
636 1423 773 1493 quod
805 1420 1027 1475 mortale
1056 1427 1131 1473 est
1162 1435 1193 1471 a
1216 1417 1323 1471 vita
1359 1417 1423 1470 ¹¹.
1445 1415 1581 1481 Quia
1607 1427 1789 1469 autem
1824 1413 2111 1483 antiquum

530 1519 637 1573 hoc
702 1526 905 1570 nostra:
985 1510 1317 1567 conditionis
1380 1509 1483 1563 fuit
1541 1507 2111 1578 superindumentum,

530 1620 587 1665 et
616 1623 765 1661 nunc
814 1604 969 1669 illud,
1012 1610 1200 1673 utpote
1236 1601 1382 1671 quod
1449 1600 1619 1654 semel
1664 1598 1972 1663 habuimus,
2024 1613 2113 1651 re-

530 1700 743 1772 cepturi
775 1714 990 1762 smnus,
1031 1697 1085 1749 in
1115 1694 1581 1763 subsequentibus
1615 1692 1943 1763 explanavit.
2010 1690 2114 1756 Qui

532 1803 717 1849 autem
739 1790 902 1846 ellicit
928 1804 1029 1841 nos
1062 1788 1115 1840 in
1146 1787 1251 1841 hoc
1283 1788 1482 1856 ipsum,
1519 1786 1681 1852 Deus,
1705 1786 1795 1855 qui
1826 1784 1977 1839 dedit
2008 1800 2110 1837 no-

2208 589 2426 657 cydarin
2457 588 2744 658 byssinum,
2776 598 2825 642 et
2845 604 3057 651 zonam,
3082 602 3213 655 opus
3241 586 3470 639 varium.
3488 583 3639 650 Quia
3658 584 3802 636 enim

2208 682 2421 753 cydaris
2447 682 2835 737 indumentum
2862 681 3056 752 capitis
3117 687 3221 745 est,
3273 694 3413 749 opus
3451 686 3648 732 autem
3683 676 3802 729 cin-

2208 771 2320 841 guli
2353 772 2467 825 sive
2520 787 2692 836 zonae,
2734 771 3047 826 confortare
3095 768 3504 840 quodammodo
3560 776 3623 823 et
3670 782 3803 821 con-

2210 862 2478 933 stringere
2509 871 2592 917 est
2618 878 2745 917 eum
2779 858 2869 932 qui
2905 860 3143 933 cingitur
3178 878 3194 913 :
3229 862 3333 916 hoc
3380 860 3689 915 ostendere
3731 858 3805 911 le-

2210 955 2437 1026 gislator
2487 955 2791 1025 proposuit,
2829 955 2955 1025 quia
3004 954 3257 1009 Christus
3284 953 3448 1008 simul
3480 960 3802 1007 creaturam

2213 1062 2431 1102 omnem
2460 1048 2843 1117 recapitulans,
2883 1048 2999 1102 sive
3068 1056 3405 1109 restaurans,
3437 1044 3607 1099 simul
3638 1041 3806 1098 etiam

2214 1145 2531 1199 confortans
2563 1155 2803 1199 nostram
2836 1160 3093 1209 massam,
3157 1145 3315 1213 cujus
3342 1141 3619 1212 primitias
3660 1147 3810 1193 sum.

2213 1236 2323 1307 psit
2352 1236 2745 1290 incarnationis
2777 1236 3099 1306 dispensare
3154 1234 3497 1306 mysterium.
3564 1233 3646 1286 De
3698 1245 3809 1299 quo

2213 1326 2289 1381 ait
2321 1326 2521 1382 Paulus
2549 1343 2562 1379 :
2598 1327 2699 1392 Qui
2731 1336 2909 1381 notum
2941 1326 3086 1381 nobis
3114 1327 3235 1397 fecit
3267 1326 3581 1396 mysterium
3624 1323 3813 1377 volun-

2216 1420 2340 1472 tatis
2369 1436 2499 1483 suaz,
2529 1421 2597 1473 ad
2635 1420 3078 1487 dispensationem
3132 1418 3474 1488 plenitudinis
3508 1428 3813 1487 temporum

2214 1522 2518 1567 restaurare
2539 1513 2715 1565 omnia
2742 1512 2799 1565 in
2827 1512 3054 1576 Christo,
3083 1526 3200 1581 qua:
3246 1512 3302 1564 in
3332 1511 3496 1575 ccelis,
3528 1520 3578 1565 et
3603 1527 3731 1582 qua:
3761 1512 3815 1563 in

2218 1613 2359 1658 terra
2379 1613 2499 1658 sunt
2530 1605 2594 1659 ιθ.
2627 1603 2683 1658 In
2717 1604 2835 1673 ipso
2869 1614 2922 1658 et
2954 1604 3124 1658 David
3158 1620 3171 1656 ε
3226 1603 3487 1657 Dominus
3545 1602 3813 1673 regnavit,

2216 1694 2452 1747 decorem
2484 1695 2653 1747 induit
2695 1683 2950 1748 D’ominus
3005 1696 3390 1766 fortitudinem,
3418 1705 3467 1747 et
3525 1697 3815 1764 pracinxit

2215 1804 2270 1840 se
2296 1787 2355 1841 ιτ.
2387 1787 2695 1841 Manifestat
2717 1787 2877 1842 etiam
2911 1788 3049 1857 ipse,
3078 1787 3539 1858 quemadmodum
3555 1788 3821 1843 Christus

533 1888 619 1941 bis
652 1886 851 1955 pignus
874 1880 1147 1951 spiritum.
1190 1877 1495 1949 llypodytin
1519 1886 1702 1931 autem
1737 1876 1888 1931 illum
1952 1874 2113 1939 LXX,
2150 1880 2190 1934 Β
2220 1880 2809 1935 confortavitnostram
2848 1896 3103 1947 massam,
3153 1881 3322 1935 verbo
3378 1880 3819 1949 dispensationis

535 1980 687 2035 velut
716 1977 808 2047 qui
844 1984 927 2029 est
954 1972 1205 2037 interius,
1240 1971 1323 2026 vel
1387 1970 1709 2035 absconsus,
1745 1970 1954 2025 dicunt.
2010 1967 2117 2023 Sed

539 2084 720 2128 tamen
754 2069 879 2139 quia
906 2067 1179 2121 secumlus
1204 2064 1260 2117 in
1290 2063 1482 2118 ordine
1521 2062 1816 2117 ereationis
1849 2062 2116 2116 deductus

537 2175 643 2228 est,
674 2181 796 2219 eum
818 2162 992 2233 prima
1023 2159 1320 2221 sittunica,
1356 2172 1476 2227 quae
1523 2156 1591 2211 de
1628 2167 1773 2210 terra
1806 2165 1912 2220 est,
1972 2156 2119 2210 hunc

538 2258 839 2314 secundum
872 2254 1181 2309 nominant.
1209 2250 1373 2321 Atqui
1438 2249 1724 2321 hypodytis
1748 2249 1980 2315 interius
2026 2263 2120 2303 ve-

539 2353 859 2409 stimentum
897 2357 1003 2409 est,
1035 2346 1213 2401 sedex
1231 2358 1297 2398 eo
1331 2343 1477 2413 quod
1522 2343 1759 2413 primum
1826 2357 1952 2397 eum
2008 2358 2119 2397 non

541 2445 727 2517 posuit
755 2440 1051 2499 creationis
1084 2439 1333 2494 ordinem
1357 2434 1614 2491 servavit.
1687 2433 1745 2488 In
1777 2434 1884 2489 hoc
1932 2443 2116 2489 autem

538 2534 682 2604 quod
713 2531 1005 2604 hypodytin
1035 2529 1191 2595 dixit,
1254 2526 1642 2596 ostenditquia
1666 2526 1783 2596 ipse
1816 2534 1900 2581 est
1956 2526 2121 2581 homo

541 2636 730 2681 noster
752 2625 1001 2679 interior.
1042 2621 1136 2677 llis
1170 2620 1447 2692 lcgislator
1476 2618 1687 2674 addidit
1715 2637 1729 2673 :

614 2742 676 2795 Et
729 2742 951 2809 desuper
988 2736 1259 2791 humerale
1318 2735 1589 2803 imposuit,
1632 2736 1769 2805 quod
1825 2736 2122 2806 astringens

540 2831 749 2902 cingulo
780 2830 982 2900 aptavit
1035 2825 1312 2881 rationali.
1355 2824 1494 2878 LXX
1540 2834 1720 2877 autem
1780 2824 2119 2879 ediderunt:

539 2925 607 2978 Et
630 2924 801 2994 posuit
824 2938 979 2991 super
1006 2919 1155 2973 illum
1188 2917 1500 2986 epomidem,
1538 2924 1586 2969 et
1630 2916 1792 2969 cinxit
1842 2915 1993 2969 illum
2037 2932 2123 2970 se-

541 3019 771 3072 cundant
808 3016 1013 3069 aditum
1075 3011 1350 3080 epomidis,
1422 3017 1469 3061 et
1513 3009 1822 3061 constrinxit
1853 3008 2006 3061 illum
2056 3008 2126 3061 ad

543 3126 683 3164 eam.
718 3105 1180 3177 Superhumerale
1234 3117 1398 3156 suave
1443 3100 1645 3155 Christi
1698 3101 1885 3170 jugum
1918 3108 2023 3163 est,
2071 3100 2125 3155 id

2220 1973 2660 2044 circumcingens
2689 1972 2981 2043 primitias,
3009 1989 3171 2043 quam
3224 1981 3281 2027 et
3319 1974 3623 2044 appellavit
3654 1974 3816 2044 forti-

2222 2067 2473 2129 tudinem,
2506 2066 2633 2135 quia
2669 2081 2766 2135 per
2799 2066 2971 2135 ipsam
2998 2076 3053 2121 et
3096 2083 3196 2122 nos
3225 2066 3394 2121 fortes
3421 2066 3553 2122 facti
3595 2081 3817 2122 sumus.

2220 2158 2353 2224 Quis
2380 2168 2562 2212 autem
2599 2159 2669 2212 sit
2704 2159 3132 2228 dispensationis
3172 2160 3389 2225 modus,
3420 2158 3677 2214 Joannes
3704 2160 3814 2213 ait:

2224 2252 2443 2306 Verbum
2474 2270 2598 2305 caro
2620 2257 2819 2323 factum
2844 2262 2924 2305 est
2974 2253 3037 2305 ¹³.
3063 2254 3302 2322 Ideoque
3335 2253 3582 2323 cydarim
3631 2264 3692 2307 et
3722 2268 3816 2307 1.0-

2222 2361 2347 2399 nam
2376 2346 2453 2399 ait
2480 2345 2687 2416 Moyses
2720 2346 2993 2417 byssinam
3022 2361 3145 2400 esse
3175 2362 3313 2415 Opus
3343 2345 3654 2411 variatum;
3692 2346 3818 2417 bys-

2223 2455 2317 2494 sus
2346 2439 2492 2493 enim
2523 2439 2591 2493 de
2623 2447 2767 2493 terra
2792 2454 2916 2493 cum
2936 2437 3027 2500 sit,
3062 2454 3285 2492 carnem
3308 2438 3675 2503 demonstrat,
3693 2454 3819 2507 quat

2222 2546 2289 2587 ex
2327 2541 2465 2586 terra
2499 2544 2684 2587 nostra
2739 2541 2862 2598 est;
2900 2546 3039 2601 opus
3090 2529 3363 2601 plumarii,
3398 2528 3615 2584 Domini
3676 2529 3819 2583 Ver-

2224 2626 2377 2691 bum,
2423 2625 2514 2694 qui
2577 2624 2769 2679 artifex
2832 2634 2889 2680 et
2940 2626 3181 2679 variatur
3217 2623 3385 2679 totius
3413 2631 3497 2677 est
3518 2632 3815 2677 creatum.

2225 2712 2345 2784 Ipse
2376 2714 2479 2767 sibi
2510 2728 2731 2767 carnem
2763 2729 2794 2767 a
2828 2714 2989 2769 nobis
3044 2722 3314 2783 sumptam
3371 2721 3633 2782 operatus
3683 2722 3817 2767 est:

2226 2804 2446 2859 varians
2474 2803 2529 2857 in
2557 2819 2621 2858 ea
2657 2804 2913 2874 mysteria
2963 2803 3386 2873 quodammodo,
3417 2812 3472 2858 et
3513 2803 3817 2858 creationis

2228 2898 2515 2953 miracula.
2559 2898 2684 2952 Post
2714 2898 2818 2952 hoc
2840 2898 3083 2953 subdidit
3143 2896 3445 2952 secundum
3497 2896 3682 2952 LXX:
3745 2896 3815 2951 Et

2227 2990 2400 3061 posuit
2430 3005 2587 3057 super
2624 3005 2684 3041 ea
2736 2987 3019 3041 rationale.
3059 2988 3127 3042 Et
3175 2988 3492 3057 quomodo:
3551 2986 3816 3054 Quasdam

2225 3084 2537 3152 ἀντίγραφα
2581 3081 2804 3143 habent,
2843 3097 3002 3148 super
3074 3096 3237 3144 eum,
3295 3079 3394 3135 sed
3450 3087 3684 3149 utraque
3744 3079 3814 3134 ad

490 3231 497 3235 ~
543 3211 627 3257 est
654 3200 967 3272 evangelica
997 3198 1127 3261 vita,
1155 3211 1319 3266 quam
1369 3203 1553 3265 utpote
1575 3194 1691 3263 ipse
1712 3193 2117 3258 demonstrans,

2230 3175 2373 3231 idem
2433 3174 2734 3243 rc3piciunt
2767 3193 2780 3227 ε

541 3304 690 3349 recte
730 3308 893 3362 super
914 3294 1172 3346 humeros
1204 3288 1479 3359 portabat,
1542 3287 1609 3342 de
1640 3303 1745 3356 qua
1775 3288 1851 3341 ait
1882 3304 1896 3343 :
1937 3287 2122 3341 Tollite

536 3390 726 3459 jugum
762 3404 934 3440 meum
964 3401 1121 3453 super
1170 3400 1278 3448 vos,
1327 3392 1375 3435 et
1419 3382 1602 3435 discite
1631 3396 1661 3433 a
1694 3396 1795 3445 me,
1828 3381 1951 3450 quia
1983 3380 2124 3432 mitis

545 3495 684 3543 sum,
722 3487 768 3530 et
810 3475 1023 3529 humilis
1056 3475 1230 3536 corde,
1265 3482 1312 3526 et
1360 3472 1635 3525 invenietis
1658 3472 1886 3540 requiem
1913 3471 2124 3523 anima-

544 3574 639 3625 bus
663 3571 864 3630 vestris,
888 3569 1078 3638 jugum
1099 3568 1235 3619 enim
1267 3580 1436 3618 meum
1468 3564 1574 3617 leve
1596 3571 1693 3630 est,
1722 3572 1770 3615 et
1798 3578 1927 3615 onus
1953 3578 2126 3614 meum

544 3679 703 3717 suave
728 3662 789 3713 ".
820 3659 973 3714 Unde
1031 3669 1086 3713 et
1134 3658 1219 3711 lex
1248 3656 1301 3709 in
1336 3655 1525 3710 Exodo
1562 3655 1629 3708 de
1687 3651 2124 3724 superhumerali

544 3754 623 3807 sic
640 3751 769 3806 dicit
802 3766 815 3802 :
853 3749 916 3802 Et
940 3750 1099 3820 facies
1130 3747 1566 3818 super/mmerale
1597 3747 1660 3799 de
1712 3761 1844 3798 auro
1891 3753 1940 3798 et
1993 3746 2126 3813 hya-

545 3843 739 3907 cintho,
774 3852 823 3896 et
854 3857 1000 3894 cocco
1025 3840 1101 3894 bis
1123 3841 1307 3904 tincto,
1341 3848 1389 3893 et
1432 3840 1581 3908 bysso
1600 3847 1818 3900 retorta,
1849 3853 2003 3906 opere
2028 3852 2125 3905 po-

546 3937 730 4006 lymita
760 3934 823 3988 ¹’⁵.
854 3935 970 3999 Vel,
1012 3934 1154 3988 sicut
1185 3931 1348 3996 LXX,
1403 3946 1531 3999 opus
1562 3930 1831 3983 variatum
1853 3928 2125 3998 epomida-

543 4046 651 4092 sco,
683 4030 935 4083 lavrentes
958 4026 1183 4079 alterunt
1212 4026 1283 4078 ad
1304 4024 1551 4089 alteram,
1615 4022 1909 4091 aliquando
1962 4036 2125 4074 unam

545 4121 877 4191 epomidem,
908 4118 1200 4188 aliquando
1230 4117 1367 4171 duas
1412 4114 1714 4185 appellans,
1751 4113 1876 4182 quia
1930 4120 1986 4165 et
2018 4109 2126 4163 Dec

546 4214 729 4267 minus
762 4212 874 4283 jugi
900 4220 955 4265 et
992 4210 1177 4265 oneris
1204 4208 1525 4262 memoriam
1590 4206 1740 4267 fecit,
1796 4205 1849 4257 in
1910 4204 2127 4258 duobus

546 4320 717 4359 unum
775 4302 1043 4365 dividens,
1113 4310 1369 4368 tanquam
1448 4297 1717 4353 divideret
1782 4295 2118 4365 epomidem,

546 4393 691 4463 quod
725 4407 835 4445 non
868 4392 1090 4452 frustra,
1134 4388 1231 4443 sed
1291 4388 1417 4457 quia
1483 4394 1703 4455 oportet
1749 4384 2127 4455 evangelicum

552 4485 854 4547 hominem,
883 4482 1018 4552 legis
1068 4480 1386 4535 mandatum
1414 4478 1559 4547 quod
1592 4477 1731 4532 dixit
1763 4496 1777 4531 :
1819 4476 1939 4529 Non
1986 4477 2126 4529 occi-

2300 3291 2450 3356 Quod
2469 3291 2763 3360 astringens
2804 3289 3033 3358 cingulo,
3092 3290 3295 3358 aptavit
3330 3289 3582 3342 rationali
3614 3292 3671 3341 in
3707 3304 3813 3359 quo

2228 3394 2343 3439 erat
2372 3384 2612 3437 doctrina
2645 3392 2693 3437 et
2721 3384 2939 3437 veritas.
2964 3380 3105 3435 LXX
3142 3390 3326 3435 autem
3352 3380 3681 3435 ediderunt:
3741 3379 3811 3434 Et

2230 3477 2478 3547 imposuit
2506 3476 2859 3546 superlogium
2888 3475 3241 3529 ostensionem
3291 3483 3337 3528 et
3354 3474 3652 3527 veritatem.
3695 3471 3811 3527 Hoc

2229 3577 2411 3623 autem
2450 3568 2577 3621 alihi
2610 3567 2999 3622 sacerdotalem
3052 3579 3331 3635 exponens
3384 3564 3605 3625 stolam,
3643 3564 3807 3616 ratio-

2231 3661 2403 3715 nalem
2430 3661 2625 3730 judicii
2649 3659 2945 3729 appellavit
2982 3678 2994 3713 :
3040 3660 3344 3712 secundum
3371 3655 3638 3709 rationale
3663 3654 3807 3709 enim

2228 3752 2456 3815 Christi,
2501 3752 2663 3806 idest
2722 3751 3051 3814 doctrinam,
3113 3748 3429 3819 praedicatio
3481 3746 3672 3817 iudicii
3733 3744 3809 3799 fu-

2231 3846 2337 3900 turi
2394 3845 2617 3916 regitur.
2663 3844 3046 3899 Ostcnsionem
3102 3858 3252 3913 ergo,
3290 3841 3341 3895 id
3369 3849 3453 3895 est
3493 3839 3808 3894 manifesta-

2233 3939 2458 4002 tionem,
2495 3946 2697 3993 etcum
2725 3952 2788 3990 ea
2832 3936 3117 3990 veritatem
3146 3935 3329 3998 habet,
3362 3941 3552 4000 utpote
3580 3929 3807 3985 manife-

2230 4034 2407 4080 stante
2458 4025 2771 4079 hominibus
2798 4024 3033 4093 ignotam
3080 4020 3458 4092 mysteriorum
3503 4020 3802 4073 veritatem.

2230 4119 2475 4185 Quatuor
2503 4126 2685 4171 autem
2714 4132 2971 4171 versuum
3030 4115 3079 4169 ei
3151 4115 3442 4177 rationale,
3506 4112 3563 4166 id
3608 4119 3691 4165 cst
3738 4124 3805 4162 ex

2230 4222 2467 4282 quatuor
2490 4210 2835 4281 generalibus
2869 4208 3187 4272 virtutibus,
3234 4216 3289 4261 et
3320 4222 3387 4259 ex
3407 4203 3691 4259 duodecim
3725 4200 3804 4253 la-

2232 4303 2451 4373 pidibus
2480 4300 2800 4371 partialibus
2821 4297 3225 4368 quodannnodo
3252 4306 3308 4350 et
3346 4293 3671 4365 specialibus
3690 4291 3803 4345 ﬁeri

2231 4393 2513 4465 praecepit.
2539 4392 2672 4458 Qua:
2692 4400 3023 4446 suntautem
3077 4390 3237 4445 haec?
3270 4388 3467 4456 Utique
3516 4387 3583 4441 de
3613 4384 3804 4454 quibus

2232 4487 2505 4541 scribebat
2535 4486 2736 4539 Paulus
2772 4484 3026 4553 :Oportet
3062 4485 3201 4538 enim
3238 4482 3534 4550 episcopum
3590 4480 3803 4547 irrepre-

547 4579 664 4640 άαε,
712 4592 814 4630 ηοη
854 4574 1118 4628 adulter“
1152 4574 1218 4638 ’⁸ο
1279 4583 1336 4627 εἰ
1365 4573 1409 4627 Si
1441 4571 1583 4643 (111οά
1614 4571 1891 4638 85l81illd,
1923 4586 2129 4640 nequa-
2164 4572 2206 4625 Ι)
2236 4580 2540 4632 hensibilem
2571 4594 2701 4642 esse,
2724 4578 2856 4632 sicut
2881 4578 2980 4631 Dei
3010 4578 3427 4644 dispensatorem
3456 4574 3520 4625 ".
3556 4570 3803 4638 Sedquo—

543 4686 708 4740 quam
741 4669 1045 4739 przeterire,
1074 4667 1458 4737 duplicemque
1509 4665 1564 4717 in
1595 4665 1701 4720 hoc
1746 4665 1793 4719 ei
1852 4664 2131 4734 operatio-

545 4778 671 4829 nem
704 4762 986 4823 exhibere,
1016 4760 1066 4813 id
1099 4769 1203 4821 est,
1236 4769 1292 4812 ut
1315 4773 1428 4811 non
1481 4757 1656 4811 solum
1688 4756 1756 4811 ab
1815 4756 2129 4821 homicidio,

545 4856 638 4909 sel
671 4863 725 4907 et
757 4855 856 4917 ira,
886 4867 1009 4922 qua:
1028 4851 1157 4905 facit
1188 4849 1565 4913 homicidium,
1592 4848 1930 4903 abstineatur
1947 4848 2131 4914 simul,

548 4963 657 5000 non
693 4954 902 4999 tantum
938 4946 1007 4999 ab
1040 4944 1332 5007 adulterio,
1363 4943 1460 4997 sed
1494 4958 1525 4996 a
1581 4942 1857 4998 desiderio
1913 4958 1981 4997 ex
2023 4958 2133 5012 quo

547 5038 877 5093 adulterium
902 5039 1134 5107 paritur.
1163 5036 1252 5092 Sic
1279 5053 1387 5091 una
1416 5036 1627 5113 epomis
1669 5036 1900 5106 duaeque
1955 5037 2131 5091 cohae-

548 5137 757 5194 rentes,
795 5131 898 5183 alia
925 5129 1082 5183 alteri
1137 5127 1434 5194 invenitur,
1472 5126 1597 5196 quia
1636 5143 1745 5181 non
1785 5126 1946 5182 irasci
1979 5127 2133 5181 cohi-

547 5222 663 5283 bet,
689 5230 743 5275 et
768 5230 985 5276 cautum
1013 5220 1188 5275 reddit
1212 5220 1278 5273 ad
1296 5234 1403 5274 non
1434 5218 1743 5274 faciendum
1757 5219 2131 5275 homicidium.

545 5310 864 5366 Necessarie
896 5320 1079 5364 autem
1099 5309 1355 5379 hypodyti
1402 5309 1690 5378 conjunxit
1712 5310 1987 5379 epomida,
2044 5326 2131 5365 so-

546 5401 653 5455 lius
684 5402 831 5455 enim
852 5403 1102 5458 .cazlestis
1147 5402 1404 5457 hominis‘
1442 5404 1630 5475 iugum
1681 5406 1963 5476 suscipere
2022 5416 2127 5472 est,

543 5495 689 5565 quod
711 5494 963 5550 Christus
997 5496 1157 5550 dixit.
1187 5495 1346 5560 Quod
1377 5505 1462 5551 est
1491 5506 1675 5552 autem
1697 5497 1999 5569 cingulum,
2019 5516 2130 5571 quo

546 5588 786 5643 tunicam
812 5597 868 5643 ct
901 5588 1196 5660 hypodytin
1221 5584 1430 5644 cinxit?
1450 5587 1631 5659 Ipsum
1662 5604 1802 5661 opus
1833 5590 2005 5659 disce,
2043 5593 2129 5648 di-

2240 4669 2402 4722 modo
2424 4668 2943 4738 irreprehcnsibilis,
2977 4667 3029 4720 id
3059 4677 3143 4721 est
3172 4662 3524 4718 accusatione
3551 4658 3799 4717 mundus.

2236 4770 2293 4815 et
2334 4777 2363 4814 a
2386 4760 2609 4829 querela
2627 4760 2775 4814 omni
2804 4760 2940 4814 liber
2970 4758 3061 4821 sit,
3099 4757 3184 4812 his
3206 4772 3327 4826 quae
3364 4764 3555 4825 postea
3572 4764 3800 4820 sequun-

2238 4862 2327 4907 tur
2350 4853 2590 4907 ostendit
2625 4869 2641 4905 :
2670 4852 2789 4905 Non
2818 4852 3123 4920 superbum,
3172 4866 3274 4903 non
3316 4848 3649 4907 iracundum,
3708 4858 3803 4895 non

2236 4946 2580 5010 vinolentum,
2613 4962 2715 4999 non
2742 4961 3118 5015 percussorem,
3156 4960 3259 4996 non
3309 4942 3480 5009 turpis
3512 4939 3640 4993 lucri
3667 4936 3802 5004 cupi-

2238 5040 2409 5095 dum.:
2449 5039 2539 5091 sed
2573 5037 2909 5107 hospitalem,
2959 5037 3259 5106 benignum,
3315 5043 3540 5097 castum,
3586 5030 3799 5099 justum,

2238 5142 2506 5193 sanctum,
2538 5131 2909 5190 continentem,
2943 5129 3481 5196 amplectentemeum
3514 5125 3603 5194 qui
3629 5136 3798 5176 secun-

2241 5223 2367 5276 dum
2406 5222 2705 5276 doctrinam
2735 5230 2834 5283 est,
2864 5220 3071 5289 ﬁdelem
3092 5234 3385 5272 sermonem
3411 5218 3482 5269 ”.
3517 5214 3640 5270 Haec
3664 5210 3799 5267 enim

2243 5314 2538 5383 unicuique
2564 5312 2781 5382 quidem
2806 5311 3063 5367 convenit
3090 5310 3331 5380 assequi,
3374 5309 3611 5363 maxime
3638 5314 3797 5359 tamen

2241 5406 2544 5465 sacerdoti.
2578 5406 2845 5477 siquidem
2874 5405 3101 5475 ﬁguram
3138 5406 3277 5476 gerit
3305 5401 3530 5461 Christi.
3567 5398 3656 5470 qui
3673 5408 3798 5467 pra:-

2240 5499 2415 5554 dictos
2443 5499 2733 5554 duodecim
2785 5497 3014 5568 lapides,
3064 5510 3232 5566 super
3283 5503 3480 5565 pectus
3541 5488 3799 5562 proprium

2238 5592 2497 5662 portavit.
2527 5591 2725 5661 Cydari
2758 5606 2962 5661 quoque
2985 5590 3113 5644 texit
3138 5598 3316 5657 caput.
3351 5584 3499 5650 Sive,
3520 5578 3796 5638 secundum

620 5760 889 5839 ιξιιβοτ.
918 5764 1050 5839 v.4.
1130 5764 1174 5839 ff
1198 5762 1621 5839 hlatthrxnall,
1654 5766 1787 5839 δαὶ
1823 5769 1864 5799 ¹⁸
1892 5768 2064 5824 Exod.
2126 5785 2312 5836 xxvm,
2338 5772 2391 5825 6.
2464 5772 2506 5802 ¹⁵
2539 5772 2711 5827 Exod.
2760 5788 2846 5839 xx,
2901 5771 2985 5838 l3,
3030 5770 3115 5827 l4.
3199 5767 3472 5839 “Ephes.
3530 5763 3571 5830 1,
3623 5759 3674 5827 9,
3718 5755 3794 5811 lo-

550 5831 594 5865 "
648 5830 791 5887 Psat.
828 5848 957 5899 xcu,
994 5834 1017 5888 1
1130 5836 1171 5866 ’⁸
1204 5835 1357 5891 Joan.
1388 5835 1425 5903 Ι,
1461 5838 1547 5893 N-

1630 5838 1717 5893 "l
1750 5838 1991 5909 Timoth,
2018 5856 2099 5907 Ill,
2120 5841 2177 5894 ‘2.

2254 5843 2299 5873 ²⁰
2331 5842 2460 5897 ibid.
2486 5842 2539 5909 3,
2576 5844 2630 5897 ὁ.
