4046 6420
188 418 319 481 877
364 428 369 433 ’

1353 421 1435 481 ΙΝ
1469 422 1904 485 LEVlTlCUM.
1946 451 2015 463 ·-
2052 428 2198 489 LIB.
2236 431 2316 491 II.

3358 445 3463 512 878

188 524 387 592 LXX;
420 526 485 582 Et
503 527 694 596 posuit,
720 526 918 594 inquit,
936 543 1093 596 super
1126 538 1284 599 caput
1354 529 1467 598 ejus
1534 531 1771 584 mitram.
1803 537 1848 592 Α
1876 548 1982 602 que
2019 536 2363 594 sanctificans
2405 539 2731 610 aspersisset
2772 541 2941 599 altare
2983 555 3193 617 septem
3230 550 3459 616 vicibus.

187 616 317 672 Sed
343 617 469 687 quia
499 626 555 673 et
587 618 774 685 [mitrae
803 618 919 674 sive
971 619 1184 689 cydaris
1238 620 1611 689 operationem
1667 638 1776 675 non

186 706 541 778 ignoramus,
577 718 632 763 et
656 708 861 765 Christi
893 723 1058 781 caput
1077 726 1201 767 esse
1230 711 1445 767 Patrem
1464 711 1775 782 didicimus,

186 801 494 856 audiamus
539 804 683 871 quod
712 803 980 874 sequitur.

272 909 346 963 Et
363 926 519 978 super
548 927 665 965 eam
694 921 878 967 contra
912 914 1135 984 frontem
1166 916 1338 982 posuit
1376 915 1632 970 laminam
1678 934 1778 970 au-

191 1016 373 1064 ream,
392 1013 749 1057 consecratam
780 1004 835 1056 in
877 1006 1374 1074 sanctiﬁcationem,
1419 1007 1555 1060 sicut
1589 1024 1781 1077 prlece-

186 1101 355 1161 perat
382 1094 429 1145 ei
454 1091 729 1149 Dominus.
768 1094 887 1149 Non
918 1096 1119 1151 frustra
1155 1113 1344 1152 eorum
1372 1114 1492 1167 qua:
1523 1100 1780 1171 praecepit

190 1182 473 1239 Dominus
526 1185 716 1257 Moysi,
755 1189 1074 1242 memoriam
1135 1188 1286 1256 facit,
1321 1190 1416 1245 sed
1445 1205 1777 1247 commemo-

192 1291 329 1331 rare
358 1294 458 1332 nos
488 1294 571 1342 ea,
595 1296 714 1347 qua:
756 1279 823 1335 de
854 1281 1054 1335 lamina
1086 1283 1140 1336 in
1164 1284 1501 1338 tabernaculi
1525 1295 1780 1340 constru-

191 1370 390 1423 ctione
423 1371 563 1425 dicta
585 1380 731 1436 sunt,
768 1373 954 1427 volens
990 1390 1002 1425 :
1060 1375 1172 1431 illic
1233 1376 1380 1430 enim
1420 1388 1609 1447 aperte
1660 1381 1780 1451 ejus

192 1462 437 1526 utilitas,
470 1472 524 1517 et
557 1464 729 1518 virtus
751 1466 925 1533 posita
958 1476 1042 1521 est
1067 1482 1189 1521 cum
1219 1467 1351 1522 dicit
1379 1485 1393 1521 :

272 1568 466 1622 Facies
488 1580 535 1623 et
571 1571 771 1624 lamina
802 1574 864 1626 de
884 1590 1014 1627 auro
1048 1575 1345 1643 purissimo,
1373 1577 1428 1629 in
1457 1595 1560 1648 qua
1592 1580 1781 1648 sculpis

190 1676 358 1726 opere
413 1660 678 1714 cwlatoris
728 1673 970 1717 sanctum
1006 1663 1255 1719 Domino.
1289 1666 1385 1721 Vel
1416 1668 1559 1723 sicut
1599 1671 1776 1725 LXX:

192 1753 262 1806 Et
295 1754 459 1823 facies
482 1755 737 1808 laminam
768 1774 988 1811 auream
1006 1776 1193 1827 puram
1225 1801 1238 1822 ,
1273 1770 1321 1813 et
1352 1763 1604 1831 formabis
1636 1764 1689 1816 in
1720 1781 1799 1818 ea.

191 1846 571 1913 formationem
593 1849 747 1918 signi,
781 1850 1113 1903 sanctitatem
1137 1851 1371 1905 Domini.
1399 1854 1567 1919 Quam
1599 1865 1778 1910 autem
1810 1889 1851 1944 Β

192 1936 604 2005 formationem,
638 1942 721 1995 vel
750 1942 893 2010 quod
920 1943 1156 2012 signum,
1182 1944 1292 2015 jam
1323 1961 1432 1999 non
1456 1948 1585 2002 dicit
1611 1965 1623 2013 ;
1649 1949 1779 2003 dicit

194 2040 387 2084 autem
431 2033 568 2086 etin
597 2033 702 2088 alio
739 2035 875 2089 loco.
924 2036 1179 2091 Fecerunt
1224 2047 1273 2091 et
1320 2038 1575 2094 laminam
1613 2058 1779 2096 sacra:

194 2128 552 2181 uenerationis
612 2130 674 2181 de
711 2146 842 2182 auro
895 2132 1194 2199 purissimo,
1272 2134 1688 2206 scripseruntque
1725 2137 1779 2189 in

193 2233 257 2269 ea
315 2235 472 2287 opere
499 2222 787 2289 gemmario
829 2232 1068 2276 sanctum
1102 2224 1313 2278 Domini
1343 2229 1409 2281 “.
1462 2227 1776 2283 Secundum

190 2307 336 2362 LXX
386 2318 565 2365 autem
592 2331 604 2364 :
630 2313 694 2365 Et
723 2314 843 2384 fecit
875 2314 1124 2367 laminam
1153 2334 1391 2381 auream,
1418 2321 1778 2375 deductionem

190 2404 318 2455 auri
349 2404 491 2471 puri,
524 2406 927 2475 redemptionem
964 2410 1152 2473 sancti,
1186 2418 1232 2462 et
1264 2411 1532 2481 insculpsit
1579 2413 1780 2468 litteras

190 2496 524 2565 deformatus
554 2498 735 2567 signis,
782 2501 1117 2553 sanctitatem
1168 2501 1409 2556 Domino.
1464 2503 1570 2559 Sed
1597 2514 1775 2560 tamen

191 2602 307 2640 non
342 2588 477 2643 dicit
509 2605 628 2658 quae
663 2600 818 2644 erant
858 2592 987 2660 ipsa:
1019 2592 1232 2660 litteris,
1286 2610 1389 2649 nec
1442 2596 1624 2651 videre
1677 2612 1779 2653 nec

190 2680 390 2735 audire
422 2698 731 2751 possumus.
768 2683 915 2737 Illam
958 2700 1087 2755 ergo
1114 2696 1296 2740 notam
1320 2688 1588 2757 significat
1613 2690 1776 2744 etiam

192 2771 475 2838 formatio,
508 2775 573 2828 de
608 2792 711 2844 qua
742 2776 943 2831 Paulus
968 2778 1100 2832 dicit
1138 2778 1273 2844 :Qui
1303 2798 1419 2835 cum
1446 2782 1513 2835 sit
1536 2782 1779 2851 splendor

190 2863 382 2933 gloria:
400 2875 449 2917 et
477 2867 649 2936 ﬁgura
680 2869 991 2923 substantia:
1023 2874 1137 2941 ejus
1161 2873 1226 2924 ".
1258 2871 1393 2937 Quia
1426 2875 1574 2929 enim
1608 2878 1776 2929 multa

192 2957 261 3012 de
306 2958 686 3014 incarnatione
720 2960 998 3031 Unigcniti
1052 2964 1105 3015 in
1141 2964 1241 3018 hac
1298 2966 1579 3020 sanctione
1633 2968 1776 3022 dicta

192 3058 348 3113 sunt,
380 3061 440 3104 ut
467 3066 576 3106 non
603 3054 785 3107 omnia
818 3055 1040 3109 humilia
1068 3056 1134 3109 de
1160 3073 1226 3111 eo
1252 3065 1530 3126 putentur,
1563 3059 1629 3113 ad
1654 3061 1778 3115 sub-

192 3142 452 3196 stantiam
479 3144 740 3198 inearuati
763 3145 919 3199 Verbi
948 3146 1297 3215 principium,
1321 3149 1387 3202 de
1409 3164 1518 3217 quo
1542 3147 1779 3205 Joannes

193 3235 418 3290 dicebat
450 3254 461 3287 :
493 3236 554 3289 In
576 3220 843 3306 principio
873 3249 985 3292 erat
1046 3240 1302 3305 Verbum,
1337 3251 1385 3295 et
1416 3242 1479 3295 Ve

193 3328 342 3395 apud
381 3327 566 3391 Deum,
600 3338 649 3382 et
678 3329 820 3383 Deus
840 3339 954 3383 erat
987 3330 1208 3384 Verbum
1235 3332 1305 3395 ³³,
1348 3332 1633 3388 sublevare
1678 3350 1779 3389 nos

194 3416 473 3487 legislator
506 3419 711 3483 volens,
745 3419 981 3483 mitram,
1003 3419 1117 3473 sive
1143 3419 1379 3489 cydarim
1407 3434 1573 3489 super
1592 3430 1774 3489 caput,

193 3518 424 3579 propter
452 3517 661 3579 patrem
690 3511 1027 3565 memoravit.
1081 3510 1185 3564 Per
1216 3510 1471 3564 laminam
1529 3518 1584 3564 et
1637 3512 1780 3566 scul-

193 3610 441 3670 pturam,
472 3616 570 3655 seu
610 3601 989 3655 formationem
1028 3601 1473 3655 sanctificationis
1511 3602 1778 3657 incarnati

198 3692 291 3746 Dei
319 3692 511 3759 Verbi,
546 3692 641 3761 qui
681 3703 736 3748 et
774 3693 1027 3748 sacerdos
1052 3702 1238 3747 noster
1262 3692 1437 3746 factus
1468 3702 1571 3757 est,
1604 3693 1779 3764 digni~

197 3794 366 3841 tatem
407 3786 463 3839 in
509 3786 793 3856 principio,
850 3801 1011 3854 quam
1063 3783 1225 3838 simul
1255 3800 1379 3838 cum
1425 3786 1581 3840 Patre
1617 3788 1779 3841 habet

194 3877 554 3932 manifestum
593 3887 702 3944 est,
750 3878 879 3946 quia
901 3876 1171 3946 exposuit.
1209 3877 1436 3945 Pr0pter
1460 3880 1605 3946 quod
1633 3880 1777 3932 illam

196 3979 248 4023 et
275 3984 447 4038 super
461 3970 697 4040 cydarim
725 3986 818 4024 seu
840 3971 1053 4022 mitram
1073 3981 1130 4023 et
1152 3980 1342 4024 contra
1372 3969 1565 4023 faciem
1606 3972 1778 4025 mitrae

197 4059 311 4114 sive
342 4060 556 4129 cydaris
584 4060 834 4129 imponit,
860 4061 993 4115 dicit
1021 4070 1205 4114 autem
1241 4078 1253 4113 :

264 4152 585 4222 Ligabisque
611 4170 724 4205 eam
756 4154 884 4205 vitta
917 4154 1278 4221 hyacinthina.
1310 4152 1436 4209 Sive
1475 4156 1777 4210 secundum

198 4243 347 4298 LXX
382 4263 392 4297 :
420 4244 489 4298 Et
527 4247 914 4313 superimpones
946 4246 1228 4315 hyacintho
1262 4257 1456 4301 retorto
1486 4266 1499 4302 :
1554 4249 1778 4318 hyacin-

197 4338 358 4390 thum
402 4346 693 4401 retortum,
758 4338 1149 4391 humanitatem
1198 4338 1403 4393 Christi
1458 4332 1774 4410 intelligens

200 4446 297 4497 pro
346 4445 411 4482 eo
457 4431 599 4498 quod
657 4430 1095 4501 inseparabiliter
1128 4430 1419 4499 conjuncta
1447 4440 1531 4485 est
1578 4431 1773 4486 divini-

200 4524 319 4578 tati.

267 4636 343 4688 Et
374 4637 472 4689 erit
502 4653 659 4707 super
704 4638 903 4690 tiaram
947 4636 1223 4689 imminens
1279 4636 1439 4706 fronti
1495 4636 1775 4704 pontificis.

201 4729 290 4784 Vel
322 4730 466 4783 sicut
488 4730 667 4784 LXX:
704 4730 773 4784 Et
802 4731 899 4784 erit
932 4746 1088 4799 super
1118 4731 1331 4782 mitram
1359 4738 1539 4781 contra
1590 4729 1779 4798 faciem

201 4825 393 4876 mitraz.
437 4822 554 4876 Erit
598 4839 764 4893 super
812 4823 1053 4885 mitram,
1106 4822 1198 4891 qui
1231 4822 1392 4875 Pater
1433 4822 1488 4875 in
1534 4821 1690 4886 Filio,
1723 4828 1782 4875 et

202 4914 371 4970 Filius
404 4916 457 4969 in
504 4914 682 4969 Patre.
722 4912 787 4968 Et
833 4922 959 4968 ante
1006 4914 1199 4968 faciem
1246 4913 1442 4969 mitras.
1480 4913 1581 4979 Qui
1632 4912 1778 4966 enim

200 5008 349 5062 videt
375 5006 593 5070 Filium,
627 5007 713 5061 hic
739 5006 923 5060 videre
947 5015 1002 5060 et
1032 5005 1244 5059 Patrem
1298 5005 1497 5059 dicitur
1529 5022 1542 5059 :
1585 5019 1780 5073 quem-

202 5097 494 5151 admodum
547 5095 799 5164 Philippo
831 5095 899 5149 de
938 5094 1099 5148 Patre
1134 5093 1476 5163 percontanti
1519 5092 1775 5148 Christus

201 5186 339 5257 apud
394 5185 660 5240 Joannem
691 5185 738 5217 ²”
790 5184 1104 5253 respondet.
1166 5183 1306 5254 Ergo
1386 5183 1566 5238 omnis
1622 5197 1774 5237 nunc

203 5279 411 5333 sanctio
450 5278 737 5333 evidenter
768 5279 820 5331 in
851 5276 1124 5348 Unigeniti
1144 5276 1431 5346 explanata
1458 5283 1542 5330 est
1568 5284 1779 5346 myste-

201 5383 362 5424 rium.

266 5480 430 5535 Vsus.
468 5479 647 5534 lO-H.
688 5498 707 5530 ‹
732 5477 879 5532 Tulit
904 5485 960 5532 et
995 5476 1170 5531 oleum
1202 5475 1493 5541 unctionis,
1516 5491 1624 5545 quo
1651 5475 1776 5530 lini—

205 5573 276 5627 vit
308 5572 718 5627 tabernaculum
754 5586 879 5624 cum
915 5569 1063 5624 omni
1096 5568 1429 5638 supellectile
1453 5585 1570 5623 sua.
1608 5568 1772 5623 Cum-

264 5796 303 5825 ²¹
334 5793 506 5848 Exod.
537 5807 722 5857 χχχιχ,
752 5792 843 5847 29.
920 5793 964 5822 "
986 5789 1155 5844 Hebr.
1186 5804 1224 5851 ι,
1265 5787 1317 5841 5.
1382 5787 1444 5857 7"
1467 5786 1626 5840 Joan.
1676 5801 1713 5848 ι,
1749 5785 1800 5839 l.

205 5866 243 5896 ’⁷
283 5865 385 5920 lsa.
414 5881 525 5931 LXI,
562 5864 611 5918 ἰ.

920 5793 964 5822 ¹⁹
986 5789 1155 5844 Hebr.
1186 5804 1224 5851 t,
1265 5787 1317 5841 5.

1882 624 2035 679 unxit
2066 625 2218 693 illud,
2259 638 2316 685 et
2340 632 2523 687 omnia
2576 648 2703 688 vasa
2753 635 2893 706 ejus.
2950 638 3187 699 Labrum
3246 662 3463 719 quoque

1880 733 2003 772 cum
2028 717 2143 773 basi
2175 736 2273 773 sua
2320 724 2680 781 sanctiticavit
2703 727 2844 783 oleo.
2887 748 2907 781 ι

1950 809 2061 879 Ego
2092 812 2309 867 visiones
2360 816 2728 887 multiplicavi,
2763 831 2812 875 et
2860 822 2915 876 in
2967 827 3208 882 manibus
3234 834 3458 901 prophe-

1882 910 2057 954 tarum
2083 905 2408 960 assimilatas
2438 925 2553 963 sum
2575 912 2639 976 ’⁵,
2669 920 2956 983 propterea
2993 928 3119 973 ante
3155 920 3368 978 locutus
3403 925 3458 979 in

1879 995 2160 1064 prophetis
2181 997 2416 1065 dicebat,
2446 1011 2506 1055 ut
2526 1014 2885 1073 cognosceret
2908 1007 2976 1072 is,
2992 1010 3085 1079 qui
3103 1011 3223 1082 ejus
3242 1015 3459 1070 volebat

1880 1083 2019 1138 scire
2055 1089 2329 1157 mysteria,
2355 1092 2499 1158 quod
2529 1109 2641 1147 non
2678 1111 2771 1165 per
2800 1113 2962 1152 unam
2996 1100 3315 1173 imaginem,
3356 1123 3458 1163 nec

1881 1190 1976 1244 rer
1998 1193 2167 1232 unum
2206 1180 2477 1249 quoddam
2529 1184 2767 1255 signum,
2825 1191 2921 1244 sed
2974 1209 3071 1261 per
3106 1195 3295 1261 multa,
3329 1201 3457 1268 quia

1880 1275 1935 1320 et
1954 1268 2120 1322 multa
2155 1280 2432 1340 operatur,
2461 1276 2694 1331 maxime
2721 1294 2819 1347 per
2844 1295 3062 1337 carnem
3085 1285 3457 1356 dispensatam

1880 1356 1947 1410 ab
1976 1374 2063 1423 eo,
2096 1360 2326 1416 salutem
2387 1363 2670 1419 hominum
2718 1372 3165 1438 comprehensuri
3216 1394 3453 1436 eramus.

1880 1448 1947 1501 Et
1976 1449 2116 1505 sicut
2136 1468 2242 1507 non
2266 1455 2441 1508 solum
2470 1466 2671 1526 pastor,
2700 1461 2794 1514 sed
2827 1472 2882 1516 et
2913 1465 3050 1528 ovis,
3083 1477 3138 1522 et
3179 1473 3453 1537 sacerdos,

1882 1550 1937 1594 et
1959 1542 2157 1597 ostium
2183 1544 2386 1600 dicitur
2425 1564 2438 1601 :
2482 1558 2667 1617 pastor
2698 1552 2939 1620 quidem,
2976 1558 3145 1626 utqui
3178 1560 3456 1616 hominem

1882 1636 2151 1691 convertit
2205 1638 2322 1693 sive
2370 1640 2588 1695 reduxit
2632 1655 2952 1712 errantem;
2985 1649 3108 1704 ovis
3154 1664 3356 1719 autem,
3396 1665 3457 1709 ut

1882 1726 1971 1794 qui
2002 1742 2099 1796 pro
2134 1730 2290 1785 nobis
2312 1733 2639 1788 sacriﬁcium
2672 1735 2848 1792 factus
2868 1749 2989 1806 est;
3024 1746 3276 1799 sacerdos
3304 1762 3453 1811 vero,

1885 1826 1946 1871 ut
1973 1818 2064 1888 qui
2110 1823 2462 1892 semetipsum
2493 1826 2707 1892 obtulit,
2759 1830 2958 1883 ostium
3011 1841 3217 1897 autem,
3260 1846 3319 1889 ut
3357 1839 3453 1905 qui

1885 1909 2021 1962 viam
2042 1910 2196 1965 nobis
2215 1914 2451 1969 ostendit
2466 1916 2708 1972 scientiae
2729 1935 2744 1985 ;
2768 1919 2844 1972 sic
2866 1919 2984 1989 ejus
3008 1924 3284 1992 prepheta:
3301 1928 3458 1982 multi

1881 2002 2289 2059 similitudinem
2321 2007 2579 2073 afferunt,
2617 2020 2672 2066 et
2712 2013 3010 2083 unicuique
3045 2017 3296 2083 quaedam
3338 2035 3459 2074 ere-

1880 2095 1991 2149 dita
2023 2107 2170 2163 sunt,
2206 2106 2265 2152 ut
2293 2109 2493 2155 nostra:
2519 2103 2941 2173 dispensationis
2965 2107 3293 2176 significaret
3322 2126 3458 2180 ope-

1879 2188 2169 2244 rationem.
2204 2190 2339 2247 Hinc
2365 2193 2490 2262 quia
2516 2194 2632 2263 ipse
2662 2204 2780 2249 erat
2807 2195 2898 2265 qui
2929 2198 3163 2268 ungebat
3197 2214 3311 2266 eos,
3342 2201 3460 2270 ipse

1879 2282 1970 2350 qui
2003 2286 2325 2353 ungebatur,
2359 2302 2569 2356 ungens
2606 2289 2774 2342 verbo
2801 2289 3121 2355 divinitatis,
3153 2294 3456 2349 secundum

1879 2389 2041 2444 quam
2068 2376 2118 2428 ei
2148 2376 2330 2429 omnia
2350 2379 2658 2432 communia
2684 2394 2806 2435 cum
2836 2382 2992 2436 Patre
3016 2392 3070 2437 et
3100 2382 3303 2453 Spiritu
3331 2396 3461 2441 sunt

1879 2481 1909 2519 a
1937 2480 2046 2534 quo
2092 2466 2219 2537 ungi
2266 2467 2467 2522 dicitur
2498 2469 2655 2537 (nam
2693 2469 2858 2525 David
2917 2482 3129 2542 patrem
3160 2487 3459 2546 ungentem

1880 2553 2031 2618 dixit,
2056 2570 2180 2609 cum
2207 2555 2283 2609 ait
2310 2574 2321 2608 :
2350 2556 2635 2625 Propterea
2654 2562 2802 2613 unxit
2831 2570 2879 2615 te
2894 2561 3056 2629 Dens,
3087 2563 3226 2619 Deus
3254 2577 3372 2621 tuus
3391 2569 3457 2634 ’°;

1880 2645 2046 2700 Isaias
2074 2640 2255 2700 antem
2299 2649 2611 2703 unctionem
2645 2650 2764 2705 Filii
2808 2652 2878 2706 ad
2937 2654 3198 2724 Spiritum
3251 2660 3458 2725 retulit,

1879 2737 2105 2793 dicens:
2143 2738 2375 2809 Spiritus
2430 2740 2639 2795 Domini
2688 2760 2845 2813 super
2899 2762 3005 2812 me,
3057 2764 3116 2801 eo
3140 2752 3278 2819 quod
3308 2754 3461 2807 unxit

1882 2847 1962 2884 me
1991 2832 2058 2885 ’⁷.
2089 2831 2220 2897 Quae
2247 2843 2427 2888 autem
2460 2834 2621 2888 Pater
2639 2843 2696 2890 et
2744 2834 3003 2906 Spiritus,
3039 2840 3155 2896 haec
3182 2842 3372 2897 eadem
3404 2854 3462 2900 et

1881 2924 2048 2978 Filius
2078 2922 2401 2996 facit);ergo
2427 2928 2633 2981 ratione
2654 2929 2954 2985 divinitatis
3000 2931 3116 3001 ipse
3146 2942 3230 2988 est
3256 2946 3460 2991 semet-

1882 3019 2056 3085 ipsum
2116 3033 2343 3087 ungens,
2369 3027 2424 3073 et
2452 3019 2564 3087 ipse
2587 3029 2669 3073 est
2692 3020 2781 3088 qui
2814 3021 3032 3091 ungitur
3053 3023 3461 3093 dispensatione

1882 3109 2259 3163 humanitatis.
2311 3108 2573 3165 Similiter
2632 3111 2794 3167 offert
2826 3122 2880 3167 et
2926 3113 3155 3169 offertur
3185 3133 3198 3169 :
3225 3118 3369 3173 unde
3403 3132 3462 3174 et

1485 3202 1779 3297 ’,ὀκνηέῶ
1809 3230 1851 3289 c
1886 3202 2072 3257 Daniel
2100 3203 2343 3257 oblatum
2368 3204 2518 3257 illum
2540 3204 2757 3274 quidem
2783 3205 2948 3272 videt,
2974 3223 3081 3263 non
3118 3209 3251 3264 vidit
3272 3220 3458 3265 autem

1883 3295 1973 3363 qui
2008 3312 2133 3350 eum
2164 3297 2384 3360 obtulit,
2444 3298 2569 3366 quia
2629 3298 2744 3367 ipse
2796 3307 2931 3364 erat,
2960 3301 3053 3369 qui
3103 3302 3459 3372 semetipsum

1881 3385 2163 3440 offerebat.
2196 3387 2335 3456 Ergo
2368 3397 2425 3441 ut
2449 3388 2689 3442 salvetur
2715 3387 3010 3459 ﬁgurarum
3052 3391 3273 3456 veritas,
3304 3392 3460 3463 ungit

1880 3477 2095 3546 quidem
2126 3486 2181 3531 et
2210 3477 2369 3532 offert
2406 3477 2636 3548 Moyses,
2664 3478 2956 3549 imaginem
2987 3489 3043 3533 et
3093 3481 3212 3550 ipse
3252 3480 3457 3537 Christi

1880 3586 2095 3640 gerens,
2129 3571 2195 3625 de
2243 3587 2352 3640 quo
2382 3571 2586 3627 Judazis
2631 3573 2883 3627 dicebat:
2944 3572 3263 3643 Prophetam
3314 3577 3457 3631 vobis

1879 3662 2151 3715 suscitabit
2189 3660 2443 3716 Dominus
2478 3663 2541 3715 de
2594 3663 2847 3732 fratribus
2886 3664 3067 3716 vestris
3096 3664 3229 3718 sicut
3278 3682 3360 3720 me
3386 3667 3452 3719 ³⁸.

1881 3753 2037 3820 Quod
2066 3754 2332 3808 Dominus
2380 3754 2445 3808 ad
2482 3755 2839 3824 semetipsum
2893 3756 3140 3810 referens
3199 3758 3454 3813 dicebat:

1879 3844 1937 3899 Si
1964 3847 2240 3901 crederetis
2273 3845 2461 3917 Moysi,
2491 3849 2767 3901 crederetis
2802 3850 2979 3917 utique
3011 3859 3059 3902 et
3090 3850 3238 3913 mihi,
3285 3852 3347 3903 de
3378 3868 3461 3906 me

1881 3940 2018 3991 enim
2050 3938 2137 3991 ille
2165 3940 2376 4006 scripsit
2412 3941 2479 3992 ’9.
2507 3940 2686 3993 Aaron
2720 3948 2902 3993 autem
2932 3940 3151 4002 iterum,
3202 3952 3259 3994 ut
3288 3942 3458 4012 ﬁgura

1880 4032 1993 4085 veri
2029 4032 2348 4094 sacerdotis,
2386 4032 2625 4101 ungitur,
2668 4044 2721 4085 et
2747 4043 2936 4100 aperta
2972 4042 3055 4086 est
3084 4033 3228 4087 illius
3282 4035 3459 4103 imago

1880 4121 2145 4193 mysterii.
2186 4121 2441 4192 Aspergit
2465 4137 2592 4192 ergo
2623 4121 2833 4192 Moyses
2861 4122 3057 4183 altare,
3090 4138 3290 4191 corpus
3306 4124 3460 4176 vide-

1880 4215 2007 4268 licet
2028 4213 2391 4277 Dominicum,
2426 4212 2625 4280 septies
2657 4230 2668 4265 :
2698 4214 2826 4281 quia
2857 4213 3067 4267 Domini
3104 4213 3311 4277 unctio,
3347 4193 3482 4268 tota)

1880 4316 1957 4358 εει
1997 4302 2233 4372 Spiritus
2256 4301 2562 4372 plenitudo,
2587 4301 2678 4370 qui
2716 4302 2769 4355 in
2797 4312 3006 4371 septem
3048 4302 3460 4371 operationibus

1880 4396 2215 4465 designatur,
2282 4394 2744 4463 quemadmodum
2798 4393 2966 4449 Isaias
2996 4394 3131 4449 dixit
3164 4394 3234 4447 ³⁸³.
3293 4393 3462 4465 Ungit

1879 4497 2060 4543 autem
2096 4497 2153 4542 et
2198 4486 2384 4541 omnia
2410 4503 2535 4541 vasa
2589 4488 2729 4557 ejus,
2783 4497 2894 4541 tam
2946 4488 3242 4557 apostolos,
3293 4504 3457 4556 quam

1812 4590 1852 4649 Β
1881 4596 1975 4634 eos
2007 4561 2098 4648 qui
2148 4579 2230 4633 eis
2278 4579 2332 4631 in
2366 4587 2574 4633 tantum
2603 4580 2852 4634 similiter
2894 4580 3107 4646 vivunt,
3160 4589 3217 4633 ut
3263 4580 3459 4633 domus

1881 4672 2103 4737 Christi,
2137 4682 2193 4726 et
2223 4689 2351 4728 vasa
2402 4682 2551 4727 recte
2584 4673 2955 4727 nominentur.
2995 4673 3083 4727 Sic
3110 4681 3165 4727 et
3193 4672 3459 4725 Dominus

1881 4764 2109 4818 Paulum
2157 4764 2383 4831 eligens,
2438 4763 2665 4817 Ananiae
2727 4762 2910 4816 dixit:
2981 4763 3139 4828 Vade,
3185 4763 3311 4831 quia
3368 4778 3460 4815 vas

1882 4856 2146 4910 electionis
2170 4856 2296 4909 mihi
2324 4865 2397 4909 est
2428 4857 2549 4913 iste.
2582 4865 2638 4907 ut
2669 4864 2837 4924 portet
2862 4871 3049 4908 nomen
3077 4872 3250 4909 meum
3277 4872 3461 4909 coram

1882 4944 2139 5015 gentibus,
2173 4955 2222 4998 et
2248 4945 2477 5015 regibus,
2520 4954 2568 4998 et
2594 4945 2725 5013 ﬁliis
2755 4944 2932 4998 Israel
2964 4945 3031 4999 “.
3053 4945 3369 5000 Sanctificat
3394 4955 3450 5000 et

1883 5036 2139 5098 luterem,
2162 5035 2277 5090 sive
2302 5036 2535 5101 labrum,
2578 5036 2854 5105 baptisma
2889 5035 3144 5092 videlicet
3177 5052 3303 5091 cum
3338 5037 3457 5093 basi

1882 5142 2000 5190 sua,
2036 5141 2134 5195 per
2152 5140 2315 5195 quam
2352 5126 2703 5196 intelligimus
2730 5126 3129 5196 paenitentiam.
3159 5126 3460 5198 Supposita
3518 5204 3521 5207 δ

1882 5228 1968 5271 est
2001 5217 2331 5278 autem,haec
2356 5217 2689 5287 baptismati,
2724 5220 2849 5287 quia
2891 5219 3118 5288 gratiam
3148 5218 3267 5289 ejus
3296 5235 3459 5290 quam

1883 5324 2028 5379 saepe
2063 5318 2250 5364 nostro
2283 5309 2512 5364 facimus
2541 5310 2775 5364 titubare
2821 5310 3125 5377 mendacio,
3156 5325 3258 5381 per
3286 5312 3464 5381 poeni—

1883 5402 2112 5456 tentiam
2136 5401 2479 5471 eorrigimus,
2510 5411 2566 5456 et
2588 5401 2860 5456 inicimus.

1948 5494 2015 5547 Et
2041 5494 2436 5547 tabernaculum
2468 5510 2588 5568 cum
2617 5494 2759 5547 omni
2794 5493 3113 5562 supellectile
3139 5511 3236 5548 sua
3259 5496 3463 5547 sancti-

1879 5585 2075 5653 ficavit.
2115 5584 2553 5640 Sanctificatione
2579 5586 2724 5639 enim
2747 5595 2957 5654 nostra,
2986 5600 3221 5655 superna
3243 5597 3462 5654 quoque

1878 5785 1924 5816 ἰ
1953 5785 2111 5839 Joan.
2146 5800 2256 5845 xiv,
2294 5783 2347 5838 9.
2419 5786 2463 5818 ’⁸
2493 5782 2633 5839 Osce
2676 5801 2770 5849 xu,
2808 5785 2892 5841 10.
2974 5783 3018 5815 ⁸⁸
3053 5782 3200 5839 Psal.
3225 5798 3371 5850 xuv,
3400 5782 3455 5839 8.

686 5855 731 5895 ’³
767 5864 926 5918 Deut.
951 5877 1106 5926 xvut,
1140 5860 1224 5914 l5.
1304 5858 1348 5891 ²⁹
1371 5856 1531 5913 Joan.
1559 5874 1610 5925 v,
1637 5858 1723 5912 46.
1774 5938 1777 5939 ν

1879 5855 1979 5911 lsa.
2006 5871 2083 5921 χι,
2121 5856 2169 5919 1,
2203 5856 2255 5907 2.
2330 5856 2373 5888 ³¹
2403 5858 2525 5911 Act.
2556 5871 2627 5920 ix,
2658 5855 2742 5908 15.
