3946 6466
523 412 629 478 879

1713 401 2075 463 HESYCHII
2111 402 2585 463 PRESBYTERI

3688 395 3791 459 880

522 527 772 578 creatura
800 512 1121 587 participata
1149 519 1252 579 est,
1276 525 1399 582 quae
1422 519 1611 567 saneta
1638 511 1861 582 quidem
1910 510 2012 566 fuit
2047 517 2102 566 et
2131 531 2176 587 Α
2203 514 2444 585 guinem,
2481 523 2538 569 et
2587 511 2759 567 tincto
2784 509 2974 581 digito,
3012 506 3189 580 tetigit
3218 518 3426 563 cornua
3461 502 3667 559 altaris
3698 521 3793 573 per

523 622 705 675 antea,
747 608 842 664 sed
872 604 1133 676 majorem
1159 602 1647 659 sanctiﬁcationem
1670 602 1862 672 adepta
1893 611 1976 657 est
2004 616 2101 672 per

525 715 749 759 carnem
778 699 1142 763 Dominicam,
1195 710 1358 766 quam
1389 696 1626 767 sumpsit
1669 711 1736 750 ex
1765 694 1945 749 nobis.
1982 693 2102 749 Non

526 803 714 850 autem
764 790 1056 845 ridiculum
1108 788 1360 865 videatur
1408 787 1554 858 quod
1613 786 1831 852 dicitur,
1864 784 1991 855 quia
2038 799 2104 839 ea

526 900 651 956 qua:
682 883 739 937 in
768 881 927 937 nobis
948 879 1087 935 facta
1105 888 1210 946 est,
1242 878 1675 933 sanctiﬁcatione
1702 891 1959 948 superna,
1977 891 2106 946 par-

530 978 749 1048 ticipata
782 984 868 1029 est
894 982 1164 1036 creatura,
1195 982 1484 1042 postquam
1512 986 1829 1027 concessam
1860 969 2019 1025 nobis
2050 969 2107 1024 in

528 1070 749 1126 Christo
790 1066 1109 1138 participata
1150 1074 1257 1127 est,
1313 1064 1564 1128 scientia,
1600 1064 1744 1134 quod
1789 1063 2105 1118 manifestat

528 1162 729 1220 Paulus
758 1160 946 1215 dicens
976 1176 990 1212 :
1029 1156 1095 1212 Ut
1126 1167 1307 1211 notum
1336 1157 1482 1227 ﬁeret
1507 1156 1848 1228 principibus,
1887 1164 1937 1209 et
1961 1165 2108 1227 pote-

528 1252 751 1309 statibus
806 1251 863 1303 in
924 1249 1213 1304 aetatibus
1263 1265 1359 1318 per
1420 1247 1713 1303 Ecclesiam
1772 1245 2109 1318 multiformis

528 1342 803 1411 sapientire
838 1338 953 1405 Dei,
1007 1340 1295 1393 secundum
1342 1338 1732 1407 dispositionem
1774 1336 2106 1402 steculorum,

529 1450 691 1507 quam
725 1432 847 1505 fecit
883 1432 939 1485 in
969 1430 1177 1487 Christo
1206 1429 1331 1484 Jesu
1370 1427 1595 1483 Domino
1652 1438 1831 1483 nostro
1861 1427 1928 1483 ".
1970 1426 2110 1498 Ergo

529 1543 630 1598 per
698 1525 1000 1580 Ecclesiam
1073 1523 1323 1595 superior
1382 1530 1634 1599 creatura
1688 1520 1914 1591 majoris
1990 1535 2112 1590 par-

532 1620 710 1689 tireps
733 1616 937 1672 eﬁ‘ecta
987 1624 1073 1671 est
1116 1614 1381 1683 scientiae,
1439 1612 1707 1684 siquidem
1760 1613 1881 1685 ejus
1910 1613 2112 1669 sancti-

530 1711 715 1767 ﬁcatio
735 1719 883 1781 justa
904 1709 1049 1764 dicta
1072 1716 1177 1762 est.

609 1799 766 1856 Vens.
803 1800 889 1854 i2.
929 1817 948 1851 ι
976 1798 1077 1863 Qui
1103 1796 1339 1852 fundens
1361 1810 1528 1867 super
1555 1803 1721 1867 caput
1740 1796 1923 1852 Aaron
1955 1794 2113 1851 unxit

533 1906 681 1954 eum,
707 1897 765 1946 et
784 1889 1145 1955 consecravit,
1170 1889 1285 1944 sive
1310 1888 1691 1945 sanctiﬁcavit.
1730 1907 1751 1942 ι
2143 1875 2184 1933 Β

602 1982 717 2038 Etsi
788 1981 991 2040 Christi
1042 1990 1225 2051 caput,
1278 1982 1582 2036 secundum
1629 1981 1782 2038 Pauli
1840 1981 2066 2037 verbum
2093 2022 2109 2050 ,

547 2072 803 2129 divinitas
841 2071 1182 2143 intelligitur,
1213 2086 1324 2126 non
1369 2070 1571 2139 frustra
1601 2081 1805 2139 tamen,
1834 2086 1937 2127 nec
1962 2082 2113 2127 extra

534 2165 806 2231 ordinem,
860 2165 917 2219 in
975 2165 1081 2220 hoc
1133 2165 1391 2236 mysterio
1441 2165 1740 2222 sacerdotis
1800 2166 1928 2238 ungi
1966 2181 2115 2221 nunc

535 2264 702 2326 caput
752 2254 1029 2326 legislator
1080 2254 1345 2324 scripsit:
1403 2263 1466 2311 ut
1518 2270 1934 2328 cognoscamus,
1979 2272 2115 2328 quo-

542 2349 715 2415 niam,
765 2348 1221 2418 quemadmodum
1250 2356 1415 2417 caput
1444 2362 1475 2403 a
1510 2350 1739 2419 pedibus
1789 2350 1960 2405 dividi
2003 2365 2114 2405 non

533 2450 733 2511 potest,
766 2440 844 2496 sic
877 2455 1054 2510 neque
1082 2438 1284 2495 Christi
1316 2440 1577 2497 divinitas
1646 2450 1772 2513 post
1809 2443 2115 2498 unitionem

533 2533 603 2588 ab
659 2532 999 2588 humanitate
1062 2532 1343 2588 dividitur.
1377 2533 1487 2590 Sed
1541 2534 1658 2590 sive
1703 2534 1832 2607 ungi
1879 2535 2112 2601 dicatur,

534 2627 649 2683 sive
677 2626 945 2699 generari,
978 2626 1097 2681 sive
1114 2628 1248 2697 pati,
1282 2626 1401 2683 sive
1435 2641 1741 2699 resurgere,
1769 2628 1885 2683 sive
1911 2624 2117 2682 assumi

533 2720 785 2783 dicimus,
815 2720 918 2775 hoc
961 2719 1306 2775 incarnatum
1339 2719 1580 2775 Verbum
1626 2734 1740 2775 non
1782 2718 2113 2784 dividentes,

535 2821 592 2868 et
619 2812 866 2868 dicentes
894 2811 1171 2868 hominem
1202 2812 1423 2884 quidem
1457 2820 1705 2878 unctum,
1735 2811 1906 2866 Deum
1930 2819 2116 2866 autem

534 2918 645 2959 non
672 2912 918 2967 unctum.
943 2904 1041 2959 sed
1079 2904 1245 2959 Deum
1273 2903 1525 2959 eumdem
1550 2902 1710 2957 simul
1738 2912 1795 2958 et
1815 2903 2113 2958 hominem.

536 2992 652 3050 Hoc
675 2994 825 3049 enim
853 3003 908 3049 et
942 2995 1110 3049 David
1140 2995 1259 3052 sine
1288 2995 1470 3064 aliqua
1500 2994 1783 3049 dubietate
1831 2994 2114 3065 approbat,

535 3102 663 3142 cum
691 3086 825 3141 dicit
856 3104 869 3141 :
902 3086 1005 3141 Sed
1031 3096 1146 3151 tua,
1174 3088 1337 3152 Deus,
1365 3087 1423 3140 in
1450 3086 1704 3141 steculum
1731 3086 1931 3150 saeculi,
1965 3087 2115 3157 virga

2202 621 2413 679 gyrum.
2447 604 2569 671 Quo
2596 606 2816 675 expiato
2846 610 2903 658 et
2948 599 3304 665 sanctiﬁcata,
3345 598 3487 654 fudit
3516 595 3794 665 reliquum

2203 697 2523 768 sanguinem
2580 696 2648 751 ad
2695 695 3050 750 fundamenta
3078 693 3220 762 ejus.
3281 690 3518 761 Adipem
3573 701 3799 758 quoque

2204 789 2298 860 qui
2328 796 2447 844 erat
2478 802 2642 857 super
2691 787 2896 851 vitalia,
2926 785 3328 853 reticulumque
3365 779 3601 852 iecoris,
3628 777 3798 831 duos-

2205 898 2312 953 que
2358 880 2710 943 renunculos,
2735 894 2858 934 cum
2889 877 3167 933 arvenulis
3202 876 3321 929 suis
3346 870 3603 928 adolevit
3634 884 3801 939 super

2206 974 2397 1039 altare,
2420 971 2649 1028 vitulum
2668 986 2790 1025 cum
2814 970 2975 1041 pelle,
3006 978 3063 1023 et
3076 983 3263 1032 carne,
3294 976 3350 1021 et
3378 964 3512 1019 ﬁmo
3535 973 3802 1017 cremaus

2208 1078 2359 1125 extra
2387 1074 2584 1129 castra,
2621 1064 2764 1119 sicut
2790 1070 3125 1133 praeceperat
3152 1060 3437 1114 Dominus.
3476 1074 3499 1108 ι

2277 1159 2409 1224 Quae
2433 1156 2702 1227 przedictae
2739 1153 3039 1208 sanationis
3071 1152 3143 1206 sit
3173 1151 3367 1215 virtus,
3424 1156 3481 1202 et
3512 1142 3804 1216 quomodo

2209 1250 2633 1321 unumquodque
2684 1248 2805 1319 ejus
2855 1245 3154 1317 capitulum
3184 1244 3241 1297 in
3293 1239 3577 1311 Unigeniti
3638 1236 3805 1291 sacri-

2213 1344 2399 1399 ﬁcium
2434 1343 2754 1413 accipiatur,
2802 1338 3133 1409 precedens,
3168 1335 3415 1391 continet
3451 1344 3672 1386 sermo.
3708 1327 3804 1382 Vi-

2212 1438 2362 1493 tulus
2405 1451 2504 1506 pro
2556 1442 2781 1505 peccato
2838 1428 3157 1493 sacerdotis,
3218 1426 3315 1492 sed
3358 1434 3415 1479 et
3453 1438 3562 1494 pro
3613 1418 3805 1490 populi

2210 1530 2632 1601 congregatione
2679 1523 2929 1579 oﬂertur.
2983 1520 3115 1587 Quae
3177 1516 3577 1585 intelligentcs,
3635 1518 3697 1563 et
3741 1521 3803 1560 ea

2213 1640 2335 1695 qua:
2371 1637 2521 1677 nunc
2568 1620 2713 1675 dicta
2772 1624 2921 1681 sunt,
2968 1614 3134 1684 plene
3183 1605 3519 1665 intellecturi
3581 1616 3802 1695 sumus.

2212 1694 2342 1774 Haec
2385 1726 2567 1771 autem
2601 1726 2751 1767 nunc
2803 1708 3055 1771 dicimus,
3084 1719 3205 1775 quae
3260 1701 3372 1757 sola
3408 1700 3476 1755 de
3506 1694 3807 1751 sanctione

2213 1812 2498 1865 immutata
2532 1813 2660 1862 sunt
2693 1821 2707 1857 :
2739 1802 2810 1857 ibi
2843 1800 2988 1856 enim
3022 1800 3207 1853 Aaron
3266 1795 3555 1864 imponere
3601 1800 3804 1842 atauus

2214 1902 2406 1963 vitulo,
2452 1899 2542 1956 hic
2592 1905 2772 1953 autem
2801 1902 2856 1949 et
2901 1892 3042 1947 ﬁlios
3091 1890 3212 1959 ejus
3272 1901 3385 1942 non
3434 1883 3651 1937 frustra
3699 1879 3805 1932 hoc

2212 1995 2548 2054 custodiens.
2578 1989 2673 2046 sed
2689 1988 2853 2044 etiam
2877 1996 3070 2040 unctos
3085 1980 3322 2050 scripsit.
3354 1974 3593 2043 Quando
3614 1982 3803 2026 autem

2212 2094 2269 2144 et
2298 2100 2401 2140 nos
2429 2081 2702 2153 ungimur,
2737 2086 2793 2133 et
2822 2074 3103 2131 efferimur
3140 2065 3472 2139 baptismati,
3507 2062 3653 2119 socii
3698 2061 3806 2114 Duc

2212 2175 2427 2233 minicze
2474 2172 2737 2228 efﬁcimur
2788 2164 3081 2238 passionis,
3128 2161 3288 2232 cujus
3318 2158 3457 2231 gerit
3499 2155 3805 2227 imaginem

2213 2270 2504 2342 baptisma,
2538 2263 2685 2337 quod
2731 2261 2897 2317 etiam
2943 2257 3145 2313 docent
3201 2253 3319 2307 haec
3372 2248 3530 2304 Pauli
3584 2245 3799 2344 verba:

2214 2360 2517 2428 Quicunque
2564 2354 2705 2410 enim
2756 2352 2813 2405 in
2880 2346 3086 2404 Christo
3134 2342 3391 2411 baptizati
3462 2353 3681 2428 sumus,
3744 2342 3799 2386 in

2214 2461 2380 2509 morte
2406 2450 2571 2520 ipsius
2594 2442 2850 2515 baptisati
2873 2455 3073 2501 sumus,
3133 2431 3422 2503 consepulti
3457 2445 3583 2500 ergo
3632 2427 3683 2481 ei
3710 2442 3800 2494 per

2215 2546 2533 2616 baptismum
2561 2541 2618 2594 in
2643 2546 2865 2593 mortem
2895 2549 3010 2603 ejus
3033 2532 3100 2586 ⁸⁸.
3132 2524 3454 2583 Necessarie
3485 2522 3586 2577 ﬁlii
3612 2521 3802 2573 Aaron

2215 2614 2480 2697 sacriﬁcio
2532 2648 2726 2689 manus
2771 2644 2897 2685 cum
2932 2627 3043 2682 sint
3072 2624 3123 2679 ei
3161 2617 3660 2679 communicantes,
3685 2614 3789 2668 imo

2214 2737 2449 2878 p033:
2475 2818 2661 2874 18-21.
2700 2834 2717 2866 ι
2747 2811 2955 2869 Obtulit
2981 2818 3035 2865 et
3055 2808 3282 2864 arietem
3299 2806 3355 2860 in
3390 2803 3795 2860 holocaustum,

2217 2931 2381 2987 super
2427 2914 2585 2983 cujus
2611 2918 2777 2979 caput
2804 2920 2928 2962 cum
2974 2901 3365 2972 imposuissent
3392 2897 3574 2950 Aaron
3603 2902 3663 2947 et
3698 2890 3793 2943 ﬁlii

2218 3011 2339 3081 ejus
2397 3022 2594 3062 manus
2644 3017 2792 3067 suas,
2845 2995 3146 3053 immolavit
3172 3008 3321 3055 eum,
3369 2997 3425 3045 et
3470 2987 3619 3042 fudit
3663 2998 3792 3084 san-

2219 3102 2437 3176 guinem
2465 3098 2585 3168 ejus
2610 3111 2708 3166 per
2742 3091 2926 3148 altaris
2954 3086 3263 3151 circuitum,
3307 3083 3599 3152 ipsumque
3647 3090 3789 3130 aric-

537 3188 678 3233 recta
708 3187 804 3243 est,
835 3180 984 3249 virga
1010 3181 1154 3250 regni
1179 3180 1277 3234 tui.
1311 3178 1558 3233 Dilexisti
1574 3178 1848 3249 justitiam
1880 3189 1931 3234 et
1957 3176 2117 3234 odisti
2143 3230 2186 3291 ϐ
2362 3207 2460 3266 ρετ
2485 3191 2656 3246 frusta
2709 3185 3023 3247 concidens,
3068 3188 3232 3249 caput
3283 3176 3420 3246 ejus,
3445 3184 3499 3228 ct
3525 3179 3699 3232 artus,
3736 3174 3788 3219 et

536 3269 872 3342 iniquitatem
901 3287 916 3326 :
957 3278 1232 3341 propterea
1263 3272 1409 3326 unxit
1439 3281 1489 3326 te
1532 3271 1690 3337 Deus,
1735 3270 1875 3325 Deus
1905 3282 2024 3326 tuus
2049 3271 2112 3324 ⁸⁸.

535 3364 733 3419 Cernis
760 3362 932 3419 Deum
961 3364 1064 3418 dici
1094 3364 1185 3434 qui
1211 3373 1410 3419 unctus
1439 3372 1542 3427 est,
1566 3364 1692 3434 quia
1720 3364 1905 3419 omnia
1940 3362 2119 3419 carnis

539 3468 654 3510 sum
674 3454 1025 3511 manifestum
1047 3465 1132 3511 est
1167 3456 1311 3527 quod
1332 3456 1658 3527 sibimetipsi
1680 3456 1773 3527 qui
1796 3456 2117 3510 incarnatus

538 3554 644 3613 est,
677 3547 940 3603 vindicat.
981 3548 1115 3614 Quae
1160 3549 1308 3603 enim
1355 3558 1410 3604 et
1441 3551 1562 3620 ejus
1599 3558 1716 3605 erat
1767 3549 1974 3614 unctio,
2013 3547 2120 3604 nisi

538 3638 764 3693 omnino
793 3639 910 3709 ipsa
945 3639 1297 3695 incarnatio?
1347 3638 1660 3697 Secundum
1704 3641 1852 3696 hunc
1890 3644 2117 3695 modum

541 3738 711 3801 caput
778 3730 1135 3802 intelligibilis
1191 3731 1493 3787 sacerdotis
1557 3732 1866 3804 angebatur
1908 3740 1965 3786 et
2004 3731 2121 3801 ipse

538 3821 1003 3877 sanctiﬁcabatur.

610 3912 775 3969 Vens.
812 3915 899 3969 15.
940 3934 959 3967 ι
982 3914 1147 3970 Filios
1169 3929 1387 3985 quoque
1409 3915 1528 3985 ejus
1548 3914 1758 3970 oblatos
1786 3913 2001 3970 vestivit
2042 3924 2121 3969 tu-

538 4004 676 4060 nicis
703 4005 864 4061 lineis
884 4014 939 4061 et
964 4006 1133 4061 cinxit
1160 4007 1400 4072 baltheo,
1432 4006 1798 4077 imposuitque
1821 4007 2028 4072 mitras,
2063 4015 2122 4061 ut

533 4095 773 4167 iusserat
811 4096 1092 4151 Dominus.
1124 4115 1145 4148 ι

611 4187 837 4243 Tunicae
864 4189 991 4243 ﬁliis
1015 4190 1221 4253 Aaron,
1249 4189 1457 4245 similes
1482 4188 1684 4255 Aaron,
1724 4198 1780 4246 et
1815 4204 1987 4256 zonae,
2022 4205 2121 4246 seu

538 4280 742 4335 balthei
770 4281 998 4345 similes,
1025 4291 1080 4336 et
1108 4282 1330 4353 cydares
1359 4283 1474 4338 sive
1503 4283 1680 4338 mitrae
1741 4282 2118 4352 imponuntur.

539 4368 723 4440 Ipsum
753 4371 901 4425 enim
924 4371 1177 4433 induunt,
1208 4373 1326 4442 ipso
1352 4374 1668 4445 cinguntur,
1691 4373 1869 4444 ipsum
1904 4382 2123 4443 portant

538 4460 595 4515 in
624 4461 820 4532 capite,
855 4462 998 4517 unde
1018 4472 1073 4518 et
1103 4463 1302 4519 Paulus
1326 4465 1496 4520 dicit:
1530 4463 1676 4520 State
1703 4468 1973 4545 praecincti;
1986 4466 2123 4520 lum-

2220 3291 2440 3362 adipem
2475 3282 2714 3342 adolevit
2744 3280 2876 3352 igni,
2919 3278 3044 3333 lotis
3089 3274 3243 3346 prius
3278 3267 3578 3362 intestinis,
3607 3274 3790 3362 etpe-

2216 3356 2381 3439 dibus
2407 3386 2692 3446 totumque
2721 3369 2884 3429 simul
2902 3367 3126 3423 arietem
3162 3361 3411 3419 incendit
3437 3373 3605 3430 super
3626 3356 3793 3410 altare

2218 3488 2285 3529 eo
2313 3470 2458 3543 quod
2492 3476 2637 3524 esset
2683 3465 3061 3521 holocaustum
3108 3452 3418 3511 suavissimi
3450 3449 3637 3509 odoris
3687 3447 3788 3502 Do-

2220 3564 2374 3629 mini,
2401 3563 2545 3619 sicut
2574 3561 2910 3631 przeceperat
2934 3551 3216 3607 Dominus.
3252 3566 3271 3600 ι

2289 3658 2409 3713 Non
2445 3668 2617 3709 unum
2637 3651 2800 3706 nobis
2827 3654 3040 3702 tantum
3072 3648 3376 3713 peccatum,
3402 3635 3499 3692 sed
3529 3632 3697 3691 multa
3726 3644 3787 3683 es

2217 3744 2496 3817 Unigeniti
2525 3739 2796 3798 sacriﬁcio
2818 3744 2948 3792 sunt
2976 3724 3207 3795 donata,"
3229 3730 3284 3786 id
3313 3736 3400 3784 est
3427 3725 3597 3781 totius
3627 3736 3789 3795 gene-

2218 3839 2296 3895 ris
2325 3835 2549 3893 humani
2582 3829 2834 3888 remissio
2862 3845 2876 3882 :
2906 3827 3014 3883 vita
3046 3826 3101 3879 in
3144 3820 3493 3895 philosophia
3530 3818 3786 3888 perfecta,

2218 3940 2274 3986 et
2323 3926 2615 4001 singularis
2643 3922 3030 3995 mysteriorum
3059 3916 3189 3971 novi
3248 3911 3560 3970 testamenti
3618 3910 3788 4001 intro-

2218 3999 2434 4088 ductio,
2456 4019 2522 4074 ad
2552 4030 2783 4087 quorum
2809 4010 3142 4080 exemplaria
3176 4016 3231 4062 et
3261 4006 3460 4076 ﬁguras
3507 3999 3784 4060 sacriﬁcia,

2217 4128 2339 4183 quae
2387 4123 2633 4182 personae
2668 4106 3014 4175 assignantur
3061 4098 3351 4171 pontiﬁcis,
3407 4096 3783 4151 oﬁerebantur,

2219 4204 2455 4260 maxime
2486 4201 2730 4256 umbram
2778 4194 3103 4256 caelestium,
3137 4206 3236 4261 per
3282 4204 3346 4244 ea
3374 4204 3496 4258 qua:
3548 4187 3601 4240 in
3632 4184 3783 4239 terris

2218 4297 2543 4366 agebantur,
2568 4288 2933 4347 ostendentia.
2966 4284 3121 4353 Quod
3147 4282 3459 4339 manifestat
3490 4280 3683 4335 Paulus
3712 4277 3783 4331 sic

2220 4390 2289 4445 de
2318 4376 2547 4445 Domino
2578 4384 2768 4439 dicens
2797 4398 2811 4435 :
2847 4378 2906 4435 Si
2935 4379 3075 4433 enim
3103 4385 3233 4430 esset
3263 4390 3420 4445 super
3449 4382 3660 4431 terram,
3699 4382 3782 4423 nec

2220 4488 2350 4535 esset
2396 4476 2661 4538 sacerdos,
2692 4489 2809 4527 cum
2858 4477 3026 4525 essent
3078 4468 3169 4538 qui
3221 4466 3461 4535 offerrent
3508 4460 3781 4516 secundum

542 4554 632 4607 bos
666 4562 865 4606 uestros
908 4553 963 4607 in
1001 4555 1243 4617 veritate,
1272 4555 1475 4611 veritas
1507 4563 1692 4611 autem
1725 4555 1978 4611 Christus
2005 4574 2018 4611 :
2049 4557 2120 4611 Et
2150 4574 2197 4633 υ
2225 4574 2385 4643 legem
2422 4585 2641 4624 munem
2691 4567 2781 4636 qui
2826 4561 3116 4632 exemplari
3158 4568 3208 4615 et
3256 4559 3456 4612 umbra:
3499 4554 3779 4611 deserviunt

540 4643 715 4699 induti
768 4643 935 4699 lorica
970 4645 1292 4714 justitire“,
1343 4648 1520 4716 ipsum
1555 4656 1739 4703 autem
1792 4648 1884 4718 qui
1944 4645 2157 4704 factus’

534 4746 627 4793 est
650 4737 808 4792 nobis
842 4753 875 4792 a
910 4738 1021 4792 Deo
1053 4738 1318 4807 sapientia
1345 4746 1400 4792 et
1434 4738 1666 4809 justitia.
1698 4738 1809 4794 Sed
1860 4749 1917 4795 et
1971 4740 2122 4813 galea

540 4842 643 4883 nos
676 4828 869 4883 salutis
900 4826 1104 4884 Paulus
1147 4830 1296 4883 indui
1331 4831 1589 4901 praecepit
1620 4848 1634 4885 :
1680 4830 1935 4887 Christus
1972 4832 2121 4887 enim

539 4918 778 4973 salutare
830 4926 935 4986 est,
995 4920 1135 4974 sicut
1167 4919 1398 4992 Symeon
1432 4921 1753 4978 testiﬁcatus
1792 4929 1918 4977 est:
1971 4922 2126 4977 Nunc

541 5008 765 5062 dimittis
823 5025 1030 5063 seruum
1064 5020 1234 5077 tuum,
1292 5010 1539 5077 Domine,
1570 5013 1858 5067 secundum
1912 5014 2124 5069 verbum

544 5105 696 5152 tuum
748 5100 804 5153 in
857 5116 1007 5169 pace,
1050 5103 1174 5172 quia
1230 5103 1473 5157 uiderunt
1529 5103 1668 5158 oculi
1726 5106 1829 5159 mei
1884 5103 2127 5159 saiutare

544 5198 713 5244 tuum.
744 5188 1066 5262 Quicunque
1086 5193 1232 5249 enim
1276 5194 1496 5251 Christo
1525 5196 1848 5262 induuntur,
1880 5212 1977 5268 per
1996 5213 2124 5253 eum

543 5288 597 5336 et
623 5280 836 5337 Patrem
858 5284 1178 5341 induuntur.

614 5371 779 5429 Vsus.
814 5374 1001 5434 H-l‘l.
1048 5395 1066 5429 ι
1094 5375 1304 5433 Obtulit
1334 5387 1391 5434 et
1422 5378 1677 5453 ,vitulum
1728 5395 1829 5450 pro
1870 5390 2119 5451 peccato,

543 5480 783 5537 cumque
812 5483 977 5538 super
1007 5479 1171 5541 caput
1200 5472 1322 5542 ejus
1362 5472 1676 5542 posuissent
1713 5472 1891 5527 Aaron
1940 5482 1997 5528 et
2027 5472 2121 5527 ﬁlii

543 5556 665 5628 ejus
702 5574 897 5615 manus
930 5577 1076 5630 suas,
1134 5562 1442 5618 immolavit
1492 5578 1641 5632 eum,
1672 5564 1934 5621 hauriens
1995 5580 2122 5621 san-

619 5760 669 5835 '_‘_
694 5760 894 5835 Ephes.
929 5778 1015 5829 nt,
1042 5767 1096 5835 9,
1131 5767 1219 5822 10.

551 5829 595 5863 ..
619 5766 894 5863 usus:
1042 5767 1096 5835 θ»
1131 5767 1219 5822 ιο·
1329 5766 1540 5824 "M-
1744 5770 1796 5837 ""
1819 5769 1875 5827 ⁸·

626 5828 915 5900 llebr.vttt,
944 5836 997 5889 4.

1987 5770 2034 5802 ³⁸
2056 5767 2258 5840 Ephes.
2294 5784 2371 5833 vt,
2410 5765 2494 5820 M.

2222 4664 2506 4720 caelestium
2536 4660 2602 4713 ³⁷.
2680 4655 2821 4711 Dicit
2840 4666 3023 4709 autem
3050 4667 3164 4716 eos,
3192 4649 3288 4720 qui
3318 4648 3371 4703 in
3404 4646 3606 4717 templo
3631 4644 3780 4699 Jeru—

2221 4753 2390 4808 salem
2421 4760 2553 4806 tunc
2586 4745 2961 4802 immolabant.
3001 4742 3140 4809 Quia
3167 4756 3299 4795 vero
3329 4738 3576 4810 depinxit
3624 4748 3781 4789 unum

2222 4851 2278 4900 et
2297 4842 2549 4899 eumdem
2577 4839 2879 4904 hominem,
2908 4834 3209 4899 sedentem,
3238 4840 3573 4896 currentem,
3600 4838 3651 4884 et
3670 4844 3781 4881 rur-

2224 4952 2320 4993 sus
2365 4942 2639 4995 stantem:
2673 4931 2989 4987 differentes
3039 4926 3204 4981 etiam
3232 4924 3579 4995 operationes
3611 4922 3780 4976 volens

2224 5042 2518 5100 exponere,
2543 5024 2719 5080 varias
2750 5022 2950 5094 ﬁguras
2977 5019 3046 5075 ad
3064 5015 3488 5088 unumquodque
3517 5014 3636 5086 ejus
3663 5025 3783 5082 opus

2226 5123 2471 5180 dividere
2516 5128 2665 5175 recte
2720 5113 3088 5185 compellitur.
3128 5112 3425 5177 Pr0ptcrea
3478 5107 3561 5162 lex
3592 5121 3781 5163 'sacer-

2227 5216 2433 5280 dotem,
2463 5213 2519 5266 in
2547 5209 2733 5266 multis
2764 5207 3054 5278 imaginem
3085 5204 3349 5259 ferentem
3391 5200 3629 5265 Domini,
3657 5214 3782 5253 nunc

2227 5307 2461 5363 vitulum
2491 5317 2595 5374 pro
2650 5300 2887 5373 peccatis
2918 5297 3222 5362 immolare,
3266 5303 3323 5349 et
3355 5304 3505 5350 extra
3542 5295 3781 5349 taberna-

2229 5399 2412 5454 culum
2470 5395 2763 5450 incenderc
2810 5390 3109 5462 praecepit:
3164 5389 3243 5444 sic
3282 5388 3429 5444 enim
3479 5396 3536 5444 et
3590 5382 3780 5441 Domini

2229 5490 2579 5556 sacriﬁcium,
2610 5489 2677 5543 ad
2730 5486 3063 5542 ablutionem
3113 5494 3327 5538 natura:
3353 5491 3556 5537 nostrae
3608 5494 3780 5552 pecca-

2231 5594 2411 5641 torum
2466 5582 2670 5638 factum
2713 5587 2818 5635 est.
2864 5577 3019 5632 Nunc
3065 5585 3248 5632 autem
3287 5576 3485 5630 iterum
3529 5575 3581 5630 ei
3632 5570 3781 5628 sacri-

2607 5762 2653 5795 "
2687 5761 2819 5817 Luc.
2853 5777 2913 5827 ιι,
2944 5761 3038 5827 29,
3082 5760 3174 5817 50.
3276 5760 3320 5793 ³⁸
3350 5759 3508 5815 Hom.
3550 5776 3624 5825 vt,
3653 5759 3702 5823 3,
3730 5757 3776 5814 4.
