4046 6412
167 470 287 539 881

1336 464 1417 526 IN
1453 462 1894 525 LEVITICUM.
1928 484 1993 496 -
2030 461 2177 521 LIB.
2221 461 2304 521 II.

3337 457 3443 522 882

171 593 369 648 ﬁcium
398 587 543 645 aliud
590 586 646 643 in
693 587 1010 643 holocausto
1070 585 1259 641 arietis
1316 581 1579 654 praecepit
1611 578 1760 636 ﬁeri.
1786 583 1836 641 Α
1930 576 2130 648 Aperte
2156 576 2275 631 haec
2294 575 2505 630 sanctio
2539 589 2730 630 eorum
2764 588 2886 645 quae
2914 571 3060 629 circa
3080 588 3183 629 nos
3208 582 3445 645 aguntur

170 684 493 741 Cruciﬁxus
532 681 679 737 enim
696 680 936 735 mundus
960 688 1017 734 et
1044 676 1367 733 renuntians
1395 673 1599 730 mundo
1622 686 1760 727 con-

174 777 445 842 versatio,
491 790 613 845 quae
654 783 739 829 est
786 774 1184 837 holocaustum,
1248 771 1525 827 Christum
1588 766 1756 822 habet

175 868 477 939 primitias,
500 866 885 935 doctoremque
913 872 969 920 et
1002 863 1331 934 exemplum,
1371 867 1591 931 propter
1619 855 1765 928 quod

178 959 360 1014 dixit:
401 957 502 1023 Qui
538 974 641 1011 non
679 957 872 1026 accipit
925 972 1150 1020 crucem,
1182 964 1231 1009 et
1258 953 1497 1025 sequitur
1525 966 1627 1015 me,
1662 964 1767 1002 non

180 1063 263 1107 est
297 1069 379 1106 me
406 1051 594 1122 dignus
614 1050 659 1082 ³⁸
685 1067 701 1117 ;
733 1050 785 1105 id
817 1057 921 1113 est,
956 1048 1148 1119 quisic
1169 1064 1280 1104 non
1303 1044 1583 1101 renuntiat
1606 1056 1768 1096 mun-

181 1146 281 1211 do,
316 1145 505 1199 sicuta
534 1158 621 1197 me
650 1142 701 1198 ei
747 1126 1005 1197 traditum
1051 1150 1154 1206 est,
1209 1141 1313 1195 hoc
1344 1146 1432 1193 est
1467 1136 1613 1192 enim
1637 1148 1767 1189 eum

182 1234 372 1304 sequi,
407 1249 514 1288 non
539 1240 623 1289 est
646 1248 732 1287 me
759 1233 978 1305 dignus.
1008 1230 1115 1287 Sed
1141 1231 1299 1302 cujus
1317 1229 1396 1285 rei
1425 1228 1597 1302 gratia
1626 1225 1770 1282 divi-

183 1322 344 1376 ditur
372 1321 745 1376 holocaustum
775 1322 798 1374 ?

262 1413 435 1468 Pedes
488 1423 664 1469 autem
710 1413 824 1484 ejus
876 1424 926 1469 et
964 1415 1235 1481 intestina,
1298 1413 1413 1469 sive
1467 1410 1771 1468 secundum

187 1504 360 1571 LXX,
403 1514 598 1571 venter,
632 1505 899 1562 larantur.
945 1505 1329 1578 lnterpretatio
1361 1506 1774 1561 holocautoma-

188 1598 283 1664 tis,
322 1614 447 1669 quae
484 1599 537 1653 in
566 1598 725 1653 initio
755 1599 879 1655 libri
904 1599 1043 1656 facta
1071 1608 1176 1664 est,
1226 1597 1560 1655 sullicienter
1589 1595 1775 1667 exple-

186 1691 314 1745 vit:
364 1692 510 1761 quod
562 1699 746 1746 autem
777 1692 1032 1748 immutat
1085 1691 1153 1746 de
1202 1690 1490 1757 sacriﬁcio,
1531 1688 1636 1743 hoc
1673 1702 1773 1741 ne-

186 1784 437 1838 cessarie
469 1783 689 1850 dicitur,
724 1784 849 1854 quia
886 1784 959 1839 ibi
1005 1784 1223 1855 quidem
1252 1793 1433 1853 partes
1470 1780 1586 1837 ﬁeri
1616 1780 1774 1835 obla-

190 1876 407 1930 tionum
439 1876 593 1942 dixit,
616 1892 817 1948 corpus
840 1892 939 1947 per
965 1878 1069 1932 hoc
1094 1875 1409 1948 signiﬁcans
1438 1883 1493 1930 et
1536 1874 1774 1928 animam

190 1967 399 2023 debere
423 1967 629 2031 oll'erri,
654 1969 709 2023 in
736 1970 894 2024 nobis
921 1978 1103 2024 autem
1142 1968 1226 2023 ha
1249 1967 1566 2029 divisiones,
1588 1972 1778 2035 utpote

190 2074 318 2127 qua:
370 2059 471 2113 sibi
505 2060 739 2114 invicem
767 2070 894 2116 sunt
922 2062 1233 2127 contrarias,
1278 2059 1583 2115 secundum
1627 2057 1775 2128 quod

192 2149 400 2204 Paulus
429 2150 523 2216 ait,
553 2151 907 2206 nominantur
933 2151 1014 2220 ³⁹;
1048 2152 1105 2207 in
1162 2152 1385 2207 Christo
1441 2160 1629 2206 autem
1666 2167 1778 2206 non

192 2251 327 2296 sunt
348 2242 664 2310 divisiones,
693 2243 970 2298 hominem
997 2243 1196 2315 quippe
1212 2244 1473 2299 mundum
1503 2259 1533 2298 a
1556 2253 1779 2314 peccato

194 2332 523 2388 incarnatus
553 2342 655 2399 est,
686 2333 779 2405 qui
808 2348 916 2389 non
938 2344 1022 2390 est
1051 2335 1258 2390 divisus
1294 2335 1350 2389 in
1376 2335 1632 2405 Operibus
1661 2351 1783 2390 car-

194 2422 310 2484 nis,
348 2422 547 2491 quibus
577 2423 898 2479 adversatur
928 2424 1174 2493 spiritus,
1214 2433 1436 2495 propter
1484 2424 1629 2493 quod
1680 2440 1784 2482 nec

196 2514 612 2569 divisionuinin
642 2530 708 2570 eo
774 2514 1041 2570 sacriﬁcio
1094 2517 1182 2570 lex
1253 2515 1572 2570 memoriam
1628 2515 1780 2571 fecit.

198 2606 308 2662 Pro
344 2623 411 2662 eo
440 2617 620 2663 autem
670 2609 816 2680 quod
870 2608 1101 2664 vitulum
1144 2608 1371 2679 quidem
1425 2608 1480 2663 in
1534 2617 1783 2679 peccato,

199 2698 434 2752 arietem
459 2708 641 2754 autem
674 2700 731 2755 in
760 2700 1139 2755 holocaustum
1165 2700 1420 2755 sacerdos
1439 2699 1654 2767 oﬁ‘eret,
1679 2700 1786 2756 hoc

201 2789 458 2845 absolute
486 2792 573 2846 lex
598 2791 884 2864 signiﬁcat,
918 2802 979 2847 ut
1002 2793 1129 2863 quia
1167 2792 1512 2847 conversatio
1538 2793 1785 2863 perfecta

202 2897 303 2951 per
346 2882 799 2940 holocautomatis
856 2885 1190 2940 oblationem
1234 2887 1602 2958 cognoscitur,
1635 2887 1785 2942 aries

202 2976 521 3031 necessario
545 2975 597 3030 in
625 2976 956 3032 sacriﬁcium
996 2977 1257 3033 oﬂ'eratur
1289 2995 1304 3045 ;
1343 2980 1432 3035 hic
1457 2979 1658 3049 quippe
1688 2979 1790 3034 du-

204 3071 394 3117 catum
436 3064 680 3134 praebere
724 3064 917 3120 ovibus
947 3067 1209 3123 euntibus
1268 3067 1324 3122 in
1357 3083 1578 3138 pascua,
1630 3077 1687 3124 et
1722 3068 1791 3123 ad

203 3168 491 3225 egressum
526 3155 939 3227 ingressumque
963 3173 994 3212 a
1026 3158 1215 3223 caulis,
1251 3168 1305 3213 et
1343 3159 1396 3213 in
1424 3160 1610 3215 caulas
1629 3159 1790 3227 solet,

206 3246 354 3300 sicut
380 3257 436 3301 et
458 3247 710 3303 Christus
739 3248 850 3303 dux
879 3249 1131 3319 perfecta:
1156 3252 1592 3308 conversationis
1625 3261 1730 3319 est,
1759 3268 1791 3307 a

206 3353 318 3407 quo
346 3338 597 3394 videlicet
615 3334 850 3410 sumpSit
874 3341 1179 3407 exordium,
1212 3353 1377 3414 atque
1419 3342 1544 3399 ideo
1583 3343 1793 3400 intrare

211 3445 315 3499 per
335 3445 418 3496 se,
447 3438 502 3486 et
530 3431 679 3486 exire
709 3432 901 3487 ovibus
929 3434 1298 3503 prtecipiebat.

280 3521 451 3577 Vens.
481 3524 672 3580 22-29.
704 3523 917 3580 Obtulit
963 3534 1019 3581 et
1070 3526 1297 3581 arietem
1348 3527 1672 3594 secundum,
1738 3529 1795 3584 in

210 3618 689 3673 consecrationem
746 3620 1132 3687 sacerdotum,
1180 3633 1589 3695 posuernutque
1632 3641 1797 3697 super

210 3715 381 3775 caput
401 3707 521 3775 ejus
538 3708 740 3773 Aaron,
762 3717 817 3763 et
839 3709 931 3762 ﬁlii
950 3709 1069 3779 ejus
1084 3726 1280 3765 manus
1300 3726 1447 3768 suas.
1470 3713 1645 3780 Quem
1671 3731 1795 3771 cum

213 3797 554 3854 immolasset
608 3799 840 3872 Moyses,
879 3817 1103 3856 sumens
1131 3803 1200 3858 de
1268 3806 1553 3875 sanguine,
1624 3809 1798 3879 tetigit

213 3900 527 3944 extremum
564 3892 823 3947 auriculae
846 3893 1050 3949 dextra:
1082 3895 1265 3949 Aaron
1303 3904 1358 3950 et
1397 3897 1645 3966 pollicem
1682 3915 1799 3954 ma-

215 3997 321 4037 nus
358 3983 478 4053 ejus
506 3985 730 4047 dextras.
760 3985 1012 4041 similiter
1041 3996 1097 4042 et
1119 3988 1271 4056 pedis
1301 3988 1501 4055 dextri,
1531 3991 1729 4047 obtulit
1746 4000 1801 4047 et

216 4073 361 4128 ﬁlios
386 4075 585 4129 Aaron.
619 4076 863 4148 Cumque
885 4078 952 4133 de
982 4078 1250 4148 sanguine
1293 4080 1484 4135 arietis
1533 4081 1799 4137 immolati

215 4166 485 4236 tetigisset
532 4176 836 4223 extremum
885 4170 1145 4225 auriculae.
1201 4170 1540 4242 singulorum
1571 4173 1797 4242 dextrae,

214 4265 267 4310 et
304 4256 532 4326 pollices
556 4275 747 4316 manus
777 4269 867 4316 ac'
898 4261 1053 4333 pedis
1090 4262 1291 4329 dextri,
1362 4264 1633 4335 reliquum
1660 4265 1802 4322 fudit

218 4362 388 4418 super
414 4349 583 4407 altare
608 4351 664 4407 in
708 4354 960 4410 circuitu.
992 4356 1227 4426 Adipem
1257 4371 1387 4411 vero
1435 4366 1492 4413 et
1546 4359 1797 4426 caudam,

217 4453 551 4511 omnemque
572 4443 955 4515 pinguedinem
980 4462 1103 4517 qua:
1133 4447 1313 4517 operit
1349 4448 1629 4516 intestina,
1671 4450 1803 4505 reti-

218 4533 737 4604 culumquejecoris,
764 4547 817 4592 et
832 4538 969 4594 duos
990 4556 1149 4594 renes
1171 4556 1292 4594 cum
1308 4541 1559 4611 adipibus
1579 4542 1714 4609 suis,
1749 4549 1804 4598 et

1817 3284 1862 3343 C

1863 670 2249 741 mysteriorum
2302 668 2527 739 exponit
2565 667 2940 733 traditionem,
2989 675 3045 722 et
3075 666 3276 737 pascha
3325 681 3446 738 my-

1863 760 2080 826 sticum,
2118 759 2265 830 quod
2286 759 2537 815 Christus
2579 773 2704 814 cum
2732 757 3017 829 discipulis
3043 757 3159 813 suis
3180 756 3443 823 comedit,

1865 852 2131 924 signiﬁcat
2154 853 2297 923 quod
2319 853 2511 908 docent
2534 867 2596 907 ea
2618 868 2738 923 qua:
2760 866 2857 923 per
2882 861 3066 922 partes
3094 850 3149 905 in
3180 848 3446 906 sacriﬁcio

1865 946 2047 1018 peragi
2073 945 2491 1017 praecipiuntur.

1936 1038 2133 1095 Obtulit
2161 1048 2211 1094 et
2244 1039 2461 1093 arietem
2489 1039 2773 1093 secundum
2811 1039 2866 1091 in
2899 1036 3341 1092 consecrationem
3359 1049 3449 1087 sa-

1870 1130 2155 1184 cerdotum.
2171 1130 2313 1186 LXX
2334 1140 2514 1185 autem
2545 1130 2715 1185 edunt
2739 1146 2752 1182 :
2782 1128 2983 1185 Obtulit
3006 1127 3203 1198 Moyses
3226 1126 3448 1180 arietem

1868 1222 2151 1275 secundum
2180 1221 2567 1290 explicationis.
2608 1221 2777 1276 Recte
2825 1235 3018 1275 eorum
3063 1218 3211 1289 quod
3262 1217 3317 1272 in
3348 1232 3450 1272 nos

1870 1312 2200 1368 celebratum
2232 1324 2316 1369 est
2341 1313 2677 1385 mysterium,
2714 1311 3042 1368 sacriﬁcium
3067 1310 3451 1382 explicationis

1873 1406 2215 1476 appellatur;
2264 1406 2444 1476 ipsum
2482 1405 2628 1460 enim
2685 1420 2787 1461 nos
2848 1402 3077 1474 perfecit
3126 1417 3251 1457 cum
3301 1401 3452 1472 prius

1875 1497 2162 1554 fuissemus
2179 1497 2376 1551 inﬁrmi
2397 1513 2412 1563 ;
2432 1507 2486 1551 et
2507 1497 2575 1551 ab
2605 1495 2924 1567 imperfecta
2947 1494 3103 1551 lactis
3120 1492 3445 1548 educatione

1876 1590 2147 1662 produxit,
2174 1590 2228 1645 id
2256 1598 2340 1646 est
2375 1589 2445 1644 ab
2467 1604 2532 1643 ea
2562 1603 2687 1658 qua:
2727 1589 2782 1641 in
2804 1587 2923 1658 lege
2947 1596 3051 1653 est,
3080 1586 3148 1641 de
3173 1601 3278 1656 qua
3306 1583 3452 1639 Pau-

1876 1683 1962 1738 lus
1986 1682 2113 1738 dicit
2138 1700 2152 1737 :
2185 1681 2365 1739 Omnis
2390 1681 2527 1735 enim
2556 1680 2645 1750 qui
2676 1678 2827 1733 lactis
2856 1687 2933 1733 est
2964 1679 3246 1748 particeps,
3270 1691 3452 1745 expers

1878 1785 1952 1830 est
1974 1776 2226 1830 sermonis
2257 1774 2497 1841 iustitia,
2531 1772 2783 1844 parvulus
2801 1771 2937 1825 enim
2955 1780 3031 1825 est
3050 1770 3117 1823 ⁸ο.
3138 1769 3206 1824 Et
3228 1782 3450 1823 rursus:

1879 1867 2027 1921 Nilu’l
2048 1875 2223 1921 autem
2246 1867 2315 1921 ad
2333 1868 2620 1937 perfectum
2652 1864 2879 1918 adduxit
2910 1862 3012 1927 lex,
3042 1859 3456 1916 subintroductio

1878 1967 2055 2012 autem
2103 1958 2324 2028 majon's
2369 1958 2479 2028 spei
2534 1971 2651 2028 qua:
2686 1957 2815 2010 data
2865 1963 2963 2020 est,
2996 1954 3051 2007 in
3100 1952 3200 2006 hac
3248 1966 3339 2004 nos
3367 1965 3458 2019 spe

1879 2049 2250 2104 constituit“.
2310 2049 2694 2105 Verumtamen
2743 2045 3071 2102 sacriﬁcium
3131 2044 3233 2098 hoc
3284 2057 3449 2105 eam,

1880 2157 1998 2212 quae
2029 2141 2172 2197 dicta
2210 2150 2295 2196 est
2326 2142 2497 2212 major
2523 2156 2670 2211 spes,
2717 2154 2816 2210 per
2846 2153 3008 2208 quam
3061 2149 3280 2205 semper
3328 2148 3454 2204 pro-

1880 2235 2208 2307 pinquamus
2228 2235 2296 2291 ad
2327 2234 2673 2290 serviendum
2705 2233 2834 2296 Deo,
2867 2230 3063 2287 innuit.
3104 2228 3218 2283 Cur
3273 2235 3460 2282 autem

1882 2329 2045 2393 aries,
2072 2330 2345 2385 secundus
2386 2328 2477 2385 hic
2531 2342 2678 2382 nunc
2720 2326 2863 2381 aries
2903 2320 3265 2379 nominatur?
3323 2318 3460 2385 Quia

1882 2421 2132 2477 videlicet
2155 2421 2309 2491 prius
2334 2420 2620 2492 ﬁguratam
2657 2432 2838 2482 ovem,
2868 2430 2993 2470 cum
3046 2410 3311 2484 apostolis
3347 2424 3460 2465 cte-

1884 2530 2023 2571 nans
2060 2514 2324 2569 Dominus
2354 2521 2543 2583 postea
2584 2525 2743 2566 suum
2781 2507 2983 2563 obtulit
3031 2502 3381 2564 sacriﬁcium,
3406 2508 3463 2555 et

1886 2604 2129 2661 secundo
2161 2604 2304 2659 sicut
2349 2617 2507 2658 ovem
2538 2600 2655 2672 ipse
2683 2597 3042 2669 semetipsum
3071 2592 3294 2659 occidit,
3317 2589 3463 2661 quod

1886 2696 2262 2751 demonstrant
2290 2691 2595 2763 sequentia.

1960 2784 2356 2855 Posueruntque
2384 2782 2565 2836 Aaron
2585 2791 2631 2836 et
2660 2780 2759 2851 ﬁlii
2783 2795 2896 2849 ejus
2911 2793 3101 2832 manus
3138 2790 3263 2830 suas
3309 2788 3464 2843 super

1890 2887 2045 2949 caput
2061 2877 2193 2947 ejus.
2226 2874 2388 2941 Quem
2409 2891 2527 2928 cum
2548 2871 2865 2926 immolasset
2890 2868 3113 2939 Moyses.
3138 2863 3460 2921 Necessarie

1890 2969 2051 3026 simul
2085 2983 2207 3023 cum
2234 2968 2415 3021 Aaron
2445 2973 2500 3021 et
2552 2963 2645 3018 ﬁlii
2676 2962 2795 3033 ejus
2844 2975 3009 3031 super
3066 2966 3234 3028 caput
3279 2956 3467 3010 arietis

1892 3076 2088 3117 manus
2122 3061 2430 3131 imponunt,
2483 3056 2610 3127 quia
2658 3067 3007 3111 communem
3064 3064 3275 3106 coenam
3308 3044 3468 3101 festi-

1891 3152 2074 3208 vitatis
2104 3149 2383 3204 Paschalis
2427 3163 2552 3203 cum
2598 3146 2711 3201 suis
2742 3144 2992 3199 Christus
3017 3139 3295 3209 discipulis
3321 3136 3467 3192 cele-

1895 3244 2090 3302 bravit.
2115 3242 2253 3299 Cum
2294 3241 2443 3296 enim
2487 3238 2751 3310 quosdam
2790 3234 3178 3305 discipulorum
3226 3230 3294 3285 ad
3326 3244 3466 3299 prae-

1895 3335 2233 3407 parationem
2270 3332 2486 3397 domus,
2516 3331 2570 3385 in
2594 3344 2700 3400 qua
2732 3327 2939 3382 Pascha
2960 3324 3334 3380 celebraturus
3352 3326 3471 3374 erat

1898 3427 2176 3496 dirigeret,
2210 3425 2289 3479 sic
2323 3424 2443 3478 ait:
2505 3422 2671 3477 Dicite
2712 3415 3095 3489 patrifamilias
3162 3412 3286 3483 quia
3336 3427 3455 3464 ma-

1894 3519 2059 3589 gister
2106 3516 2275 3570 dicit:
2314 3513 2411 3568 Ubi
2458 3521 2531 3567 est
2572 3509 2919 3565 diversorium
2976 3505 3063 3559 ubi
3104 3502 3299 3574 pascha
3354 3516 3474 3554 cum

1895 3607 2170 3678 discipulis
2224 3606 2353 3660 meis
2404 3602 2716 3658 manducent
2741 3599 2829 3653 "?
2882 3596 2990 3652 Sed
3036 3595 3244 3666 Moyses
3298 3590 3473 3646 sacri-

1896 3700 2079 3757 ﬁcium
2116 3701 2219 3755 hoc
2246 3697 2503 3759 celebrat,
2536 3694 2661 3765 quia
2694 3693 2863 3764 magis
2885 3691 2953 3746 ab
2985 3688 3104 3742 aliis
3128 3688 3242 3756 ipse
3267 3681 3475 3739 Christi

1897 3791 2121 3862 ﬁguram
2147 3789 2304 3860 gerit.
2335 3786 2491 3841 Tunc
2506 3793 2687 3839 autem
2705 3782 2944 3837 maxime
2967 3776 3291 3835 sacriﬁcium
3311 3788 3473 3828 suum

1896 3881 2146 3938 Christus
2176 3877 2489 3943 celebravit,
2520 3875 2664 3931 unde
2687 3883 2739 3930 et
2772 3872 2904 3929 illud
2932 3871 3150 3941 incipit;
3177 3866 3299 3922 vide
3328 3865 3474 3920 enim

1899 3973 2206 4044 sequentia.

1971 4064 2136 4129 Quem
2166 4079 2284 4116 cum
2323 4059 2644 4116 immolasset
2694 4056 2915 4132 Moyses,
2966 4066 3178 4108 sumens
3232 4052 3296 4103 de
3347 4064 3477 4103 san-

1899 4157 2073 4229 guine,
2130 4155 2298 4225 tetigit
2328 4163 2617 4207 extremum
2660 4146 2915 4202 auriculw
2953 4145 3150 4198 dextra:
3203 4141 3383 4195 Aaron
3428 4148 3478 4194 et

1898 4245 2138 4316 pollicem
2167 4258 2355 4298 manus
2381 4241 2493 4311 ejus
2517 4241 2713 4293 dextra:
2746 4236 2989 4291 similiter
3028 4244 3074 4289 et
3102 4233 3244 4302 pedis
3283 4231 3478 4295 dextri,

1901 4338 2086 4394 obtulit
2109 4346 2163 4392 et
2205 4336 2342 4407 ﬁlios
2390 4334 2588 4389 Aaron.
2635 4330 2866 4400 Cumque
2909 4336 2973 4383 de
2999 4327 3260 4397 sanguine
3296 4324 3480 4378 arietis

1900 4428 2161 4484 immolati
2212 4426 2457 4496 tetigisset
2510 4432 2797 4477 extremum
2854 4417 3111 4473 auricula:
3159 4416 3482 4486 singulorum

1902 4519 2100 4573 dextrae
2118 4526 2167 4572 et
2183 4516 2394 4585 pollices
2419 4530 2607 4569 manus
2625 4528 2686 4565 ac
2701 4512 2846 4581 pedis
2866 4509 3058 4573 dextri,
3074 4507 3326 4577 reliquum
3347 4507 3484 4575 fudit

219 4639 374 4680 armo
398 4595 589 4682 dextro
644 4631 936 4699 separavit,
978 4630 1196 4687 Τοιιεηε
1246 4595 1430 4688 ειηθῶ
1458 4595 1802 4690 ἀθίοξίιίέιιίδ
1834 4632 1880 4690 ι)
1906 4624 2064 4677 super
2092 4605 2265 4660 altare
2312 4621 2404 4674 per
2431 4603 2731 4656 circuitum.
2781 4598 2914 4666 Quis
2936 4598 3007 4653 sit
3031 4595 3281 4699 sacriﬁcii
3320 4595 3483 4699 hujus

219 4721 719 4789 azymorum.quod
744 4729 860 4775 erat
886 4737 1069 4777 coram
1096 4722 1347 4789 Domino,
1372 4740 1568 4795 panem
1598 4727 1806 4798 absque

220 4807 496 4863 fermento
525 4821 579 4865 et
605 4812 919 4882 collyridam
946 4830 1298 4886 conspersam
1346 4817 1487 4883 oleo,
1518 4818 1807 4890 laganum-

222 4914 347 4970 que,
390 4901 575 4970 poSuit
603 4918 769 4973 super
788 4905 997 4976 adipes,
1040 4914 1097 4961 et
1128 4924 1341 4963 armum
1381 4909 1659 4974 dextrum,
1695 4920 1808 4966 tra-

222 4990 357 5045 dens
388 4991 551 5045 simul
574 4994 760 5047 omnia
782 4994 961 5051 Aaron
985 5004 1039 5051 et
1070 4996 1194 5052 ﬁliis
1208 4997 1349 5067 ejus.
1378 4998 1479 5065 Qui
1510 5010 1799 5069 postquam

223 5080 626 5138 levaveruntea
651 5100 833 5140 coram
888 5087 1138 5155 Domino,
1196 5104 1413 5144 rursum
1449 5100 1700 5159 suscepta
1732 5092 1802 5146 de

224 5175 480 5230 manibus
503 5191 716 5243 eorum,
754 5177 991 5234 adolevit
1040 5196 1207 5250 super
1257 5181 1429 5236 altare
1469 5182 1799 5247 holocausti,

226 5279 288 5321 eo
334 5270 481 5338 quod
524 5273 952 5328 consecrationis
997 5283 1141 5329 esset
1190 5274 1413 5338 oblatio,
1464 5275 1519 5328 in
1571 5276 1801 5331 odorem

227 5363 511 5416 suavitatis
563 5364 810 5419 sacriﬁcii
840 5366 1075 5420 Domini.
1125 5366 1272 5421 Tulit
1297 5376 1352 5421 et
1391 5368 1800 5437 pectusculum,

227 5450 447 5507 elevans
477 5453 603 5509 illud
634 5471 816 5511 coram
873 5457 1122 5523 Domino,
1161 5458 1227 5513 de
1287 5459 1461 5514 ariete
1507 5474 1802 5515 consecra-

232 5543 398 5601 tionis
449 5547 504 5601 in
535 5559 747 5618 partem
769 5565 949 5618 suam,
1002 5550 1145 5607 sicut
1200 5552 1462 5622 praecepit
1513 5552 1566 5608 ei
1617 5552 1805 5609 Domi-

232 5654 354 5694 nus.
392 5658 415 5693 ι

1907 4698 2153 4764 eﬁectus,
2187 4696 2374 4752 unctio
2402 4694 2614 4750 aurium
2648 4704 2703 4748 et
2731 4705 3016 4755 manuum,
3048 4688 3358 4761 pedumque
3385 4686 3483 4740 de-

1906 4798 2173 4847 monstrat
2200 4807 2214 4844 :
2255 4804 2352 4859 pro
2372 4786 2676 4842 obedientia
2696 4784 2897 4855 quippe
2913 4792 3120 4845 nostra,
3142 4780 3287 4834 actio
3313 4779 3479 4845 bona,

1904 4892 2067 4953 atque
2101 4881 2444 4938 conversatio
2467 4879 2794 4935 celebratur.
2828 4875 2986 4933 Unde
3006 4882 3061 4929 et
3090 4886 3250 4926 aures
3280 4879 3485 4925 nostrae

1904 4982 2204 5046 unguntur,
2277 4980 2337 5027 ut
2392 4968 2758 5025 inobedientia
2834 4967 3005 5022 Adam
3056 4972 3306 5019 carentes
3350 4960 3487 5017 Uni-

1908 5065 2073 5136 genili
2106 5064 2472 5121 obedientiam
2530 5070 2955 5130 consequantur.
2989 5056 3119 5112 Post
3160 5055 3277 5110 haec
3302 5060 3487 5108 extre-

1907 5175 1995 5213 ma
2024 5174 2284 5213 manuum
2331 5165 2605 5227 unguntur
2634 5162 2689 5208 et
2725 5153 2946 5222 pedum,
2994 5149 3119 5220 quia
3148 5163 3260 5203 non
3310 5145 3486 5202 solum

1907 5265 2127 5313 manus,
2160 5247 2254 5303 sed
2282 5256 2337 5303 et
2357 5247 2524 5317 pedes
2558 5261 2658 5313 pro
2690 5245 2905 5299 actione
2948 5240 3315 5311 accipiuntur,
3342 5233 3489 5307 quod

1908 5344 2171 5412 probatur
2217 5356 2284 5396 ex
2313 5356 2379 5395 eo
2428 5339 2573 5408 quod
2608 5337 2774 5392 David
2814 5335 2985 5391 dicit:
3018 5332 3118 5387 Pes
3156 5346 3301 5386 meus
3345 5327 3490 5383 stetit

1908 5436 1964 5489 in
2012 5436 2097 5488 via
2155 5444 2297 5488 recta
2321 5434 2385 5485 “.
2427 5431 2490 5487 Et
2541 5445 2775 5485 rursus:
2807 5428 3007 5482 Statuit
3058 5441 3223 5495 supra
3282 5430 3490 5491 petram

1914 5530 2068 5593 pedes
2099 5539 2238 5577 meos
2259 5521 2326 5575 “.
2361 5519 2497 5589 Quia
2530 5528 2711 5574 autem
2741 5517 2989 5573 actiones
3019 5513 3281 5585 quasdam
3316 5510 3491 5564 bonas

1909 5617 2170 5690 quasdam
2189 5624 2372 5670 autem
2400 5613 2567 5669 malas
2598 5611 2882 5674 habemus,
2909 5606 3207 5679 etﬁguram
3223 5600 3491 5657 malorum

296 5819 340 5851 ³⁸
369 5818 761 5895 ὰζψὴ.)ε.Α58,
838 5823 882 5854 ⁸⁵
919 5779 1195 5890 itom.vu,
1236 5822 1257 5877 l
1292 5838 1442 5895 seqq.
1544 5826 1588 5857 δυ
1620 5824 1783 5881 Hebr.

1905 5823 1988 5879 ιδ.
2058 5820 2102 5854 ⁸¹
2132 5819 2297 5876 llebr.
2327 5836 2419 5887 vn,
2457 5818 2542 5874 l9.
2656 5817 2701 5850 "
2738 5815 2871 5871 Luc.
2906 5828 3041 5877 χχιι,
3077 5808 3163 5865 ιιι.
3270 5807 3316 5841 ⁸³
3346 5803 3488 5862 Psal.

235 5902 357 5953 xxv,
402 5889 487 5945 l2.
563 5891 608 5923 “
639 5892 780 5950 Psal.
828 5909 1011 5958 xxxtx,
1062 5894 1116 5947 3.
