3946 6426
527 451 631 515 ὖ83

1681 476 1688 482 ’
1732 464 2093 530 HESYCHII
2129 471 2515 537 PRESBYTE
2524 477 2605 538 RI

3705 481 3802 548 88L

525 569 744 625 sinistra
792 569 952 641 gerit,
973 579 1134 630 recte
1183 571 1377 628 dextra
1421 573 1663 646 ungitur.
1712 576 2108 637 Confortantur
2137 591 2180 646 Α
2209 603 2362 658 aquae
2403 589 2517 658 ejus
2565 590 2746 658 ﬁdeles
2796 599 2939 657 sunt,
2988 608 3160 662 regem
3207 593 3261 646 in
3286 595 3482 649 decore
3527 610 3628 649 suo
3669 601 3805 651 ride-

527 662 675 718 enim
689 677 752 718 ea
777 679 897 734 qua:
915 674 1213 736 unguntur,
1227 675 1280 721 et
1305 667 1684 735 destruuntur,
1713 679 1877 740 atque
1896 673 2111 743 disper-

526 757 731 811 duntur
768 772 832 812 ea
884 773 1006 828 quae
1029 773 1140 812 non
1169 769 1469 830 unguntur,
1499 761 1644 830 quod
1675 771 1862 833 aperte
1881 765 2112 820 demon-

527 861 665 906 strat
694 852 1014 920 diSperdcns
1043 851 1334 925 Egyptum
1364 855 1612 926 angelus.
1634 856 1762 925 quia
1802 856 1892 912 ubi
1928 859 2113 914 unctio

529 945 789 1000 immolati
843 947 1241 1012 inveniebatur,
1304 963 1415 1001 non
1474 949 1832 1018 percutiebat.
1872 951 1979 1006 Sed
2035 965 2114 1006 ta-

529 1055 656 1093 men
697 1039 906 1110 primus
959 1042 1215 1097 sacerdos
1255 1043 1517 1115 sanguine
1546 1053 1603 1100 et
1660 1055 1784 1116 post
1831 1063 1958 1103 eum
2014 1048 2110 1103 ﬁlii

528 1133 650 1200 ejus
697 1135 998 1188 secundum
1058 1136 1235 1206 legem
1288 1138 1668 1209 angebantur:
1724 1143 1849 1211 quia
1893 1151 1947 1196 et
1999 1143 2114 1212 ipse

531 1225 794 1281 Dominus
852 1225 1063 1296 primus
1121 1228 1179 1282 in
1236 1245 1391 1285 creua
1450 1231 1661 1287 mistica
1723 1233 2112 1305 intelligibilem

530 1316 744 1389 accepit
776 1321 1118 1390 sanguinem,
1161 1330 1324 1392 atque
1362 1324 1560 1378 deinde
1589 1324 1813 1380 calicem
1853 1327 2114 1396 apostolis

531 1411 699 1467 dedit.
732 1411 838 1478 Sed
877 1429 1006 1468 ecce
1034 1414 1313 1484 legislator
1334 1415 1423 1471 hic
1447 1427 1572 1486 post
1592 1418 1906 1474 unctionem
1932 1420 2112 1474 Aaron

533 1512 588 1559 et
625 1503 881 1568 ﬁliorutn,
907 1506 1148 1560 subdidit
1172 1524 1185 1560 :

604 1596 679 1650 De
698 1599 957 1667 sanguine
992 1598 1251 1668 reliquum
1276 1599 1410 1671 fudit
1434 1619 1591 1672 super
1613 1603 1784 1659 altare
1812 1606 2110 1660 circuitum.

603 1690 757 1757 Quod
818 1700 870 1746 et
933 1692 1212 1747 Christum
1260 1694 1454 1750 fecisse
1519 1697 1872 1766 invenimus;
1921 1699 2114 1754 bibens

535 1782 684 1837 enim
744 1783 879 1852 ipse,
938 1793 992 1839 et
1037 1787 1298 1854 apostolis
1333 1787 1520 1843 bibere
1549 1790 1702 1853 dans,
1752 1800 1880 1845 tunc
1911 1792 2111 1846 intelli-

537 1874 754 1945 gibilem
805 1873 1124 1946 sanguinem
1173 1891 1338 1946 super
1380 1878 1591 1944 altare,
1643 1881 1900 1935 videlicet
1951 1897 2110 1936 suum

537 1981 757 2034 corpus,
793 1964 1004 2019 ell‘udit.
1039 1964 1250 2034 Corpus
1282 1974 1465 2020 autem
1507 1968 1710 2023 Christi
1742 1968 1979 2024 Ecclesia
2008 1979 2109 2034 est,

537 2065 593 2110 et
643 2056 822 2110 omnis
871 2057 1022 2126 plebs
1080 2057 1232 2128 ejus,
1289 2057 1435 2127 quod
1487 2059 1796 2128 specialiter
1842 2059 2114 2114 dicentem

537 2148 777 2204 Marcum
808 2150 1116 2204 invenimus
1145 2173 1154 2205 :
1191 2150 1253 2203 Et
1286 2167 1515 2213 sumens.
1550 2153 1756 2223 gratias
1785 2169 1942 2223 agens
1971 2154 2112 2206 dedit

538 2243 650 2296 eis:
680 2252 727 2296 et
775 2242 1008 2296 biberunt
1045 2260 1108 2297 ea:
1141 2260 1200 2298 eo
1230 2260 1430 2304 omnes,
1480 2255 1530 2298 et
1574 2246 1707 2298 dixit
1746 2247 1818 2300 eis
1854 2262 1870 2300 :
1920 2246 2018 2299 llic
2046 2255 2119 2299 est

537 2335 753 2406 sanguis
784 2351 924 2388 meus
956 2336 1074 2389 novi
1112 2337 1434 2399 testamenti,
1472 2337 1560 2407 qui
1595 2353 1690 2407 pro
1721 2337 1900 2392 multis
1934 2339 2120 2408 effusus

538 2423 690 2478 est“.
723 2422 817 2477 His
841 2425 1176 2479 conveniunt
1209 2440 1272 2479 ea
1303 2442 1424 2495 quae
1458 2435 1795 2496 sequuntur:

607 2536 828 2602 Adipem
879 2545 1058 2589 autem
1102 2545 1149 2590 et
1197 2538 1446 2599 caudam,
1505 2552 1811 2607 omnemque
1843 2538 2121 2609 pinguedi-

537 2645 656 2683 nem
702 2644 818 2698 quae
860 2630 1026 2696 operit
1073 2629 1338 2694 intestina,
1389 2629 1770 2700 reticulumque
1804 2631 2020 2700 jecoris,
2072 2640 2122 2686 et

537 2720 667 2774 duos
715 2736 860 2773 renes
899 2736 1012 2773 cum
1045 2720 1289 2788 adipibus
1336 2719 1466 2784 suis,
1512 2731 1560 2772 et
1587 2736 1736 2773 arma
1773 2721 1954 2774 dextro
1978 2736 2124 2786 sepa-

536 2815 693 2868 ravit.
741 2813 844 2867 Pro
888 2813 1058 2866 cauda
1106 2810 1250 2866 LXX
1300 2810 1554 2873 lumbum,
1605 2820 1660 2865 et
1708 2827 1808 2881 pro
1843 2812 2120 2881 intestinis,

536 2904 901 2968 ventriculum,
935 2912 988 2958 et
1021 2919 1120 2972 pro
1150 2902 1367 2956 reticulo
1397 2903 1616 2971 jecoris,
1657 2903 1878 2970 pinnam
1921 2903 2124 2974 hepatis

538 2995 851 3051 ediderunt.
899 2994 1068 3063 Cujus
1114 3001 1298 3048 autem
1350 2994 1468 3048 hzec
1514 2993 1740 3064 ﬁguram
1789 3005 2022 3064 gerunt,
2068 2996 2123 3050 in

539 3087 761 3142 salutari
816 3086 1110 3149 sacriﬁcio,
1153 3101 1250 3140 seu
1305 3085 1688 3155 paciﬁeorum,
1747 3102 1844 3156 per
1913 3088 2125 3158 singula

539 3181 846 3235 discussum
877 3189 980 3234 est.
1003 3179 1123 3233 Non
1151 3178 1353 3233 frustra
1383 3187 1565 3233 autem
1590 3195 1654 3234 ea
1681 3195 1832 3235 nunc
1865 3181 1917 3234 in
1949 3182 2122 3236 ariete

540 3272 1032 3328 consummationis
1103 3281 1515 3338 commemorat,
1580 3272 1678 3327 sed
1737 3274 1862 3343 quia
1923 3273 2126 3330 Christi

541 3365 833 3435 mysticum
872 3365 1103 3429 Pascha,
1136 3371 1192 3418 et
1221 3379 1412 3418 eorum
1455 3363 1762 3433 perceptio,
1794 3365 1861 3418 ad
1892 3365 2123 3420 salutem

544 3454 826 3510 hominum
872 3455 1144 3524 provenit,
1200 3455 1400 3524 quibus
1450 3455 1734 3510 doctorum
1789 3457 2128 3526 superaediﬁ-

545 3561 673 3601 care
702 3546 1008 3616 sequentia,
1037 3546 1209 3600 nostri
1245 3547 1489 3616 mysterii
1527 3557 1798 3618 praeparat
1826 3550 2020 3604 virtus.

618 3635 818 3690 Tollens
883 3645 1061 3689 autem
1108 3637 1172 3689 de
1217 3635 1444 3690 canistro
1475 3654 1802 3708 azymorum,
1850 3641 1987 3710 quod
2015 3651 2129 3694 erat

546 3742 727 3781 coram
773 3727 1013 3788 Domino,
1063 3742 1253 3795 panem
1295 3727 1487 3797 absque
1529 3730 1801 3798 fermento,
1839 3743 1888 3784 et
1917 3730 2131 3801 collyri-

548 3821 674 3876 dam
704 3837 1033 3890 conspersum
1057 3820 1187 3882 oleo,
1213 3821 1585 3893 laganumque.
1607 3821 1711 3877 Pro
1737 3823 1969 3876 canistro
2003 3839 2131 3892 azy—

551 3927 780 3977 morum,
820 3911 963 3966 LXX
993 3914 1281 3968 canistrum
1327 3915 1791 3968 consummationis
1821 3913 2128 3969 ediderunt.

551 4003 657 4058 Per
701 4003 996 4058 canistrum
1066 4013 1248 4060 autem
1311 4005 1832 4068 consummationis,
1895 4005 2132 4075 linguam

551 4093 767 4149 Domini
808 4093 1198 4165 intelligimus;
1257 4094 1370 4148 sola
1415 4094 1615 4163 quippe
1648 4095 1974 4164 prtecipuam
2007 4110 2134 4164 per-

552 4181 855 4254 fectamque
901 4185 1206 4239 doctrinam
1260 4184 1582 4239 introduxit.
1617 4182 1846 4254 Propter
1875 4184 2017 4253 quod
2053 4183 2136 4238 di-

553 4278 740 4334 cebat:
791 4277 912 4331 Non
954 4278 1070 4331 veni
1110 4277 1307 4331 solvere
1352 4277 1534 4349 legem,
1561 4278 1652 4331 sed
1696 4275 1912 4346 implere
1930 4278 2012 4344 ⁸ος
2047 4285 2133 4330 ut-

553 4381 682 4442 pote
725 4371 840 4441 ipse
881 4370 1115 4440 implens
1149 4386 1270 4441 quae
1313 4371 1493 4426 minus
1527 4370 1766 4426 erantin
1815 4370 1952 4441 lege.
1987 4369 2135 4426 Bene

553 4470 735 4516 autem
783 4478 901 4517 eam
942 4473 998 4517 et
1041 4462 1361 4526 canistrum,
1405 4470 1515 4516 tam
1546 4471 1767 4532 propter
1821 4471 2137 4517 contextum

553 4555 821 4609 dictorum
877 4553 1108 4619 vocavit,
1163 4569 1285 4609 cum
1334 4553 1502 4608 multa
1533 4552 1588 4608 in
1614 4554 1886 4624 parabolis
1914 4554 2132 4619 dixerit,

2212 681 2420 735 bunt“.
2470 681 2716 753 Apostoli
2764 694 2949 740 autem
2996 687 3217 740 uberius
3259 697 3559 757 exponunt
3605 687 3805 745 Christi

2212 774 2567 844 mysterium,
2615 777 2760 832 unde
2804 793 2906 832 nec
2953 778 3243 849 laganum,
3300 795 3408 835 nec
3457 779 3802 850 collyridam,

2212 880 2383 935 panes
2431 876 2613 921 autem
2660 869 2943 936 doctrinae,
3005 879 3196 941 utpote
3234 873 3408 943 magis
3467 872 3802 939 nutrientes,

2213 958 2489 1015 dicuntur.
2539 960 2688 1026 Quos
2737 962 2884 1016 enim
2918 963 3220 1019 secundum
3255 964 3370 1022 hic.
3401 964 3559 1019 LXX
3594 966 3665 1020 de
3696 968 3805 1021 oleo

2214 1064 2383 1118 panes
2409 1051 2838 1120 appellaverunt,
2882 1053 2983 1108 hos
3007 1054 3305 1109 secundum
3343 1055 3451 1110 bos
3492 1056 3648 1126 ipsos
3677 1055 3808 1112 LXX

2214 1143 2502 1214 collyridas
2529 1144 2583 1198 in
2623 1129 2948 1218 scenopegia
2972 1147 3274 1203 canistrum
3308 1151 3810 1205 consummationis

2214 1253 2517 1308 exponens,
2551 1239 2694 1308 quod
2744 1240 3115 1310 accipiebatur
3147 1241 3201 1295 in
3242 1243 3514 1296 unctione
3561 1244 3809 1297 sacerdo-

2217 1331 2305 1396 tis,
2340 1330 2614 1402 legislator
2654 1332 2962 1401 appellavit,
2997 1348 3094 1402 per
3127 1333 3446 1401 collyridam
3496 1335 3812 1404 signiﬁcans

2214 1423 2346 1492 legis
2386 1423 2684 1494 eloquium.
2725 1425 3000 1490 Quantum
3030 1434 3213 1479 autem
3256 1425 3548 1498 collyridze
3575 1426 3806 1481 deterio-

2215 1531 2304 1570 res
2345 1525 2474 1569 sunt
2519 1516 2770 1585 panibus,
2806 1516 2940 1570 nulli
2975 1525 3060 1571 est
3091 1517 3337 1571 dubium.
3375 1518 3545 1574 Unde
3593 1529 3808 1589 aposto-

2214 1606 2388 1664 lorum
2412 1620 2712 1668 sermones,
2741 1607 3130 1676 prophetarum
3160 1618 3215 1663 et
3244 1609 3378 1681 legis
3404 1621 3812 1679 praeponuntur

2215 1696 2597 1751 sermonibus:
2643 1697 2768 1766 quia
2817 1698 3076 1767 majorem
3125 1710 3504 1769 perceperunt
3559 1702 3808 1771 gratiam,

2216 1785 2289 1840 ita
2330 1795 2391 1841 ut
2426 1785 2625 1840 Paulus
2659 1787 2908 1842 diceret:
2945 1787 3129 1842 Posuit
3161 1790 3301 1843 Deus
3327 1791 3384 1844 in
3421 1789 3677 1845 Ecclesia
3699 1795 3806 1862 pri-

2217 1896 2359 1933 munt
2425 1880 2705 1949 apostolos,
2767 1881 2951 1934 deinde
3007 1883 3367 1952 prophetas".
3441 1885 3668 1939 Deinde
3716 1885 3808 1955 ipsi

2224 1981 2346 2042 post
2390 1973 2754 2043 evangelicam
2794 1974 3159 2041 traditionem,
3205 1976 3581 2032 introducunt
3620 1977 3811 2033 Christi

2222 2063 2494 2134 mysteria;
2524 2065 2877 2120 introducunt
2905 2077 3110 2134 autem,
3140 2067 3273 2139 legis
3309 2069 3814 2140 pr0phctarutnque

2221 2162 2437 2208 utentes
2503 2155 2855 2210 testimoniis.
2905 2154 3132 2224 Propter
3181 2158 3323 2228 quod
3376 2159 3463 2213 eis
3516 2160 3806 2230 collyridar,

2221 2255 2276 2300 ct
2322 2245 2513 2315 lagana
2553 2246 2714 2300 simul
2755 2247 2999 2316 subjecta
3046 2257 3195 2316 sunt,
3248 2257 3304 2304 et
3348 2249 3680 2319 conjuncta.
3710 2251 3806 2304 Sed

2172 2377 2179 2379 -
2219 2336 2350 2408 quid
2381 2336 2465 2391 his
2492 2337 2712 2406 adjiciat.
2739 2337 3108 2393 intendamus.

2292 2429 2474 2484 Posuit
2511 2446 2669 2498 super
2723 2431 2930 2501 adipem
2960 2441 3008 2486 et
3038 2449 3248 2487 armum
3279 2434 3558 2498 dextrum,
3602 2437 3808 2488 tradens

2220 2522 2378 2577 simul
2409 2523 2588 2577 omnia
2619 2523 2800 2578 Aaron
2837 2541 2901 2578 ac
2927 2525 3052 2593 ﬁliis
3082 2527 3218 2596 ejus.
3249 2527 3388 2582 lllud
3417 2526 3512 2582 lex
3543 2538 3812 2582 contesta-

2224 2625 2331 2679 tur,
2359 2616 2484 2684 quia
2529 2631 2693 2671 omne
2736 2616 3092 2682 desiderium,
3146 2634 3485 2689 omnemque
3543 2619 3806 2673 actionem

2221 2708 2423 2764 bonam
2452 2706 2633 2764 olferri
2672 2711 2930 2780 mysterio
2962 2712 3032 2765 sit
3057 2727 3304 2778 necesse,
3337 2715 3382 2768 si
3414 2723 3606 2767 tamen
3638 2713 3718 2766 vis
3753 2712 3810 2765 il-

2224 2801 2312 2854 lud
2343 2802 2643 2856 secundum
2677 2801 2764 2856 Dei
2795 2804 3154 2859 intentionem
3211 2805 3458 2875 legisque
3514 2805 3804 2876 suscipere.

2227 2891 2332 2947 Sed
2355 2902 2410 2947 et
2435 2893 2754 2962 praedictum
2779 2909 3016 2964 sequens
3043 2896 3316 2962 ordinem,
3347 2897 3422 2952 ait
3447 2914 3464 2951 :

2298 2982 2527 3038 Tradens
2565 2984 2724 3038 simul
2770 2986 2948 3039 omnia
2993 2985 3171 3041 Aaron
3209 2987 3436 3058 ﬁliisque
3489 2989 3628 3058 ejus.
3661 2988 3804 3043 Prius

2227 3074 2495 3145 siquidem
2547 3075 2799 3130 Christus
2828 3091 2926 3131 sua
2957 3078 3211 3147 mysteria
3242 3079 3550 3143 inchoavit.
3602 3087 3657 3133 et
3688 3085 3806 3130 tunc

2228 3183 2292 3222 ea
2341 3168 2520 3232 nobis,
2561 3169 2654 3239 qui
2700 3169 2829 3225 facti
2860 3185 3050 3226 sumus
3091 3170 3186 3226 ﬁlii
3233 3172 3352 3243 ejus
3398 3188 3502 3242 per
3544 3172 3802 3227 lavacrum

2233 3259 2665 3330 regenerationis
2690 3262 2927 3317 tradidit.

2301 3352 2369 3405 Et
2394 3352 2691 3406 levaverunt
2717 3371 2780 3408 ea
2812 3370 2993 3409 coram
3028 3355 3273 3411 Domino.
3306 3356 3494 3427 Ipsum
3525 3355 3671 3412 enim
3700 3369 3800 3424 my-

2231 3442 2480 3509 sterium,
2531 3444 2676 3513 quod
2723 3445 2881 3499 nobis
2934 3446 3172 3512 tradidit,
3224 3449 3326 3503 hoc
3361 3463 3488 3503 cum
3525 3464 3622 3503 sua
3649 3459 3798 3501 carne

2231 3535 2284 3589 in
2317 3535 2486 3590 caelos
2520 3535 2744 3595 levavit.
2784 3538 2979 3592 Dicens
3025 3549 3207 3594 autem
3255 3540 3452 3596 levavit
3484 3556 3607 3596 eam
3637 3553 3798 3593 coram

2236 3627 2484 3693 Domino,
2515 3627 2737 3682 modum
2781 3645 2890 3698 quo
2927 3630 3186 3685 obtulerit
3218 3631 3317 3697 eis,
3369 3632 3460 3702 qui
3496 3641 3620 3702 post
3650 3626 3798 3683 futuri

2232 3727 2409 3782 erant,
2443 3721 2719 3790 exposuit.

2309 3811 2637 3884 Rursumque
2682 3823 2920 3884 suscepta
2952 3816 3016 3869 de
3063 3815 3305 3871 manibus
3355 3834 3561 3882 eorum,
3593 3812 3797 3869 adolevit

2235 3922 2392 3973 super
2427 3905 2599 3959 altare
2636 3907 2927 3961 leocausti
2961 3924 3018 3960 eo
3060 3909 3198 3978 quod
3241 3912 3649 3964 consecrationis
3687 3919 3798 3964 esset

2235 3998 2434 4051 oblatio
2463 4000 2517 4051 in
2546 4000 2760 4054 odorem
2784 4001 3062 4055 suavitatis
3085 4003 3334 4071 sacriﬁcii
3371 4002 3603 4058 Domini.
3637 4005 3796 4056 Altare

2239 4091 2563 4157 holocausti,
2598 4091 2800 4147 Christi
2828 4108 3029 4162 corpus
3059 4093 3280 4158 dicitur,
3313 4095 3406 4149 sed
3437 4105 3493 4150 ct
3523 4097 3656 4151 odor
3686 4110 3796 4149 sua-

2238 4182 2518 4249 vissimus;
2570 4183 2638 4238 de
2679 4181 2902 4238 Christo
2933 4186 3078 4239 enim
3106 4195 3298 4257 aperte
3324 4187 3378 4240 in
3406 4187 3648 4242 Cantieis
3682 4201 3794 4240 caa-

2238 4275 2472 4328 ticorum
2513 4273 2755 4330 dicitur:
2819 4275 3147 4346 Unguentum
3198 4278 3415 4346 effusum
3484 4289 3561 4333 est
3633 4289 3796 4331 nautea

2241 4375 2408 4431 tuum,
2436 4376 2710 4434 propterea
2750 4367 3150 4422 adolescentulo:
3178 4369 3473 4422 dilexerunt
3509 4369 3639 4423 te".

2311 4458 2572 4528 Sacri/icii
2605 4459 2833 4514 Domini.
2871 4459 2930 4514 ld
2967 4470 3050 4516 est
3079 4460 3327 4516 sacriﬁcii
3370 4470 3426 4516 et
3478 4461 3793 4518 holocausto-

2242 4553 2423 4606 matis.

554 4645 630 4700 ita
677 4656 737 4701 ut
779 4645 948 4701 Judmi
997 4662 1104 4701 non
1153 4646 1332 4701 omnia
1380 4645 1767 4717 intelligerent,
1811 4663 1974 4718 quam
2005 4648 2134 4718 quia
2169 4658 2212 4712 ι)
2309 4636 2456 4694 Sicut
2497 4640 2767 4694 mandavit
2811 4639 3084 4696 Dominus.
3139 4641 3260 4712 Ipse
3318 4643 3464 4697 enim
3526 4638 3790 4698 mandavit.

555 4737 823 4794 ferculum
877 4739 1298 4809 quodammodo,
1350 4748 1404 4794 et
1446 4754 1632 4794 mensa
1664 4739 1830 4794 totius
1872 4739 2134 4795 doctrinae

554 4839 690 4886 erat.
740 4829 878 4897 Quia
934 4845 1062 4904 ergo
1110 4830 1372 4886 rationale
1419 4840 1536 4886 erat
1583 4831 1922 4902 mysterium,
1975 4841 2028 4887 et
2073 4847 2136 4886 ea

555 4935 677 4990 quae
725 4919 1055 4984 efﬁciuntur,
1111 4936 1179 4977 ex
1226 4921 1437 4976 ratione
1482 4922 1808 4988 subsistunt,
1870 4931 2020 4978 recte
2071 4922 2139 4978 de

556 5010 798 5064 canistro
845 5010 1353 5076 consummationis,
1391 5011 1445 5066 id
1472 5021 1577 5074 est,
1610 5013 1678 5068 de
1709 5011 1890 5084 lingua
1919 5028 2015 5067 sua
2045 5028 2140 5084 pa-

509 5117 684 5156 «ncm
745 5103 1030 5173 mysticum
1086 5107 1362 5175 proponit.
1437 5105 1724 5172 Quomodo
1779 5115 1964 5161 autem
2016 5121 2141 5161 eum

558 5193 817 5262 proponit
859 5195 1095 5263 panem?
1140 5193 1361 5266 Absque
1405 5195 1699 5260 fermento,
1743 5205 1798 5250 et
1828 5196 2142 5266 collyridam

561 5298 910 5353 conspersam
955 5286 1096 5350 oleo,
1139 5286 1191 5342 id
1252 5294 1337 5343 est
1401 5288 1753 5357 apostolicam
1811 5287 2138 5354 doctrinam,

560 5374 897 5445 legalemque
926 5385 980 5431 et
1011 5377 1407 5448 propheticum.
1437 5377 1546 5432 Lex
1579 5377 1812 5432 enimet
1840 5377 2140 5447 prophetae,

561 5476 618 5520 et
665 5468 890 5537 apostoli
941 5468 1061 5546 ejus
1105 5469 1425 5523 memoriam
1471 5467 1702 5530 faciunt,
1757 5468 1844 5522 lex
1896 5468 2141 5538 quidem,

563 5559 754 5614 dicens
797 5578 810 5614 :

639 5855 684 5927 ‘f
707 5856 871 5913 Marc.
908 5875 1020 5923 xw,
1052 5858 1143 5922 9.5,
1171 5858 1262 5912 ει.
1340 5858 1385 5890 ⁸⁵
1411 5857 1602 5916 Matth.
1643 5877 1694 5927 ν,
1734 5857 1818 5914 l7.

571 5926 617 5964 “
647 5925 804 5990 Cant.
829 5943 867 5995 ι,
901 5930 958 5986 2.
1032 5931 1073 5964 ⁸³
1102 5929 1121 5985 Ι
1158 5930 1281 5986 Cor.
1319 5946 1393 5998 χι,
1426 5929 1516 5986 26.

863 5561 966 5614 Hic
1013 5570 1089 5615 est
1140 5561 1293 5630 panis
1337 5577 1487 5631 quem
1530 5561 1673 5615 dedit
1709 5560 1848 5614 vobis
1889 5559 2146 5614 Dominus

563 5655 832 5707 comedere
850 5653 914 5708 ⁸⁷.
965 5652 1252 5722 Propheta:
1283 5662 1500 5706 autem:
1555 5652 1715 5707 Panis
1751 5651 1798 5706 ei
1833 5653 2066 5716 dabitur,
2100 5660 2150 5706 et

2234 4730 2647 4802 Quotiescunque
2659 4734 2754 4787 hoc
2777 4734 2968 4801 bibitis,
2987 4745 3206 4788 mortem
3234 4737 3446 4790 Domini
3473 4738 3528 4791 in
3551 4736 3789 4791 vobismet-

2236 4826 2363 4895 ipsis
2397 4827 2711 4881 annuntiate
2727 4827 2796 4882 δ’.
3473 4824 3477 4827 ’

2311 4916 2450 4971 Tulit
2481 4925 2530 4971 et
2571 4917 2949 4988 pectusculum,
2986 4919 3192 4974 elevans
3221 4919 3356 4974 illud
3382 4937 3562 4974 coram
3599 4915 3787 4972 Domino

2241 5007 2304 5060 de
2331 5007 2493 5060 ariete
2521 5009 2944 5061 consecrationis.
2979 5006 3086 5062 Seu
3120 5010 3420 5064 secundum
3458 5010 3640 5065 LXX:
3673 5003 3788 5060 Con.

2241 5099 2612 5152 summationis
2667 5100 2722 5152 in
2766 5108 2971 5169 partem
3012 5115 3186 5165 suam,
3246 5100 3382 5154 sicut
3428 5106 3726 5170 pra'ceperal
3751 5091 3791 5147 ά

2243 5187 2520 5242 Dominus.
2562 5187 2716 5244 Sicut
2752 5190 2808 5243 in
2851 5188 3118 5245 sacriﬁcio
3149 5191 3520 5259 paciﬁcorum,
3552 5207 3640 5247 seu
3669 5185 3788 5242 salu-

2244 5281 2344 5335 tari
2382 5282 2780 5352 pectusculum,
2811 5282 2890 5338 sic
2910 5289 2965 5337 et
2997 5281 3086 5335 hic
3129 5281 3378 5348 olfertur,
3411 5285 3597 5354 utique
3621 5275 3789 5337 intelli-

2244 5375 2391 5444 gibili
2427 5373 2616 5444 Moysi,
2647 5374 2698 5430 id
2729 5383 2813 5430 est
2837 5375 3054 5431 Christo
3084 5375 3466 5446 pectusculum
3491 5374 3666 5429 arietis
3682 5381 3788 5424 coa-

2251 5465 2607 5530 secrationis,
2657 5481 2753 5521 seu
2801 5467 3289 5520 consummationis
3331 5476 3644 5536 separatur,
3688 5456 3787 5528 quia

2252 5573 2351 5627 per
2413 5557 2812 5627 pectusculum,
2866 5557 2998 5611 ﬁdes
3060 5565 3118 5612 et
3163 5556 3493 5612 conﬁdentia
3547 5557 3785 5627 ﬁguratur.

2254 5652 2398 5706 sicut
2423 5652 2628 5723 pridem
2675 5651 2932 5707 diximus.
2967 5649 3104 5706 Cum
3153 5659 3334 5706 autem
3365 5649 3538 5719 ipsius
3565 5648 3627 5703 sit
3652 5635 3789 5698 sacri-

1899 5859 1940 5890 "
1983 5857 2124 5915 Exod

2235 5874 2292 5924 fl,
2329 5856 2416 5914 15.
2498 5858 2543 5891 "
2575 5857 2680 5914 lsa.
2742 5874 2936 5926 χχχιιι,
3002 5859 3086 5928 16,
3128 5859 3216 5915 l7.
3319 5859 3364 5892 “
3391 5858 3411 5913 l
3443 5857 3572 5914 Cor.
3603 5867 3684 5916 ιιι,
3713 5841 3782 5897 93-
