4046 6416
152 459 298 523 885

1319 457 1399 517 IN
1441 455 1877 517 LEVITICUM.
1928 479 1991 493 --
2030 457 2177 516 LIB.
2220 457 2304 517 II.

3342 462 3447 525 886

156 575 392 637 ﬁcium,
442 586 667 628 necesse
713 581 797 628 est
840 582 900 627 ut
929 580 986 628 et
1011 572 1145 627 ﬁdes
1176 571 1299 642 ipsi,
1325 588 1447 642 qua:
1479 572 1533 626 in
1563 588 1630 626 eo
1656 579 1763 636 est,
1793 576 1841 634 Α
1867 571 2048 626 Aaron
2082 582 2137 627 et
2171 572 2267 627 ﬁlii
2299 573 2418 645 ejus
2466 572 2761 630 comedent
2789 587 2905 630 eos.
2945 570 3221 646 Quidquid
3264 587 3449 636 autem

156 667 497 737 deputetur.
559 666 836 719 Assumens
892 681 1014 736 ergo
1065 673 1407 734 unguentum,
1465 673 1513 717 et
1550 664 1770 734 sangui-

159 776 307 813 item
330 760 419 829 qui
458 768 573 813 erat
600 760 658 812 in
684 759 873 821 altari,
915 759 1117 827 aspersi
1145 774 1300 827 super
1327 757 1508 810 Aaron
1538 766 1586 809 et
1609 757 1768 810 vesti-

160 861 368 905 menta
420 851 533 918 eius
582 860 629 905 et
684 868 843 920 super
878 850 1013 919 ﬁlios
1076 851 1209 920 ejus,
1257 867 1320 903 ac
1366 857 1530 903 vestes
1569 862 1768 902 eorum.

163 940 424 1013 Cumque
456 944 834 1011 sanctiﬁcasset
877 959 961 996 eos
991 943 1045 995 in
1072 943 1265 997 vestitu
1296 957 1410 995 suo.
1455 939 1613 1005 Quod
1636 937 1772 993 Uni-

166 1032 357 1101 geniti
389 1031 629 1103 sanguis,
685 1040 742 1086 et
770 1031 955 1086 unctio
999 1030 1254 1100 Spiritus,
1304 1030 1470 1083 unius
1500 1028 1611 1083 sint
1640 1041 1773 1097 ope-

169 1124 417 1178 rationis
435 1133 595 1194 atque
614 1124 851 1189 virtutis,
883 1132 939 1178 et
968 1123 1133 1176 nimis
1169 1131 1316 1177 recte
1346 1121 1528 1176 oleum
1557 1121 1777 1176 unctio-

169 1216 299 1280 nis,
330 1225 387 1270 et
415 1216 733 1288 sanguinem
765 1216 971 1280 altaris,
1008 1216 1061 1270 id
1096 1225 1198 1278 est,
1232 1213 1497 1269 Dominici
1528 1213 1777 1284 corporis

173 1307 471 1378 legislator
514 1309 754 1371 unxerit,
798 1309 923 1363 audi
956 1308 1221 1363 Joannem
1280 1308 1595 1364 dicentem:
1651 1308 1776 1362 Tria

172 1410 314 1454 sunt
354 1418 471 1472 qua:
503 1403 855 1455 testimonium
913 1402 1167 1471 praebent,
1219 1410 1268 1455 et
1311 1413 1411 1455 tres
1442 1417 1604 1455 unum
1633 1409 1773 1467 sunt,

176 1490 448 1561 Spiritus,
479 1496 712 1565 sanguis,
741 1504 788 1547 et
820 1495 1036 1564 aqua”.
1100 1493 1280 1548 Unum
1313 1493 1458 1548 cnim
1521 1492 1777 1548 eﬁectum

179 1586 645 1641 sanctiﬁcationis
678 1587 899 1640 habent.
936 1585 1157 1641 Multum
1186 1595 1333 1641 recte
1362 1594 1567 1641 vestem
1596 1588 1780 1640 Aaron

180 1676 260 1729 ab
302 1675 460 1729 stolis
492 1676 724 1730 ﬁliorum
764 1677 946 1731 Aaron
978 1676 1061 1731 lex
1094 1676 1384 1747 separavit.
1415 1677 1551 1732 Nam
1584 1677 1684 1732 etsi
1713 1677 1782 1732 ad

182 1766 557 1821 imitationem
613 1767 827 1822 Domini
890 1778 1120 1832 vestem,
1171 1769 1265 1839 qui
1315 1769 1382 1824 ab
1418 1784 1483 1824 eo
1540 1768 1781 1838 adoptati

182 1873 413 1923 smnus,
444 1860 727 1923 habemus,
761 1877 952 1915 verum
981 1871 1162 1916 tamen
1195 1868 1458 1930 quantum
1505 1860 1778 1931 pontiﬁcis

1872 663 2140 734 reliquum
2192 663 2356 720 fuerit
2399 666 2468 720 de
2490 681 2653 720 carne
2677 674 2733 720 et
2761 664 2829 719 de
2862 666 3116 735 panibus,
3144 668 3287 739 ignis
3316 686 3450 724 con-

1872 757 2054 811 sumit.
2104 755 2181 810 De
2240 758 2381 813 ostio
2437 772 2655 828 quoque
2710 757 3047 813 tabernaculi
3090 775 3202 814 non
3234 761 3454 816 exibitis

1873 854 2081 914 septem
2137 845 2332 902 diebus
2384 863 2560 918 usque
2606 848 2674 903 ad
2721 849 2865 903 diem
2919 864 3027 918 quo
3080 851 3451 921 complcbi‘tur

1875 942 2091 1004 tempus
2116 939 2545 993 consecrationis
2588 947 2803 994 vestrae.
2840 938 3060 1010 Septem
3084 941 3231 995 enim
3260 942 3456 999 diebus

1874 1021 2061 1077 ﬁnitur
2095 1026 2459 1091 consecratio,
2512 1027 2655 1082 sicut
2695 1037 2751 1083 et
2805 1028 2860 1082 in
2908 1031 3196 1100 praesentia
3250 1031 3455 1087 factum

1876 1123 1980 1177 est,
2028 1123 2089 1171 ut
2128 1116 2264 1172 ritus
2303 1119 2551 1174 sacriﬁcii
2607 1121 2991 1191 compleretur.
3049 1123 3146 1179 Die
3192 1140 3256 1180 ac
3295 1136 3457 1181 nocte

1877 1207 2168 1262 manebitis
2225 1208 2279 1263 in
2343 1211 2693 1267 tabernaculo
2748 1214 3104 1269 observantes
3180 1218 3457 1273 custodias

1878 1295 2113 1364 Domini,
2166 1316 2236 1355 ne
2282 1302 2631 1370 moriamini;
2670 1304 2747 1360 sic
2780 1305 2926 1359 enim
2959 1307 3093 1361 mihi
3125 1318 3456 1378 praceptum

1878 1398 1981 1445 est.
2044 1389 2421 1464 Feceruntque
2480 1394 2660 1451 Aaron
2711 1406 2765 1451 et
2804 1398 2899 1453 ﬁlii
2945 1400 3064 1469 ejus
3098 1412 3292 1457 cuncta
3339 1419 3460 1473 quae

1879 1484 2137 1553 praecepit
2168 1484 2432 1569 Dominus
2478 1502 2577 1557 per
2603 1503 2822 1542 manum
2855 1489 3041 1561 Moysi.
3081 1512 3099 1543 ι

1952 1573 2231 1646 Praecipua
2289 1593 2439 1632 nunc
2493 1578 2770 1649 legislator
2835 1582 3123 1652 providit,
3170 1584 3459 1640 discrevit-

1881 1681 1987 1736 que
2019 1670 2295 1738 mysteria,
2325 1680 2380 1727 et
2412 1672 2709 1744 ﬁguraliter
2739 1690 2837 1743 per
2873 1691 2937 1730 ca
2981 1692 3101 1747 qua:
3130 1694 3280 1731 nunc
3325 1694 3461 1732 con-

1886 1759 2174 1828 templatus
2204 1771 2320 1826 est,
2373 1763 2611 1828 tradidit,
2665 1764 2806 1818 intra
2856 1765 3157 1821 Ecclesiam
3213 1783 3277 1821 ea
3333 1784 3458 1837 per-

1887 1848 1972 1904 ﬁci
2015 1859 2068 1905 et
2107 1852 2418 1909 nullatenus
2472 1854 2825 1925 profanorum
2872 1858 3060 1913 usibus
3122 1868 3180 1913 et
3241 1860 3465 1915 auribus

184 1950 417 2005 dmum;
459 1952 646 2019 vestis,
699 1970 796 2022 per
844 1955 1121 2009 anteriora
1161 1953 1472 2015 didicimus,
1523 1962 1617 2007 aut
1645 1952 1775 2022 quid
1810 1948 1849 2003 Β
1878 1943 2163 2012 publicari,
2208 1961 2308 2001 nec
2328 1947 2551 2002 cuilibet
2602 1948 2807 2003 volenti
2859 1949 3185 2019 profanandi
3220 1966 3282 2005 ea
3343 1966 3463 2005 esse

186 2046 286 2106 sit,
324 2051 382 2098 et
413 2060 574 2115 quam
619 2046 922 2115 multiplex.
977 2044 1240 2101 Tunicam
1276 2045 1421 2099 enim
1470 2044 1613 2099 illam
1647 2043 1785 2099 dixit

189 2136 405 2190 habere
448 2137 914 2206 superhumcrale,
965 2146 1020 2191 et
1052 2137 1333 2202 rationale,
1377 2138 1523 2192 unde
1556 2146 1701 2193 recte
1731 2146 1787 2193 et

189 2243 352 2283 nunc
382 2229 664 2298 pluraliter
692 2229 1027 2283 nominatur.
1058 2229 1134 2284 Ea
1165 2239 1347 2284 autem
1377 2245 1498 2299 qua:
1528 2238 1614 2284 est
1644 2230 1785 2283 ﬁlio-

190 2336 325 2374 rum
375 2321 577 2385 Aaron,
622 2320 724 2376 etsi
782 2321 1073 2376 uniformis
1121 2330 1205 2376 est
1255 2321 1459 2386 tunica,
1511 2333 1693 2375 tamen
1727 2327 1786 2374 et

192 2410 317 2480 ipsa
354 2419 455 2465 est.
498 2409 604 2466 Sed
645 2412 772 2481 quia
823 2412 1024 2467 multas
1052 2411 1284 2466 virtutes
1311 2426 1420 2465 una
1452 2411 1658 2475 tunica,
1687 2424 1787 2465 seu

190 2502 343 2556 stola
396 2502 577 2567 habet,
621 2502 826 2557 Christi
856 2502 1003 2557 enim
1033 2502 1215 2558 tunica
1262 2503 1376 2558 sive
1402 2504 1561 2569 stola,
1593 2518 1700 2573 qua
1729 2502 1788 2557 hi

190 2595 294 2664 qui
348 2596 418 2652 ab
479 2612 545 2652 eo
614 2597 765 2651 uncti
845 2606 992 2664 sunt,
1063 2597 1367 2652 induuntur
1437 2599 1787 2669 adoptionem

194 2688 431 2755 habere,
480 2688 948 2758 incorruptionem
1013 2689 1238 2757 habere,
1293 2699 1349 2745 et
1408 2689 1465 2744 in
1516 2690 1668 2745 ccelis
1697 2705 1788 2745 re-

195 2778 416 2848 quiem,
463 2788 519 2833 et
545 2780 645 2832 alia
674 2778 799 2833 talia
827 2778 1190 2851 cognoscitur,
1223 2787 1514 2849 propterea
1546 2777 1790 2848 appella-

199 2880 297 2925 tur
345 2871 529 2926 tunica
580 2871 693 2926 sive
746 2871 904 2935 stola,
950 2871 1077 2926 licet
1108 2887 1215 2925 una
1252 2871 1621 2926 sitomnium.
1655 2869 1790 2935 Qui-

198 2981 415 3035 cunque
467 2966 601 3017 enim
634 2965 689 3017 in
726 2964 929 3019 Christo
974 2964 1233 3034 baptizati
1278 2981 1477 3029 sumus,
1526 2962 1790 3019 Christum

200 3056 385 3109 induti
437 3056 697 3110 sumus”.
747 3055 853 3111 Sed
908 3066 1087 3111 tamen
1136 3065 1362 3126 propter
1398 3056 1791 3111 abundantiam

202 3150 503 3214 donorum,
530 3166 650 3220 qua:
684 3166 750 3204 ex
787 3165 848 3204 ea
880 3158 1008 3204 sunt
1047 3150 1351 3218 pluraliter,
1388 3148 1705 3202 nominatur
1736 3155 1793 3202 et

203 3242 380 3296 nimis
423 3253 589 3305 recte,
625 3252 846 3314 propter
874 3242 1156 3297 veritatem
1185 3258 1305 3312 quas
1332 3241 1386 3294 in
1414 3256 1476 3295 ea
1508 3240 1788 3312 ﬁguratur.
1821 3282 1864 3341 Ο

205 3329 483 3402 Figurans
539 3347 659 3386 eam
709 3332 902 3395 forma,
936 3333 1052 3386 sine
1084 3332 1429 3387 districtione
1468 3332 1602 3398 acri,
1647 3334 1791 3388 viam

206 3440 339 3493 quae
395 3424 448 3477 in
488 3439 551 3478 ea
600 3433 701 3487 est,
743 3425 1159 3494 praetermittere
1202 3424 1433 3494 cogitur.
1479 3423 1615 3478 Ecce
1650 3425 1796 3478 enim

208 3532 342 3571 cum
374 3517 660 3571 uniformis
688 3517 759 3571 sit
782 3518 983 3582 tunica,
1017 3517 1129 3571 sive
1158 3517 1297 3571 stola
1329 3516 1560 3571 ﬁliorum
1593 3519 1796 3585 Aaron,

208 3609 417 3664 multas
469 3618 684 3672 tamen,
722 3618 778 3664 et
819 3624 925 3662 non
970 3623 1133 3662 unam
1182 3608 1420 3662 tunicam
1466 3608 1797 3664 nominavit.

212 3699 272 3754 Si
302 3709 489 3754 autem
513 3699 904 3770 intelligibilem
927 3680 1253 3754 sanctiﬁcari
1279 3700 1455 3756 Aaron
1481 3702 1800 3772 aspersione

210 3792 503 3863 sanguinis
562 3801 617 3846 et
667 3792 772 3847 olei
828 3791 1219 3863 cognovimus,
1288 3809 1401 3848 non
1462 3793 1801 3848 admiremur

213 3881 369 3950 quod
397 3881 600 3936 dictum
634 3893 735 3946 est,
780 3883 895 3952 ipse
926 3883 1073 3937 enim
1105 3884 1358 3939 Christus
1394 3885 1461 3939 ad
1493 3886 1802 3942 sanctiﬁca-

216 3972 434 4026 tionem
491 3982 754 4036 nostram,
788 3974 1103 4043 aspersione
1152 3976 1356 4046 proprii
1395 3978 1677 4047 sanguinis
1715 3978 1802 4034 vi-

216 4061 443 4124 delicet,
500 4062 812 4130 passionem
845 4079 997 4118 suam
1052 4080 1149 4133 pro
1176 4066 1337 4121 nobis
1383 4068 1600 4123 obtulit.
1642 4068 1805 4125 Unde

220 4152 368 4207 ﬁlios
398 4153 579 4207 Aaron
611 4163 666 4207 et
698 4153 909 4208 tunicas
946 4169 1043 4208 seu
1074 4155 1240 4210 stolas
1271 4171 1395 4210 cum
1443 4158 1624 4212 Aaron
1666 4158 1807 4213 dixit

218 4244 574 4309 sanctiﬁcari,
608 4246 733 4316 quia
765 4261 1105 4317 quaecunque
1150 4247 1204 4300 in
1250 4248 1408 4302 nobis
1454 4249 1803 4320 contingunt,

221 4338 290 4391 ad
332 4351 480 4403 eum,
522 4346 583 4392 ut
614 4346 777 4408 caput
817 4338 1027 4392 scilicet
1066 4339 1231 4393 totius
1271 4341 1516 4408 corporis
1548 4356 1806 4395 necessa-

224 4429 310 4483 rio
344 4428 699 4484 reducuntur.
728 4429 809 4484 Ad
839 4428 1217 4501 probationem
1244 4437 1427 4481 autem
1459 4443 1652 4482 eorum
1683 4445 1806 4497 qua:

226 4523 377 4577 dicta
430 4529 576 4586 sunt,
633 4522 845 4577 Domini
899 4536 1179 4577 sumamus
1225 4520 1434 4584 verba;
1490 4535 1617 4574 cum
1663 4521 1810 4575 enim

1882 2031 2219 2089 facultatem.
2247 2033 2403 2091 Unde
2429 2038 2555 2106 quia
2600 2038 3010 2092 tabernaculum
3044 2036 3340 2092 testimonii
3369 2037 3466 2090 Dei

1884 2124 2083 2179 coelum
2109 2140 2249 2191 esse,
2282 2127 2479 2181 atrium
2502 2138 2684 2182 autem
2714 2129 3053 2183 tabernaculi
3083 2128 3248 2198 hujus
3278 2127 3468 2183 Eccle-

1886 2215 2041 2282 siam,
2097 2217 2222 2287 quia
2259 2218 2373 2288 ipsa
2420 2229 2502 2275 est
2532 2232 2658 2275 ante
2692 2221 2812 2276 coeli
2860 2221 3143 2275 introitum
3182 2221 3466 2286 collocata,

1887 2307 2003 2379 ipsa
2066 2309 2365 2365 Jerusalem
2421 2312 2625 2382 quippe
2669 2312 2907 2367 cwlestis
2952 2321 3100 2367 tenet
3153 2312 3465 2383 imaginem,

1887 2401 2030 2457 sicut
2080 2401 2208 2455 olim
2255 2403 2633 2472 praediximus,
2676 2405 2824 2458 intus
2860 2406 2917 2459 in
2960 2419 3181 2459 carnem
3212 2403 3470 2459 sacriﬁcii

1888 2493 2045 2563 coqui
2074 2494 2351 2565 prmeepit.
2386 2496 2473 2549 Ait
2503 2496 2646 2551 enim
2675 2514 2688 2549 :

1962 2586 2221 2655 Priecepit
2246 2588 2318 2642 eis
2348 2588 2521 2642 dicens
2548 2604 2565 2641 :
2596 2588 2810 2658 Coquite
2838 2605 3021 2642 carnes
3052 2597 3174 2641 ante
3206 2590 3344 2659 fores
3385 2596 3469 2641 ta-

1890 2680 2184 2745 bernaculi,
2218 2690 2266 2734 et
2289 2682 2363 2734 ibi
2390 2682 2650 2735 comedite
2672 2698 2779 2735 eas.
2815 2680 2899 2746 Et,
2920 2681 3281 2736 sicutaddunt
3308 2681 3470 2745 LXX,
3510 2730 3529 2733 μ

1890 2774 1945 2828 in
1999 2774 2110 2830 loco
2164 2785 2369 2830 sancto.
2430 2775 2527 2831 Est
2581 2786 2762 2831 autem
2811 2776 2965 2832 locus
3010 2786 3237 2832 sanctus
3280 2777 3473 2842 altare,
3514 2770 3519 2775 ’

1891 2865 1965 2920 ibi
2013 2865 2156 2920 enim
2207 2866 2439 2922 Sanctus
2488 2874 2800 2923 sanctorum
2837 2868 3148 2936 requiescit.
3201 2867 3308 2922 Sed
3342 2868 3474 2937 quid

1893 2958 2139 3013 addidit?

1964 3047 2033 3101 Et
2078 3047 2155 3101 ibi
2181 3050 2404 3103 comedit
2441 3065 2550 3103 eas.
2588 3048 2762 3104 Panes
2801 3066 3004 3120 quoque
3048 3051 3474 3117 consecrationis,

1896 3134 2032 3199 sive,
2079 3142 2138 3189 ut
2194 3134 2338 3189 LXX
2371 3137 2561 3201 edunt,
2610 3146 2657 3190 et
2700 3154 2862 3207 panes
2899 3139 2991 3207 qui
3018 3141 3217 3192 suntin
3248 3141 3480 3195 canistro

1897 3230 2381 3296 consummationis,
2407 3231 2563 3296 edite,
2595 3231 2731 3285 sicut
2762 3233 3009 3301 prrecepit
3040 3232 3167 3286 mihi
3192 3233 3475 3288 Dominus.

1897 3318 2081 3372 Aaron
2117 3328 2167 3373 et
2211 3318 2311 3389 ﬁlii
2350 3319 2464 3388 ejus
2509 3321 2776 3374 comedent
2804 3336 2905 3374 eos.
2940 3318 3228 3386 Quomodo
3265 3337 3395 3393 ergo
3422 3322 3475 3375 in

1898 3410 1982 3466 his
2029 3427 2140 3467 non
2192 3412 2511 3469 admiranda
2560 3413 2630 3469 sit
2676 3413 2942 3484 sapientia
2975 3414 3244 3483 spiritus?
3276 3414 3482 3468 nullam

1897 3506 2102 3576 quippe
2148 3505 2483 3562 dubietatem
2517 3507 2829 3577 hujusmodi
2860 3506 3163 3563 intellectui
3196 3507 3430 3577 deliquit
3466 3526 3480 3562 :

1897 3604 2187 3667 propterea
2221 3611 2415 3651 carnes
2460 3612 2584 3651 cum
2614 3596 2847 3666 panibus
2879 3597 3093 3651 comedi
3128 3597 3479 3667 prrecipiens,

1902 3699 1962 3743 ut
1987 3704 2088 3744 nos
2119 3688 2571 3760 intelligeremus,
2619 3687 2751 3742 illud
2790 3688 2860 3742 ab
2887 3703 2953 3743 eo
2987 3688 3308 3759 mysterium
3351 3687 3483 3752 dici,

1901 3780 2048 3853 quod
2076 3780 2238 3835 simul
2276 3781 2451 3851 panis,
2481 3789 2535 3835 et
2572 3796 2700 3834 caro
2722 3788 2823 3844 est,
2859 3779 2999 3834 sicut
3044 3794 3244 3848 corpus
3278 3777 3485 3833 Christi

1904 3873 2060 3944 panis
2098 3873 2231 3937 vini,
2267 3872 2361 3942 qui
2410 3872 2478 3926 de
2513 3871 2651 3926 ccelo
2697 3870 3003 3925 descendit.
3056 3869 3285 3939 Pmptcr
3339 3870 3486 3937 quod

1905 3966 2035 4020 Elia:
2084 3966 2382 4020 secundum
2419 3963 2557 4017 LXX
2599 3963 2917 4027 editionem,
2950 3978 3146 4017 carnes
3181 3976 3359 4026 mane,
3391 3977 3489 4030 pa-

1904 4074 2005 4113 nes
2038 4067 2218 4114 autem
2261 4057 2472 4126 vesperi
2513 4055 2830 4110 deferebant
2871 4055 3020 4109 corvi
3050 4069 3311 4123 superne,
3346 4069 3485 4122 prae-

1907 4152 2144 4223 ﬁgnrare
2195 4151 2301 4206 hoc
2362 4149 2685 4220 mysterium
2738 4147 2973 4202 Domino
3022 4147 3283 4202 volente:
3339 4145 3485 4215 quod

1908 4243 2058 4296 intus
2098 4248 2312 4313 oportet
2372 4238 2429 4294 in
2482 4237 2746 4305 Ecclesia,
2788 4237 2846 4291 in
2900 4238 3019 4291 loco
3050 4245 3262 4298 sancto,
3301 4235 3352 4289 id
3380 4243 3483 4298 est,

1910 4336 1978 4389 ad
2010 4335 2181 4389 altare
2218 4332 2380 4403 coqui
2403 4340 2459 4387 et
2484 4329 2734 4387 comedi:
2785 4328 2913 4384 alibi
2955 4344 3088 4383 vero
3118 4341 3485 4396 nequaquam.

1910 4426 2143 4496 Pr0pter
2210 4424 2359 4495 quod
2434 4422 2636 4477 Paulus
2707 4419 3010 4475 Corinthiis
3083 4417 3437 4489 prtecipiebat
3474 4456 3487 4468 .

1915 4515 2350 4573 Convenientibus
2397 4521 2576 4565 autem
2613 4511 2755 4564 vobis
2794 4511 2850 4562 in
2887 4525 3071 4574 unum,
3116 4508 3237 4577 jam
3277 4522 3379 4560 non
3420 4514 3493 4559 est

226 4611 632 4684 cruciﬁgendus
679 4622 825 4669 esset
867 4629 966 4683 pro
1002 4613 1181 4676 nobis,
1236 4612 1351 4667 haec
1394 4611 1497 4666 sub
1547 4611 1811 4667 orationis
1842 4628 1891 4687 ι)
1922 4608 2249 4662 Dominicam
2284 4620 2483 4659 comam
2537 4602 2858 4656 manducare
2894 4617 2910 4654 :
2964 4600 3318 4669 unusquisque
3360 4600 3500 4651 enim

231 4706 447 4771 forma,
496 4706 562 4760 ad
598 4706 973 4761 instruendam
1020 4704 1382 4760 obedientiam
1442 4705 1814 4774 apostolorum

233 4800 413 4855 dixit:
442 4799 589 4854 Sicut
624 4816 704 4853 me
742 4800 883 4852 misit
906 4798 1071 4852 Pater
1099 4799 1154 4850 in
1177 4798 1447 4864 mundum,
1489 4807 1536 4851 et
1560 4814 1652 4868 ego
1691 4798 1817 4851 misi

235 4908 323 4944 eos
366 4891 424 4965 in
460 4893 733 4955 mundum,
780 4900 829 4944 et
854 4906 948 4959 pro
978 4890 1050 4943 eis
1089 4905 1181 4960 ego
1228 4888 1496 4957 sancti/ica
1542 4890 1816 4959 meipsum,

238 4993 296 5035 ut
379 4983 483 5036 sint
552 4991 603 5035 et
663 4982 762 5049 ipsi
834 4981 1151 5049 sanctiﬁcati
1205 4980 1259 5032 in
1311 4978 1616 5033 veritate“.
1679 4979 1820 5050 Ergo

241 5082 434 5145 aperte
463 5073 945 5129 sanctiﬁcationem
995 5072 1320 5128 sacriﬁcium
1349 5071 1496 5141 quod
1530 5086 1629 5141 pro
1660 5071 1821 5126 nobis

158 5150 161 5153 Α
244 5166 483 5232 obtulit,
543 5181 610 5221 ex
664 5182 773 5237 quo
829 5175 884 5221 et
945 5164 1101 5219 nobis
1152 5163 1509 5220 sanctiﬁcatio
1568 5163 1820 5233 proﬁcit,

246 5258 563 5330 appellavit.
920 5316 921 5319 η

324 5350 485 5406 Vens.
547 5349 739 5406 51—36.
796 5370 814 5403 ‹
873 5348 1120 5421 Cumque
1178 5348 1568 5404 sanctiﬁcassct
1617 5363 1713 5403 eos
1770 5347 1827 5401 in

250 5444 451 5498 vestitu
508 5458 608 5499 suo
661 5443 918 5512 praecepit
973 5442 1052 5498 eis
1101 5440 1327 5496 dicens:
1382 5439 1611 5509 Coquite
1641 5453 1832 5495 carnes

253 5544 381 5591 ante
427 5536 572 5592 fores
614 5535 965 5599 tabernaculi,
1011 5543 1066 5590 et
1095 5534 1169 5589 ibi
1202 5532 1469 5588 comedite
1507 5547 1619 5587 eas.
1655 5532 1833 5586 Panes

254 5645 479 5705 quoque
515 5630 938 5686 consecrationis
993 5629 1171 5693 edite,
1229 5626 1321 5697 qui
1390 5625 1549 5695 positi
1605 5633 1733 5680 sunt
1779 5625 1833 5679 in

260 5726 497 5782 canistro
558 5726 701 5781 sicut
750 5724 1011 5797 praecepit
1064 5723 1198 5779 mihi
1253 5722 1538 5789 Dominus,
1592 5720 1834 5776 dicens:

1921 4716 2076 4755 suam
2114 4714 2314 4753 amttam
2361 4696 2633 4767 praesumit
2665 4695 2736 4748 ad
2782 4692 3232 4747 manducandum.
3262 4690 3332 4743 Et
3363 4689 3502 4742 alius

1924 4794 2134 4860 quidem
2177 4790 2360 4853 esurit,
2396 4789 2534 4842 alius
2565 4797 2743 4840 autem
2787 4786 2957 4839 ebrius
2997 4793 3091 4839 est.
3126 4782 3382 4853 Nunquid
3405 4782 3497 4834 (Ιοα

1928 4902 2038 4940 mos
2068 4901 2171 4938 non
2207 4883 2405 4936 habetis
2426 4882 2495 4934 ad
2514 4879 2945 4934 manducandum
2972 4886 3021 4931 et
3063 4876 3362 4939 bibendum,
3409 4881 3505 4939 aut,

1930 4980 2221 5035 Ecclesiam
2269 4978 2367 5032 Dei
2431 4977 2695 5045 despicitis
2713 4975 2793 5028 5"?
2848 4973 2916 5027 Et
2964 4973 3073 5027 hoc
3117 4971 3264 5037 ideo,
3295 4976 3357 5024 ut;
3392 4968 3504 5024 illic

1930 5073 2178 5128 absolute
2215 5070 2441 5141 mystica
2481 5083 2636 5123 cmna
2667 5068 2889 5122 deberet
2920 5062 3204 5120 celebrari.
3238 5061 3423 5116 Aaron
3453 5069 3509 5114 et

1932 5164 2027 5219 ﬁlii
2075 5163 2193 5232 ejus
2231 5161 2362 5216 illud
2389 5170 2535 5215 recte
2579 5159 2895 5223 comedunt,
2926 5156 3037 5211 nisi
3068 5155 3219 5210 enim
3253 5153 3507 5207 Christus

1933 5262 2155 5326 rogatus
2202 5267 2299 5307 ore
2350 5250 2716 5315 sacerdotum,
2769 5248 2887 5318 ipse
2938 5245 3151 5302 venerit
3195 5253 3250 5300 et
3297 5257 3511 5298 ccenam

1936 5344 2356 5404 sanctiﬁcaverit
2380 5359 2462 5408 ea,
2495 5357 2616 5413 qua:
2646 5349 2901 5411 aguntur,
2947 5339 3261 5393 nullatenus
3304 5333 3512 5389 sacriﬁ-

1939 5442 2084 5496 cium
2114 5437 2459 5495 Dominicum
2482 5435 2639 5490 ﬁunt.
2674 5433 2783 5488 Sed
2828 5432 2933 5487 hoc
2956 5431 3102 5502 quod
3131 5429 3400 5497 reliquum
3433 5428 3518 5476 est

1940 5535 2009 5591 de
2042 5533 2318 5596 carnibus,
2369 5539 2425 5585 et
2460 5528 2714 5600 panibus,
2748 5526 2804 5581 in
2832 5526 2955 5597 igne
2982 5522 3197 5580 incendi
3229 5513 3516 5591 praacepit.
3604 5532 3605 5535 η

1942 5625 2101 5693 Quod
2128 5639 2281 5679 nunc
2313 5623 2564 5677 videmus
2606 5620 2772 5675 etiam
2820 5614 3153 5673 sensibilitcr
3190 5612 3245 5666 in
3275 5603 3518 5708 Ecclesia

1945 5718 2081 5784 ﬁeri,
2135 5716 2353 5789 ignique
2385 5712 2524 5767 tradi
2579 5725 2921 5781 quascunque
2953 5717 3239 5764 remanere
3270 5706 3519 5771 contige-

332 5904 377 5934 "
409 5901 611 5957 lJoan.
641 5919 695 5965 v.
730 5902 783 5955 8.
860 5903 905 5935 ⁵³
938 5899 1109 5956 Galat.
1138 5897 1330 5963 "1,27.
1404 5897 1450 5930 ⁸⁵
1479 5896 1634 5952 Joan.
1667 5913 1796 5963 XVII,

1904 5937 1917 5963 ,
1956 5896 2036 5949 19.
2110 5893 2154 5925 ⁵⁸
2184 5888 2353 5944 lCor.
2386 5900 2465 5950 ιι,
2496 5882 2687 5939 20-22.
