3946 6460
476 409 582 474 88τ

1674 406 2039 467 HESYCHII
2076 406 2550 468 PRESBYTERI

3675 404 3787 469 888

478 529 551 584 rit
575 528 977 595 inconsumpta,
1020 540 1131 580 non
1176 524 1403 580 omnino
1434 540 1497 581 ea
1530 541 1653 596 qme
1692 541 1799 579 una
1829 526 1941 591 die,
1978 524 2063 580 vel
2091 530 2138 587 Α
2165 541 2343 592 suam,
2366 524 2780 597 reprehendens
2824 524 3077 580 diccbat:
3128 526 3319 581 Omnes
3345 532 3623 596 quotquot
3658 531 3791 575 ante

480 620 718 686 duabus,
782 629 877 673 aut
920 620 1106 674 multis
1135 627 1348 674 servata
1384 627 1552 693 sunt;
1586 619 1730 673 sicut
1764 619 1912 672 enim
1962 633 2060 687 ap-

480 721 652 781 paret,
699 726 810 765 non
843 710 947 766 hoc
996 710 1269 782 legislator
1294 710 1575 781 praecepit,
1630 710 1726 765 sed
1751 710 1896 779 quod
1926 709 2057 764 reli-

480 818 648 871 quum
674 812 777 866 est,
804 801 1024 857 incendi
1072 802 1248 869 jubet.
1302 802 1426 858 Dies
1471 810 1654 857 autem
1684 817 1791 856 non
1817 815 2059 855 comme-

482 894 736 959 moravit,
795 902 854 949 ut
916 909 1257 963 qurecunque
1317 896 1695 965 cujuscunque
1751 894 1831 948 rei
1897 909 2060 949 causa

410 1010 427 1019 —
483 991 799 1054 emergente
848 985 1213 1039 remanserint
1258 985 1667 1055 inconsumpta,
1699 984 1814 1040 sive
1846 993 2062 1053 tempus

482 1077 539 1129 in
590 1092 753 1130 causa
795 1076 888 1139 sit,
938 1076 1054 1130 sive
1100 1077 1231 1146 quid
1264 1077 1411 1131 aliud
1442 1066 1627 1143 fuerit,
1667 1076 1807 1147 ignis
1843 1091 1981 1146 opus
2007 1083 2064 1130 et

483 1166 830 1236 consumptio
866 1166 978 1222 ﬁat.
1022 1168 1167 1239 Ergo
1217 1184 1282 1223 ex
1324 1169 1427 1224 hoc
1459 1169 1602 1240 quod
1630 1168 1808 1239 agitur
1838 1166 2065 1225 sensibi-

485 1255 626 1318 liter,
661 1254 986 1325 significatio
1023 1257 1309 1326 cujusdam
1346 1258 1700 1331 intelligibilis
1731 1258 1829 1320 rei,
1860 1258 1940 1314 eis
1970 1256 2063 1327 qui

484 1342 794 1409 intendunt,
844 1345 1093 1414 provenit
1146 1363 1160 1401 :
1209 1356 1269 1401 ut
1322 1348 1542 1419 quando
1572 1347 1637 1403 ad
1668 1347 2063 1403 comestiouem

483 1433 732 1489 sacriﬁcii
779 1436 1064 1492 deﬁcimus
1119 1446 1175 1494 et
1230 1440 1670 1495 comedereillud
1705 1440 1915 1512 integra
1955 1454 2061 1495 non

482 1545 777 1598 possumus
800 1540 985 1587 mente
1018 1531 1201 1590 forsan
1222 1533 1575 1601 lassesceute,
1605 1535 1720 1590 sive
1750 1533 2062 1597 deﬁciente,
2092 1520 2101 1525 ’

486 1630 667 1674 utrum
726 1638 787 1676 ea
837 1639 957 1692 quae
1007 1624 1284 1690 videntur,
1316 1640 1517 1695 corpus
1555 1633 1811 1699 oporteat
1835 1623 2062 1696 intelligi

486 1710 723 1777 Domini,
762 1713 815 1767 in
864 1715 1007 1783 quod
1057 1716 1231 1772 oculis
1275 1733 1375 1771 nec
1411 1718 1589 1789 angeli
1654 1727 1888 1787 possunt
1932 1733 2071 1787 pro»

489 1804 730 1872 Spicere,
757 1822 865 1860 non
898 1807 1127 1879 relinqui
1160 1848 1175 1873 ,
1206 1810 1301 1865 sed
1332 1810 1497 1866 etiam
1520 1811 1657 1866 tradi
1687 1826 1750 1865 ea
1781 1810 2070 1882 igniopor-

2165 635 2248 674 me
2289 629 2556 685 venerunt,
2614 618 2759 687 [ures
2814 620 3051 689 fuerunt,
3094 629 3141 672 et
3188 619 3459 686 latrones,
3521 617 3630 671 sed
3682 631 3791 668 non

2166 712 2448 766 audierunt
2467 728 2551 766 eos
2573 728 2691 766 oves
2705 713 2769 765 ⁸⁷.
2800 710 2866 766 Et
2891 720 3015 782 post
3044 711 3163 767 haec
3188 711 3431 766 subdidit
3456 727 3469 763 :
3502 709 3641 778 Ego
3668 723 3792 760 sum

2167 803 2377 861 ostium.
2410 818 2502 870 per
2530 819 2610 856 me
2630 803 2676 855 si
2704 803 2819 873 quis
2841 802 3138 866 intraverit,
3180 802 3512 872 ingredietur
3534 810 3596 853 et
3632 814 3793 867 egre-

2166 892 2358 953 dietur,
2398 900 2444 945 et
2493 908 2689 961 pascua
2731 893 3035 947 inveniet”.
3077 893 3388 965 lngressum
3420 909 3524 964 per
3560 899 3792 945 semet—

2168 982 2370 1052 ipsum,
2439 984 2489 1039 ei
2541 999 2821 1055 egressum
2870 985 3181 1043 divinarum
3217 987 3660 1056 Scripturarum
3689 998 3796 1051 ap.

2168 1073 2379 1143 pellans
2424 1073 2749 1144 profectum.
2798 1073 2900 1140 Qui
2950 1084 3139 1131 autem
3189 1077 3487 1147 completio
3545 1076 3793 1130 dierum

2171 1165 2261 1221 illa
2292 1166 2527 1221 maxime
2551 1165 2772 1233 dicitur,
2818 1167 2980 1236 plane
3015 1182 3114 1237 per
3145 1167 3347 1222 Lucam
3381 1169 3638 1238 spiritus
3675 1174 3794 1218 tra-

2170 1257 2295 1314 dit:
2342 1257 2410 1312 Et
2461 1258 2586 1311 dum
2648 1257 3032 1328 complerentur
3062 1259 3173 1313 dies
3219 1259 3585 1322 Pentecostes,
3628 1266 3797 1310 erant

2171 1363 2347 1401 omnes
2373 1346 2566 1403 simul:
2596 1348 2770 1419 {actus
2801 1355 2873 1401 est
2900 1357 3079 1401 autem
3111 1357 3320 1416 repente
3342 1349 3407 1402 de
3431 1347 3572 1401 caelo
3596 1363 3796 1409 sonus,

2173 1448 2427 1509 tanquam
2461 1439 2782 1493 advenientis
2826 1439 3044 1507 spiritus
3072 1440 3411 1503 vehementis,
3458 1448 3510 1493 et
3553 1438 3797 1504 replevit

2174 1540 2339 1585 lotam
2368 1531 2607 1597 domum,
2637 1531 2694 1584 in
2719 1548 2822 1602 qua
2854 1531 3141 1585 sedebant:
3173 1540 3221 1584 et
3264 1539 3659 1599 apparuerunt
3685 1530 3798 1581 illis

2172 1622 2457 1691 dispertitte
2501 1621 2713 1694 tinguat,
2765 1623 2901 1676 sicut
2927 1622 3085 1693 ignis,
3112 1622 3348 1691 seditque
3384 1638 3559 1691 supra
3584 1620 3790 1689 singu-

2174 1713 2251 1769 los
2308 1730 2511 1775 eorum,
2566 1724 2614 1767 et
2657 1712 2839 1781 repleti
2883 1721 3005 1766 sunt
3043 1728 3220 1765 omnes
3256 1710 3467 1780 Spiritu
3498 1712 3793 1765 sancto”.

2174 1802 2294 1859 Non
2349 1802 2551 1857 frustra
2615 1816 2744 1873 ergo
2799 1801 2917 1858 dies
2979 1801 3365 1872 completionis
3422 1801 3688 1863 dierum,
3740 1808 3800 1851 et

488 1906 567 1953 tet
595 1898 841 1967 spiritus,
881 1909 941 1954 ut
977 1916 1039 1955 ea
1096 1902 1373 1968 comedat,
1419 1919 1543 1973 quae
1598 1903 1756 1961 nobis
1819 1913 1948 1960 sunt
2000 1919 2068 1958 ex
2099 1890 2147 1951 Β
2176 1894 2660 1949 consummationis
2696 1893 3051 1948 Pentecostes
3099 1893 3323 1954 dicitur,
3363 1892 3464 1947 sed
3517 1900 3587 1945 ut
3632 1906 3797 1945 com-

487 1987 805 2047 iuﬁrmitate
873 1991 1164 2047 inesibilia.
1210 1991 1494 2059 Quomodo
1547 2004 1732 2054 autem
1791 1993 2067 2059 comedat,

489 2095 615 2137 cum
661 2083 1105 2152 cogitaverimus,
1159 2087 1348 2140 virtuti
1384 2088 1610 2158 spiritus
1639 2102 1765 2143 esse
1787 2086 2073 2157 possibilia

488 2184 576 2231 ea,
606 2187 728 2239 qua:
761 2171 921 2226 nobis
950 2173 1307 2243 impossibilia
1349 2177 1626 2232 videntur.
1668 2176 1823 2233 Unde
1849 2187 1906 2233 et
1935 2177 2072 2233 sub-

488 2270 785 2330 sequenter
824 2263 1105 2337 disputare
1147 2267 1427 2339 lcgislator
1463 2270 1695 2325 videtur.
1753 2269 1893 2328 Dicit
1923 2271 2072 2328 enim

488 2362 567 2408 διε
590 2367 604 2407 ἶ

560 2437 639 2491 De
680 2441 810 2493 ostio
852 2459 1055 2515 quoque
1110 2448 1439 2503 tabernaculi
1488 2467 1588 2505 non
1617 2452 1825 2507 exibitis
1873 2462 2071 2521 septem

489 2529 686 2587 diebus.
768 2532 989 2603 Septem
1047 2540 1177 2594 cur?
1242 2540 1379 2607 Quia
1437 2544 1890 2616 quinquagesima
1949 2546 2072 2602 dies

489 2623 803 2690 septenario
855 2643 1084 2684 numero
1131 2632 1184 2685 in
1233 2636 1531 2705 semetipso
1581 2637 1965 2706 multiplicato,
2018 2648 2074 2694 et

492 2727 602 2768 uno
630 2714 679 2768 ei
720 2715 932 2788 adjecto
962 2721 1260 2790 perﬁcitur.
1304 2724 1457 2781 Unde
1501 2736 1556 2782 et
1605 2728 2072 2788 hebdomadarum

490 2817 613 2859 eam
665 2804 1016 2866 festivitatem
1064 2814 1209 2883 apud
1260 2815 1480 2887 Moysen
1523 2818 1629 2874 dici
1658 2858 1673 2881 ,
1720 2818 2076 2876 manifestam

490 2900 809 2967 sequentia;
877 2902 952 2956 ait
980 2904 1148 2971 enim,
1205 2908 1511 2963 secundum
1560 2910 1740 2965 LXX:
1807 2913 1975 2984 Usque
2004 2914 2075 2968 ad

491 2988 629 3042 diem
660 2992 1016 3061 completionis
1042 2998 1426 3069 quinquaginta
1456 3001 1677 3067 dierum,
1713 3013 2072 3073 pentecosten

492 3080 719 3150 dicens;
760 3088 997 3155 complet
1036 3088 1185 3145 enim
1235 3092 1611 3160 septenarium
1666 3110 1959 3152 numerum
2016 3098 2071 3153 in

492 3174 789 3243 semetipso
866 3178 1304 3248 multiplicatum.
1384 3184 1451 3239 Et
1518 3185 1676 3255 cujus
1762 3187 1839 3242 rei
1897 3189 2068 3258 gratia

492 3263 702 3321 dierum
730 3275 1217 3331 consummationis
1253 3276 1532 3344 dicuntur,
1562 3281 1847 3350 sequentia
1885 3256 2073 3341 osten-
2101 3256 2145 3314 (ἶ

490 3355 647 3412 dunL

562 3447 771 3519 Septem
796 3454 935 3508 enim
954 3456 1135 3513 diebus
1151 3459 1337 3527 ﬁnitur
1354 3463 1695 3527 consecratio,
1710 3465 1816 3519 sive
1834 3480 2079 3520 consum-

492 3538 681 3603 matio,
699 3540 832 3594 sicut
855 3541 907 3595 in
932 3547 1334 3612 praesentiarum
1357 3550 1555 3620 factum
1577 3560 1674 3606 est.
1694 3549 1830 3623 Quia
1854 3568 1963 3606 non
1989 3568 2079 3609 se-

497 3629 601 3682 mel
628 3646 722 3685 eos
745 3638 1093 3692 consecravit
1127 3641 1412 3711 sanguine,
1442 3652 1499 3697 et
1524 3643 1790 3713 panibus;
1818 3645 1898 3700 sic
1927 3645 2077 3703 enim

493 3721 847 3791 cognovimus
874 3725 925 3778 in
951 3729 1388 3795 praecedentibus
1406 3743 1683 3801 peractam
1705 3735 2077 3790 consecratio-

492 3828 619 3873 nem
642 3829 738 3869 seu
774 3822 1325 3880 consummationem.
1350 3825 1444 3880 His
1465 3826 1665 3881 similia
1688 3836 1740 3882 et
1766 3827 1942 3887 Lucas
1966 3838 2079 3883 tra-

496 3902 607 3969 dit;
644 3904 721 3960 ait
753 3907 899 3961 euiin
949 3909 1018 3964 de
1054 3912 1303 3981 Domino,
1346 3922 1404 3971 et
1435 3916 1753 3987 discipulis:
1790 3919 1994 3986 Quibus
2020 3930 2070 3977 et

498 4001 836 4064 prmentavit
863 4005 1201 4073 semetipsum
1231 4018 1347 4076 post
1381 4019 1600 4064 mortem
1624 4027 1780 4065 suam
1809 4012 1867 4065 in
1896 4012 2079 4067 multis

497 4092 840 4158 argumentis,
862 4110 954 4161 per
982 4097 1092 4153 dies
1123 4099 1479 4169 quadraginta
1498 4118 1761 4172 apparens
1792 4105 1888 4171 eis,
1920 4114 1968 4159 et
2000 4106 2078 4160 lo-

500 4198 661 4250 quens
678 4184 742 4236 de
763 4202 918 4256 regno
941 4186 1059 4253 Dei,
1083 4202 1131 4242 et
1167 4206 1487 4258 convescens,
1520 4196 1767 4266 prwcepit
1789 4196 1855 4251 ab
1887 4196 2072 4253 Hiero.

498 4272 714 4343 solymis
740 4292 801 4329 ne
822 4278 1167 4347 discederent,
1182 4285 1271 4338 sed
1294 4294 1653 4354 exspectarent
1675 4291 2076 4358 promissionem

497 4366 746 4434 patris".
798 4367 992 4425 Cernis
1022 4374 1297 4441 quomodo
1340 4379 1720 4443 consecrabat,
1767 4380 1881 4435 sive
1913 4382 2076 4451 perﬁ-

497 4458 675 4517 ciebat
721 4476 838 4527 eos,
879 4479 1151 4535 apparens
1184 4468 1283 4534 eis,
1322 4479 1378 4526 et
1420 4471 1626 4527 docens
1654 4472 1723 4527 de
1751 4489 1919 4545 regno
1952 4476 2072 4541 Dei,

492 4560 550 4605 et
576 4567 935 4613 convescens.
968 4557 1167 4615 Diceus
1198 4570 1379 4617 autem
1420 4564 1488 4618 ab
1531 4564 1920 4638 Hierosolymis
1958 4584 2072 4625 non

495 4642 794 4711 discedere,
846 4664 959 4705 non
999 4653 1259 4723 prmcepit
1305 4654 1530 4723 januam
1576 4656 1911 4712 tabernaculi
1945 4674 2072 4728 pro-

494 4735 644 4806 gredi
683 4737 768 4791 vel
816 4740 1023 4809 egredi,
1061 4741 1115 4797 id
1146 4751 1249 4809 est,
1290 4759 1401 4798 non
1430 4746 1698 4814 permittit
1748 4749 2070 4819 praedicare,

493 4841 662 4897 usque
701 4827 833 4884 dum
883 4833 1302 4900 promissionem
1350 4838 1593 4909 Spiritus,
1649 4857 1772 4911 qua:
1818 4841 1962 4902 facta
1990 4852 2077 4903 est

491 4919 939 4991 quinquagesima
992 4925 1100 4989 die,
1151 4929 1483 4998 acciperent.
1528 4931 1649 4988 Non
1696 4943 1883 4991 autem
1921 4937 2076 4994 exire

492 5011 561 5065 de
585 5012 753 5080 janua
787 5015 1124 5073 tabernaculi
1159 5024 1476 5089 testimonii,
1510 5041 1706 5082 vacare
1734 5040 1818 5084 est
1846 5046 1877 5085 a
1903 5031 2076 5091 verbo

493 5103 777 5171 doctrinae,
815 5116 872 5161 et
905 5124 1012 5162 non
1036 5112 1330 5181 prmdicare
1351 5115 1653 5183 evidenter,
1681 5121 1809 5189 quia
1832 5122 2073 5179 hostium

493 5198 847 5269 semetipsum
879 5200 1151 5270 Christus,
1186 5214 1375 5276 utpote
1403 5209 1494 5278 qui
1520 5210 1739 5266 initium
1766 5222 1853 5268 est
1887 5217 2071 5273 omnis

494 5287 663 5343 divini
691 5293 864 5358 verbi,
895 5304 951 5350 et
980 5295 1246 5366 scientiae,
1281 5299 1598 5358 insinuavit.
1631 5301 1862 5361 Introire
1888 5316 2077 5365 autem

494 5381 616 5450 ejus
639 5384 861 5451 ostium,
903 5398 960 5449 et
986 5391 1192 5461 egredi,
1228 5400 1288 5445 ut
1318 5407 1647 5462 praisumere
1683 5395 1738 5451 in
1763 5398 1883 5467 ipso
1914 5400 2077 5457 inteb-

492 5472 749 5545 ligamus,
788 5477 902 5548 ipse
928 5482 1086 5537 nobis
1120 5483 1340 5538 tradidit
1365 5486 1581 5555 quando
1604 5489 1867 5557 quosdam
1892 5492 2070 5551 aliena

494 5565 773 5635 docentes,
802 5578 858 5631 et
897 5573 954 5629 in
984 5590 1173 5631 errore
1204 5576 1504 5645 mittentes,
1548 5591 1677 5637 ante
1716 5586 2069 5653 praesentiam

639 5770 756 5847 Act.
794 5789 828 5836 l,
860 5774 914 5834 3.
951 5776 1033 5847 4._
1084 5777 1126 5808 ⁸⁷
1153 5777 1308 5832 Joan.
1352 5798 1405 5842 Χ,
1431 5782 1482 5835 8.
1561 5786 1601 5816 ⁸⁵
1631 5784 1759 5845 ibid.
1791 5790 1843 5847 9.

568 5840 611 5877 os
636 5838 799 5901 Marc.
832 5859 941 5910 xrv,
971 5845 1063 5906 24.
1137 5848 1179 5879 θ’
1240 5838 1552 5919 Ιλιιρξιίκιν,
1577 5838 1663 5915 49ξ

1926 5796 1969 5828 ¹⁹
2004 5794 2121 5853 Act.
2167 5813 2225 5864 ιι,
2258 5796 2373 5853 1-5.
2442 5798 2487 5830 ⁸ο
2517 5795 2704 5853 Matth.
2736 5809 2925 5860 xxviii,
2960 5791 3053 5847 20.

2172 1987 2467 2059 pletionem
2498 1986 2722 2056 quidem
2768 1986 2982 2042 dierum
3013 1995 3368 2056 septenarum
3414 1986 3671 2048 habens,
3702 1998 3799 2054 ge-

2172 2096 2301 2137 rens
2365 2090 2550 2136 autem
2597 2080 2827 2149 spiritus
2900 2078 3300 2151 plenitudinem
3377 2078 3637 2148 implens
3696 2091 3797 2129 eos

2171 2174 2531 2245 perfectione,
2577 2173 2777 2243 quibus
2824 2170 3148 2227 infundebat
3190 2169 3467 2241 spiritum.
3525 2167 3702 2235 Quod
3751 2166 3797 2222 si

2171 2267 2404 2333 dicatur,
2449 2266 2577 2336 quia
2629 2264 2988 2335 quadraginta
3031 2263 3254 2334 quidem
3310 2262 3431 2317 dies
3474 2277 3618 2316 cum
3649 2275 3795 2329 apo-

2173 2358 2348 2423 stolis,
2378 2357 2668 2430 perﬁciens
2706 2371 2802 2412 eos
2826 2355 3082 2411 Christus
3117 2354 3220 2411 fuit
3264 2373 3277 2408 :
3326 2353 3417 2424 qui
3450 2362 3662 2408 autem
3700 2366 3795 2406 se-

2172 2450 2414 2511 cundum
2456 2450 2625 2522 legem
2658 2457 2786 2505 sunt
2810 2447 3166 2518 perfectionis
3197 2455 3407 2516 septem
3439 2445 3594 2509 dies,
3636 2443 3795 2497 inte-

2173 2558 2366 2619 gram,
2429 2542 2571 2597 sicut
2634 2540 2914 2604 diximus,
2995 2539 3357 2594 Pentecosten
3422 2535 3794 2592 describunt.

2173 2636 2468 2693 Sciendum
2505 2644 2588 2692 est
2628 2634 2754 2705 quia
2801 2647 2905 2689 nec
2946 2632 3001 2687 in
3049 2631 3249 2687 mediis
3294 2630 3437 2685 inter
3472 2626 3794 2683 Ascensio—

2174 2747 2301 2789 nem
2334 2738 2390 2785 et
2421 2729 2786 2785 Pentecosten
2835 2724 3051 2792 diebus,
3084 2724 3152 2780 ab
3184 2722 3444 2793 apostolis
3476 2731 3793 2790 separatus

2173 2834 2289 2881 est:
2344 2838 2475 2877 nam
2528 2819 2803 2891 quomodo
2862 2818 3001 2877 dixit
3032 2818 3151 2875 eis:
3213 2816 3346 2871 Ecce
3375 2828 3469 2884 ego
3504 2812 3789 2866 vobiscum

2172 2931 2289 2969 sum
2322 2911 2562 2967 omnibus
2591 2910 2770 2965 diebus
2784 2909 2862 2962 θοῗ
2914 2908 2980 2963 Et
3015 2910 3255 2963 rursus:
3312 2904 3435 2959 Non
3465 2903 3791 2973 relinquam

2174 3020 2261 3059 vos
2294 3004 2575 3074 orphanos,
2611 2999 2821 3055 veniam
2849 3001 2920 3055 ad
2953 3016 3040 3055 vos
3055 3000 3121 3053 σί.
3147 2997 3448 3068 Propterea
3486 2994 3789 3066 legislator

2175 3096 2452 3151 subdidit:

2246 3187 2394 3242 Sicut
2425 3188 2480 3241 in
2513 3188 2917 3256 pra'seutiarum
2951 3186 3151 3256 factum
3184 3190 3279 3244 est,
3311 3187 3369 3233 ut
3398 3178 3535 3232 ritus
3564 3175 3784 3245 δαστὶρς

2176 3279 2244 3333 cii
2274 3278 2641 3347 compleretur.
2678 3276 2798 3337 γει,
2826 3275 2969 3330 sicut
2998 3270 3163 3334 LXX,
3196 3268 3266 3323 In
3297 3269 3382 3322 die
3402 3268 3497 3321 hoc
3520 3265 3607 3319 sic
3640 3280 3786 3335 prc-

2178 3373 2309 3440 cepit
2359 3372 2611 3427 Dominus
2642 3372 2835 3441 facere,
2870 3377 2926 3422 ut
2962 3366 3096 3421 detis
3124 3380 3219 3433 pro
3245 3362 3410 3416 vobis.
3449 3360 3506 3416 in
3550 3376 3666 3433 qua
3696 3359 3785 3415 die

2177 3464 2322 3518 enim
2361 3463 2579 3518 tradidit
2608 3476 2778 3518 coenae
2834 3457 3176 3530 mysterium,
3219 3455 3275 3507 in
3323 3453 3516 3509 eadem
3556 3452 3655 3508 die
3684 3452 3784 3505 dc-

2177 3555 2583 3629 precationem,
2640 3554 2757 3607 sive
2814 3548 3254 3619 pr0pitiationem
3318 3542 3661 3608 insinuavit,
3730 3540 3781 3596 id

2177 3654 2280 3712 est,
2338 3654 2687 3715 peccatorum
2756 3639 3171 3701 remissionem,
3238 3636 3471 3691 dicens:
3544 3634 3655 3688 llic
3707 3644 3782 3686 est

2178 3754 2323 3793 meus
2360 3736 2580 3807 sanguis
2608 3735 2727 3789 novi
2774 3733 3098 3797 testamenti,
3132 3731 3222 3803 qui
3254 3747 3349 3801 pro
3376 3728 3559 3784 multis
3604 3731 3781 3799 eﬂuno

2176 3832 2349 3897 detur,
2398 3830 2454 3885 in
2498 3828 2850 3883 remissionem
2905 3834 3239 3896 peccatorum
3258 3826 3324 3877 ι’.
3365 3822 3562 3877 Verbis
3599 3821 3776 3876 etiam

2178 3923 2331 3997 ipsis,
2365 3939 2429 3979 ea
2462 3938 2585 3994 qua:
2624 3920 2679 3979 in
2728 3918 3024 3992 Evangelio
3048 3917 3249 3989 scripta
3278 3925 3444 3981 sunt;
3496 3913 3777 3985 praedicit,

2177 4016 2321 4074 sicut
2407 4028 2745 4086 cognoscere
2824 4028 2891 4071 ex
2964 4011 3052 4067 his
3127 4025 3249 4081 qua:
3352 4008 3777 4077 subsequuntur

2175 4118 2353 4181 potes.

2256 4202 2347 4257 Die
2380 4218 2444 4256 ac
2469 4210 2614 4255 nocte
2643 4199 2923 4259 manebitis
2964 4201 3021 4253 iu
3062 4196 3424 4254 tabernaculo.
3473 4193 3596 4255 Vel,
3628 4193 3774 4248 sicut

2176 4294 2355 4351 LXX:
2393 4295 2476 4348 Ad
2524 4295 2757 4363 jauuam
2802 4290 3134 4347 tabernaculi
3192 4288 3479 4352 testimonii
3525 4286 3772 4340 sedebitis

2174 4398 2367 4458 septem
2396 4387 2596 4451 diebus,
2627 4387 2713 4443 die
2746 4402 2808 4439 ac
2834 4394 3003 4440 nocte.
3043 4382 3310 4439 Dominus
3338 4396 3472 4436 vero
3502 4377 3772 4448 apostolis

2176 4481 2253 4539 ait
2284 4499 2298 4536 :
2334 4479 2427 4538 Vos
2449 4490 2628 4536 autem
2666 4479 2911 4537 sedebitis
2942 4479 3001 4534 in
3050 4477 3287 4541 civitate,
3320 4490 3485 4541 usque
3521 4473 3651 4527 dum
3689 4473 3771 4525 ius

2179 4574 2421 4633 duamiui
2451 4573 2642 4627 virtute
2668 4588 2733 4626 ex
2760 4570 2872 4624 alto
2885 4572 2952 4637 ⁸³,
2978 4570 3057 4625 sic
3083 4569 3247 4639 plane
3280 4566 3541 4627 sedebitis,
3579 4565 3678 4618 ait.
3708 4563 3770 4618 Et

2178 4664 2295 4735 ipse
2338 4663 2633 4733 discipulos
2663 4661 3066 4719 hebdomadam
3094 4659 3329 4722 dierum,
3369 4656 3508 4710 nihil
3542 4663 3768 4725 agentes

2176 4770 2422 4822 manere,
2455 4765 2509 4815 et
2538 4770 2645 4809 non
2679 4752 2977 4823 praedicare
3030 4749 3305 4821 praecepit.
3344 4746 3504 4804 Unde
3553 4761 3625 4800 ex
3655 4754 3764 4801 toto

2177 4865 2288 4909 non
2339 4848 2603 4906 docentes
2651 4846 2966 4917 apostolos,
3017 4853 3310 4913 antequam
3356 4842 3765 4910 complerentur

2177 4939 2423 5012 pradicti
2454 4939 2571 4995 dies
2605 4937 2948 5003 invenimus;
2997 4935 3288 5005 completis
3325 4942 3509 4991 autem
3546 4932 3759 4992 diebus,

2179 5031 2377 5089 Petrus
2408 5046 2534 5091 mox
2564 5028 3009 5101 praedicationem
3038 5026 3253 5096 incipit,
3305 5024 3529 5095 quando
3556 5034 3615 5079 et
3673 5021 3763 5077 adv

2174 5124 2302 5183 dita
2351 5133 2481 5179 sunt
2533 5123 2733 5181 anima:
2778 5121 3001 5178 circiter
3054 5120 3156 5175 tria
3199 5118 3403 5175 millia:
3443 5116 3529 5173 sic
3563 5126 3623 5171 et
3666 5112 3759 5183 ipsi

2175 5234 2273 5289 per
2317 5216 2529 5288 singula
2564 5215 2882 5271 mandatum
2924 5214 3030 5273 hoc
3060 5212 3473 5273 custodierunt,
3511 5220 3567 5264 et
3596 5207 3762 5263 maxi-

2176 5329 2265 5369 me
2297 5314 2351 5368 in
2381 5312 2461 5369 eis
2497 5311 2842 5382 complentur
2880 5325 2965 5375 ea,
2997 5323 3122 5379 qua:
3186 5306 3243 5361 in
3298 5302 3761 5373 subsequentibus

2176 5403 2459 5460 dicuntur.

2249 5495 2586 5551 Obseruantes
2614 5492 2896 5549 custodias'
2925 5491 3159 5557 Domini,
3205 5499 3263 5544 ut
3293 5504 3397 5543 non
3433 5484 3755 5539 moriamini.

2179 5587 2267 5647 Sic
2330 5589 2471 5645 enim
2535 5576 2662 5643 mihi
2738 5587 2989 5658 praecepit
3044 5583 3322 5642 Dominus.
3408 5578 3758 5649 Feceruutquc

3132 5790 3172 5823 ⁵⁸
3209 5786 3371 5846 Joan.
3399 5802 3512 5855 xxv,
3548 5780 3635 5837 18.
