4046 6416
153 422 291 488 889

151 654 269 705 per
303 652 517 691 manum
548 635 738 705 Moysi.
775 634 831 688 Si
860 632 1123 702 quaeritur
1160 647 1260 686 cur
1287 630 1471 686 Aaron
1501 629 1628 687 ﬁliis
1651 631 1767 686 suis

152 730 502 798 conjungat,
551 725 861 780 invenietur
884 739 1049 778 causa
1080 722 1307 778 omnino
1338 723 1673 786 necessaria,
1705 728 1765 778 et

155 820 237 873 ad
276 820 357 875 rei
385 816 875 874 considerationem
906 824 1234 884 opportuna.
1271 813 1391 869 Non
1440 814 1587 868 enim
1615 813 1768 868 exire

156 911 241 966 de
295 913 459 981 janua
505 907 838 963 tabernaculi
886 905 1204 971 testimonii,
1253 905 1307 960 id
1332 912 1438 968 est,
1482 920 1592 959 non
1625 904 1768 959 inte-

161 1004 289 1057 rim
319 1000 599 1056 attrectari
628 998 1000 1071 evangelicam
1048 997 1519 1068 praedicationem,
1548 996 1637 1051 his
1669 995 1766 1066 qui

163 1092 429 1163 pradicti
470 1101 598 1147 sunt
647 1090 925 1160 praecepit.
978 1091 1115 1146 Cum
1160 1104 1291 1161 ergo
1316 1087 1569 1144 Christus
1594 1102 1770 1158 appa-

168 1186 295 1239 ruit
323 1184 603 1253 apostolis,
634 1198 789 1237 suam
812 1181 1036 1251 janttam
1064 1196 1177 1235 non
1207 1179 1617 1252 egrediebatur,
1646 1179 1768 1249 ipse

167 1275 456 1343 Siquidem
509 1282 643 1337 erat,
695 1271 787 1342 qui
827 1280 883 1326 et
927 1271 1309 1341 przedicandus
1359 1277 1557 1324 eratet
1584 1270 1678 1340 qui
1713 1270 1769 1324 in

170 1366 451 1437 apostolis
502 1366 841 1436 loquebatur.
885 1363 1181 1433 Propterea
1233 1378 1356 1418 cum
1408 1362 1534 1417 ﬁliis
1563 1370 1619 1417 et
1650 1362 1771 1429 ipse

171 1460 371 1513 Aaron
414 1458 748 1522 consecrari,
774 1472 873 1511 seu
904 1454 1274 1511 consummari
1300 1454 1604 1509 dicebatur.
1638 1451 1774 1518 Quis

175 1551 253 1604 sit
300 1560 483 1604 autem
522 1564 851 1604 consecrans
888 1548 1005 1603 sive
1037 1561 1427 1603 consummans
1472 1544 1770 1616 legislator,

176 1656 533 1711 nequaquam
554 1640 826 1707 subdidit;
863 1640 938 1695 ait
975 1639 1145 1701 enim,
1199 1638 1408 1709 Septem
1443 1640 1624 1694 diebus
1652 1639 1776 1708 ﬁni-

181 1744 278 1787 tur
326 1735 674 1797 consecratio,
714 1733 829 1789 sive
863 1733 1165 1789 secundum
1197 1731 1361 1800 LXX,
1392 1733 1775 1787 consummavit

180 1844 383 1880 manus
406 1837 626 1893 vestras,
649 1828 783 1881 sicut
818 1836 868 1880 et
899 1827 1039 1897 fecit.
1081 1825 1429 1881 Manifestum
1444 1835 1529 1881 est
1566 1835 1772 1892 autem,

885 491 894 499 ,Α
1333 419 1416 481 ΙΝ
1456 420 1899 483 LEVITICUM.
1930 446 2001 457 -
2036 422 2187 483 LIB.
2219 422 2305 483 II.

148 543 361 598 Aaron
389 550 437 598 et
469 540 566 603 ﬁlii
595 539 709 607 eius
740 548 927 595 cuncta
948 580 964 606 ,
1007 553 1124 608 qua:
1154 536 1356 592 locutus
1396 545 1472 593 est
1515 537 1772 592 Dominus
1804 542 1847 600 Α
1873 538 1967 609 qui
2002 538 2133 594 dicti
2164 546 2316 603 sunt,
2347 537 2625 593 aediﬁcans
2669 537 3033 593 vocationem.
3073 536 3229 594 Tunc
3253 539 3456 609 quippe

3349 422 3454 486 890

1870 632 2025 704 prius
2045 638 2409 687 convocatum
2437 640 2524 686 est
2549 628 2806 695 Ecclesiae
2833 631 3227 699 Spectaculum,
3262 631 3318 686 in
3344 647 3453 701 qua

1869 722 2224 796 intelligibilis
2260 721 2467 787 Aaron,
2520 722 2575 777 id
2608 728 2692 777 est
2732 721 3003 789 Christus,
3047 724 3303 778 sacerdos
3331 739 3455 779 esse

1869 818 2112 874 creditur
2148 838 2161 873 :
2205 815 2302 870 ﬁlii
2337 824 2522 871 autem
2569 816 2711 885 ejus,
2744 815 2838 884 qui
2878 815 3130 871 sublimis
3160 825 3290 873 sunt
3320 832 3457 872 con-

1869 911 2213 974 versationis,
2240 919 2297 965 et
2320 910 2444 965 ideo
2471 910 2761 964 sacerdotii
2789 909 3060 975 ministri,
3093 918 3151 964 et
3191 923 3457 979 c00pera-

1871 1013 2017 1060 tores
2032 1011 2177 1060 sunt.
2189 1002 2453 1073 Majorum
2466 1010 2599 1056 natu
2612 1011 2795 1057 autem
2811 1002 3000 1068 lsrael,
3014 1001 3458 1072 presbyterorum

1870 1097 2006 1153 ordo
2026 1106 2130 1161 est,
2148 1112 2215 1151 ex
2246 1096 2333 1150 his
2351 1095 2554 1165 quippe
2579 1109 2780 1164 corpus
2807 1094 3066 1149 Ecclesiae
3088 1091 3458 1163 componitur.

1872 1188 1977 1244 Sed
2006 1187 2189 1244 Aaron
2223 1187 2447 1259 quidem
2475 1187 2689 1257 accepit
2724 1186 2801 1241 ibi
2825 1185 3056 1240 vitulum
3084 1200 3182 1256 pro
3210 1190 3458 1255 peccato,

1872 1289 1928 1338 et
1941 1281 2166 1337 arietem
2189 1280 2247 1335 in
2270 1281 2675 1342 holocaustum,
2699 1286 2997 1348 utrumque
3028 1275 3461 1341 immaculatum,

1873 1382 1930 1431 et
1983 1375 2182 1430 obtulit
2241 1388 2427 1429 coram
2484 1371 2738 1427 Domino.
2796 1369 2954 1424 Tunc
3013 1370 3159 1425 enim
3213 1368 3464 1424 Christus

1874 1464 2197 1520 sacriﬁcium
2227 1480 2385 1520 suum
2414 1464 2762 1518 innotescere
2792 1461 2979 1532 coepit,
3006 1476 3077 1516 ex
3110 1476 3218 1531 quo
3238 1459 3465 1530 spiritus

1875 1557 2192 1623 adveniens,
2250 1555 2507 1621 Parthos,
2562 1562 2619 1609 et
2678 1553 2887 1616 Medos,
2950 1563 3005 1608 et
3059 1552 3339 1617 Elamitas,
3402 1559 3459 1605 et

1877 1646 2120 1704 omnium
2143 1647 2387 1719 gentium
2410 1644 2700 1717 primitias,
2719 1644 2786 1698 ad
2805 1644 3173 1714 apostolorum
3192 1627 3464 1698 coenaeuli

1878 1741 2161 1811 superiora
2191 1740 2429 1811 collegit.
2462 1739 2689 1810 Accepit
2712 1746 2897 1792 autem
2929 1745 2983 1791 et
3025 1737 3161 1791 ordo
3194 1735 3466 1805 majorum

1880 1842 2010 1888 natu
2055 1832 2249 1899 Israel,
2305 1846 2469 1901 quem
2522 1830 2969 1902 presbyterorum
3022 1842 3145 1881 esse
3204 1825 3465 1889 diximus,

184 1921 340 1989 quod
368 1920 483 1990 ipse
509 1930 627 1975 erat
662 1921 754 1991 qui
783 1921 923 1976 ﬁlios
948 1921 1328 1986 consecrabat,
1367 1920 1483 1976 sive
1520 1920 1776 1991 perﬁcie-
1810 1903 1853 1958 Β
1890 1935 2075 1996 utpote
2105 1926 2222 1996 ipse
2256 1934 2479 1991 sortem,
2515 1932 2569 1980 et
2596 1922 2824 1994 ﬁguram
2856 1921 3141 1977 doctorum
3173 1932 3385 1988 gerens,
3414 1925 3470 1971 et

186 2013 307 2076 bat,
345 2013 443 2082 qui
487 2021 540 2067 et
564 2013 751 2083 perﬁci
779 2014 835 2067 in
884 2014 966 2069 eis
988 2014 1103 2070 sive
1136 2014 1468 2081 consecrari,
1497 2023 1687 2086 utpote
1726 2013 1784 2069 in

186 2104 461 2160 membris
508 2104 765 2175 propriis,
805 2106 1113 2162 dicebatur.

813 2258 1042 2315 CAPUT
1078 2259 1175 2315 1X.

264 2373 434 2431 Vsus.
477 2376 595 2430 1-4.
662 2394 682 2427 ‹
710 2374 874 2431 Facto
926 2385 1109 2432 autem
1163 2386 1358 2433 octavo
1410 2376 1502 2433 die
1568 2374 1789 2434 vocavit

184 2466 412 2539 Moyses
471 2469 654 2523 Aaron
705 2477 760 2522 et
826 2467 967 2523 ﬁlios
1029 2469 1171 2539 ejus,
1236 2484 1301 2524 ac
1356 2469 1591 2539 majores
1652 2478 1787 2527 natu

186 2558 391 2624 Israel,
449 2558 695 2628 dixitque
751 2558 818 2613 ad
867 2558 1049 2614 Aaron
1088 2576 1102 2612 :
1147 2559 1345 2615 Tollite
1393 2559 1628 2615 vitulum
1684 2575 1789 2630 pro

188 2661 449 2723 peccato,
520 2662 577 2707 et
632 2652 862 2707 arietem
925 2652 980 2706 in
1041 2651 1451 2719 holocaustum,
1522 2662 1788 2725 utrosque

190 2745 605 2812 immaculatos,
649 2754 705 2800 et
743 2745 882 2799 oﬁ‘er
925 2745 1048 2799 illos
1090 2760 1273 2800 coram
1322 2745 1571 2802 Domino.
1619 2747 1688 2801 Et
1718 2746 1788 2802 ad

188 2835 346 2889 ﬁlios
379 2833 548 2890 Israel
583 2835 824 2906 loqueris
868 2854 880 2889 :
928 2833 1124 2890 Tollite
1154 2835 1367 2890 hircum
1409 2851 1511 2906 pro
1538 2848 1785 2907 peccato,

192 2936 251 2981 et
277 2928 538 2991 vitulum,
566 2936 729 2997 atque
755 2942 955 2999 agnum
982 2928 1300 2982 anniculam
1326 2936 1382 2983 et
1414 2928 1534 2984 sine
1553 2930 1788 2996 macula,

195 3018 251 3072 in
283 3018 696 3086 holocaustum,
724 3020 945 3084 bovem,
972 3028 1028 3075 et
1051 3020 1278 3074 arietem
1309 3035 1410 3090 pro
1437 3021 1701 3091 paciﬁcis,
1735 3029 1791 3076 et

196 3111 489 3166 immolate
509 3127 604 3166 eos
624 3126 807 3167 coram
822 3112 1055 3168 Domino
1073 3112 1128 3168 in
1145 3112 1414 3168 sacriﬁcio
1432 3113 1790 3185 singulorum,

196 3204 442 3259 similam
488 3205 611 3260 oleo
655 3220 1008 3275 conspersam
1057 3206 1370 3274 offerentes,
1431 3207 1593 3263 hodie
1641 3207 1789 3263 enim

198 3295 474 3353 Dominus
496 3300 783 3369 apparebit
817 3301 994 3356 vobis.
1039 3319 1059 3351 ›

270 3391 436 3445 Sicut
478 3391 769 3460 aliquando
818 3392 999 3463 imago
1048 3392 1301 3446 animalis
1339 3392 1648 3463 cujusdam,
1693 3402 1791 3450 aut

197 3483 425 3555 virgulti
462 3484 601 3540 forte
645 3485 981 3557 depingitur,
1030 3494 1125 3540 aut
1171 3485 1433 3540 scribitur
1466 3494 1562 3540 aut
1591 3486 1648 3539 in
1678 3502 1790 3543 aere

200 3576 552 3646 exprimitur,
588 3586 644 3632 et
683 3592 793 3631 non
823 3578 1047 3647 quidem
1092 3586 1277 3647 aperta
1313 3577 1370 3631 in
1406 3578 1563 3633 initio
1593 3594 1791 3649 opera-

201 3669 397 3732 tionis,
447 3676 541 3722 aut
589 3669 893 3739 scripturae,
951 3678 1044 3724 aut
1100 3669 1224 3723 aeris
1265 3670 1548 3739 expressio
1576 3678 1683 3737 est,
1734 3672 1793 3726 in

203 3776 471 3830 processu
498 3769 681 3815 autem
717 3761 918 3830 operis,
959 3760 1260 3831 participali
1296 3769 1594 3832 augmento
1625 3762 1792 3832 perﬁ-

203 3854 375 3917 citur,
423 3854 502 3908 sic
534 3862 589 3907 et
632 3869 972 3924 quacunque
1020 3854 1296 3925 legislator
1344 3869 1490 3910 nunc
1537 3854 1592 3908 in
1622 3855 1795 3927 ﬁgura

204 3950 438 4020 exponit
501 3950 731 4005 clariora
799 3951 1175 4005 additamento
1252 3965 1466 4018 eorum,
1523 3966 1646 4020 quze
1696 3966 1797 4020 per

206 4054 397 4112 partes
442 4044 640 4107 sancit,
678 4051 735 4098 et
778 4044 1024 4113 planiora
1064 4044 1220 4097 ﬁunt.
1284 4041 1423 4110 Quia
1474 4058 1607 4113 ergo
1647 4042 1796 4097 diem

208 4134 724 4197 consummationis,
791 4149 889 4188 seu
945 4133 1380 4189 consecrationis
1429 4132 1794 4188 Pentecosten

208 4225 440 4297 intelligi
469 4234 713 4295 oportet,
740 4226 1105 4291 ostendimus,
1124 4235 1180 4281 et
1206 4225 1336 4295 quia
1364 4239 1538 4295 usque
1567 4224 1635 4280 ad
1668 4239 1798 4279 eum

208 4318 357 4373 diem
406 4317 687 4372 Dominico
731 4318 988 4373 mandato
1030 4316 1347 4388 praedicatio
1396 4316 1628 4372 inhibita
1686 4324 1796 4383 est,

206 4422 505 4484 propterea
545 4427 657 4467 non
690 4412 840 4466 exire
868 4411 1092 4482 januam
1128 4409 1467 4465 tabernaculi
1494 4408 1795 4465 testimonii

211 4506 359 4561 ﬁlios
389 4506 568 4559 Aaron
615 4504 894 4575 prmcepit.
941 4504 1414 4559 Considerandum
1470 4510 1557 4557 est
1614 4500 1797 4571 qualia

210 4597 585 4653 consummari
609 4607 664 4652 et
688 4598 741 4651 in
774 4598 878 4652 hac
900 4596 988 4652 die
1013 4596 1098 4650 lex
1149 4594 1428 4665 praecepit.
1461 4592 1615 4647 Diem
1645 4591 1795 4646 enim

212 4702 469 4749 octavum
516 4691 877 4746 Pentecosten
939 4689 1194 4759 appellat,
1251 4689 1378 4758 quia
1431 4687 1793 4741 Pentecostes

212 4785 332 4839 dies
379 4783 572 4837 incidit
616 4784 671 4837 in
720 4783 843 4847 hac,
877 4798 981 4852 qua
1020 4782 1271 4836 Salvator
1313 4778 1629 4844 resurrexit,
1671 4792 1795 4848 quae

214 4893 336 4934 esse
358 4884 546 4932 octava
570 4876 843 4931 creditur:
874 4875 999 4945 quia
1025 4874 1249 4945 ﬁguram
1269 4871 1408 4944 gerit
1428 4870 1796 4943 primitiarum

216 4970 412 5032 futuri,
466 4969 561 5024 sed
604 4977 659 5022 et
712 4965 1200 5022 consummationis
1245 4963 1534 5036 praesentis
1579 4962 1792 5029 swculi,

217 5078 339 5133 qum
371 5062 426 5115 in
454 5069 662 5131 septem
688 5060 986 5116 revolvitur
1007 5060 1225 5115 diebus.

284 5153 640 5207 Pentecostes
671 5163 853 5207 autem
884 5151 1123 5207 circulus
1142 5150 1245 5205 sub
1268 5149 1529 5220 praedicto
1557 5164 1796 5205 numero

219 5258 322 5315 est,
365 5264 495 5319 ergo
539 5254 689 5302 recte
740 5246 933 5301 incidit
975 5245 1031 5298 in
1073 5243 1329 5314 praesenti
1382 5243 1603 5299 saeculo.
1648 5242 1797 5297 Con-

221 5339 665 5405 summationem,
706 5337 976 5406 simulque
1027 5336 1482 5391 resurrectionem
1531 5333 1801 5406 signiﬁcat

222 5432 573 5486 Pentecostes
606 5432 725 5486 dies
758 5449 771 5485 :
824 5429 1110 5500 oportebat
1153 5427 1321 5494 enim,
1369 5434 1431 5481 ut
1464 5426 1519 5481 in
1565 5441 1672 5497 qua
1711 5425 1800 5481 die

224 5524 459 5578 surrexit
514 5522 767 5578 Christus
815 5522 871 5576 in
943 5521 1133 5576 eadem
1191 5528 1246 5575 et
1300 5521 1438 5575 ritus
1486 5518 1795 5575 adveniret.

224 5614 376 5670 Tunc
424 5631 551 5686 ergo
588 5615 773 5670 vocari
826 5612 1027 5678 Aaron,
1076 5622 1132 5668 et
1160 5612 1298 5668 ﬁlios
1326 5612 1447 5683 cjus
1475 5621 1531 5668 et
1566 5614 1798 5683 majores

226 5717 353 5764 natu
382 5708 550 5764 Israel
573 5707 667 5775 ait,
692 5706 985 5762 Ecclesium
1008 5705 1429 5775 quodammodo,
1460 5719 1557 5775 pcr
1582 5719 1796 5770 eorum,

293 5888 337 5920 “
376 5886 417 5943 ll
440 5888 565 5942 Cor.
591 5902 674 5950 ιιι,
702 5886 788 5940 17.
863 5885 907 5917 ⁸⁸
934 5883 1053 5939 Act.
1090 5900 1149 5949 ll,
1177 5882 1233 5941 5.

1888 2018 1979 2090 qui
2017 2018 2086 2074 ad
2123 2017 2401 2073 docendos
2438 2031 2543 2071 nos
2582 2015 2728 2071 utilis
2772 2023 2858 2069 est
2897 2013 3175 2082 vitamque
3203 2009 3470 2080 perﬁcere

1831 2162 1839 2169 .
1888 2113 1946 2168 in
1969 2112 2213 2169 Ecclesia
2236 2110 2683 2167 convenientium
2708 2117 2908 2182 potest.
2956 2105 3090 2173 Qua:
3121 2112 3304 2158 autem
3340 2108 3472 2157 sunt

1886 2199 2006 2255 haec
2028 2215 2150 2269 quae
2176 2198 2431 2269 accepit?

1956 2293 2181 2348 Hircum
2231 2308 2328 2363 pro
2384 2299 2621 2362 peccato.
2688 2289 2796 2347 Pro
2846 2287 3173 2361 poenitentia
3213 2284 3474 2342 videlicet

1889 2383 2244 2440 sacriﬁcium.

1959 2476 2029 2531 Et
2058 2477 2281 2532 uitulum
2329 2484 2382 2531 et
2427 2492 2624 2547 agnum
2662 2473 2971 2529 anniculam
3010 2473 3068 2527 in
3105 2471 3472 2525 holocaustum
3530 2462 3536 2466 ’

1887 2570 2280 2625 immaculatos.
2307 2567 2613 2625 Perfectam
2638 2568 2910 2632 videlicet,
2941 2574 2997 2623 et
3028 2575 3472 2621 consummatam

1889 2665 2079 2731 vitam,
2118 2664 2235 2719 sive
2282 2662 2779 2728 conversationem,
2820 2675 2943 2732 quae
2994 2674 3094 2729 per
3137 2657 3367 2723 hostias,
3418 2655 3476 2712 id

1889 2766 1975 2814 est
1997 2773 2096 2828 per
2119 2756 2442 2812 holocausta
2480 2752 2841 2825 signiﬁcatur.

1961 2849 2031 2903 Et
2052 2850 2251 2915 bovem,
2282 2856 2333 2903 et
2355 2847 2573 2902 arietem
2601 2862 2696 2917 pro
2731 2844 2983 2916 paciﬁcis.
3018 2840 3127 2897 Sed
3156 2839 3224 2895 ad
3270 2835 3478 2894 sacriﬁ-

1891 2941 2038 2999 cium
2085 2941 2325 2997 salutare
2371 2956 2387 2995 :
2430 2938 2767 2995 mediocrem
2815 2934 3310 2997 conversationem,
3353 2944 3476 3001 quae

1890 3044 2075 3092 tamen
2116 3041 2298 3105 potest
2335 3033 2547 3089 salvare
2584 3046 2681 3087 eos
2723 3030 2816 3101 qui
2858 3027 3115 3091 oﬁ’erunt,
3144 3026 3284 3082 sicut
3311 3037 3479 3094 supra

1893 3129 2152 3186 diximus.
2201 3126 2402 3183 Coram
2458 3124 2692 3181 Domino
2744 3132 2927 3178 autem
2982 3120 3167 3176 omnia
3218 3114 3480 3189 praecepit

1896 3222 2059 3278 ﬁeri:
2109 3228 2331 3293 oportet
2377 3219 2581 3290 quippe
2630 3231 2791 3272 omne
2822 3213 3041 3271 virtutis
3085 3226 3245 3282 opus,
3290 3214 3479 3279 utpote

1891 3315 2111 3370 vidente
2133 3313 2265 3377 Deo,
2286 3310 2493 3383 peragi,
2516 3317 2573 3365 et
2596 3324 2708 3363 non
2730 3305 3030 3377 corrumpi,
3056 3318 3236 3379 neque
3257 3299 3439 3356 vitiari
3462 3316 3477 3353 :

1892 3422 2018 3463 cum
2049 3405 2446 3477 permiscenms
2478 3401 2528 3457 ei
2567 3400 2901 3457 voluntatem
2928 3406 3196 3453 nostram.

1964 3498 2305 3567 Sacriﬁcium
2352 3496 2544 3550 simila:
2605 3506 2898 3560 conspersa:
2942 3488 3077 3544 oleo.
3127 3481 3481 3554 Theologiam

1870 3603 2018 3647 ,cum
2077 3587 2449 3655 eleemosyna,
2516 3582 2623 3637 hoc
2682 3579 2831 3635 enim
2890 3575 3152 3650 praedicta
3214 3568 3481 3629 sacriﬁcia

1895 3679 2174 3737 subtiliter
2222 3677 2384 3733 nobis
2435 3675 2565 3731 olim
2618 3672 2868 3728 discussa
2909 3670 3290 3725 innotuerunt.
3338 3661 3482 3730 Quid

1893 3780 2076 3828 autem
2104 3770 2192 3826 his
2218 3784 2366 3824 nunc
2392 3766 2680 3823 subdidit?

1964 3862 2104 3929 Quia
2151 3862 2305 3915 hodie
2352 3859 2612 3915 Dominus
2656 3856 2933 3929 apparebit
2970 3853 3133 3909 vobis.
3181 3849 3297 3905 Hoc
3346 3863 3482 3905 con-

1895 3955 2069 4012 clusio
2098 3962 2154 4009 et
2184 3952 2434 4023 probatio
2463 3958 2569 4017 est,
2612 3950 2742 4021 quia
2766 3950 2834 4005 de
2865 3949 3189 4003 Pentecoste
3220 3941 3483 4014 praedicta

1896 4040 2080 4103 omnia
2124 4046 2489 4100 dicebantur:
2524 4042 2577 4097 in
2606 4058 2670 4098 ea
2700 4041 2847 4098 enim
2894 4040 2976 4095 eis
3018 4036 3271 4108 apparuit
3297 4031 3484 4088 Domi-

1899 4156 2023 4206 nus,
2076 4139 2304 4208 spiritus
2352 4137 2628 4201 videlicet,
2691 4135 2758 4190 de
2811 4148 2920 4203 quo
2969 4131 3174 4186 Paulus
3224 4127 3480 4185 dicebat:

1897 4234 2153 4293 Dominus
2203 4239 2383 4285 autem
2445 4230 2663 4298 spiritus
2716 4236 2791 4281 est
2821 4226 2886 4280 ⁸⁸.
2946 4222 3236 4290 Quomodo
3297 4226 3485 4273 autem

1898 4312 2265 4397 apparebit'in
2294 4322 2396 4385 eis,
2415 4320 2551 4376 dixit
2576 4319 2783 4373 Lucas:
2806 4317 2939 4373 Visa:
2960 4324 3081 4371 sunt
3103 4316 3175 4370 eis
3196 4312 3485 4383 dispertita:

1899 4418 2128 4488 Iinguaz,
2195 4416 2330 4470 sicut
2386 4413 2557 4485 ignis,
2614 4420 2663 4466 et
2720 4411 2965 4465 sederunt
3022 4424 3189 4478 supra
3247 4402 3484 4475 singulos

1901 4526 2084 4565 eorum
2106 4508 2173 4562 ⁸⁵.

1833 4621 1874 4676 ι)
1972 4599 2139 4654 Vsus.
2179 4596 2230 4652 5.
2275 4615 2294 4649 ι
2332 4591 2599 4648 Tulerunt
2644 4606 2775 4661 ergo
2827 4596 3028 4645 cuncta
3069 4601 3192 4657 quae
3244 4585 3486 4656 jusserat

1892 4692 2103 4762 Moyses
2157 4688 2225 4743 ad
2279 4684 2480 4741 ostium
2538 4680 2896 4747 tabernaculi,
2953 4693 3079 4739 cum
3161 4675 3239 4732 ibi
3304 4671 3487 4732 omnis

1896 4791 2072 4841 staret
2101 4778 2421 4837 multitudo.
2464 4794 2483 4827 ι

1965 4877 2170 4946 Aperte
2204 4872 2295 4927 hic
2332 4868 2632 4925 Ecclesiam
2663 4863 2941 4935 exposuit.

1966 4968 2048 5021 Ad
2067 4966 2260 5020 ostium
2289 4960 2638 5016 tabernaculi.
2658 4957 2777 5024 Vel,
2798 4956 2940 5011 sicut
2967 4952 3130 5019 LXX,
3158 4961 3282 5007 ante
3307 4949 3486 5005 taben-

1899 5059 2149 5115 naculum
2185 5055 2487 5119 testimonii,
2526 5051 2784 5107 videlicet
2808 5047 2957 5104 coeli.
2980 5045 3038 5101 Si
3066 5044 3212 5101 enim
3241 5041 3486 5097 Ecclesia

1896 5146 2203 5219 frequentia
2237 5153 2323 5200 est
2351 5142 2672 5214 angelorum
2705 5136 3140 5209 primitivorum,
3167 5133 3259 5205 qui
3293 5128 3485 5201 scripti

1897 5250 2026 5295 sunt
2059 5237 2113 5291 in
2146 5235 2298 5291 ctelis
2323 5243 2450 5288 ante
2484 5227 2905 5299 tabernaculum
2944 5221 3270 5285 testimonii,
3309 5220 3365 5275 id
3400 5228 3487 5275 est

1896 5340 2026 5386 ante
2059 5305 2459 5419 1⁸³ρᾷεξζῐιῷῆεξξξξξι4
2486 5324 2567 5378 sic
2624 5321 2772 5379 enim
2808 5327 2864 5374 et
2891 5317 3088 5388 Aquila
3139 5324 3262 5369 ante
3293 5313 3486 5385 faciem

1899 5386 2393 5580 interptjrtatti‘isf'lg
2396 5386 2588 5487 ξ’ῗῖιοο
2620 5412 2765 5485 quod
2790 5386 2998 5466 dictum
3041 5415 3145 5474 est,
3181 5405 3484 5461 secundum

1904 5514 2067 5580 LXX,
2095 5484 2195 5580 iiii,
2328 5530 2355 5580 r
2403 5488 2549 5564 inim.
2584 5506 2642 5562 Si
2675 5521 2807 5577 ergo
2837 5504 2912 5558 ita
2952 5510 3059 5563 est,
3101 5516 3202 5570 pro
3239 5513 3306 5553 co
3338 5496 3483 5565 quod

1904 5484 2067 5582 LXX,
2584 5484 2651 5562 Si
2675 5521 2807 5577 ergo
2837 5504 2912 5558 ita
2952 5510 3059 5563 est,
3101 5516 3202 5570 pro
3239 5513 3306 5553 co
3338 5496 3483 5565 quod

1905 5609 1971 5665 ad
1998 5608 2144 5663 illam
2162 5584 2223 5661 se
2241 5584 2719 5660 cohversationem
2742 5606 2889 5670 apta,
2914 5602 3043 5650 ante
3076 5589 3482 5647 tabernaculum

1905 5708 2055 5756 recte
2085 5694 2421 5766 intelligitur.
2459 5691 2558 5748 llic
2586 5700 2771 5748 autem
2808 5685 2988 5745 omnis
3022 5680 3336 5748 multitudo,
3368 5676 3484 5735 sive
