1973 3217
266 181 320 216 891

863 181 1044 212 HESYCHII
1063 179 1301 211 PRESBYTERI

1851 180 1899 213 892

264 246 398 276 synagoga
413 238 505 267 omnis
519 238 634 271 accedit,
651 238 678 265 id
693 242 745 272 est,
754 246 787 266 ea
800 246 861 274 qua:
874 247 909 266 ex
921 239 1049 266 omnibus
1063 239 1086 266 Α
1099 237 1187 265 factus
1206 242 1249 265 est
1265 237 1434 272 propitiatio.
1463 237 1518 265 Sed
1537 242 1565 265 et
1587 245 1638 272 pro
1659 238 1832 272 semetipso,
1855 246 1900 265 cur

264 289 294 313 et
309 285 430 320 undique
446 290 488 312 est
505 285 687 324 congregatio,
705 284 793 312 omnis
810 285 912 320 quippe
935 285 1053 312 contrita

264 331 374 363 anima,
400 336 429 358 et
453 331 542 358 omnis
566 335 691 366 peccator
705 352 711 362 ,
729 331 818 358 omnis
838 330 1053 363 misericordiam

265 377 449 405 necessariam
463 377 575 409 habens,
589 378 680 405 omnis
690 377 724 404 ab
736 385 828 404 errore
838 385 867 405 se
879 383 1051 410 convertens,

265 422 295 450 in
320 423 372 450 hac
386 422 506 450 Ecclesia
523 427 715 457 congregatur,
743 431 798 449 non
820 423 906 450 solum
928 431 986 454 eos.
1007 423 1053 457 qui

265 468 300 495 de.
316 469 413 503 plateis
438 473 464 495 et
479 468 547 496 vicis
568 474 642 500 sunt,
665 468 712 495 scd
729 473 756 495 et
771 476 818 495 eos
841 469 886 503 qui
903 469 936 496 de
951 469 1012 499 viis,
1026 473 1054 496 et

265 514 299 542 de
320 515 432 549 sepibus
457 514 547 542 vocari
563 514 737 549 praecipiens,
758 519 788 542 ut
811 515 927 549 regalem
947 523 1052 542 coenam

265 559 450 594 ingredientes
464 560 624 595 implerent.

301 604 384 632 Vens.
397 605 424 633 6.
443 614 452 631 ι
470 606 515 632 Ait
539 606 665 641 Moyses:
691 606 743 634 Iste
772 611 815 634 est
842 614 941 640 sermo,
971 615 1052 642 quem

265 652 394 686 praecepit
426 650 569 683 Dominus,
600 651 696 684 facite,
735 656 763 679 et
796 653 938 687 apparebit
975 652 1053 680 vobis

265 696 350 732 gloria
366 696 437 731 ejus.
456 706 466 722 ι

298 741 418 769 Gloriam
431 750 492 770 esse
503 743 608 771 Domini
622 744 758 779 spiritum,
776 744 920 773 manifeste
930 745 1052 773 ostendit

265 788 338 822 quod
357 787 457 816 Paulus
484 789 519 816 ad
542 789 701 817 Corinthios
727 790 837 825 scripsit
857 799 863 817 :
887 790 940 818 Nos
963 799 1050 818 omnes

264 830 381 857 revelata
396 832 464 867 facie
474 832 586 867 gloriam
596 833 700 860 Domini
708 834 880 868 speculantes,
893 836 920 862 in
932 836 1051 863 eamdem

263 876 407 911 imaginem
431 879 663 912 transformamur,
691 880 722 906 de
753 880 837 915 gloria
868 881 894 908 in
927 882 1048 917 gloriam,

267 922 336 947 sicut
350 930 366 948 α
381 922 488 949 Domini
509 923 604 958 spiritu
621 925 654 951 σθ.
682 924 716 952 Ut
741 932 805 961 ergo
828 926 912 961 gloria
942 927 1049 954 Domini

263 966 415 999 videretur,
432 968 458 995 id
473 974 523 1001 est,
541 974 571 996 ut
581 970 714 997 adventus
730 971 912 999 celebraretur
926 972 1049 1007 spiritus,

263 1010 315 1038 iste
331 1017 372 1039 est
398 1020 496 1044 sermo,
525 1014 623 1049 inquit,
643 1023 723 1050 quem
749 1016 878 1052 praecepit
902 1017 1048 1046 Dominus:

263 1056 357 1085 Facite
369 1058 497 1087 videlicet
509 1061 638 1096 mysticus
655 1062 689 1089 de
705 1070 760 1097 quo
776 1069 943 1098 praeceperat
960 1064 1050 1092 Domi-

263 1109 326 1129 nus.
358 1103 414 1131 Hoc
446 1106 525 1140 facite
554 1107 582 1133 in
609 1115 695 1134 meum
726 1111 1001 1138 commemorationem
1015 1112 1048 1139 ⁸⁷.

262 1145 422 1176 Sermonem
441 1155 532 1177 autem
555 1151 691 1187 legislator
706 1160 739 1180 ex
762 1155 959 1183 consuetudine
983 1156 1049 1184 illud

261 1198 351 1226 vocat,
362 1194 424 1229 quia
436 1195 498 1230 plus
513 1204 640 1225 sermone
652 1199 776 1226 subsistit
790 1200 870 1235 hujus
881 1201 1049 1236 dispensatio

261 1240 393 1274 mysterii,
406 1241 524 1268 maxime
536 1242 677 1271 Dominieo
691 1245 776 1271 verbo
789 1253 820 1272 ea
831 1253 891 1281 quae
906 1252 1048 1281 apparent,

260 1284 289 1311 in
303 1285 378 1313 aliud
392 1286 492 1321 aliquid
506 1288 595 1323 majus
615 1294 643 1316 et
664 1289 835 1326 intelligihile
856 1293 1046 1321 transferente.

260 1329 338 1359 Unde
373 1339 437 1359 cum
476 1342 576 1361 manna
617 1335 763 1371 imaginem
791 1338 870 1372 panis
899 1339 970 1372 vita,
1002 1340 1047 1374 qui

260 1378 403 1406 descendit
425 1380 458 1406 de
486 1381 566 1411 coelo.
594 1387 774 1416 prmsentaret
796 1393 803 1411 :
832 1384 884 1411 Hic
902 1390 939 1412 est
960 1387 1046 1419 panis,

259 1422 309 1456 uit,
332 1431 407 1458 quem
428 1425 499 1452 dedit
522 1427 592 1454 vobis
618 1427 745 1455 Dominus
764 1430 798 1456 ad
815 1431 1001 1459 comedendum
1013 1433 1046 1465 “,

259 1467 304 1494 hic
317 1473 359 1495 est
370 1476 460 1497 sermo
473 1478 555 1505 quem
569 1473 711 1500 constituit
733 1474 875 1503 Dominus.
893 1477 962 1509 Quid
983 1485 1048 1514 ergo

259 1520 294 1540 ex
315 1514 367 1547 his,
392 1523 453 1550 qua:
476 1517 547 1544 dicta
567 1523 640 1551 sunt,
668 1519 805 1554 legislator
829 1518 972 1558 signiﬁcat,
994 1525 1047 1552 nisi

259 1558 323 1593 quia
339 1559 400 1587 sine
420 1561 504 1589 dubio
524 1563 667 1598 agentibus
680 1565 719 1592 eis
735 1570 860 1594 sanctum
878 1569 1046 1603 mysterium,

259 1609 288 1632 et
299 1605 466 1634 Dominicam
483 1616 589 1636 ctenam
606 1611 818 1645 celebrantibus,
839 1614 950 1642 advenit
966 1616 1048 1651 spiri-

260 1655 305 1679 tus
323 1652 426 1685 ?Quod
449 1655 501 1682 etsi
526 1663 581 1682 non
595 1657 703 1691 planius
727 1660 881 1694 expositum
904 1661 1048 1696 habemus,

259 1698 346 1726 multa
371 1700 471 1736 quippe
503 1702 595 1729 studio
620 1704 761 1733 brevitatis
785 1706 925 1741 Scriptura
958 1709 1049 1737 divina

260 1745 443 1780 praetermisit,
472 1755 533 1782 quae
559 1748 599 1775 fas
627 1754 715 1777 estex
740 1751 799 1779 aliis
821 1752 959 1788 colligere.
985 1754 1050 1782 Erat

260 1791 334 1818 enim
349 1791 408 1820 dies
423 1793 469 1828 qui
484 1795 636 1829 appellatur
650 1797 818 1832 Dominicus,
830 1799 857 1826 in
871 1808 926 1835 quo
940 1806 1050 1836 oporte-

259 1836 308 1864 bat
322 1838 409 1865 modis
422 1840 549 1867 omnibus
558 1848 637 1877 agere
646 1844 783 1878 apostolos
795 1846 907 1881 mystica
919 1852 946 1874 et
961 1838 1048 1876 sacra.

260 1881 327 1909 Nam
342 1888 370 1910 et
383 1891 433 1911 nos
448 1884 556 1913 illorum
572 1894 719 1922 sequentes
731 1891 916 1926 traditionem,
930 1893 1050 1922 Domini-

259 1935 319 1955 cam
356 1929 429 1957 diem
471 1931 571 1972 divinis
607 1935 788 1963 conventibus
834 1943 1047 1972 sequestranius.

259 1973 417 2004 Invenimus
455 1971 546 2005 autem
585 1984 612 2006 et
646 1980 786 2009 Christum
827 1983 952 2011 similiter
987 1991 1049 2020 post

259 2023 489 2050 resurrectionem
511 2032 526 2051 a
541 2026 667 2058 mortuis,
690 2034 738 2061 per
754 2029 877 2063 mystica:
902 2038 998 2064 edente,
1021 2036 1049 2059 et

259 2066 338 2101 panis
378 2067 540 2099 fractionem
580 2071 814 2100 manifestatum:
847 2075 919 2108 quod
954 2082 1049 2111 aperte

258 2112 368 2147 quidem
387 2113 485 2148 Lucas,
503 2115 610 2150 plenius
629 2122 719 2145 tamen
731 2120 813 2147 etiam
827 2120 948 2149 Joannes
963 2130 1048 2150 evan-

259 2157 356 2193 gelista
371 2160 461 2187 tradit.

296 2202 376 2231 Vnns.
393 2204 418 2231 7.
436 2215 445 2231 (
468 2206 536 2234 Dixit
561 2207 594 2234 ad
613 2207 703 2236 Aaron
721 2218 728 2236 :
750 2210 856 2239 Accede
873 2212 907 2239 ad
921 2213 1007 2241 altare
1021 2218 1049 2242 et

1104 282 1166 314 hoc,
1181 290 1243 309 eum
1269 282 1489 317 propitiationem
1512 290 1567 310 non
1583 286 1671 318 egeat,
1691 282 1788 317 magis
1812 287 1900 310 autem

1103 327 1161 362 ipse
1193 332 1304 363 praestet
1334 328 1593 363 propitiationem?
1624 328 1675 356 Sed
1710 333 1745 355 ut
1777 334 1900 356 nostrum

1104 379 1243 409 peccatum
1272 374 1435 409 suscipiens,
1457 374 1539 401 etiam
1560 382 1609 409 pro
1631 375 1793 409 semetipso
1809 375 1901 409 depre-

1104 424 1181 447 catur
1198 428 1205 447 :
1222 420 1364 447 evidenter
1379 420 1452 447 enim
1472 420 1525 447 hoc
1547 420 1666 448 hominis
1683 425 1745 452 est,
1760 425 1791 447 et
1804 420 1863 453 Dei,
1876 421 1901 448 id

1103 472 1154 498 est,
1176 467 1246 494 sicut
1267 467 1385 494 hominis
1413 468 1630 503 propitiationem
1655 467 1854 502 suscipientis,
1876 473 1900 495 et

1104 512 1174 539 sicut
1202 511 1249 539 Dei
1277 512 1386 539 sibimet
1415 513 1580 547 praestantis.
1610 513 1687 540 Alter
1714 513 1798 540 enim
1822 513 1900 541 homo

1103 556 1262 590 sibimetipsi
1279 556 1501 590 propitiationem
1519 560 1649 591 praestare
1664 564 1725 583 non
1743 561 1850 591 potest.

1137 601 1219 629 Vens.
1243 602 1317 629 8-H.
1353 611 1362 628 ι
1384 601 1537 637 Statimque
1567 603 1659 629 Aaron
1691 602 1840 629 accedens
1868 604 1899 630 ad

1101 647 1197 680 altare,
1218 647 1368 675 immolavit
1389 648 1505 675 vitulum
1532 656 1581 683 pro
1602 653 1720 683 peccato
1745 656 1811 680 suo,
1825 649 1899 681 cujus

1101 694 1260 728 sanguinem
1290 694 1447 721 obtulerunt
1469 694 1496 721 ei
1517 694 1565 721 ﬁlii
1586 695 1638 722 sui.
1659 694 1689 722 ln
1710 702 1773 729 quo
1796 695 1898 731 tingens

1101 740 1225 775 digitum,
1244 739 1332 774 tetigit
1344 748 1447 767 cornua
1455 741 1560 773 altaris,
1580 744 1608 768 et
1620 740 1691 768 fudit
1706 741 1857 768 residuum
1868 743 1898 769 ad

1101 785 1186 812 basim
1197 784 1447 820 ejus.Adipemque
1459 794 1491 814 ac
1507 788 1685 821 ranunculos,
1702 793 1735 816 et
1753 789 1896 816 reticulum

1099 828 1209 864 jecoris,
1225 837 1285 863 quae
1298 834 1362 857 sunt
1375 838 1423 864 pro
1433 837 1555 865 peccato.
1567 833 1686 860 adolevit
1699 841 1792 868 super
1804 834 1895 867 altare,

1101 874 1172 902 sicut
1193 881 1358 910 praeceperat
1381 876 1513 905 Dominus
1539 878 1634 914 Moysi.
1659 878 1772 906 Carnes
1788 887 1853 907 vere
1871 885 1895 907 et

1102 919 1200 954 pellem
1213 920 1273 955 ejus
1285 925 1359 947 extra
1372 922 1466 955 jcastra
1482 922 1632 950 combussit
1654 923 1724 959 igni.
1745 922 1896 950 immolavit

1101 970 1128 993 et
1152 966 1303 994 holocausti
1327 967 1477 995 victimam.
1501 967 1722 1003 Obluleruntque
1750 969 1777 996 ei
1793 969 1842 996 ﬁlii
1856 969 1894 997 sui

1101 1013 1261 1047 sanguinem
1272 1013 1346 1048 ejus:
1359 1021 1439 1048 quem
1451 1014 1522 1041 fudit
1535 1022 1618 1049 super
1628 1015 1723 1042 altaris
1737 1015 1892 1043 circuitum.

1101 1057 1189 1092 Ipsam
1199 1058 1280 1085 etiam
1294 1058 1409 1085 hostiam
1422 1059 1448 1085 in
1463 1059 1548 1086 frusta
1557 1060 1706 1092 concisam,
1716 1068 1786 1087 cum
1799 1061 1892 1095 capite,

1101 1108 1128 1130 et
1144 1104 1275 1131 membris
1289 1105 1403 1140 singulis
1428 1106 1596 1133 obtulerunt.
1612 1106 1678 1139 Quae
1697 1107 1797 1134 omnia
1814 1114 1893 1141 super

1100 1150 1184 1178 altare
1200 1150 1331 1178 cremavit
1345 1151 1409 1187 igni,
1428 1151 1490 1179 lotis
1503 1152 1580 1187 prius
1593 1159 1665 1187 aqua
1692 1152 1851 1186 intestinis,
1867 1156 1893 1180 et

1099 1195 1226 1231 pedibus.
1245 1205 1254 1222 ›

1136 1242 1169 1269 Et
1182 1242 1259 1277 cujus
1273 1242 1312 1270 rei
1329 1243 1416 1278 gratia
1439 1243 1497 1270 haec
1510 1243 1592 1270 etiam
1606 1242 1634 1270 in
1647 1243 1699 1270 hoc
1720 1243 1786 1271 loco
1808 1243 1891 1270 sacri-

1099 1287 1158 1315 ﬁcia
1169 1293 1347 1323 peraguntur,
1358 1289 1485 1323 superius
1492 1288 1687 1316 diximus.Non
1698 1297 1768 1324 ergo
1780 1297 1889 1316 necesse

1099 1338 1150 1366 est,
1176 1333 1275 1360 iterum
1300 1342 1395 1361 eorum
1421 1335 1550 1362 virtutem
1574 1343 1624 1370 per
1653 1336 1763 1371 singula
1790 1336 1887 1366 dicere,

1099 1387 1157 1414 quae
1170 1379 1196 1406 in
1219 1380 1270 1407 hoc
1284 1380 1416 1408 sacriﬁcio
1432 1386 1597 1415 peraguntur
1612 1390 1619 1414 ;
1637 1390 1699 1409 cum
1716 1382 1785 1409 olim
1797 1389 1828 1409 ea
1843 1390 1887 1416 per

1099 1425 1222 1452 ordinem
1245 1425 1456 1453 discusserimus
1488 1431 1516 1453 et
1552 1427 1633 1461 cujus
1655 1428 1885 1462 comparationem

1099 1477 1194 1508 gerant
1205 1473 1273 1500 nihil
1290 1473 1502 1500 intermittentes
1514 1473 1727 1502 ostenderimus.
1746 1473 1780 1501 Et
1794 1481 1883 1508 quem-

1099 1519 1243 1546 admodum
1255 1519 1281 1545 in
1290 1519 1398 1546 Domini
1408 1519 1551 1552 sacriﬁcio,
1563 1520 1637 1554 quod
1650 1527 1711 1547 cum
1728 1528 1816 1547 unum
1841 1519 1884 1551 sit,

1100 1571 1154 1590 non
1175 1568 1279 1591 tantum
1294 1564 1373 1591 nobis
1397 1569 1572 1599 peccatorum
1596 1570 1731 1600 praestans
1748 1565 1883 1592 remissio-

1100 1617 1174 1642 nem,
1201 1609 1250 1636 sed
1276 1613 1304 1637 et
1325 1610 1408 1637 vitam
1437 1610 1587 1645 perfectam
1614 1611 1641 1637 in
1662 1611 1846 1645 philosophia,
1859 1614 1884 1637 et

1100 1659 1316 1682 consummatam
1343 1655 1472 1688 etliciens,
1494 1656 1648 1684 necessarie
1662 1661 1690 1684 et
1709 1657 1738 1683 in
1757 1656 1877 1687 vitulum,

1099 1700 1145 1735 qui
1168 1708 1218 1735 pro
1239 1704 1351 1735 peccato
1373 1706 1424 1734 est,
1444 1705 1473 1729 et
1504 1701 1531 1728 in
1552 1702 1665 1729 arietem
1683 1702 1769 1735 hunc,
1791 1701 1835 1736 qui
1858 1701 1881 1727 in

1100 1746 1288 1774 holocaustum
1305 1746 1472 1780 immolatur,
1489 1752 1597 1782 oportet
1613 1746 1734 1782 reputari
1749 1757 1755 1774 :
1774 1747 1846 1774 unde
1859 1750 1882 1773 et

1070 1790 1076 1794 ’
1101 1792 1128 1819 in
1143 1800 1258 1827 persona
1286 1793 1436 1820 sacerdotis
1448 1797 1595 1828 utrumque
1612 1793 1793 1829 perspicimus
1811 1792 1881 1820 obla-

1100 1841 1156 1865 tum
1171 1848 1176 1865 :
1189 1839 1245 1873 jam
1259 1846 1324 1874 ergo
1343 1843 1370 1866 et
1383 1839 1417 1866 ad
1432 1839 1627 1874 subsequentia
1639 1840 1795 1867 veniamus.

1134 1883 1215 1910 Vens.
1232 1884 1329 1910 15-21.
1347 1893 1356 1909 ι
1374 1884 1408 1911 Ει
1431 1892 1481 1919 pro
1506 1889 1618 1919 peccato
1641 1886 1735 1920 populi
1758 1885 1879 1915 otl‘erens,

1099 1929 1229 1956 mactavit
1243 1928 1362 1962 hircum,
1377 1929 1539 1964 expiatoque
1563 1930 1652 1963 altari,
1671 1930 1736 1958 fecit
1759 1930 1880 1958 holocau-

1099 1980 1183 2008 stum,
1198 1976 1301 2004 addens
1322 1976 1350 2003 in
1378 1977 1512 2004 sacriﬁcio
1532 1977 1678 2005 libamenta
1703 1985 1764 2012 qua:
1785 1977 1879 2013 pariter

1099 2021 1258 2053 offerantur,
1291 2026 1318 2048 et
1349 2021 1461 2049 adolens
1486 2030 1517 2049 ea
1550 2030 1632 2057 super
1664 2022 1759 2056 altare,
1786 2023 1879 2056 absque

1099 2067 1273 2094 caeremoniis
1309 2067 1463 2095 holocausti
1493 2068 1630 2095 matutini.
1670 2067 1823 2095 immolavit
1854 2070 1878 2092 et

1098 2113 1196 2141 bovem
1220 2118 1302 2147 atque
1337 2114 1462 2148 arietem,
1492 2115 1596 2142 hostias
1628 2115 1756 2150 paciﬁeas
1784 2111 1876 2150 populi.

1099 2159 1315 2194 Obtuleruntqne
1338 2160 1363 2187 ei
1386 2159 1432 2186 ﬁlii
1451 2160 1493 2186 sui
1514 2161 1686 2196 sanguinem,
1709 2169 1790 2196 quem
1812 2158 1877 2187 fudit

1099 2212 1180 2239 super
1198 2205 1282 2232 altare
1304 2205 1331 2231 in
1354 2205 1489 2232 circuitu:
1514 2205 1622 2241 adipem
1641 2212 1731 2233 autem
1748 2206 1832 2237 bovis,
1853 2207 1877 2231 et

259 2248 368 2277 immola
385 2258 434 2286 pro
451 2258 563 2286 peccato
578 2258 633 2287 tuo,
652 2247 772 2283 oﬂeréns
796 2257 997 2293 holocaustum,
1018 2265 1047 2288 ει
1063 2260 1083 2287 ο
1098 2251 1212 2279 caudam
1225 2251 1328 2285 arietis,
1348 2252 1568 2287 remmculosque
1591 2260 1653 2279 cum
1677 2252 1803 2287 adipibus
1816 2250 1875 2282 suis,

258 2295 406 2330 deprecare
417 2306 466 2332 pro
481 2303 516 2331 te,
529 2304 554 2326 et
569 2307 617 2334 pro
630 2301 739 2336 populo.
753 2310 870 2338 cmnque
886 2306 1048 2333 mactaveris

259 2340 376 2369 hostiam
398 2343 513 2378 populi,
540 2353 587 2372 ora
611 2354 662 2380 pro
685 2354 729 2379 eo,
754 2348 826 2375 sicut
847 2349 971 2384 praecipit
994 2350 1048 2377 Do-

258 2394 359 2414 mmus.
380 2396 389 2413 ι

294 2431 344 2459 Ubi
362 2437 454 2461 nostra
471 2435 612 2463 translatio
629 2436 735 2471 planius
749 2437 840 2470 habet,
859 2447 906 2474 pro
921 2445 945 2467 te
965 2445 991 2467 et
1003 2449 1050 2475 pro

259 2478 364 2511 populo,
380 2487 427 2513 pro
441 2481 531 2515 teipse,
547 2486 570 2508 et
583 2491 630 2516 pro
646 2483 722 2510 domo
736 2489 781 2511 tua
793 2485 864 2512 LXX
889 2486 1045 2515 ediderunt.

260 2523 312 2555 Qui
343 2528 433 2551 autem
466 2530 530 2553 sunt
560 2528 657 2556 domus
689 2529 867 2565 intelligihilis
900 2532 1050 2560 sacerdotis

258 2567 343 2595 Paulo
358 2568 476 2603 dicente,
493 2579 638 2606 cognosce;
658 2574 696 2600 ait
714 2575 786 2601 enim
807 2585 813 2602 :
831 2575 947 2603 Christus
961 2583 1049 2605 autem

258 2619 287 2641 ut
299 2614 370 2648 ﬁlius
386 2616 414 2642 in
427 2618 504 2644 domo
523 2626 571 2644 sua
582 2619 603 2634 ⁸³
614 2628 621 2652 ;
634 2628 695 2654 qum
711 2620 1006 2664 domus;minus,
1026 2624 1049 2651 si

258 2660 386 2688 ﬁduciam
401 2666 429 2689 et
457 2663 570 2698 gloriam
596 2665 652 2700 spei
683 2660 1049 2705 usque'minﬁzmam

259 2707 436 2736 retineamus.
449 2709 520 2744 Ergo
535 2710 561 2737 hi
573 2711 618 2745 qui
634 2704 1051 2749 profeceriWﬁores

263 2757 338 2784 sunt,
361 2753 458 2781 domus
478 2755 538 2789 ejus
562 2755 633 2790 juste
656 2748 1052 2794 appellatitui'iﬁ‘ﬂt‘d'quibus

261 2798 431 2833 deprecatur,
447 2804 475 2828 et
489 2808 539 2836 pro
554 2802 627 2828 omni
644 2803 754 2838 populo,
771 2808 865 2839 utpote
889 2805 935 2839 qui
955 2811 1051 2835 nostra

1097 2303 1126 2325 et
1164 2297 1309 2325 reticulum
1337 2297 1448 2332 jecoris,
1475 2302 1627 2332 posuerunt
1657 2306 1740 2333 super
1768 2302 1875 2333 pectora.

1098 2344 1220 2378 Cumque
1234 2344 1345 2371 cremati
1361 2348 1453 2371 essent
1465 2344 1559 2378 adipes
1574 2352 1657 2379 super
1666 2345 1763 2377 altare,
1778 2347 1874 2380 pectunt

1098 2397 1204 2423 eorum,
1222 2394 1250 2417 et
1265 2398 1356 2417 armos
1371 2391 1482 2417 dextros
1500 2391 1639 2425 separavit
1659 2390 1762 2422 Aaron,
1778 2391 1876 2418 elevans

1099 2444 1190 2464 coram
1210 2436 1333 2468 Domino,
1348 2437 1420 2463 sicut
1432 2441 1599 2471 praeceperat
1614 2437 1639 2464 ei
1652 2436 1769 2472 Moyses.
1789 2446 1798 2462 ι

1135 2483 1218 2516 Cujus
1241 2482 1354 2517 ﬁguram
1379 2490 1410 2509 ea
1439 2490 1500 2517 quae
1526 2482 1597 2509 dicta
1631 2486 1696 2509 sunt
1719 2482 1841 2509 habeant.
1852 2482 1874 2505 et

1098 2528 1327 2563 quemadmodum
1358 2535 1408 2563 pro
1443 2533 1556 2563 peccato
1594 2528 1688 2555 hircus
1719 2525 1874 2563 poenitentiae

1098 2574 1261 2602 sacriﬁcium
1286 2574 1429 2610 signiﬁcet,
1463 2574 1622 2601 holocausta
1649 2578 1740 2601 autem
1766 2570 1871 2602 cruciﬁxi

1099 2622 1332 2650 conversationem
1348 2631 1355 2649 :
1369 2621 1544 2656 Theologiam
1555 2629 1620 2649 vero
1635 2622 1735 2648 similia
1749 2633 1754 2649 ;
1771 2620 1872 2648 salutare

1103 2673 1205 2700 autem.
1234 2676 1283 2696 seu
1307 2667 1483 2703 paciﬁc0rum
1515 2667 1691 2698 sacriﬁcium,
1722 2667 1804 2694 vitam
1823 2670 1872 2700 qua

1104 2723 1155 2743 nos
1179 2715 1284 2742 salvare
1305 2718 1405 2750 potest,
1425 2714 1507 2742 etiam
1535 2713 1710 2742 mediocriter
1731 2713 1872 2748 sapientes:

1105 2761 1299 2789 sacriﬁciorum
1308 2761 1442 2789 discussio
1451 2760 1618 2796 przecedcns,
1632 2760 1789 2788 unctionem
1800 2762 1872 2787 safef'

1105 2807 1177 2835 dotis
1201 2806 1330 2834 ostendit.
1354 2805 1424 2842 Ergo
1449 2805 1495 2841 qui
1525 2805 1607 2841 hujus
1632 2805 1780 2834 sanctionis
1803 2799 1873 2831 nestit

301 2897 323 2912 “
337 2896 358 2924 ll
370 2897 423 2926 Cor
452 2906 494 2932 ut,
508 2900 550 2927 l8.
587 2902 607 2918 ⁵⁷
624 2901 689 2930 Luc.
707 2910 772 2935 χιιι,
792 2902 834 2930 l5.
873 2904 895 2920 ⁵⁸
911 2903 997 2931 Exod.
1015 2913 1048 2932 xv

1166 2905 1187 2921 θ’
1204 2904 1286 2931 lleor.
1305 2912 1343 2934 ut.
1359 2903 1386 2930 6.
