2023 3231
135 231 191 263 893

705 237 746 268 ΙΝ
765 238 983 270 LEVITICUM.
999 252 1034 258 --
1049 239 1123 273 LIB.
1139 241 1183 273 II.

1712 242 1764 273 894

135 290 369 327 explanationem,
398 294 452 323 illic
479 303 542 323 cum
574 295 725 323 subtilitate
749 297 922 331 perquirens,
937 298 961 328 Α
975 297 1056 324 etiam
1071 298 1171 326 Paulus
1184 299 1328 327 intellexit.
1349 298 1418 328 Dicit
1433 305 1524 328 autem
1540 301 1579 328 sic
1598 309 1606 328 :
1621 300 1682 329 Volo
1694 302 1764 330 viros

127 336 220 365 'etiam
250 339 309 367 lucc
338 348 387 375 per
406 342 511 377 singula
537 342 614 370 sciet.
644 342 709 370 Illud
733 348 821 370 autem
849 351 923 371 nunc

134 386 292 412 necessarie
304 387 439 420 addimus,
463 389 550 416 sancti
566 389 683 424 Spiritus
700 390 727 416 in
744 390 921 418 Pentecosten

133 431 296 464 provenisse
310 433 527 466 descensionem,
542 443 603 462 cum
620 435 647 462 in
668 444 751 462 unum
768 436 922 472 congregati

132 482 231 504 essent
268 479 401 513 apostoli,
435 481 526 508 omnia
557 489 617 516 qua:
652 483 800 510 secundum
834 483 922 519 legem

131 522 265 551 Ecclesia:
280 530 400 560 agerent.
415 527 568 562 signiﬁcare
582 529 762 556 consideravit
774 529 920 565 legislator,

131 574 209 597 recte
233 572 388 605 praecedere
414 574 564 601 sacerdotis
593 575 735 606 sacriﬁcia,
764 583 796 602 ac
822 576 921 603 deinde

130 616 282 644 subinlerri
301 619 392 653 populi
412 620 562 655 praecepit:
577 625 684 656 oportet
703 621 775 648 enim
793 621 921 650 Ecclesia:

129 661 288 690 doctrinam
303 672 316 690 a
330 665 463 692 sacriﬁcio
477 665 612 702 Unigeniti
630 667 768 700 inchoare,
787 673 815 695 ut
833 668 920 696 intro-

129 708 269 736 ducantur
293 710 433 742 docentes,
460 713 525 746 quid
550 713 628 740 nobis
658 714 747 749 passio
778 715 919 742 Dominica

128 753 288 788 proiecerit,
311 761 358 783 aut
376 753 545 785 contulerit:
569 764 650 794 atque
674 760 709 787 ita
734 761 920 789 subinleratur

129 806 224 827 sermo
236 801 415 835 ptenitentize,
429 811 508 837 quem
518 812 614 832 omnes
627 806 728 840 utique,
741 811 770 833 ut
779 806 916 839 homines,

128 846 318 873 necessarium
347 847 489 876 habemus.
517 849 596 878 Unde
625 855 652 878 et
676 851 808 880 Dominus
834 861 917 880 unam

128 892 283 919 doctrinam
299 894 436 927 przedicat,
455 896 481 923 id
505 901 546 923 est
563 897 760 932 paenitentiam,
777 902 918 934 totumque

127 939 269 973 perfectus
275 941 420 968 subinferri
428 944 659 977 conversationes,
667 949 748 979 atque
756 944 916 980 theologiam

127 985 184 1013 illis
200 987 404 1021 permiscendas
418 997 424 1015 :
445 989 536 1017 subdit
548 995 650 1022 autem,
667 995 693 1018 et
705 999 765 1026 quae
782 992 918 1027 corrigen-

127 1036 181 1063 tes.
208 1032 265 1060 sive
295 1034 368 1061 uncti
395 1035 492 1062 salvari
517 1044 674 1071 possumus,
707 1038 832 1072 quamvis
861 1046 916 1065 non

126 1079 285 1106 sublimiter
318 1088 522 1109 conversemur.
563 1081 592 1109 ln
626 1083 669 1110 liis
701 1083 773 1110 enim
809 1089 917 1119 oportet

125 1124 279 1153 Ecclesiam
312 1128 487 1163 congregari,
524 1134 552 1156 et
587 1130 832 1158 manifestationem
869 1130 915 1158 Dei

124 1172 222 1208 gloriae
234 1174 380 1209 suscipere.
393 1176 455 1203 llaec
468 1177 527 1204 sine
538 1176 620 1204 dubio
631 1177 727 1205 diebus
741 1177 915 1207 Pentecostes

124 1219 247 1246 maxime
259 1220 375 1255 agebant
390 1221 514 1257 discipuli
531 1222 649 1254 Domini,
676 1229 787 1258 propter
800 1225 871 1259 quod
888 1225 914 1252 in

124 1273 215 1292 unum
232 1270 295 1293 tunc
316 1267 422 1294 collecti
443 1272 530 1301 erant,
554 1269 626 1303 quod
653 1270 808 1298 manifestat
828 1272 915 1299 Lucas

121 1310 222 1338 dicens
235 1322 241 1339 :
256 1313 289 1339 Et
304 1313 365 1339 dum
380 1314 570 1347 complerentur
577 1315 634 1341 dies
645 1315 819 1349 Pentecostes,
837 1322 914 1344 erant

122 1364 216 1383 omnes
223 1357 302 1384 simul
317 1359 478 1385 unanimiter
488 1359 520 1384 ⁷³.
534 1358 603 1391 Quid
615 1364 706 1386 autem
722 1364 799 1387 erant
808 1360 912 1387 collecti

121 1411 217 1439 agere,
243 1403 293 1431 nisi
318 1412 350 1431 ea
375 1405 464 1432 modis
484 1405 622 1438 omnibus,
649 1414 710 1440 qua:
732 1406 803 1433 dicta
829 1406 914 1434 sunt?

119 1448 194 1475 Nam
222 1449 273 1476 etsi
295 1450 384 1484 palam
404 1457 459 1476 non
493 1450 689 1484 praedicabant,
717 1456 744 1479 et
769 1456 912 1487 propterea

120 1495 200 1523 intus
213 1500 300 1528 erant,
316 1496 342 1523 in
352 1497 539 1531 superioribus
554 1497 691 1529 sedentes,
701 1500 817 1525 n’ecdum
830 1498 912 1525 verba

118 1541 344 1573 disseminantes,
361 1542 429 1569 sivc'
441 1542 529 1577 palam
548 1543 701 1577 loquentes,
716 1543 778 1578 quia
796 1543 829 1570 de
841 1543 912 1571 ostio

119 1587 291 1615 tabernaculi
302 1588 450 1615 testimonii
463 1596 517 1615 non
529 1593 607 1616 erant
619 1589 687 1623 jussi
705 1589 807 1624 egredi,
825 1598 911 1624 usque

974 351 1050 370 orare
1064 344 1091 370 in
1104 345 1175 371 omni
1187 344 1252 376 loco,
1266 344 1381 373 levantes
1391 354 1475 380 purae
1487 354 1582 373 manus
1592 347 1625 373 ⁷¹.
1636 347 1763 375 Tendens

973 388 1030 415 sive
1041 388 1135 417 levans
1158 397 1222 425 ergo
1249 398 1358 424 manus,
1375 391 1514 418 benedixit
1531 391 1592 419 illos
1611 400 1618 418 :
1636 392 1698 426 quia
1715 400 1764 427 per

972 433 1134 462 levationem
1144 443 1284 468 manuum,
1295 444 1345 471 per
1357 437 1509 464 orationem
1524 437 1661 470 videlicet,
1672 445 1762 465 sacer-

972 480 1049 508 dotes
1062 482 1162 516 populo
1176 482 1352 509 benedicunt.
1379 482 1431 510 Sed
1447 482 1521 510 unde
1541 483 1761 511 benedictionem

971 531 1100 561 prastent
1114 528 1262 555 ostendunt
1276 529 1430 564 sequentia.

1006 571 1144 601 Vens.25.
1170 583 1180 600 ι
1198 574 1317 610 lngressi
1349 580 1440 602 autem
1476 575 1580 610 Moyses
1610 579 1637 602 et
1669 575 1759 602 Aaron

971 618 1173 646 tabernaculum
1212 621 1379 652 testimonii,
1413 625 1445 655 et
1481 621 1611 656 deinceps
1645 620 1757 656 egressi,

970 664 1169 693 benedixerunt
1186 667 1296 701 populo.
1317 677 1326 693 ι

1004 710 1283 746 Ουριηοὺτεῐῃφπῑιις
1317 712 1344 739 in
1375 713 1579 741 tabernaculum
1609 714 1758 742 testimonii

970 756 1168 791 ingrediuntur,
1192 762 1219 785 et
1243 762 1336 793 postea
1363 759 1580 787 benedictionem
1602 761 1755 795 praestant?

969 805 1020 832 nisi
1033 810 1062 832 ut
1074 814 1129 833 non
1146 806 1310 841 ignoremus,
1324 807 1386 841 quia
1401 807 1434 834 de
1453 807 1612 843 intelligihili
1626 808 1756 835 taberna-

968 851 1039 883 culo,
1057 851 1184 878 videlicet
1212 851 1245 878 de
1266 851 1345 884 coelo,
1368 852 1584 879 benedictionem
1613 852 1756 887 proferunt

968 897 1132 929 sacerdotes,
1149 897 1273 925 dicentes
1289 897 1360 925 sicut
1374 898 1492 925 Paulus:
1508 898 1663 925 Benedictus
1675 899 1754 929 Deus,

968 948 991 969 et
1014 942 1095 969 Pater
1120 942 1225 969 Domini
1247 944 1329 970 nostri
1351 943 1415 970 Jesu
1429 943 1537 977 Christi,
1563 944 1606 978 qui
1627 943 1756 970 benedixit

970 998 1015 1016 nos
1029 990 1057 1016 in
1075 990 1147 1016 omni
1164 990 1340 1017 benedictione
1360 990 1504 1025 spirituali,
1526 990 1553 1017 in
1567 990 1709 1016 cmlestibus
1728 990 1756 1015 in

967 1034 1067 1062 Christo
1077 1035 1109 1062 τ’.
1121 1035 1178 1063 Hoc
1192 1036 1265 1063 enim
1282 1036 1360 1063 nobis
1376 1040 1403 1063 et
1419 1036 1477 1071 ipse
1493 1036 1602 1063 tradens
1612 1035 1753 1067 Dominus,

966 1081 1086 1116 quinque
1104 1089 1198 1117 panes,
1223 1086 1251 1109 et
1276 1090 1372 1109 rursus
1392 1087 1497 1117 septem
1517 1081 1693 1113 benedicens,
1720 1081 1753 1108 ad

966 1127 1065 1154 coelum
1085 1127 1258 1162 respiciebat.
1275 1128 1329 1154 Cur
1356 1132 1448 1155 autem
1474 1136 1530 1155 non
1558 1128 1632 1155 solus
1651 1127 1753 1160 Aaron,

965 1173 1012 1200 sed
1036 1177 1063 1200 et
1083 1173 1187 1209 Moyses
1210 1173 1389 1209 Synagogam,
1415 1172 1464 1201 seu
1487 1173 1616 1208 populum
1640 1172 1753 1199 benedi-

965 1220 1049 1246 cunt?
1064 1219 1115 1247 nisi
1132 1224 1162 1247 ut
1183 1219 1339 1250 dis’camus,
1359 1220 1422 1254 quia
1446 1227 1501 1246 non
1522 1219 1633 1254 propria
1653 1219 1753 1245 virtute

964 1266 1118 1293 sacerdotes
1129 1266 1347 1293 benedictionem
1358 1269 1498 1301 praestant,
1510 1265 1558 1292 sed
1567 1266 1629 1299 quia
1640 1264 1752 1299 ﬁguram

964 1313 1058 1339 ferunt
1081 1312 1196 1345 Christi,
1217 1316 1332 1347 possunt
1352 1315 1464 1347 propter
1491 1319 1552 1338 eum
1576 1310 1622 1345 qui
1645 1310 1672 1336 in
1686 1309 1752 1344 ipsis

963 1363 1014 1392 est,
1025 1348 1158 1394 praestare
1178 1358 1379 1386 benedictionis
1400 1357 1608 1393 plenitudinem.
1625 1356 1703 1383 Unde
1724 1359 1751 1383 et

963 1404 1077 1441 Moyses,
1094 1409 1189 1440 utpote
1217 1405 1261 1432 cui
1274 1405 1362 1440 imago
1390 1409 1432 1432 est
1458 1403 1564 1431 Domini
1589 1402 1690 1430 credita
1717 1401 1752 1428 ad

961 1450 1176 1478 benedicendum
1200 1455 1275 1478 recte
1292 1449 1545 1485 comprehenditur.
1564 1448 1618 1476 Sed
1644 1452 1671 1475 et
1687 1447 1752 1474 illud

962 1505 1009 1532 per
1034 1504 1066 1524 ea
1088 1504 1148 1531 qua:
1168 1496 1239 1524 dicta
1261 1501 1334 1530 sunt,
1362 1496 1405 1523 lex
1427 1495 1560 1531 signiﬁcat
1582 1503 1589 1522 :
1611 1494 1673 1530 quia
1696 1501 1751 1521 non

961 1542 1047 1569 solum
1064 1542 1087 1569 is
1098 1542 1145 1576 qui
1158 1542 1342 1569 sacerdotium
1357 1541 1471 1569 sortitus
1487 1545 1539 1573 est,
1555 1540 1602 1567 sed
1616 1544 1643 1567 et
1661 1539 1752 1567 omnis

959 1590 1050 1624 justus
1071 1589 1211 1617 Christum
1234 1590 1340 1617 habens
1363 1589 1389 1616 in
1413 1588 1569 1623 semetipso,
1593 1592 1621 1615 et
1639 1587 1750 1622 ﬁgurant

118 1633 189 1660 dum
215 1633 249 1660 de
283 1633 390 1661 excelso
426 1634 606 1661 induerentur
640 1633 757 1669 Spiritus
786 1635 907 1664 virtute:
924 1650 945 1678 ε
963 1635 1067 1662 Domini
1089 1635 1130 1663 sui
1153 1643 1203 1670 per
1225 1635 1324 1662 bonam
1352 1635 1598 1666 conversationem,
1620 1632 1751 1667 quemad-

118 1684 308 1707 vctumtamen
323 1680 349 1707 in
363 1681 518 1715 semetipsis
534 1681 596 1716 quia
610 1681 668 1709 haec
682 1682 806 1717 agebant,
824 1683 911 1710 mani-

119 1723 223 1751 festum
248 1728 306 1751 est:
321 1729 348 1751 et
365 1732 533 1759 qiimcunque
555 1725 652 1752 decent
675 1725 835 1758 Ecclesiam,
850 1734 910 1754 me-

119 1770 203 1797 ditari
219 1778 273 1798 non
282 1771 425 1798 cessabant
436 1775 465 1798 ut
480 1771 567 1805 ipsum
579 1771 705 1798 videlicet
719 1772 745 1798 in
756 1772 910 1806 semetipsis

120 1815 257 1848 haberent
271 1815 421 1849 Christum,
439 1817 485 1851 qui
511 1822 552 1844 est
575 1822 656 1851 caput
672 1818 810 1845 Ecclesiae.
832 1818 909 1846 Unde

118 1864 149 1886 et
161 1860 299 1887 Matthiam
310 1862 342 1887 ad
351 1861 542 1895 apostolatum,
552 1869 613 1888 cum
623 1863 802 1890 contionatus
813 1862 910 1891 fuisset

119 1905 220 1933 Petrus
236 1911 263 1934 et
284 1908 471 1942 proposuisset
486 1908 583 1935 divinae
598 1908 745 1943 Scriptura:
760 1909 910 1944 expositio-

119 1960 197 1984 nem,
222 1957 302 1987 atque
330 1953 494 1987 testimonia,
518 1958 589 1981 sorte
616 1960 822 1989 separaverunt.
846 1955 909 1982 Sive

118 2003 213 2025 autem
238 1998 403 2032 concienari,
427 2000 453 2027 id
472 2004 513 2027 est
536 2000 665 2034 populum
685 2000 833 2033 exhortari,
850 2001 909 2028 sive

118 2043 270 2078 prophetas
279 2043 460 2078 interpretari,
468 2049 495 2071 ct
502 2046 586 2072 cleros
594 2045 708 2075 sociare,
718 2045 908 2074 ccelesiaslica:

119 2090 334 2125 dispensationis
349 2095 375 2118 et
389 2091 493 2118 ordinis
510 2091 570 2118 l‘nit.
584 2091 654 2127 Ergo
666 2092 839 2119 manifestum
855 2097 906 2125 est,

119 2137 186 2172 quia
208 2137 435 2171 quemadmodum
458 2138 486 2164 in
510 2137 646 2164 Ecclesias
675 2138 781 2165 collecti
810 2138 837 2165 in
856 2138 908 2166 illis

119 2183 219 2210 diebus
244 2187 331 2214 erant,
355 2186 427 2217 quod
456 2188 483 2210 et
508 2184 644 2219 legislalor
668 2185 755 2211 modis
781 2185 908 2212 omnibus

119 2228 268 2263 signiﬁcari
295 2229 484 2262 considerans,
512 2234 716 2265 consequenter
741 2235 768 2257 et
789 2238 820 2257 ca
847 2239 908 2265 qua:

117 2273 327 2308 subsequuntur
343 2274 446 2302 addidit
458 2284 466 2302 :

961 1681 1072 1708 modum
1086 1680 1189 1717 Moyses
1203 1680 1349 1712 exsistens,
1365 1680 1480 1707 idoneus
1491 1683 1533 1707 est
1548 1679 1581 1706 ad
1597 1678 1750 1706 donandam

960 1725 1188 1753 benedictionem.
1216 1725 1279 1752 llaec
1300 1732 1365 1760 ergo
1386 1724 1527 1759 discipulis
1543 1723 1648 1750 Domini
1667 1730 1750 1758 agen-

963 1772 1044 1803 tibus,
1076 1771 1187 1806 spiritus
1213 1771 1334 1804 advenit,
1370 1774 1483 1806 propter
1510 1769 1581 1805 quod
1608 1768 1751 1796 audiamus

961 1817 1114 1851 sequentia.
1188 1814 1192 1817 ’

995 1861 1076 1889 Vens.
1097 1862 1143 1889 24.
1179 1872 1187 1888 ε
1204 1862 1391 1897 Apparuitque
1421 1861 1505 1898 gloria
1537 1860 1644 1889 Domini
1672 1860 1747 1888 omni

959 1908 1138 1936 multitudini.
1164 1909 1197 1936 Et
1225 1916 1289 1936 ecce
1321 1908 1392 1944 ignis
1427 1915 1553 1943 egressus
1581 1914 1596 1933 a
1623 1906 1749 1937 Domino,

959 1954 1102 1981 devoravit
1126 1954 1325 1986 holocaustum,
1351 1958 1378 1981 et
1403 1953 1509 1988 adipem
1525 1952 1572 1988 qui
1587 1956 1645 1979 erat
1668 1959 1751 1986 super

960 1998 1053 2025 altare.
1082 1998 1158 2031 Quod
1189 2006 1251 2026 cum
1283 1998 1416 2026 vidissent
1442 1997 1543 2030 turbat,
1570 1997 1751 2024 laudaverunt

960 2043 1105 2070 Dominum
1122 2048 1232 2071 ruentes
1251 2044 1280 2071 in
1297 2043 1381 2071 facies
1399 2050 1474 2070 suas.
1494 2052 1503 2069 ι

995 2089 1078 2116 Putas
1091 2097 1127 2116 ne
1150 2090 1238 2124 aliqua
1263 2089 1490 2124 interpretatione
1508 2088 1651 2124 praesentia
1666 2088 1749 2115 verba

959 2135 1121 2171 legislatoris
1153 2142 1221 2170 opus
1256 2135 1358 2162 habent
1379 2135 1390 2161 ?
1408 2132 1480 2170 'lpsa
1514 2142 1631 2169 namque
1659 2133 1749 2161 verbis

959 2181 1126 2208 concordant
1149 2181 1202 2214 bis,
1228 2189 1289 2216 quae
1313 2185 1378 2208 sunt
1396 2180 1430 2208 de
1452 2181 1572 2208 adventu
1589 2180 1707 2215 Spiritus
1722 2179 1749 2207 in

959 2226 1116 2262 apostolicis
1128 2227 1234 2254 actibus
1247 2226 1359 2261 scripta.

994 2273 1124 2307 Apparuit
1138 2273 1217 2305 enim,
1233 2273 1328 2307 inquit,
1349 2272 1434 2308 gloria
1455 2272 1558 2300 Domini
1572 2273 1643 2299 omni
1658 2272 1749 2299 multi-

154 2317 236 2345 Vens.
250 2318 295 2346 22.
313 2329 323 2345 ι
338 2320 371 2346 Ει
394 2321 508 2347 tendens
525 2328 636 2347 manum
655 2326 748 2348 contra
763 2321 905 2356 populum,
923 2318 945 2346 D
959 2319 1053 2346 tudini.
1069 2318 1222 2351 Quomodo,
1245 2319 1318 2346 dicat
1344 2318 1457 2346 forsitan
1480 2318 1638 2352 quispiam?
1650 2317 1749 2351 Utique

115 2365 259 2392 benedixit
282 2366 318 2393 ei.
335 2366 432 2401 Sicque
447 2367 589 2402 completis
605 2368 700 2395 hostiis
713 2376 762 2403 pro
782 2372 905 2402 peccato,

117 2415 145 2438 et
163 2411 339 2444 holocaustis,
355 2416 382 2439 et
398 2412 525 2447 paciﬁcis,
544 2413 692 2440 descendit.
711 2423 720 2439 ι

153 2457 275 2490 Intende,
302 2458 363 2493 quia
389 2466 497 2486 omnem
528 2459 605 2487 nobis
633 2460 773 2487 evidenter
792 2461 905 2495 ﬁguram

115 2503 245 2531 Ecclesia).
275 2506 333 2532 vult
364 2513 527 2539 exponere:
557 2514 619 2533 nam
651 2512 792 2542 postquam
824 2508 904 2542 dixit,

116 2550 258 2577 descendit
269 2556 411 2586 postquam
427 2551 489 2579 fecit
500 2559 549 2587 pro
559 2557 679 2587 peccato,
693 2558 719 2580 et
728 2554 903 2587 holocaustis,

116 2601 145 2624 et
161 2596 295 2632 paciﬁcis,
317 2597 436 2625 ostendit
450 2598 512 2632 quia
531 2598 741 2633 completioncm
756 2599 906 2626 sacriﬁcio-

116 2649 189 2673 rum,
209 2641 343 2669 intellexit
362 2642 558 2677 expositionem
583 2650 689 2676 eorum,
713 2647 741 2670 et
761 2649 904 2678 propterea

115 2687 194 2719 dixit,
205 2688 347 2720 descendit,
360 2695 409 2722 per
419 2687 625 2715 descensionem
635 2687 801 2715 doctoralem
812 2687 904 2715 sedem

115 2733 273 2768 designans,
298 2733 332 2760 de
355 2741 408 2768 qua
422 2737 482 2768 post
509 2733 708 2768 expositionem
734 2734 903 2767 sacerdotes,

113 2779 215 2813 quibus
252 2779 336 2814 ﬁgura
374 2779 551 2815 intelligibilis
582 2779 674 2806 Aaron
708 2780 811 2807 credita
843 2785 903 2813 est,

114 2825 295 2857 descendunt,
321 2830 348 2852 et
370 2833 419 2859 per
442 2826 593 2853 orationem
617 2834 715 2853 manus
743 2826 777 2854 ad
805 2827 904 2854 coelum

114 2870 216 2898 levant.
244 2870 429 2899 Elevationem
465 2873 539 2900 cnim
566 2881 718 2905 manuum,
752 2874 904 2901 orationem

150 2959 173 2976 '°
186 2960 246 2988 Act.
264 2968 294 2993 it,
312 2961 338 2989 1.
374 2961 395 2977 ⁷¹
414 2961 506 2989 lTim.
523 2971 553 2995 ll,
565 2963 591 2990 8.
610 2963 632 2979 τ’
646 2963 667 2991 ll
681 2963 744 2990 Cor.
758 2972 775 2994 ι,

960 2365 1031 2395 talis.
1068 2364 1174 2399 qualem
1210 2364 1337 2391 Ezechiel
1371 2371 1453 2398 super
1490 2363 1629 2390 Cherubin
1663 2363 1748 2389 visam

958 2411 1112 2446 descripsit,
1127 2415 1174 2438 aut
1186 2411 1294 2446 qualem
1307 2410 1445 2441 Micliaaas,
1460 2409 1503 2437 vel
1515 2409 1599 2436 Isaias
1612 2418 1619 2436 :
1632 2416 1748 2443 quorum

958 2465 1029 2484 unus
1055 2457 1165 2492 quidem
1197 2457 1330 2492 Seraphin
1362 2456 1390 2484 in
1421 2455 1558 2488 circuitu,
1588 2455 1657 2482 alter
1684 2462 1749 2482 vero

956 2503 1094 2530 cmlestem
1110 2502 1260 2530 exercitum
1272 2502 1349 2530 vidit.
1364 2502 1418 2530 Sed
1431 2509 1602 2537 nequaquam
1619 2501 1670 2528 fuit
1684 2509 1748 2534 una,

955 2556 1016 2584 qua:
1027 2549 1164 2582 omnibus,
1175 2553 1202 2576 et
1211 2549 1311 2584 ubique
1323 2548 1491 2584 spiritalibus
1509 2549 1634 2583 apparuit
1654 2547 1748 2583 gloria,

957 2596 1003 2623 sed
1023 2595 1324 2630 diﬁ'Msiones,
1344 2599 1440 2630 utpote
1458 2593 1750 2629 incompreliensibiles

1263 2651 1293 2669 s:
1310 2650 1431 2677 praesens
1458 2647 1549 2669 tamen
1575 2640 1672 2668 similis
1691 2642 1750 2666 erat

1305 2696 1432 2724 egressus
1454 2693 1497 2715 est
1514 2687 1587 2723 ignis
1603 2695 1617 2714 a
1635 2686 1749 2713 Domino
1769 2708 1775 2710 .

1317 2744 1329 2761 r
1346 2735 1418 2769 quod
1430 2734 1485 2762 ait:

1291 2782 1348 2814 ιὶιιὶ,
1363 2786 1386 2807 et
1398 2789 1515 2815 egressus
1526 2785 1564 2807 est
1578 2780 1644 2815 ignis
1656 2788 1671 2806 a
1682 2779 1746 2805 Deo.

959 2829 1027 2863 Ergo
1058 2825 1294 2863 Mnis
1324 2830 1459 2862 apparuit,
1476 2825 1704 2861 quemadmodum
1721 2828 1748 2850 et

959 2874 1047 2902 Lucas
1062 2875 1173 2910 exponit
1189 2883 1194 2901 :
1219 2875 1250 2901 Et
1268 2875 1353 2910 {actus
1369 2879 1405 2901 est
1419 2876 1450 2900 (lc
1464 2873 1527 2900 ca'lo
1546 2880 1625 2900 sonus
1640 2870 1747 2906 spiritus

956 2648 1029 2678 proeb
1263 2651 1274 2669 ς
1286 2651 1293 2669 :
1310 2651 1317 2677 ι

957 2737 999 2761 die

992 2761 1291 2850 ηπ

988 2836 1027 2850 «in
1060 2838 1065 2850 1
1253 2829 1291 2850 nis
