2023 3231
266 223 320 255 895

873 215 1054 248 HESYCHII
1073 216 1311 246 PRESBYTERI

1861 215 1909 246 ωδ

267 276 435 308 iehementis,
452 280 476 303 et
489 275 605 312 implevit
622 278 704 302 totam
717 274 829 301 domum
852 274 880 301 in
903 282 956 309 qua
982 277 1060 300 erant
1076 278 1098 303 Α
1113 274 1254 306 docentes,
1270 273 1359 309 punit.
1380 273 1413 303 Hi
1430 281 1524 302 coram
1548 273 1665 301 Domino
1678 273 1855 304 moriuntur.
1872 272 1911 300 vi-

267 325 394 352 scdentes,
405 327 429 349 et
439 323 501 349 visa:
510 327 571 348 sunt
580 321 632 348 illis
645 321 734 347 diviso:
750 319 862 356 linguis,
877 320 944 347 sicut
953 320 1060 355 ignis".

271 369 364 404 Populi
382 369 463 397 etiam
491 368 581 396 omnis
608 368 767 395 memoriam
806 366 946 402 legislator
966 365 1060 393 facit:

269 416 343 451 quod
358 420 386 443 et
399 415 486 442 Lucas
497 415 550 442 hoc
565 414 646 441 modo
661 414 774 448 exponit
790 422 797 439 :
810 412 842 439 Et
854 418 930 439 erant
946 412 973 439 in
983 411 1063 439 Jeru-

269 460 509 487 salemhabitantes
534 458 633 490 Judaei,
661 458 711 484 viri
739 456 867 493 religiosi,
887 457 919 484 de
944 457 1063 483 omnibus

270 506 389 539 gentibus
404 513 461 540 quae
472 505 518 532 sub
533 505 595 532 mlo
602 509 674 531 sunt.
689 503 774 530 Facta
805 509 894 531 autem
922 503 971 530 hac
991 510 1063 536 voce,

271 552 557 583 convenitmultitudo,
578 556 602 578 et
633 555 719 578 mente
749 552 859 580 confusa
886 550 972 577 est".
995 549 1064 582 Quia

271 598 344 624 enim
361 605 415 624 non
427 597 514 624 solum
531 597 668 629 convenit,
699 597 751 625 sed.
768 597 888 632 expavit,
905 601 933 624 et
944 596 1003 632 ipse
1013 596 1066 623 hoc

271 642 452 675 demonstrat,
464 642 558 670 dicens
575 651 581 669 :
604 643 829 677 Obstupescebant
841 643 922 673 enim,
934 646 958 669 et
976 642 1065 668 admi-

271 688 410 721 rabantur,
427 688 476 716 sed
490 693 517 716 et
530 696 613 723 super
628 689 728 716 faciem
756 689 925 721 ceciderunt,
938 687 988 715 etsi
1008 695 1065 715 non

272 734 325 761 hoc
337 735 514 768 sensibiliter,
534 740 625 763 tamen
641 736 851 772 intelligibiliter
866 735 1040 770 pertulerunt
1055 743 1063 762 :

271 789 328 808 non
344 782 417 809 enim
433 782 621 818 intelligebant
647 784 722 818 quod
737 783 837 810 factum
851 787 920 815 erat,
938 782 1008 809 alter
1016 789 1065 808 au-

273 831 328 854 tem
343 828 377 855 ad
390 829 506 856 alterum
524 829 652 857 dicebat:
684 829 772 857 lilusto
786 829 856 864 pleni
870 833 930 856 sunt
940 828 978 859 lii,
991 827 1065 863 quod

272 874 412 908 proprium
423 879 483 902 erat
498 875 525 901 in
535 879 635 902 terram
652 875 753 903 facient
767 875 866 902 mentis
885 878 1064 910 prosternen-

272 919 352 947 tium.
370 920 440 954 Quid
456 926 547 948 autem
575 928 705 957 egressus
730 922 800 957 ignis
820 920 901 948 fecit?
920 918 1065 947 Devoravit

272 967 365 994 omnia
381 975 442 1002 qua:
458 971 538 995 erant
551 975 634 1003 super
659 968 744 996 altare
769 967 986 995 holocautarnata
1003 985 1011 999 ,
1036 970 1065 993 et

273 1013 379 1047 adipes,
395 1021 456 1048 qua:
471 1021 505 1041 ex
517 1014 653 1048 paciﬁcis.
669 1020 698 1042 et
722 1022 771 1049 pro
786 1018 897 1049 peccata
912 1012 1013 1044 oblata,
1024 1011 1066 1038 al-

273 1058 325 1085 tari
335 1059 507 1094 superposita
526 1064 615 1087 erant.
640 1060 736 1088 Tradit
762 1068 827 1096 ergo
856 1059 936 1089 nobis
962 1066 1064 1091 sermo,

272 1104 337 1138 quia
354 1112 467 1132 necesse
486 1105 522 1132 sit
536 1105 667 1140 praedicta
683 1105 827 1137 sacriﬁcia,
844 1109 871 1132 et
892 1111 990 1132 eorum
1016 1111 1065 1131 ex-

273 1150 424 1185 positiones
435 1158 625 1186 superponere
642 1151 807 1187 intelligibili
833 1151 913 1178 altari
937 1150 1064 1185 corporis

273 1195 386 1228 Christi,
400 1201 430 1224 ut
446 1197 480 1224 ad
493 1196 558 1224 illud
575 1197 689 1225 festinet
702 1201 796 1225 nostra
818 1196 945 1229 imitatio,
961 1200 989 1223 et
998 1200 1064 1223 tunc

272 1242 441 1270 nutrimenta
458 1243 640 1279 intelligibilis
656 1243 736 1279 ignis,
759 1244 785 1271 id
800 1247 844 1271 est
856 1243 969 1278 spiritus
984 1242 1063 1275 ﬁunt,

273 1289 308 1318 de
318 1298 372 1325 quo
385 1290 488 1318 dictum
500 1296 542 1319 est
555 1301 563 1318 :
577 1291 704 1319 Dominus
720 1291 790 1319 Deus
806 1296 910 1324 noster;
924 1290 993 1326 ignis
1002 1298 1066 1317 con-

272 1342 377 1362 sumens
395 1340 433 1363 est
449 1336 482 1363 ⁷⁵.
498 1335 577 1364 Unde
591 1341 620 1364 et
633 1344 707 1364 nunc
720 1344 771 1372 pro
785 1337 921 1368 devorare,
938 1335 1064 1370 Symma-

272 1380 342 1408 chus
356 1389 508 1409 consumere
522 1382 619 1411 edidit.

587 1460 705 1489 CAPUT
723 1460 758 1488 Χ.

309 1513 392 1544 Vens.
410 1516 436 1544 Ι.
454 1526 463 1544 ι
477 1517 659 1553 Arreptisque
675 1517 784 1550 Nadab,
794 1521 822 1545 et
832 1516 903 1544 Abiu
916 1513 1066 1543 ﬁliiAaron

274 1561 435 1595 thuribulis,
454 1568 608 1598 posuerunt
620 1563 723 1599 ignem,
737 1567 766 1591 et
784 1563 927 1591 incensum
949 1560 1068 1594 desuper

275 1607 425 1636 offerentes
439 1616 531 1636 coram
548 1609 665 1637 Domino
681 1609 772 1644 ignem
789 1609 922 1641 alienum,
936 1605 1010 1642 quod
1024 1603 1066 1631 eis

275 1658 446 1689 praeceptum
460 1661 517 1682 non
532 1659 601 1682 erat.
622 1664 631 1680 ι
643 1654 693 1682 Hic
715 1662 763 1683 eos
774 1654 820 1689 qui
837 1654 927 1681 aliena
954 1652 1066 1680 docent.

276 1699 327 1734 qui
342 1699 370 1727 in
385 1699 477 1735 ipsum
493 1700 625 1736 Spiritum
639 1701 688 1728 Dei
699 1701 901 1735 hlasphemant,
917 1698 965 1734 qui
978 1697 1066 1732 inspi-

276 1749 365 1773 ratam
403 1746 438 1774 ab
473 1754 507 1774 eo
539 1746 707 1782 Scripturam
737 1747 772 1774 de
800 1754 854 1782 qua
881 1745 919 1772 ait
946 1744 1068 1776 Paulus,

276 1790 369 1819 Omnis
402 1792 542 1828 Scriptura
575 1802 591 1820 α
621 1793 676 1820 Deo
708 1793 855 1828 inspirata;
881 1792 952 1819 utilis
981 1795 1018 1818 est
1034 1791 1068 1823 ⁷⁸,

277 1838 358 1866 aliter
389 1838 623 1874 interpretantur,
658 1839 816 1867 necessarie
846 1838 880 1866 ab
905 1837 1068 1873 intelligibili

278 1882 341 1918 igne
373 1883 464 1918 puniri
495 1884 589 1919 posuit
618 1892 625 1910 :
659 1884 707 1919 qui
741 1883 789 1911 ﬁlii
826 1884 930 1917 Aaron,
959 1887 989 1910 ut
1017 1883 1068 1910 do-

278 1932 384 1957 ctorum
413 1929 548 1957 habentes
571 1930 707 1962 habiturn,
737 1933 765 1957 et
799 1929 932 1965 spiritalia
969 1929 1069 1957 docere

279 1974 434 2010 ﬁngentes,
476 1975 615 2003 dicuntur.
655 1975 733 2003 Unde
770 1980 799 2004 et
837 1975 936 2010 linguae
973 1983 1069 2003 eorum

278 2020 503 2056 ignisappellatse
518 2026 602 2049 sunt:
626 2022 782 2049 audivimus
802 2022 918 2057 quippe,
948 2022 1013 2057 quia
1041 2022 1070 2049 in

279 2066 370 2102 specie
385 2068 526 2103 ignearum
541 2068 696 2104 linguarum
722 2068 836 2103 spiritus
852 2068 972 2096 advenit.
995 2067 1070 2103 Thy-

279 2113 381 2140 miama
396 2118 488 2141 autem
502 2114 660 2147 thuribulis,
677 2115 722 2142 vel
733 2114 842 2151 ignibus
856 2115 1011 2150 linguarum
1022 2122 1070 2142 su-

280 2159 488 2195 perimponunt,
507 2160 602 2196 legalia
620 2165 647 2189 et
670 2162 865 2196 prophetarum
880 2162 1019 2197 dogmata,
1035 2160 1071 2189 de

280 2205 380 2239 quibus
397 2205 517 2234 Ecclesia
533 2206 643 2234 Christo
658 2206 684 2233 in
700 2206 822 2234 Canticis
832 2206 1003 2234 canticorum
1028 2206 1072 2234 di-

281 2250 360 2277 cebat
376 2258 383 2277 :
403 2250 473 2278 Odor
485 2256 677 2286 unguentorum
688 2256 794 2279 tuorum
806 2261 885 2287 super
899 2253 988 2279 omnia
1005 2260 1070 2280 aro-

1113 322 1195 349 dente
1209 322 1278 357 ipso,
1294 322 1362 349 etin
1377 322 1429 349 hac
1452 329 1501 349 eos
1519 325 1608 349 morte
1627 320 1853 351 condemnante,
1877 328 1911 347 ne

1113 368 1318 397 imitationesui
1344 369 1406 396 aliis
1430 375 1541 396 causam
1574 367 1717 402 praebeant
1744 365 1862 394 mortis.
1883 365 1912 394 In

1113 422 1168 450 quo
1182 419 1210 442 et
1224 414 1305 442 nimis
1316 414 1622 450 admiraturlegislator,
1635 421 1685 440 cur
1695 420 1730 440 ex
1744 420 1784 440 eo
1797 419 1857 447 quo
1867 412 1915 439 dc-

1113 461 1231 490 buerant
1245 462 1299 490 vita
1315 462 1379 495 frui,
1398 462 1426 489 id
1449 467 1490 490 est
1502 468 1594 488 coram
1614 460 1741 490 Domino.
1772 458 1916 486 sustinent

1114 513 1241 541 mortem,
1257 516 1338 544 quam
1353 508 1425 536 male
1452 508 1666 542 interpretantes
1681 506 1799 534 divinas
1828 504 1917 539 Scrip-

1115 559 1200 587 turas,
1216 554 1359 590 patiuntur
1375 564 1382 582 :
1400 555 1428 581 in
1444 561 1476 582 ea
1502 561 1532 581 re
1548 561 1582 581 ex
1604 560 1659 588 qua
1688 559 1737 580 eos
1765 550 1918 585 oportebat

1114 601 1333 629 benedictionem
1354 600 1515 636 promereri,
1546 597 1738 627 maledictioni
1761 604 1799 625 se
1828 596 1917 631 subji-

1115 647 1228 676 cientes.
1242 646 1310 674 Vide
1325 651 1416 674 tamen
1431 645 1522 681 qualia
1537 644 1670 673 subdidit.

1150 693 1233 721 Vens.
1248 693 1274 721 3.
1289 702 1299 719 ‹
1317 692 1444 727 Dixitque
1457 691 1562 728 Moyses
1591 691 1624 718 ad
1639 690 1731 717 Aaron
1749 697 1757 715 :
1788 687 1853 715 Hoc
1878 693 1919 715 est

1115 739 1189 776 quod
1204 739 1312 767 locutus
1334 742 1377 765 est
1396 737 1541 765 Dominus.
1568 735 1772 763 Sanctiﬁcabor
1805 733 1838 760 in
1877 733 1919 760 his

1115 786 1161 822 qui
1175 785 1396 821 appropinquant
1403 784 1470 812 mihi
1479 788 1507 811 et
1518 783 1545 811 in
1555 787 1703 817 conspectu
1714 780 1814 808 omnis
1824 780 1918 815 populi

1116 832 1301 868 gloriﬁcabor..
1313 830 1391 864 Quod
1402 830 1518 858 audiens
1543 829 1736 861 tacuitAaron,
1760 836 1772 853 ι
1799 826 1863 853 sive
1891 830 1919 853 ut

1116 879 1196 911 LXX,
1214 879 1310 911 edunt,
1325 888 1334 904 ί
1354 881 1382 905 et
1400 881 1583 912 compunctus
1596 880 1639 903 est
1658 875 1750 901 Aaron
1773 883 1785 900 ι

1151 925 1185 952 Et
1215 924 1262 952 ubi
1292 923 1406 951 omnino
1423 922 1481 950 haec
1501 921 1588 949 Deum
1611 920 1712 948 dixisse
1727 918 1916 946 invenimus?

1115 969 1230 1004 Quando
1241 969 1366 997 videlicet
1381 968 1463 1004 Moysi
1477 968 1605 996 dicebat:
1631 967 1804 994 Descendens
1824 970 1916 992 conte-

1115 1022 1187 1044 stare
1202 1016 1327 1052 populum
1338 1024 1370 1043 ne
1384 1016 1451 1051 forte
1463 1014 1673 1049 appropinquant
1703 1013 1738 1039 ad
1757 1012 1866 1042 Deum,
1894 1016 1917 1037 et

1115 1062 1194 1089 cadat
1209 1070 1241 1089 ea:
1267 1062 1304 1089 eis
1319 1060 1479 1088 multitudo:
1492 1059 1525 1087 Et
1540 1059 1688 1086 sacerdotes
1703 1058 1749 1093 qui
1764 1057 1917 1092 appropin-

1115 1112 1197 1144 quant
1211 1108 1323 1135 Domino
1341 1106 1396 1134 Deo
1413 1105 1661 1140 sanctiﬁcentur,nc
1674 1105 1742 1139 forte
1757 1103 1873 1131 recedat
1884 1103 1916 1129 ab

1115 1156 1152 1183 eis
1180 1155 1307 1182 Dominus
1318 1154 1352 1181 "'.
1380 1153 1444 1182 Haec
1468 1160 1533 1188 ergo
1544 1152 1597 1180 etsi
1617 1151 1710 1179 verbis
1727 1150 1762 1177 ab
1778 1150 1829 1177 his
1856 1157 1915 1184 qua:

1115 1202 1188 1230 dicta
1213 1205 1288 1233 sunt,
1320 1199 1461 1233 diﬂ'erunt,
1492 1203 1686 1227 verumtamen
1722 1195 1915 1224 intentionem

1115 1247 1205 1282 ipsam
1220 1244 1428 1273 immutabiliter
1445 1243 1558 1271 habent.
1575 1241 1710 1277 Praecepit
1726 1240 1804 1268 enim
1827 1248 1916 1275 popu-

1115 1291 1172 1319 lum
1197 1298 1251 1318 non
1279 1290 1468 1325 approximare
1504 1287 1570 1320 Deo,
1604 1290 1632 1314 et
1656 1292 1840 1322 cognoscere,
1861 1292 1914 1311 non

1115 1337 1345 1375 quemadmodum
1359 1336 1486 1364 invidens
1500 1335 1541 1363 eis
1569 1334 1717 1367 visionem,
1737 1333 1788 1361 sed
1805 1337 1838 1360 ut
1866 1332 1915 1359 im-

1116 1384 1253 1420 perfectis,
1267 1388 1296 1411 et
1310 1382 1400 1411 minus
1416 1386 1499 1409 tanta:
1523 1379 1768 1415 contemplationis
1801 1377 1913 1413 capaci-

1115 1431 1168 1459 bus
1187 1437 1311 1467 parcens.
1333 1428 1496 1457 Sacerdotes
1523 1431 1618 1455 autem
1656 1425 1914 1461 apprOpinquantcs

1116 1475 1382 1511 sanctiﬁcarijubct.
1406 1478 1436 1501 ut
1453 1472 1529 1509 digni
1550 1473 1585 1501 ad
1613 1471 1764 1500 videndum
1791 1475 1824 1498 et
1849 1478 1913 1498 con-

1117 1523 1305 1558 templandum
1322 1521 1420 1549 ﬁerent
1440 1520 1525 1548 Deum
1542 1518 1626 1554 :quia
1647 1525 1742 1546 veram
1766 1517 1910 1545 scientiam

1117 1577 1133 1597 a
1146 1570 1200 1597 Deo
1210 1576 1291 1596 nemo
1302 1572 1393 1603 potest
1403 1567 1463 1594 sine
1484 1565 1705 1593 sanctiﬁcatione
1735 1563 1909 1599 conquirere.

1118 1616 1234 1651 Propter
1245 1614 1319 1649 quod
1339 1613 1464 1641 Paulus:
1493 1611 1603 1644 Pacem,
1638 1609 1739 1645 inquit,
1772 1608 1912 1644 sequimini

1118 1671 1177 1690 cum
1191 1661 1321 1694 omnibus,
1332 1665 1356 1688 et
1366 1659 1581 1688 sanctimoniam.
1591 1657 1648 1684 sine
1659 1665 1712 1692 qua
1729 1664 1807 1683 nemo
1816 1655 1909 1683 uidebit

1118 1707 1204 1735 Deum
1211 1706 1246 1733 ⁸ο.
1260 1705 1445 1740 Conspectum
1454 1703 1525 1738 ejus,
1541 1701 1686 1730 scientiam
1693 1701 1755 1736 ejus
1765 1700 1872 1730 dicens,
1886 1698 1910 1726 id

1118 1753 1223 1787 estejus
1230 1748 1500 1785 contemplationem,
1509 1747 1581 1774 unde
1587 1746 1744 1773 sacerdmes
1750 1742 1909 1772 sanctiﬁcari

1117 1797 1257 1834 praecepit.
1272 1795 1340 1823 Vide
1346 1794 1483 1830 quomodo
1495 1793 1615 1821 minatur
1624 1792 1651 1819 in
1663 1791 1907 1834 subsequentibus.

1154 1843 1195 1870 Ne
1205 1844 1271 1879 forte
1281 1841 1384 1868 recedat
1399 1840 1432 1867 ab
1450 1840 1487 1866 eis
1512 1838 1651 1865 Dominus.
1670 1836 1699 1864 ld
1710 1841 1754 1864 est
1768 1844 1804 1863 ne
1831 1832 1909 1871 iu'giat

1119 1888 1154 1916 ab
1164 1888 1205 1915 eis
1218 1895 1250 1915 ea
1264 1894 1326 1922 qua:
1344 1885 1393 1913 Dei
1420 1889 1463 1913 est
1476 1883 1603 1915 scientia,
1616 1882 1735 1918 perditio
1759 1882 1834 1909 enim
1860 1880 1906 1911 eis.

1120 1934 1241 1962 scientize
1257 1932 1387 1960 discessio
1400 1931 1439 1959 ﬁt.
1450 1930 1504 1958 Sed
1512 1931 1635 1964 nunc'lea,
1644 1936 1705 1964 quae
1718 1928 1791 1955 sicut
1800 1935 1834 1955 ex
1849 1934 1907 1962 per-

1120 1988 1187 2008 sona
1195 1979 1243 2007 Dei
1257 1986 1305 2014 per
1313 1977 1426 2013 Moysen
1442 1976 1513 2004 dicta
1522 1981 1597 2007 sunt,
1609 1974 1693 2002 verba
1709 1972 1905 2009 aggrediamur.

1156 2025 1189 2052 Et
1199 2023 1384 2058 sanctiﬁcabor
1405 2023 1433 2049 in
1453 2022 1493 2049 his
1523 2021 1569 2056 qui
1591 2020 1808 2055 appropinquant
1837 2017 1905 2045 mihi.

1121 2069 1370 2097 Sanctiﬁcationem
1406 2074 1482 2095 suam
1520 2070 1599 2094 vocat
1624 2064 1802 2100 profanorum
1820 2083 1829 2095 .
1856 2063 1905 2090 sive

1120 2117 1255 2144 malorum
1265 2114 1500 2145 emundationcm,
1515 2112 1576 2148 quia
1592 2118 1693 2146 corpus
1718 2118 1770 2138 nos
1801 2110 1881 2137 habet
1896 2115 1902 2133 :

1120 2162 1242 2197 corporis
1253 2165 1346 2189 autem
1359 2159 1527 2191 emundatio,
1559 2158 1683 2186 sordium
1713 2155 1833 2191 abjectio
1859 2158 1903 2182 est.

1121 2208 1179 2236 lloc
1192 2216 1256 2243 ergo
1278 2211 1308 2235 ut
1320 2208 1419 2239 bonus,
1433 2210 1460 2234 et
1475 2206 1537 2241 pius
1561 2205 1587 2232 in
1629 2204 1673 2232 his
1704 2203 1751 2238 qui
1784 2201 1905 2238 approxi-

1121 2259 1197 2282 mant
1213 2254 1248 2287 ei,
1262 2253 1412 2281 secundum
1446 2250 1652 2279 multitudinem
1678 2249 1808 2276 videlicet
1824 2248 1904 2275 sciet:-

281 2299 355 2323 mala
373 2296 406 2322 ⁷⁷.
428 2295 481 2323 Sed
501 2296 591 2331 ignem
608 2297 728 2324 alienttm
743 2298 873 2330 offerunt,
896 2305 985 2333 neque
993 2298 1068 2326 enim
1085 2315 1107 2342 ι)
1123 2302 1176 2334 tiae,
1202 2301 1244 2329 vel
1258 2300 1409 2329 secundum
1421 2298 1529 2333 aliquod
1559 2296 1682 2325 divinum
1715 2294 1903 2324 ministerium,

281 2342 637 2377 secundumintentionem,
669 2349 717 2371 aut
738 2344 865 2372 virtutem
884 2344 1003 2380 Spiritus
1026 2345 1068 2372 in-

282 2391 477 2422 terpretantur.
496 2388 692 2425 llisegreditur
710 2390 780 2426 ignis
795 2398 811 2417 a
829 2390 943 2417 Domino
954 2398 1010 2418 non
1020 2391 1072 2418 ab-

282 2433 380 2466 solute,
399 2435 485 2469 qualis
500 2435 589 2470 prius.
604 2436 656 2463 Per
672 2436 747 2463 illum
761 2437 835 2464 enim
862 2436 996 2464 sacriﬁcia
1029 2437 1073 2464 in-

282 2480 376 2507 cendit
395 2481 538 2515 Dominus,
556 2486 584 2509 et
601 2483 686 2518 gloria
704 2483 813 2511 Domini
841 2484 931 2512 dictus
953 2488 1006 2516 est,
1027 2484 1075 2512 hic

283 2530 375 2552 autem
393 2526 461 2561 ignis
479 2528 593 2562 ptenalis
601 2533 653 2556 est.
669 2529 822 2564 Utrumque
849 2530 923 2557 enint
951 2530 1072 2558 Ecclesia

284 2570 377 2603 habet,
398 2571 472 2599 hunc
489 2574 596 2607 quidem
617 2575 650 2600 ad
670 2575 930 2607 illuminationcm‘j

283 2617 470 2646 etoblatorum
485 2621 679 2653 perfectionem
698 2630 704 2647 :
719 2622 793 2648 illuni

284 2662 432 2697 impiorum
450 2673 531 2699 quam
557 2667 599 2693 his
619 2668 664 2701 qui
694 2668 751 2701 blas

286 2708 422 2744 indicunt,
439 2719 471 2738 cx
485 2713 719 2740 sulmiinistrution

286 2756 446 2791 requiescit,
459 2765 521 2785 eum
536 2760 743 2787 succendentes.

287 2801 331 2829 lus
349 2802 383 2829 ⁷⁸.
394 2802 563 2838 llymencum
576 2810 602 2832 et
614 2801 788 2832 Alcxandruﬁ

956 2579 1071 2609 storum,

897 2576 1071 2625 ﬁlerunt,

719 2625 793 2648 illuni
1019 2630 1072 2648 iam

1041 2715 1074 2739 .is

1043 2769 1073 2785 ll-

326 2904 350 2919 "
367 2904 426 2932 Act.
442 2913 472 2936 tt,
487 2905 533 2933 23.
571 2907 593 2923 ⁷³
609 2907 673 2934 ibid.
695 2907 721 2937 5,
738 2907 764 2933 ϐ.

812 2907 834 2923 ⁷³
849 2906 932 2933 llcbr.
948 2914 997 2939 xtl,
1012 2907 1059 2935 9.9.
1077 2893 1080 2897 ἴ
1112 2908 1134 2923 ⁷⁸
1149 2906 1171 2933 ll
1185 2906 1256 2933 Tim.
1273 2914 1313 2938 lli,
1326 2905 1368 2931 16.
1408 2904 1431 2919 ⁷⁷
1442 2903 1572 2939 Cantitv.
1590 2901 1634 2928 l0.

1121 2351 1260 2383 operatur,
1276 2350 1306 2373 ut
1319 2354 1367 2381 per
1383 2346 1457 2380 ipsos
1469 2347 1582 2375 terreat,
1598 2347 1627 2370 et
1642 2342 1668 2369 in
1692 2345 1845 2375 conspectu
1869 2344 1904 2367 to-

1124 2394 1178 2421 tius
1190 2392 1283 2427 populi
1299 2390 1477 2426 gloriﬁcetur,
1492 2389 1518 2417 id
1534 2393 1577 2417 est
1599 2388 1727 2415 laudetur
1743 2390 1772 2413 et
1799 2384 1904 2413 manife-

1124 2444 1211 2467 stetur
1224 2448 1231 2466 :
1245 2443 1392 2473 utrumque
1402 2437 1477 2464 enim
1502 2433 1708 2471 gloriﬁcationis
1719 2432 1839 2460 verbum
1855 2438 1904 2458 ma-

1123 2485 1244 2516 nifestat,
1261 2488 1290 2512 et
1308 2491 1369 2519 quas
1379 2490 1412 2510 ex
1426 2482 1480 2509 hoc
1492 2481 1553 2507 laus
1581 2479 1640 2510 Dei.
1672 2483 1701 2506 et
1727 2475 1905 2505 manifestatio

1127 2531 1172 2559 sit.
1188 2530 1270 2558 David
1299 2529 1388 2557 dicit:
1422 2528 1491 2560 Quia
1514 2527 1604 2561 justus
1629 2524 1758 2551 Dominus
1782 2523 1905 2558 justitiam

1127 2578 1230 2609 dilexit,
1246 2577 1396 2612 equitatem
1410 2575 1476 2602 vidit
1491 2573 1577 2600 cultus
1590 2572 1647 2606 ejus
1661 2571 1695 2597 ⁸¹.

1162 2622 1194 2650 1η
1210 2622 1249 2649 his
1259 2620 1447 2648 tacuitAaron.
1466 2618 1529 2645 Sive
1546 2621 1576 2644 ut
1586 2616 1666 2649 LXX,
1693 2619 1861 2650 compunctus
1875 2616 1905 2639 ett

1128 2670 1228 2697 Aaron.
1250 2666 1368 2695 Ecclesia
1383 2665 1521 2696 videlicet.
1535 2671 1589 2698 qua
1614 2669 1715 2696 corpus
1739 2657 1905 2694 intelligibilis

1127 2716 1218 2742 Aaron
1234 2712 1354 2740 Ecclesia
1373 2715 1425 2743 est,
1438 2709 1512 2737 unde
1527 2709 1585 2744 ipse
1596 2706 1664 2735 dixit
1680 2714 1687 2732 :
1702 2705 1796 2738 Saulc,
1825 2702 1903 2733 Sauls,

1129 2761 1192 2794 quid
1208 2768 1248 2787 me
1261 2758 1422 2794 persequeris
1432 2757 1467 2784 ".
1481 2756 1549 2783 Item
1564 2753 1706 2789 discipulis
1716 2752 1750 2779 de
1764 2749 1904 2785 suscipien-

1129 2807 1203 2835 tibus
1217 2813 1265 2833 eos
1277 2805 1345 2833 dixit
1359 2813 1366 2831 :
1381 2803 1431 2836 Qui
1443 2810 1486 2830 vos
1505 2801 1625 2835 suscipit,
1642 2807 1682 2826 me
1693 2798 1804 2832 suscipit
1818 2797 1851 2823 ".

1684 2900 1706 2917 ⁷⁸
1723 2899 1733 2926 l
1749 2898 1820 2927 Tim.
1834 2894 1902 2930 1,20.

293 2939 314 2956 "
332 2939 419 2968 Exod.
437 2949 491 2974 tux,
507 2942 552 2968 2|.
579 2942 615 2958 "°
633 2938 715 2970 ilcbr.
734 2949 780 2974 xu,
803 2942 843 2970 ll.
880 2943 900 2959 ’⁸³
919 2938 994 2970 Psal.
1008 2951 1035 2977 κ,
1049 2943 1066 2970 8

1113 2943 1134 2958 ⁵³
1157 2943 1214 2970 Act.
1230 2950 1267 2975 ix,
1281 2941 1308 2968 4.
1344 2941 1367 2957 ⁸³
1380 2938 1504 2970 Marcux,
1517 2938 1561 2965 56.

1989 1054 1990 1128 l

1987 1412 1990 1452 φ

1986 1453 1990 1568 Α

1988 1613 1990 1642 l
