4046 6418
160 416 289 481 897

1321 404 1405 468 IN
1450 404 1896 470 LEVITICUM.
1935 432 2007 446 -·-
2046 408 2194 471 LIB.
2226 410 2309 470 II.

3348 420 3456 483 898

249 550 275 585 ε
326 528 549 586 Vocavit
616 535 799 582 autem
857 522 1069 596 Moyses
1122 521 1410 577 Mizaelem
1470 530 1528 578 et
1601 522 1772 578 Elisa-
1801 531 1846 585 Α
1877 523 2209 588 moriamini,
2243 532 2300 578 et
2326 539 2493 596 super
2536 539 2759 584 omnem
2806 535 3009 582 coetum
3067 528 3278 583 oriatur
3311 530 3455 585 indi-

159 624 331 694 pban
383 622 522 677 ﬁlios
573 620 759 676 Ozibel
798 618 978 690 patrui
1016 617 1219 682 Aaron,
1252 623 1310 671 et
1359 615 1437 670 ait
1488 614 1557 671 ad
1618 630 1766 671 eos:

162 714 282 779 ite,
337 714 511 770 tollite
529 714 730 769 fratres
757 721 972 767 vestros
1014 711 1082 767 de
1119 717 1418 779 conspectu
1447 709 1766 775 sanctuarii,

162 818 227 863 et
284 817 568 878 asportate
629 814 783 863 extra
856 814 1057 860 castra.
1119 802 1427 872 Statimque
1484 811 1771 873 pergentes

163 901 429 956 tulerunt
470 915 565 955 eos
605 899 749 954 sicut
786 898 1078 969 jacebant,
1128 896 1356 951 vestitos
1430 895 1587 949 lineis
1622 894 1770 949 tuni-

162 992 283 1059 cis,
320 1000 378 1049 et
424 992 705 1063 ejecerunt
733 990 898 1055 foras,
930 999 990 1044 ut
1028 988 1131 1044 sibi
1157 988 1336 1043 fuerat
1362 987 1705 1058 imperatum.
1744 1004 1763 1040 ι

244 1084 337 1139 Ab
372 1085 460 1140 his
501 1086 593 1153 qui
620 1100 716 1139 eos
742 1083 1046 1153 ejccerunt,
1096 1097 1193 1137 eos
1245 1080 1341 1150 qui
1372 1080 1593 1141 sublati,
1653 1081 1769 1135 sive

166 1176 343 1248 ejecti
373 1184 524 1243 sunt,
564 1174 834 1245 intellige.
876 1173 981 1239 Qui
1014 1182 1197 1227 autem
1224 1171 1467 1231 fuerunt,
1514 1170 1608 1240 qui
1644 1186 1767 1224 sus-

167 1264 475 1319 tulerunt?
533 1263 720 1319 Mizael
753 1274 811 1318 et
868 1262 1186 1332 Elisa‘pban,
1237 1262 1353 1317 sive
1401 1260 1660 1316 Misaddai
1714 1270 1770 1315 et

166 1354 504 1426 Elisaphan,
536 1371 776 1426 quorum
812 1370 955 1409 unus
971 1353 1275 1408 attrectatio
1296 1353 1415 1414 Dei.
1438 1352 1489 1407 id
1524 1361 1607 1408 est
1639 1352 1768 1407 Mis-

168 1446 342 1501 addai
379 1465 395 1503 :
429 1447 725 1518 Elisaphan
779 1453 963 1501 autem
998 1445 1091 1499 Dei
1118 1446 1220 1499 mei
1253 1444 1465 1514 specula
1495 1444 1766 1514 interpre-

173 1543 351 1592 tatur.
370 1537 692 1607 Quicunque
708 1552 837 1609 ergo
869 1536 972 1592 scit
1003 1544 1294 1591 attrectare
1327 1537 1519 1601 Deum,
1542 1536 1767 1607 insuper

172 1639 368 1685 autem
423 1638 480 1685 et
526 1629 818 1701 speculari,
886 1637 943 1684 et
1004 1627 1208 1684 Christi
1280 1629 1503 1699 quidem
1545 1644 1763 1684 carnem

176 1735 578 1781 contrectare:
621 1710 894 1795 speculari
941 1720 1126 1779 autem
1182 1739 1284 1795 per
1328 1724 1517 1779 oculos
1565 1723 1767 1779 mentis

174 1818 720 1885 divinitatem,sicut
744 1816 985 1872 Thomas
1027 1832 1191 1871 manu
1250 1825 1597 1871 contrectans
1641 1831 1764 1870 car-

175 1928 334 1978 nem,
367 1920 424 1967 et
452 1910 559 1966 ﬁde
580 1910 873 1981 speculans
895 1910 1261 1975 divinitatem,
1294 1910 1509 1966 dicebat
1540 1926 1552 1962 :
1584 1909 1759 1963 Domi-

178 2022 281 2060 nus
317 2022 467 2059 meus
498 2014 546 2059 et
590 2004 729 2057 Deus
754 2018 900 2057 meus
923 2003 989 2057 ⁸³.
1021 2001 1121 2058 Hic
1139 2002 1318 2073 ignem
1348 2002 1539 2057 aliena:
1563 2002 1769 2057 doctri-

177 2112 269 2154 na:
295 2096 534 2163 auferre,
567 2106 624 2151 et
675 2095 876 2166 ejicere
916 2095 1069 2150 illum
1109 2110 1234 2150 cum
1280 2094 1502 2161 tunicis,
1554 2109 1584 2149 a
1631 2094 1772 2149 facie

180 2199 503 2246 sanctorum
536 2196 744 2259 potest,
792 2189 922 2259 quia
975 2203 1228 2258 personae
1282 2199 1594 2243 sanctorum
1644 2196 1773 2242 sunt

176 2280 499 2337 sacerdotes
517 2296 530 2332 :
547 2279 745 2335 tunicae
761 2288 941 2334 autem
960 2278 1328 2345 sacerdotum,
1345 2276 1689 2333 conversatio
1718 2287 1774 2332 et

179 2376 323 2440 vita,
365 2390 485 2446 quae
511 2374 567 2429 in
604 2372 897 2428 sacerdotii
920 2372 1224 2428 induuntur
1255 2371 1626 2442 habitu.Ergo
1649 2388 1773 2426 cum

180 2468 521 2536 sacerdotio,
549 2466 694 2537 quod
734 2468 785 2521 ei
816 2474 963 2521 sorte
1014 2465 1258 2528 obvenit,
1308 2481 1338 2520 a
1389 2465 1642 2535 portione
1687 2480 1775 2520 sa-

180 2562 455 2617 cerdotali
480 2562 848 2632 expelluntur,
880 2577 989 2616 non
1020 2562 1197 2616 solum
1235 2571 1418 2616 autem
1449 2576 1479 2616 a
1515 2561 1772 2617 sacerdo-

182 2664 326 2721 tum,
359 2655 527 2711 sedet
550 2653 755 2724 populi,
787 2652 935 2708 unde
966 2652 1172 2707 addicit
1199 2671 1212 2707 :

255 2745 435 2800 Extra
497 2744 919 2799 tabernaculum.
966 2743 1409 2799 Tabernaculum
1457 2744 1603 2798 enim
1653 2741 1770 2807 Dei,

181 2837 451 2893 Ecclesiae
477 2838 711 2908 populus
731 2846 815 2892 est
853 2854 866 2889 :
899 2837 993 2891 ﬁlii
1014 2847 1195 2890 autem
1230 2836 1405 2906 patrui
1434 2838 1636 2901 Aaron,
1659 2836 1773 2892 sive

184 2929 376 2984 fratris
400 2928 603 2994 Aaron,
640 2929 693 2983 hi
718 2928 945 2999 quith
963 2927 1425 2997 facerepossunt,
1464 2928 1768 2983 rationabi-

183 3024 312 3077 liter
347 3023 725 3078 nominantur.
753 3022 811 3079 Si
841 3023 983 3077 enim
1021 3032 1176 3093 pater
1207 3022 1563 3092 intelligibilis
1589 3023 1774 3077 Aaron

183 3117 361 3172 David
387 3126 490 3184 cst,
524 3127 581 3173 et
629 3132 727 3187 per
758 3132 882 3172 eum
932 3132 1094 3172 omne
1129 3134 1326 3187 corpus
1386 3119 1774 3188 prophetarum

182 3210 455 3264 creditur.
480 3210 782 3280 Pr0phctiaa
807 3209 1006 3279 quippe
1019 3225 1143 3264 eum
1175 3210 1524 3265 manifestum
1544 3210 1773 3278 faciunt,
1802 3231 1843 3288 ο

184 3313 357 3372 atque
380 3302 783 3372 quodammodo
846 3303 1225 3373 ignorantibus
1269 3304 1509 3373 pariunt.
1577 3304 1772 3359 Frater

185 3404 371 3449 autem
398 3409 688 3465 germanus
715 3402 793 3457 et,
824 3402 883 3447 ut
907 3392 982 3446 ita
1003 3393 1235 3459 dicatur,
1274 3394 1443 3450 frater
1467 3397 1771 3465 prophetiae

185 3484 543 3555 Evangelium
572 3484 912 3539 est:omnia
978 3484 1121 3538 enim
1187 3501 1308 3555 qua:
1351 3486 1407 3540 in
1463 3487 1771 3558 Evangeliis

126 3596 137 3605 “
184 3587 306 3632 acta
351 3588 500 3645 sunt,
524 3593 553 3632 a
576 3577 865 3647 pr0phetis
894 3577 1156 3646 praedicta
1196 3587 1342 3632 sunt.
1380 3579 1771 3650 Pr0pterquod

184 3668 513 3739 prophetico
536 3684 787 3724 sermone
804 3669 1047 3738 adjuvari
1063 3670 1130 3724 ad
1144 3669 1438 3739 perfectam
1457 3672 1767 3741 scientiam,

184 3762 312 3831 quia
352 3761 519 3817 frater
538 3762 762 3817 fratrem
788 3763 1074 3832 adjuvans,
1106 3764 1246 3818 sicut
1274 3763 1468 3817 civitas
1495 3764 1648 3819 firma
1668 3768 1772 3821 Pe-

187 3863 306 3909 trus
338 3855 633 3924 praecepit;
677 3855 754 3909 ait
786 3855 936 3909 enim
968 3871 985 3910 :
1024 3853 1294 3909 Habemus
1328 3855 1771 3927 ﬁrmiorempro-

183 3946 455 4016 pheticum
483 3963 796 4010 sermonem,
822 3947 907 4000 cui
943 3947 1247 4017 benefacitis
1272 3947 1617 4013 intendentes,
1636 3950 1771 4003 sicut

186 4039 419 4093 lucerna:
434 4039 489 4092 in
518 4040 733 4092 obscuro
755 4038 888 4100 loco,
924 4054 1084 4109 usque
1115 4040 1243 4092 dum
1263 4040 1374 4093 dies
1408 4039 1703 4107 illucescat,
1720 4054 1770 4096 et

185 4128 403 4199 Lucifer
423 4130 630 4183 oriatur
659 4130 715 4182 in
746 4128 989 4183 cordibus
1019 4130 1203 4183 vestris
1223 4129 1301 4195 ⁸⁵;
1350 4129 1400 4184 id
1466 4141 1550 4185 est
1597 4146 1771 4200 usque

185 4218 317 4273 dum
350 4218 404 4273 in
434 4220 589 4274 vobis
619 4219 934 4290 evangelica
992 4220 1220 4274 scientia
1251 4221 1473 4275 clarcat.
1501 4222 1621 4276 Filii
1657 4222 1770 4277 fra-

187 4310 283 4365 tris
314 4311 488 4380 patris
513 4310 715 4377 Aaron,
751 4312 892 4367 bene
921 4320 976 4366 et
1004 4310 1170 4366 nimis
1197 4320 1324 4380 apte
1358 4311 1435 4375 hi,
1459 4312 1551 4381 qui
1597 4329 1771 4367 evan-

187 4402 423 4471 gelicam
450 4404 926 4458 conversationem
992 4403 1324 4468 didicerunt,
1388 4404 1668 4470 dicuntur,
1716 4415 1774 4461 et

188 4491 286 4546 hos
315 4492 411 4561 qui
442 4492 545 4546 alia
580 4493 802 4556 docent,
829 4510 1058 4564 arguere
1119 4502 1175 4549 et
1228 4495 1517 4563 repellere,
1581 4505 1772 4565 utpote

1875 617 2083 688 gnatio.
2136 617 2355 672 Fratres
2402 618 2590 685 vestri,
2650 627 2706 673 et
2731 618 2915 674 omnis
2977 619 3174 675 domus
3220 621 3454 676 filiorum

1874 709 2042 764 Israel
2076 708 2335 781 plangant
2373 710 2708 776 incendium,
2754 712 2902 781 quod
2928 710 3192 766 Dominus
3223 714 3460 767 suscita-

1872 801 1971 857 vit.
1995 802 2104 857 Vos
2130 811 2315 857 autem
2359 818 2469 857 non
2516 804 2837 876 egredimini
2894 804 3041 858 fores
3094 805 3454 871 tabernaculi,

1871 896 2108 964 alioquin
2127 896 2395 966 peribitis,
2424 896 2603 951 oleum
2628 897 2832 967 quippe
2848 906 3050 951 sancta:
3082 897 3358 951 unctionis
3372 907 3458 953 est

1872 1002 2038 1058 super
2050 1004 2163 1043 vos.
2181 988 2281 1054 Qui
2299 987 2546 1043 fecerunt
2563 991 2908 1057 omniajuxta
2922 988 3454 1060 prmceptumhloysi.

1940 1074 2062 1129 Non
2095 1074 2409 1146 ignoramus
2436 1076 2566 1146 quid
2600 1077 2827 1148 cydares
2857 1076 3170 1149 significent
3199 1076 3457 1131 sacerdo-

1870 1174 2011 1235 tum,
2045 1168 2257 1224 scilicet
2277 1168 2404 1239 quia
2434 1169 2616 1224 omnis
2646 1169 2751 1224 viri
2800 1177 2968 1239 caput
2998 1169 3273 1235 Christus,
3293 1177 3459 1239 caput

1867 1258 2068 1315 Christi
2114 1270 2321 1328 autem,
2341 1261 2483 1318 Deus
2519 1280 2534 1318 :
2560 1262 2872 1317 necessarie
2897 1262 3110 1334 cydaris
3131 1262 3456 1331 signiﬁcatio

1869 1352 2268 1420 quadannnodo
2298 1362 2383 1409 est
2427 1354 2589 1409 simul
2644 1353 2919 1425 Unigeniti
2974 1354 3352 1416 humanitatis,
3403 1348 3458 1407 et

1868 1444 2172 1501 divinitatis
2200 1463 2213 1498 :
2242 1447 2347 1502 hoc
2375 1446 2523 1501 enim
2550 1456 2608 1502 et
2653 1462 2752 1517 per
2771 1446 2983 1518 cydaris
2996 1447 3455 1516 compositionem

1867 1538 2120 1609 superius
2152 1538 2670 1594 demonstravimus.
2690 1542 2833 1610 Ergo
2867 1555 2989 1609 quae
3011 1547 3456 1608 oporteatcusto’

1866 1628 1985 1683 dire
2017 1630 2329 1685 sacerdotes
2356 1638 2411 1684 et
2446 1628 2701 1684 doctores
2731 1630 2991 1700 praecepit
3026 1646 3038 1681 :
3065 1630 3119 1684 id
3152 1638 3332 1695 est,ut
3352 1644 3457 1686 nec

1868 1721 2209 1777 divinitatem
2239 1721 2465 1787 Christi,
2488 1737 2592 1777 nec
2652 1722 3053 1778 humanitatem
3088 1731 3312 1793 negent,
3351 1736 3455 1776 nec

1867 1811 2264 1877 contradicant,
2290 1813 2416 1881 quia
2443 1813 2588 1867 Deus
2618 1827 2687 1866 ex
2717 1812 2853 1877 Deo,
2883 1820 2938 1866 et
2968 1811 3204 1867 Verbum
3247 1821 3331 1866 est
3386 1828 3457 1868 ex

1871 1904 2048 1959 Patre.
2085 1903 2199 1959 Hoc
2225 1916 2306 1960 est
2336 1905 2483 1960 enim
2523 1905 2765 1976 cydarim
2793 1921 2901 1959 non
2941 1904 3161 1959 auferre
3186 1920 3217 1959 e
3252 1904 3454 1974 capite,

1871 1998 2129 2071 videlicet
2150 2014 2261 2053 non
2296 1999 2507 2053 nudare
2557 1998 3134 2069 intelligibilicydare.
3191 1996 3299 2052 Sed
3355 2013 3461 2053 nec

1873 2089 2346 2160 dispensationem
2416 2100 2676 2154 renuant,
2740 2101 2837 2145 aut
2894 2090 3298 2161 blasphement.
3354 2089 3460 2157 Qui

1872 2184 2016 2238 enim
2043 2184 2248 2239 Christi
2273 2185 2737 2256 dispensationem
2761 2185 3164 2254 blasphemant,
3200 2185 3459 2239 sacerdo-

1874 2277 2037 2331 talem
2072 2286 2333 2347 rumpunt
2362 2278 2554 2333 stolam
2587 2294 2601 2330 :
2650 2276 2778 2347 quia
2806 2292 2998 2332 omnes
3028 2276 3246 2347 quidem
3273 2278 3455 2332 homi-

1872 2382 1975 2422 nes
1998 2367 2090 2437 qui
2126 2368 2178 2421 in
2211 2368 2493 2423 Christum
2537 2368 2911 2435 crediderunt,
2946 2368 3119 2422 multo
3140 2369 3311 2439 magis
3359 2385 3461 2423 au-

1877 2470 1983 2516 tem
2024 2462 2336 2515 sacerdotes
2374 2469 2502 2516 sunt
2530 2460 2620 2531 qui
2665 2460 2946 2516 Christum
2988 2460 3331 2515 induerunt:
3382 2462 3460 2516 si-

1873 2554 2093 2624 quidem
2111 2553 2424 2624 quicunque
2452 2554 2507 2607 in
2525 2553 2744 2609 Christo
2775 2553 3032 2623 baptizati
3066 2569 3277 2615 sumus,
3298 2553 3459 2609 Chri-

1875 2655 2018 2700 stum
2051 2645 2349 2711 induimur,
2394 2645 2511 2700 baec
2564 2653 2788 2717 agentes
2820 2645 3154 2711 sacerdotes,
3191 2659 3294 2699 nec
3340 2638 3461 2699 mo-

1874 2740 2103 2803 rientur,
2155 2753 2253 2793 nec
2311 2738 2717 2809 congregationi
2797 2737 3237 2808 superinducunt
3295 2737 3456 2792 iram.

1874 2829 2297 2900 l‘razpositorum
2324 2830 2470 2884 enim
2494 2828 2622 2883 vitia
2670 2826 3057 2883 offcndiculum
3086 2834 3217 2881 sunt
3266 2827 3459 2895 subje-

1874 2924 2000 2987 ctis,
2019 2932 2074 2977 et
2093 2922 2266 2977 multo
2289 2922 2460 2992 magis
2491 2922 2776 2977 doctorum
2811 2921 3097 2990 discipulis
3135 2936 3327 2975 eorum
3363 2918 3460 2973 ira:

1875 3017 1968 3070 Dei
1998 3015 2136 3069 fiunt
2157 3016 2391 3070 occasio.
2424 3013 2655 3084 Propter
2697 3014 2843 3084 quod
2895 3022 2952 3068 et
2984 3029 3203 3067 omnem
3232 3013 3458 3068 domum

1876 3108 2064 3174 Israel,
2104 3123 2324 3163 omnem
2371 3106 2625 3161 videlicet
2682 3104 3002 3171 Ecclesium,
3061 3106 3321 3175 plangere
3371 3105 3459 3159 in-

1875 3195 2126 3249 cendium
2153 3210 2262 3265 quo
2284 3195 2492 3250 incensi
2513 3205 2642 3249 sunt
2671 3209 2703 3248 a
2730 3193 2840 3248 Deo
2861 3195 2976 3248 vult
3004 3212 3016 3247 :
3041 3195 3167 3264 quia
3196 3194 3458 3249 damnum

1877 3287 2135 3343 Ecclesiae
2189 3288 2354 3342 unius
2402 3287 2655 3353 membri,
2716 3294 2771 3341 et
2801 3286 3092 3355 cujuslibet
3145 3301 3306 3341 casus
3351 3294 3456 3349 est,

1877 3389 2081 3452 quanto
2111 3382 2280 3452 magis
2311 3380 2619 3447 doctorum,
2695 3390 2750 3434 et
2776 3380 3119 3433 sacerdotum
3184 3378 3459 3449 perditio?

1878 3474 1955 3529 Ita
1988 3484 2047 3529 ut
2076 3474 2277 3529 Paulus
2307 3474 2374 3529 de
2393 3490 2457 3528 eo
2476 3473 2568 3543 qui
2598 3473 2900 3528 fornicatus
2930 3472 3126 3538 fuerat,
3159 3472 3459 3526 Corinthiis

1879 3565 2082 3619 scribat
2113 3581 2126 3615 :
2160 3564 2229 3618 Et
2250 3581 2338 3619 vos
2372 3565 2549 3634 inﬂati
2585 3564 2730 3630 estis,
2766 3573 2815 3617 et
2872 3579 2977 3616 non
3025 3563 3195 3633 magis
3258 3562 3458 3616 luctum

1877 3656 2135 3710 habuistis
2168 3657 2236 3709 ⁸⁷.
2264 3656 2318 3709 Si
2367 3663 2550 3709 autem
2600 3669 2712 3709 uno
2759 3670 2825 3708 ex
2872 3652 3077 3725 populo
3129 3653 3455 3720 fornicante,

1877 3764 2097 3804 omnem
2152 3748 2448 3803 Ecclesium
2504 3748 2689 3818 lugere
2730 3746 3010 3817 przccepit,
3055 3745 3229 3800 multo
3284 3746 3460 3819 magis

1877 3844 2096 3915 quando
2119 3845 2456 3910 sacerdotes,
2502 3852 2555 3899 et
2601 3846 2855 3900 doctores
2887 3843 3050 3914 impie
3076 3854 3319 3916 agentes,
3372 3845 3459 3900 vel

1878 3937 2324 4006 blasphemantes
2363 3937 2738 3991 inveniuntur.
2768 3936 2865 3992 Bis
2903 3937 2978 3992 ita
3004 3953 3064 3992 se
3102 3938 3456 4003 habentibus,

1878 4030 2008 4085 illud
2030 4030 2198 4100 quaari
2223 4038 2459 4100 oportet,
2488 4029 2760 4099 quomodo
2790 4046 2914 4085 cum
2940 4045 3039 4100 per
3058 4030 3459 4100 praecedentem

1878 4121 2242 4182 sanctionem,
2273 4129 2484 4189 septem
2506 4120 2652 4175 solos
2677 4120 2794 4175 dies
2830 4136 2943 4175 non
2971 4120 3153 4191 egredi
3176 4121 3243 4174 de
3278 4122 3460 4175 taber-

1878 4218 2078 4272 naculo
2112 4216 2409 4272 testimonii
2443 4216 2816 4287 praecepisset,
2871 4217 2957 4272 his
2982 4216 3287 4286 completis,
3343 4218 3462 4272 lucc

1878 4309 2025 4365 enim
2046 4308 2104 4363 in
2128 4316 2317 4362 octava
2348 4306 2437 4361 die
2460 4316 2717 4377 aguntur,
2764 4321 2955 4361 rursus
2975 4306 3054 4359 eis
3077 4306 3286 4375 Moyses
3317 4322 3461 4375 pra:-

1879 4402 2041 4472 cepit,
2075 4401 2143 4456 de
2180 4399 2321 4454 ostio
2353 4398 2685 4453 tabernaculi
2724 4413 2835 4451 non
2886 4398 3110 4468 egredi?
3162 4396 3281 4451 Non
3332 4414 3463 4470 ergo

1880 4492 2153 4549 contraria
2190 4491 2290 4546 sibi
2344 4492 2538 4556 sancit,
2608 4490 2703 4545 sed
2768 4490 3118 4544 manifestum
3182 4500 3265 4544 est
3316 4491 3462 4560 quod

187 4583 489 4652 perfectam
510 4585 773 4641 habentes
809 4587 1116 4648 scientiam,
1148 4587 1460 4640 necessario
1489 4597 1617 4641 sunt
1650 4588 1767 4641 dis-
1801 4589 1847 4648 Ι)
1875 4583 2042 4638 alium
2066 4582 2156 4637 hic
2186 4581 2266 4636 eis
2296 4594 2576 4652 egressum
2639 4580 2763 4633 ostii
2798 4579 3131 4632 tabernaculi
3164 4579 3462 4633 testimonii

188 4674 376 4743 positi.
429 4675 507 4730 De
526 4692 635 4745 quo
687 4676 925 4731 Joannes
954 4675 1189 4731 dicebat.
1239 4675 1417 4731 Omnis
1448 4677 1537 4747 qui
1575 4693 1773 4745 prisce-

189 4767 282 4828 dit,
312 4776 363 4821 et
391 4784 495 4821 non
519 4779 691 4823 manet
713 4770 767 4823 in
788 4770 1026 4823 doctrina
1060 4769 1277 4831 Christi,
1322 4769 1487 4824 Deum
1535 4787 1637 4825 non
1673 4771 1774 4825 ha-

192 4859 286 4913 bet.
330 4858 433 4924 Qui
480 4872 656 4915 manet
691 4863 748 4915 in
775 4863 1035 4926 doctrina,
1059 4860 1142 4914 hic
1165 4872 1211 4915 et
1247 4862 1418 4930 ﬁlium
1468 4873 1516 4916 et
1568 4873 1773 4932 patrem

191 4952 364 5008 habet.
397 4952 457 5009 Si
480 4955 596 5025 quis
624 4957 763 5010 venit
794 4957 863 5009 ad
912 4971 1019 5021 vos,
1068 4964 1117 5010 et
1154 4956 1290 5010 hanc
1319 4957 1617 5011 doctrinam
1671 4973 1772 5011 non

193 5045 398 5115 aﬂ'eret,
426 5048 588 5101 nolite
616 5049 849 5117 recipere
879 5066 998 5102 eum
1022 5050 1074 5102 in
1120 5050 1357 5115 domum,
1389 5066 1481 5103 nec
1500 5050 1548 5103 ei
1573 5052 1773 5105 dixeri-

195 5135 409 5201 tis,Ave
432 5137 500 5192 ⁸⁸.
536 5135 677 5209 Ergo
729 5138 1009 5208 proprium
1056 5147 1142 5194 est
1187 5152 1399 5202 eorum,
1454 5140 1545 5207 qui
1578 5122 1772 5193 edocti

194 5239 314 5283 sunt
349 5231 719 5301 evangelicam
751 5232 1078 5293 doctrinam,
1116 5247 1213 5286 eos
1243 5229 1335 5302 qui
1365 5231 1671 5286 adulterina
1720 5241 1776 5287 et

196 5316 369 5371 aliena
412 5320 732 5388 praedicant,
764 5336 793 5374 a
826 5320 967 5375 facie
1011 5328 1323 5377 sanctorum
1350 5330 1406 5375 et
1437 5320 1773 5375 tabernaculi

195 5412 464 5479 expellere
500 5422 662 5483 atque
695 5414 985 5484 projicere.

268 5502 429 5559 Vens.
459 5505 512 5570 6,
542 5507 592 5561 7.
634 5525 652 5558 ι
692 5506 932 5562 Locutus
958 5516 1044 5562 est
1071 5507 1281 5577 Moyses
1309 5507 1374 5562 ad
1414 5508 1594 5561 Aaron
1621 5517 1676 5563 et
1703 5507 1772 5562 ad

200 5597 438 5666 Eleazar,
465 5608 630 5671 atque
654 5601 723 5656 ad
754 5601 992 5655 Ithamar
1010 5600 1149 5654 filios
1179 5599 1300 5670 ejus
1337 5617 1348 5653 :
1380 5598 1571 5670 Capita
1590 5607 1772 5655 vestra

200 5691 365 5747 nolite
383 5693 592 5749 nudare
615 5702 672 5749 et
705 5693 1026 5750 vestimenta
1052 5692 1223 5748 nolite
1250 5692 1523 5761 scindere,
1541 5709 1610 5749 ne
1626 5693 1771 5749 forte

1881 4674 2143 4748 praecepit
2165 4672 2462 4730 custodire.
2486 4671 2619 4725 Nam
2650 4670 2889 4725 addidit:

1959 4765 2021 4820 Ut
2052 4781 2154 4818 non
2180 4763 2507 4817 moriamini.
2537 4762 2699 4832 Atqui
2719 4763 2834 4817 haec
2868 4777 2979 4816 non
3006 4762 3223 4831 scripsit
3252 4763 3305 4816 in
3363 4779 3459 4818 su-

1880 4860 2189 4930 perioribus
2215 4872 2230 4912 :
2261 4858 2401 4929 Ergo
2428 4858 2800 4912 additamento
2823 4859 3289 4923 comminationis,
3313 4860 3458 4914 aliud

1881 4953 2158 5023 quidpiam
2201 4968 2260 5008 se
2299 4951 2545 5007 sanxisse
2598 4950 2965 5022 significavit:
3026 4951 3151 5020 quia
3206 4953 3351 5006 enim
3402 4964 3462 5007 ut

1882 5044 2062 5116 ignem
2079 5044 2269 5099 alienae
2292 5043 2555 5099 doctrinae
2583 5040 2878 5098 offerentes
2900 5043 3120 5113 quidam
3147 5044 3463 5099 sacerdotes

1873 5137 2175 5208 perierunt.
2208 5137 2345 5192 Aliis
2372 5152 2481 5191 non
2536 5137 2687 5191 exire
2714 5136 2939 5206 januam
2963 5136 3229 5201 scientiae,
3264 5137 3461 5192 videli-

1874 5234 1962 5283 cet
1993 5226 2219 5295 Cbristi,
2247 5236 2303 5283 et
2330 5226 2638 5283 traditionis
2674 5227 2816 5297 ejus,
2868 5242 2967 5297 per
2996 5242 3061 5281 ea
3111 5242 3236 5297 quae
3314 5228 3460 5282 dicta

1874 5328 2003 5377 sunt
2027 5320 2308 5392 praecepit,
2346 5320 2398 5374 id
2422 5328 2505 5374 est
2533 5334 2647 5374 non
2669 5319 2973 5391 transgredi
3006 5335 3125 5374 eam
3161 5335 3324 5388 quam
3346 5320 3462 5390 ipse

1874 5413 2153 5470 mandavit
2218 5413 2685 5484 przedicationem,
2759 5412 2855 5468 sed
2907 5411 3063 5482 sequi
3112 5412 3460 5468 Dominicum

1879 5514 2214 5579 praeceptum
2237 5521 2335 5575 per
2366 5504 2546 5560 omnia
2580 5524 2594 5560 :
2632 5504 2714 5560 sic
2736 5504 2883 5560 enim
2919 5504 3298 5574 unusquisque
3351 5519 3460 5557 non

1876 5600 2159 5657 morietur.
2191 5597 2304 5653 Hoc
2331 5598 2710 5654 sacerdotibus
2740 5599 3021 5668 praecepit,
3043 5598 3243 5667 quibus
3261 5604 3318 5650 ut
3341 5610 3458 5648 ma-

1874 5694 2076 5767 gistris,
2094 5701 2149 5748 et
2169 5691 2616 5763 prazdicatoribus
2662 5691 2816 5747 verbi
2842 5691 3202 5747 ministerium
3224 5704 3289 5746 ex
3317 5688 3466 5745 dono

271 5863 490 5921 "Joan.
528 5881 619 5931 xx,
655 5864 746 5924 28.
825 5868 872 5900 ⁸⁸
902 5865 946 5921 Il
977 5863 1124 5923 Petr.
1157 5865 1302 5932 |,l9.
1379 5866 1425 5898 ⁸⁸
1448 5864 1668 5921 llJoan.
1700 5865 1755 5931 9,
1790 5867 1876 5923 10.
1952 5867 1997 5900 ⁸⁷
2028 5866 2198 5923 lCor.
2237 5883 2291 5931 v,
2314 5864 2371 5918 2.
