3946 6402
612 372 726 438 809
1806 367 2165 428 HESYCHII
2215 368 2692 434 PRESBYTEBI
3769 383 3853 444 9m

611 485 837 558 spiritus
888 485 1154 542 creditum
1205 494 1312 552 est,
1339 483 1408 541 de
1455 499 1566 556 quo
1602 499 1752 539 nunc
1778 483 2058 554 legislator
2085 485 2195 539 ait:
2229 494 2276 550 Α
2303 496 2488 542 autem
2513 497 2732 558 oportet
2779 505 3030 561 quaerere
3057 492 3204 565 quod
3263 507 3389 551 cum
3455 509 3526 550 ea
3590 510 3708 565 quae
3746 499 3855 571 legis

683 579 869 636 Oleum
895 583 1086 652 quippe
1119 589 1314 634 sancta
1364 578 1627 632 unctionis
1660 587 1734 632 est
1762 594 1919 646 super
1946 595 2052 632 vos.
2089 577 2203 631 l-lu-
2307 591 2458 649 sunt,
2483 583 2685 640 docere
2723 585 2866 642 ﬁlios
2887 584 3051 644 Israel
3069 589 3384 645 sacerdotes
3409 592 3695 660 praeepit,
3732 593 3856 647 locu-

606 674 701 744 jus
734 683 918 728 autem
956 673 1231 727 unctionis
1264 671 1550 740 virtutem,
1591 671 1832 726 Joannes
1857 670 2016 726 nobis
2032 687 2202 726 evan-
2307 685 2422 731 tum
2445 691 2566 733 esse
2595 677 2767 734 Deum
2792 695 2892 751 per
2931 681 3175 754 Moysen,
3209 666 3320 737 neu
3361 699 3461 753 per
3490 682 3740 754 linguam,
3781 690 3855 742 sed

614 767 809 838 gelista
842 766 1204 830 demonstrat,
1236 764 1427 820 dicens
1459 781 1472 819 :
1506 764 1574 818 Et
1604 781 1694 819 vos
1719 764 2015 818 unctionem
2043 781 2204 833 quam
2306 782 2408 838 per
2434 783 2657 824 manum
2685 771 2838 826 dicit.
2867 771 2976 828 Aut
3005 773 3232 828 omnino
3268 774 3596 845 dignitatem
3629 775 3750 846 legis
3785 794 3858 831 os-

613 859 890 927 accepistis
923 857 990 911 ab
1019 875 1101 922 eo,
1135 867 1346 911 moneat
1403 859 1462 912 in
1499 857 1660 912 vobis.
1719 857 1788 911 Et
1839 873 1942 910 non
1997 873 2204 910 necesse
2307 860 2536 916 tendere
2569 862 2761 929 voluit,
2789 864 2917 934 quia
2955 867 3210 936 exposuit
3261 867 3485 938 quidem
3540 883 3659 922 eam
3723 868 3853 938 Deus,

610 952 835 1016 habetis,
865 960 920 1005 ut
961 951 1155 1020 aliquis
1200 956 1386 1007 doceat
1431 968 1547 1017 vos,
1587 952 1678 1004 sed
1701 951 1836 1005 sicut
1868 950 2045 1003 unctio
2088 950 2203 1019 ejus
2306 954 2525 1025 scripsit
2554 967 2736 1012 autem
2787 959 3017 1032 Moyses,
3052 961 3270 1033 excepit
3290 978 3419 1018 vero
3453 978 3602 1029 eam,
3629 964 3732 1018 Deo
3763 983 3857 1035 qua:

609 1046 756 1099 docet
781 1061 870 1099 vos
902 1045 966 1097 de
995 1043 1258 1110 omnibus,
1312 1053 1360 1098 et
1389 1061 1567 1098 verum
1603 1052 1698 1110 est,
1749 1053 1796 1098 et
1823 1060 1926 1098 non
1955 1052 2028 1096 est
2057 1058 2204 1096 men-
2304 1045 2568 1116 disposita
2586 1059 2717 1103 sunt
2739 1049 2993 1120 jubente.

609 1138 820 1191 dacium
851 1138 918 1190 ⁸⁸.
950 1136 1078 1190 Haec
1118 1135 1333 1206 Moyses
1378 1152 1478 1206 per
1508 1136 1763 1206 spiritum
1805 1135 2086 1206 praecepit,
2147 1145 2202 1188 et
2384 1131 2758 1194 Veneti-15.
2798 1160 2817 1193 ι
2841 1141 3191 1212 Locutusque
3224 1151 3307 1198 est
3343 1143 3561 1214 Moyses
3577 1144 3644 1198 ad
3685 1146 3856 1208 Aaron,

607 1230 852 1285 Ecclesia
880 1231 1141 1286 custodit.
1171 1231 1315 1303 Ergo
1343 1240 1751 1301 consequenter
1779 1229 2056 1302 legislator
2069 1229 2198 1283 sub-

603 1321 742 1380 didit
773 1341 785 1376 :
828 1321 931 1387 Qui
961 1325 1197 1393 fecerunt
1211 1325 1372 1394 juxta
1405 1334 1727 1395 prwceptum
1753 1323 1943 1392 Moysi.

679 1415 840 1470 Vens.
871 1416 1023 1471 8-ll.
1057 1435 1077 1468 ‹
1120 1416 1267 1471 Dixit
1333 1432 1551 1487 quoque
1587 1415 1850 1471 Dominus
1879 1415 1947 1470 ad
1977 1417 2194 1468 Aaron:

606 1509 808 1565 Vinum
834 1521 888 1565 et
916 1526 1079 1566 onme
1108 1512 1252 1581 quod
1319 1511 1593 1566 inebriare
1630 1512 1828 1581 potest,
1854 1525 1962 1564 non
1995 1507 2197 1564 bibetis

606 1614 662 1658 tu
692 1613 747 1658 et
779 1603 872 1657 ﬁlii
905 1603 1006 1667 tui,
1041 1604 1259 1674 quando
1284 1603 1500 1658 intratis
1530 1604 1585 1657 in
1610 1602 2021 1658 tabernaculum
2051 1601 2196 1656 testi-

605 1694 796 1757 monii,
823 1709 893 1746 ne
922 1693 1254 1758 moriamini,
1280 1693 1408 1763 quia
1442 1702 1773 1762 praeceptum
1801 1691 2192 1762 sempiternum

609 1786 665 1839 in
698 1786 1082 1856 generationes
1114 1794 1348 1850 vestras,
1371 1794 1449 1850 et,
1492 1795 1552 1840 ut
1608 1784 1855 1839 habeatis
1907 1783 2191 1839 scientiam

604 1879 958 1935 discernendi
997 1880 1140 1933 inter
1169 1888 1418 1933 sanctum
1477 1889 1532 1933 et
1593 1878 1907 1948 profanum,
1941 1885 1997 1932 et
2048 1877 2193 1931 inter
2226 1857 2264 1910 Β

600 1972 868 2043 pollutum
905 1983 960 2027 et
983 1975 1265 2039 mundum,
1287 1973 1640 2042 doceatisque
1671 1973 1809 2027 ﬁli0s
1825 1973 1990 2026 Israel
2008 1971 2189 2026 omnia

600 2063 843 2133 legitima
877 2079 1018 2126 mea,
1055 2079 1179 2134 quae
1203 2064 1424 2119 locutus
1461 2073 1546 2118 est
1588 2063 1855 2119 Dominus
1877 2063 1944 2119 ad
1966 2078 2062 2118 eos
2092 2078 2192 2133 per

601 2169 825 2207 manum
853 2154 1046 2224 Moysi.
1089 2173 1108 2205 ι

675 2261 824 2317 Hanc
851 2279 1023 2333 usque
1057 2280 1206 2320 nunc
1254 2265 1429 2337 legem
1463 2265 1516 2319 in
1561 2263 1824 2321 Ecclesiis
1852 2265 2065 2320 invenis
2092 2281 2190 2320 cu-

601 2355 791 2410 stodiri
827 2355 1050 2426 :Neque
1075 2359 1225 2412 enim
1256 2359 1575 2414 omnimodo
1620 2359 1899 2414 abstinere
1966 2376 1996 2414 a
2063 2360 2190 2413 vino

598 2447 876 2516 praecepit,
912 2449 1006 2502 sed
1039 2449 1260 2518 quando
1290 2450 1357 2504 ad
1408 2450 1816 2504 tabernaculum
1868 2450 2186 2515 testimonii,

597 2550 692 2593 aut
726 2541 793 2593 ad
818 2541 989 2594 altare
1015 2541 1387 2609 ascendimus,
1424 2541 1480 2596 id
1526 2551 1610 2597 est
1650 2545 1871 2613 quando
1900 2545 2188 2614 quodcun-

602 2643 710 2698 que
746 2630 1114 2684 ministerium
1168 2631 1434 2686 doctrinae
1495 2633 1740 2688 cmlestis
1796 2636 2181 2707 contingimus.

597 2720 882 2775 lllinisterii
905 2723 1074 2788 enim,
1104 2723 1272 2778 altare
1297 2723 1468 2795 ﬁgura
1505 2736 1589 2779 est
1622 2725 2188 2783 :tabernaculumau-

601 2823 709 2868 tem
748 2816 1072 2880 testimonii,
1135 2817 1441 2872 caelestium
1483 2834 1669 2873 rerum
1718 2823 2184 2888 contreetationis,

600 2906 744 2960 unde
775 2917 830 2960 et
858 2907 1151 2963 Timotheo
1200 2908 1401 2964 Paulus
1465 2911 1757 2966 scribebat.
1793 2913 1918 2967 Vino
1984 2917 2186 2970 modico

597 3009 761 3064 utere,
805 3009 1018 3069 propter
1045 3003 1373 3056 stomachum
1413 3018 1580 3067 tuum,
1649 3015 1697 3059 et
1744 3008 2038 3078 frequentes
2066 3021 2185 3065 tuas

595 3092 936 3162 inﬁrmitates
972 3094 1039 3146 3°.
1071 3093 1172 3160 Qui
1196 3104 1380 3150 autem
1415 3098 1632 3154 modico
1667 3101 1858 3166 utitur,
1899 3102 1989 3157 hic
2039 3111 2181 3159 tem-

2303 1239 2362 1285 et
2393 1231 2462 1284 ad
2492 1233 2739 1302 Eleazar,
2765 1245 2928 1306 atque
2957 1236 3198 1291 Ithamar
3222 1238 3362 1292 ﬁlios
3407 1239 3534 1308 ejus
3560 1238 3652 1308 qui
3686 1241 3855 1294 residui

2307 1335 2468 1381 erant
2504 1343 2519 1381 :
2555 1327 2752 1382 Tollite
2803 1328 3130 1384 sacriﬁcium
3167 1329 3311 1398 quod
3350 1330 3621 1383 remansit
3649 1331 3712 1384 de
3731 1331 3858 1385 obla-

2305 1419 2456 1474 tione
2490 1420 2729 1484 Domini,
2775 1428 2831 1475 et
2860 1421 3130 1476 comedite
3192 1422 3322 1476 illud
3360 1422 3577 1492 absque
3625 1421 3856 1478 fermento

2295 1512 2448 1582 juxta
2479 1513 2671 1580 altare,
2697 1513 2823 1583 quia
2868 1515 3131 1569 Sanctum
3165 1523 3481 1569 sanctorum
3540 1525 3646 1570 est.
3697 1516 3856 1570 Conie-

2303 1605 2444 1660 detis
2477 1614 2660 1659 autent
2691 1606 2748 1660 in
2776 1605 2896 1660 loco
2963 1615 3173 1670 sancto,
3223 1607 3367 1676 quod
3421 1608 3618 1662 datum
3640 1617 3721 1661 est
3759 1611 3851 1674 tibi,

2297 1709 2353 1752 et
2386 1698 2512 1752 ﬁliis
2551 1699 2660 1753 tuis
2694 1699 2763 1753 de
2791 1699 3166 1754 oblationibus
3220 1700 3457 1761 Domini.
3512 1701 3654 1754 sicut
3684 1717 3852 1769 prlece-

2300 1796 2454 1857 ptum
2481 1798 2564 1842 est
2593 1787 2750 1842 mihi.
2773 1786 3157 1843 Pectusculum
3182 1805 3403 1860 quoque
3442 1789 3594 1860 quod
3643 1791 3849 1844 oblatum

2293 1890 2378 1936 est
2399 1892 2456 1936 et
2485 1898 2697 1936 armum
2721 1882 2810 1951 qui
2843 1894 3128 1952 separatus
3160 1895 3264 1947 est,
3298 1885 3476 1940 edetis
3502 1885 3559 1938 in
3592 1884 3852 1939 locon'iun-

2292 1974 2521 2028 dissimo
2547 1984 2602 2028 tu
2633 1982 2690 2027 et
2728 1973 2823 2027 ﬁlii
2855 1975 2952 2039 tui,
2977 1991 3040 2030 ac
3066 1977 3186 2030 ﬁlia:
3203 1985 3310 2030 tuas
3339 1987 3544 2031 tecum.
3579 1975 3698 2031 Tibi
3732 1978 3848 2031 enim

2291 2082 2356 2121 ac
2394 2066 2582 2120 liberis
2615 2066 2725 2121 tuis
2753 2068 2992 2137 reposita
3035 2080 3163 2123 sunt
3191 2071 3258 2124 de
3304 2070 3505 2124 hostiis
3553 2070 3848 2124 salutaribus

2293 2159 2530 2214 ﬁliorum
2567 2158 2753 2224 lsrael,
2780 2176 2846 2215 eo
2873 2163 3021 2230 quod
3073 2178 3310 2228 armum,
3344 2173 3400 2218 et
3432 2173 3649 2233 pectus,
3675 2173 3726 2216 et
3753 2164 3848 2216 adi-

2292 2271 2410 2326 pes,
2438 2255 2528 2326 qui
2559 2265 2874 2309 cremantur
2903 2256 2957 2308 in
2979 2255 3159 2320 altari,
3186 2256 3382 2310 elevati
3408 2257 3527 2310 sint
3553 2272 3728 2310 coram
3754 2257 3840 2308 Do-

2296 2349 2448 2404 mino
2485 2359 2543 2403 et
2572 2349 2889 2419 pertineant
2919 2349 2988 2403 ad
3015 2358 3088 2412 te,
3116 2357 3171 2403 et
3201 2349 3267 2402 ad
3300 2348 3441 2404 ﬁlios
3474 2359 3601 2404 tuos
3621 2350 3730 2420 lege
3745 2366 3845 2418 per-

2288 2451 2472 2512 petua,
2501 2441 2642 2496 sicut
2666 2441 2927 2511 praecepit
2952 2441 3239 2495 Dominus.
3271 2459 3290 2491 ι

2358 2532 2493 2598 Quia
2515 2532 2890 2602 pectusculum
2926 2531 3309 2587 conﬁdentiam
3369 2531 3739 2596 oﬁ‘erentium,
3800 2540 3843 2584 et

2288 2625 2450 2680 ﬁdem
2498 2625 2804 2697 signiﬁcat:
2860 2636 2918 2681 et
2997 2626 3304 2694 brachium,
3354 2628 3640 2697 promissae
3681 2626 3743 2681 ab
3777 2625 3842 2680 eis

2289 2719 2730 2774 conversationis
2763 2719 3058 2782 actionem,
3119 2728 3176 2774 et
3195 2722 3599 2774 correctionem
3632 2735 3644 2770 :
3675 2717 3789 2772 satis
3816 2731 3839 2769 a

2287 2811 2447 2866 nobis
2467 2812 2520 2866 in
2545 2811 2632 2868 his
2661 2827 2784 2881 quae
2811 2812 2882 2877 de
2907 2811 3172 2867 sacriﬁcio
3208 2811 3582 2882 paciﬁcorum,
3609 2825 3696 2865 seu
3719 2809 3838 2864 salu-

2289 2905 2384 2959 tari
2415 2921 2512 2976 per
2534 2917 2716 2976 partes
2763 2907 3006 2961 discussa
3064 2915 3212 2968 sunt,
3269 2906 3698 2960 demonstratum
3754 2912 3836 2955 ρει.

2290 2999 2394 3055 Sed
2418 3000 2772 3070 quamobrem
2803 3001 2984 3053 Aaron
3008 2998 3202 3053 etﬁliis
3231 3000 3369 3068 ejus,
3425 3015 3492 3053 ea
3555 3014 3672 3068 qua:
3714 2995 3833 3049 dicta

2287 3103 2438 3156 sunt,
2469 3092 2771 3162 deputavit,
2802 3092 2914 3146 illic
2940 3092 3086 3145 enim
3110 3099 3166 3144 et
3208 3106 3400 3145 eorum
3459 3088 3836 3145 distinctionem

596 3201 730 3256 pore
760 3185 1053 3240 ministerii
1082 3187 1338 3244 videlicet
1364 3199 1419 3245 et
1459 3190 1742 3256 doctrinm,
1799 3192 1866 3247 ab
1923 3195 2072 3249 omni
2097 3195 2179 3250 vi-
2207 3205 2250 3262 ο
2294 3184 2574 3255 legislator
2603 3185 2875 3253 exposuit,
2913 3184 3059 3253 quod
3083 3183 3136 3237 hi
3165 3183 3385 3252 quidem
3408 3184 3503 3252 qui
3533 3185 3703 3234 Aaron
3729 3186 3833 3231 sunt

592 3278 836 3334 nolentia
872 3287 926 3334 et
972 3279 1237 3335 ebrietate
1274 3297 1333 3337 se
1364 3282 1622 3337 abstinet.
1677 3283 1940 3340 Similiter
1997 3277 2179 3341 autem

595 3381 656 3426 ut
687 3371 1002 3427 sacerdotes
1026 3373 1080 3428 hi
1111 3375 1202 3444 qui
1235 3375 1458 3429 student
1483 3376 1656 3447 legem
1695 3379 2036 3443 custodiunt,
2057 3397 2184 3451 pro-

594 3472 720 3532 pter
749 3463 895 3531 quod
919 3479 1030 3518 non
1063 3466 1239 3518 solmn
1280 3465 1482 3529 Aaron,
1527 3467 1623 3521 sed
1654 3476 1710 3522 et
1745 3468 1868 3524 ﬁliis
1896 3471 2036 3540 ejus,
2085 3488 2181 3526 su-

594 3556 844 3611 blimiora
877 3556 1390 3627 videlicetadeptis,
1435 3560 1750 3615 mandatum
1807 3563 1912 3617 hoc
1934 3565 2175 3620 tradidit.

591 3647 801 3702 Similia
835 3657 1020 3704 autem
1059 3650 1143 3703 bis
1173 3659 1229 3703 et
1248 3649 1449 3706 Paulus
1502 3652 1569 3706 ad
1612 3653 1883 3723 Ephesios
1937 3657 2174 3726 scripsit.

596 3738 776 3794 Nolite
803 3742 1060 3795 inebriari
1089 3742 1231 3805 vino,
1259 3744 1311 3795 in
1340 3761 1441 3813 quo
1492 3754 1566 3798 est
1608 3747 1777 3799 omnis
1801 3747 2038 3809 luxuria,
2089 3751 2179 3802 sed

590 3835 761 3905 magis
795 3835 1091 3904 implemini
1118 3833 1323 3903 Spiritu
1365 3846 1548 3890 sancto
1573 3839 1656 3904 ’°;
1695 3839 1944 3894 hebetem
1975 3840 2176 3910 quippe

587 3927 826 3982 ebrietas
874 3936 1119 3982 mentem
1184 3929 1384 3992 reddit,
1452 3941 1508 3984 et
1552 3931 1903 3996 sobrietatem
1951 3935 2069 4005 ejus
2119 3935 2175 3989 in

588 4019 836 4074 deterius
863 4021 1046 4086 vertit,
1084 4030 1145 4076 ut
1170 4037 1283 4076 non
1329 4022 1704 4094 intelligantur
1739 4041 1860 4094 quae
1918 4037 2171 4098 aguntur,

589 4127 711 4182 qua:
741 4112 1067 4167 testiﬁcatur
1100 4113 1284 4178 Isaias,
1312 4113 1504 4168 dicens
1539 4133 1552 4168 :
1582 4115 1666 4170 Va:
1719 4118 1808 4184 qui
1861 4120 2176 4190 consurgitis

597 4219 755 4257 mane
774 4204 845 4257 ad
877 4204 1179 4276 ebrietatem
1217 4207 1618 4282 sectandamjet
1673 4210 1959 4277 potandum
2015 4227 2174 4281 usque

587 4295 658 4348 ad
721 4311 1010 4363 vesperum,
1059 4308 1115 4348 ut
1153 4299 1272 4348 vino
1353 4300 1600 4352 a'stuetis.
1667 4297 1886 4354 Cithara
1949 4311 1995 4354 et
2033 4301 2168 4371 lyra,

587 4395 637 4440 et
671 4394 1005 4456 tympanum,
1034 4397 1081 4441 et
1102 4388 1254 4453 tibia,
1282 4398 1329 4441 et
1369 4391 1547 4442 vinum
1593 4391 1648 4442 in
1679 4392 1926 4445 conviviis
1964 4395 2167 4459 vestris,

585 4487 634 4532 et
665 4493 790 4548 opus
838 4479 1048 4533 Domini
1109 4497 1212 4533 non
1269 4483 1547 4550 respicitis.
1601 4500 1690 4537 nec
1716 4501 1873 4552 opera
1916 4501 2170 4540 manuum

2287 3277 2404 3342 ﬁlii,
2435 3278 2564 3347 quid
2592 3286 2774 3332 autem
2805 3279 2924 3346 ipse
2956 3279 3136 3330 Aaron
3168 3276 3332 3330 habet
3359 3277 3706 3345 praecipuum.
3754 3271 3832 3324 Sa-

2285 3369 2551 3423 criﬁcium
2577 3369 2722 3423 enim
2761 3371 2904 3439 quod
2937 3369 3198 3424 remansit
3237 3369 3303 3424 de
3331 3370 3628 3433 oblatione,
3653 3369 3753 3422 sive
3775 3365 3830 3418 ab

2287 3463 2624 3518 holocaustis
2676 3462 2913 3526 Domini,
2966 3463 3069 3517 hoc
3098 3463 3256 3528 dixit,
3324 3464 3468 3532 quod
3509 3470 3746 3533 superest
3776 3459 3829 3513 de

2286 3557 2487 3612 simila.
2512 3558 2716 3626 Aperte
2739 3572 2867 3627 ergo
2907 3557 3102 3626 Aquila
3149 3556 3343 3618 edidit,
3377 3555 3608 3611 dicens:
3656 3553 3825 3606 Donum

2284 3651 2423 3721 quod
2441 3649 2699 3718 reliquum
2720 3659 2793 3703 est
2826 3652 2890 3702 de
2918 3650 3201 3719 frumento.
3255 3651 3431 3720 Hujus
3483 3644 3826 3718 interpretatio

2282 3751 2365 3797 est
2395 3761 2407 3796 :
2435 3742 2597 3796 etiam
2632 3743 2736 3796 hoc
2767 3743 2911 3811 quod
2934 3741 3211 3812 legislator
3255 3741 3523 3805 subdidit,
3558 3741 3630 3795 ait
3656 3739 3780 3792 enim
3809 3749 3822 3784 ε

2354 3833 2420 3887 Et
2445 3836 2698 3887 comedite
2716 3835 2911 3903 absque
2926 3836 3179 3902 fermento
3197 3834 3359 3902 juxta
3406 3834 3598 3887 altare.
3641 3830 3816 3896 Ubique

2280 3925 2888 3994 doctrinamtheologiaa
2915 3925 3057 3978 hanc
3097 3924 3368 3994 signiﬁcat
3391 3923 3710 3977 sacriﬁcium
3758 3917 3814 3970 si-

2281 4021 2426 4073 milte
2457 4019 2576 4074 sine
2609 4019 2878 4073 fermento
2898 4027 3327 4087 esse.quantum
3383 4017 3451 4071 ad
3526 4015 3817 4072 exteriorem

2277 4112 2588 4166 doctrinam
2629 4113 2838 4175 volens,
2871 4111 3122 4166 similiter
3165 4111 3331 4165 etiam
3391 4104 3820 4174 ostendens,.quia

2279 4205 2614 4275 participalis
2635 4205 2884 4275 quaedam
2908 4203 3052 4274 apud
3081 4220 3181 4259 nos
3202 4211 3287 4259 est
3317 4204 3586 4275 theologia
3617 4219 3629 4256 :
3656 4202 3702 4254 in
3729 4211 3819 4252 ete-

2280 4297 2347 4352 lis
2375 4299 2580 4368 quippe
2611 4298 2732 4367 ejus
2761 4306 2846 4351 est
2876 4297 3181 4367 plenitudo.
3253 4295 3482 4366 Propter
3547 4294 3682 4367 quod
3738 4291 3820 4343 hoc

2276 4391 2421 4460 quod
2451 4390 2713 4444 remansit
2772 4389 2825 4443 id
2853 4398 2939 4443 est
2969 4390 3073 4442 hoc
3103 4389 3248 4458 quod
3305 4399 3580 4458 superest,
3641 4378 3815 4440 comedi

2276 4483 2555 4551 praecepit,
2587 4491 2647 4536 ut
2668 4482 2922 4537 ostendat
2949 4497 3225 4536 summum
3274 4483 3416 4551 apud
3440 4497 3566 4534 eum
3593 4491 3717 4538 esse,
3747 4481 3816 4526 al-

569 4560 700 4638 'cjus
731 4569 1079 4624 consideratis
1110 4570 1177 4624 ἰ.
1213 4569 1316 4636 Qui
1350 4582 1533 4625 autem
1588 4588 1752 4642 opera
1801 4574 2012 4628 Domini
2060 4591 2168 4629 non
2200 4547 2248 4604 θ
2274 4592 2382 4645 que
2416 4576 2642 4629 servari.
2664 4575 2889 4644 Oportet
2910 4583 3092 4629 autem
3123 4589 3243 4628 eam
3294 4574 3507 4628 comedi
3572 4575 3708 4642 juxta
3754 4565 3812 4616 al-

585 4661 790 4728 vident,
825 4661 1101 4731 quomodo
1127 4662 1372 4717 dividere
1410 4663 1556 4717 inter
1595 4675 1782 4720 sancta
1839 4675 1894 4720 et
1921 4667 2168 4734 profana,

583 4764 677 4807 aut
715 4755 920 4809 munda
956 4765 1012 4809 et
1051 4755 1354 4818 immunda,
1380 4755 1464 4810 vel
1497 4759 1771 4826 quomodo
1792 4761 2169 4824 exhortari,et

596 4845 907 4900 illuminare
929 4847 1188 4916 populum
1239 4847 1305 4902 de
1347 4846 1644 4918 Scripturis
1701 4851 1966 4919 possunt?
2012 4851 2167 4907 Unde

583 4935 687 4989 hoc
717 4938 1033 4991 mandatum
1062 4938 1354 4993 sublimius
1383 4939 1673 4995 ostendere
1696 4943 1947 5011 cupiens,
1983 4945 2162 5014 ipsum

584 5027 689 5080 hoc
713 5027 788 5082 ait
811 5028 1053 5082 loculum
1078 5029 1247 5085 fuisse
1271 5030 1581 5086 Dominum.
1599 5031 1704 5088 Sed
1728 5033 2169 5105 intende,quem-

582 5119 870 5172 admodum
913 5135 1014 5174 nec
1077 5121 1180 5176 hoc
1220 5137 1251 5176 a
1302 5123 1642 5179 districtione
1689 5140 1879 5180 eorum
1935 5143 2058 5198 quas
2108 5129 2163 5184 in

583 5208 910 5266 Pentecoste
941 5221 1060 5267 acta
1093 5224 1242 5279 sunt,
1293 5214 1532 5268 alienum
1563 5217 1653 5270 sit.
1683 5215 1838 5281 Quod
1869 5220 2015 5273 enim
2074 5222 2165 5278 hic

582 5306 977 5376 praecepitnon
1020 5306 1157 5372 ﬁeri,
1202 5305 1406 5360 factum
1457 5323 1581 5363 esse
1619 5311 1947 5378 quibusdam
1984 5315 2164 5384 suspi-

581 5397 855 5461 cantibus,
885 5398 1104 5467 quando
1137 5398 1374 5469 Spiritus
1425 5401 1594 5471 gratia
1624 5402 1866 5468 advenit,
1899 5415 1954 5459 et
1977 5405 2167 5461 dicen-

580 5486 745 5542 tibus.
778 5486 917 5553 Quia
939 5502 1110 5543 musto
1140 5491 1282 5560 pleni
1305 5503 1425 5544 sunt
1454 5495 1528 5558 lii,
1559 5492 1752 5549 Petrus
1807 5504 1868 5550 ut
1920 5498 2168 5567 prohibi-

581 5587 694 5633 tmn
727 5582 969 5649 negavit,
999 5583 1235 5638 dicens:
1284 5585 1403 5640 Non
1421 5587 1556 5640 enim
1605 5586 1740 5640 sicut
1795 5603 1881 5642 vos
1929 5591 2170 5660 suspica-

579 5672 730 5737 mini,
763 5673 816 5727 hi
832 5675 965 5729 ebrii
992 5687 1135 5744 sunt,
1166 5695 1280 5734 cum
1303 5679 1370 5733 sit
1435 5683 1563 5734 hora
1609 5679 1712 5734 diei
1749 5681 1904 5735 tertia
1936 5682 2004 5735 ".
2031 5681 2164 5737 Illud

652 5851 696 5882 “
733 5846 751 5903 1
792 5851 950 5909 Joan.
987 5871 1048 5921 ιι,
1101 5855 1190 5911 ‘27.

1268 5856 1312 5888 ⁸⁵
1344 5854 1531 5929 ΙνΤὶιιι.
1560 5875 1612 5923 v,
1635 5858 1727 5917 ‘25.
1802 5859 1846 5891 ’°
1879 5857 2082 5930 Ephes.
2119 5876 2171 5922 v,
2210 5859 2297 5914 l8.

2274 4680 2408 4731 tare,
2449 4668 2500 4722 id
2524 4677 2608 4722 est
2639 4668 2841 4722 Christi
2868 4683 3090 4735 corpus,
3148 4684 3213 4721 ex
3242 4683 3308 4722 eo
3328 4667 3472 4722 enim
3506 4666 3658 4721 nobis
3684 4662 3810 4716 theo-

2274 4761 2412 4832 logia
2435 4761 2613 4815 omnis
2636 4761 2999 4814 ministratur.

2342 4852 2445 4906 Sed
2475 4854 2612 4922 quod
2638 4853 2893 4905 remansit
2927 4853 2990 4906 de
3010 4853 3187 4906 simila
3217 4853 3396 4907 Aaron
3423 4855 3522 4907 erit
3551 4864 3599 4906 et
3620 4849 3806 4920 ﬁliorum

2273 4946 2406 5013 ejus.
2435 4943 2563 5008 Qua:
2589 4961 2710 4997 vero
2741 4945 2804 4998 de
2832 4944 3109 5014 sacriﬁciis
3144 4946 3487 5015 paciﬁcorum
3507 4947 3613 4998 sive
3639 4938 3804 4995 saluta~

2275 5038 2418 5091 ribus
2451 5047 2574 5123 ῃιηι
2606 5039 2786 5091 Aaron
2810 5047 2858 5092 et
2887 5038 3117 5107 ﬁliorum
3148 5039 3261 5108 ejus
3305 5053 3324 5092 :
3383 5039 3499 5092 sive
3552 5031 3802 5092 secundum

2273 5130 2414 5185 LXX
2441 5121 2486 5185 et
2514 5132 2694 5184 domui
2727 5132 2861 5198 eius,
2905 5132 3072 5185 omnis
3105 5131 3343 5185 uidelicet
3382 5131 3580 5199 populi.
3611 5121 3800 5182 Theolo—

2271 5224 2370 5295 gite
2391 5224 2594 5292 quippe
2620 5223 2842 5277 studere
2867 5236 2978 5276 non
3001 5222 3244 5275 onmium
3267 5229 3370 5284 est,
3395 5221 3488 5276 sed
3514 5218 3798 5275 sublimium.

2270 5325 2326 5370 et
2375 5314 2933 5385 appropinquantium
2993 5313 3242 5377 Domino,
3294 5323 3456 5382 atque
3506 5325 3681 5367 eorum
3728 5303 3798 5370 qul

2268 5414 2575 5474 sequuntur
2596 5403 2893 5459 Christum.
2919 5403 3192 5471 Consequi
3221 5411 3402 5456 autem
3454 5418 3573 5471 qute
3621 5397 3678 5453 ad
3723 5407 3799 5461 pa-

2267 5498 2445 5564 ciﬁca,
2482 5513 2576 5552 seu
2618 5497 2851 5552 salutem
2907 5495 3207 5565 pertinent,
3255 5497 3418 5550 totius
3468 5495 3634 5566 plebis
3681 5492 3793 5543 sunt.

2265 5606 2388 5660 quae
2421 5591 2617 5646 domus
2644 5589 2998 5660 intelligibilis
3036 5588 3333 5643 sacerdotis
3371 5587 3684 5642 nominatur.
3726 5574 3795 5628 Esi

2266 5691 2450 5737 autem
2475 5681 2740 5747 Ecclesia,
2777 5682 2845 5737 de
2871 5697 2977 5751 qua
3009 5689 3065 5736 et
3090 5679 3290 5735 Paulus
3319 5679 3453 5735 dixit
3479 5699 3494 5735 :
3536 5679 3600 5734 In
3641 5681 3792 5741 magum

2377 5860 2417 5890 υι
2444 5858 2582 5914 Psal.
2615 5877 2668 5923 v,
2709 5858 2795 5926 ll,
2825 5859 2913 5916 t2.
2984 5861 3037 5892 αθ·
3065 5859 3184 5915 Act.
3214 5857 3384 5928 ".15-
