4046 6424
146 383 262 449 901

1275 379 1359 441 ΙΝ
1395 375 1834 441 LEVITICUM.
1872 402 1940 414 -
1977 377 2126 439 LIB.
2156 377 2242 440 ΙΙ.

3322 385 3431 450 902

145 504 314 558 domo
342 518 443 558 non
472 509 594 556 sunt
618 499 787 555 solum
815 514 980 552 aurea
1006 514 1156 565 vasa,
1181 506 1230 551 et
1256 507 1529 566 argentea,
1559 495 1648 550 sed
1680 495 1748 549 li-
1775 499 1824 556 Δ
1851 492 2021 547 hostia
2067 495 2135 547 9'.
2191 494 2456 551 Dominus
2507 505 2692 552 autem
2739 495 2910 553 dicit:
2941 495 3107 554 Omne
3157 512 3433 570 peccatum

145 611 292 666 gnea
310 605 358 650 et
375 595 563 666 ﬁctilia
577 593 886 664 ".Propter
896 592 1043 663 quod
1059 605 1167 646 non
1178 590 1511 660 estpmnium
1531 589 1745 644 theolo-

145 689 300 760 giam
323 685 562 756 assequi.

225 779 397 835 Vsus.
432 777 618 833 lii-I8.
675 793 694 828 ι
733 775 884 832 Inter
935 775 1052 831 haec
1101 775 1316 830 hircum
1381 773 1474 844 qui
1529 773 1745 828 oblatus

146 870 348 943 fuerat
367 886 464 942 pro
512 879 759 941 peccato,
806 883 930 922 cum
963 879 1229 938 quaereret
1261 867 1469 938 Moyses
1493 875 1742 921 exustum

151 965 388 1034 reperit.
417 963 696 1032 Iratusque
727 968 920 1016 contra
965 958 1187 1014 Eleazar
1212 972 1269 1014 et
1313 959 1552 1014 Ithamar
1604 958 1744 1014 filios

151 1056 370 1120 Aaron,
404 1055 495 1126 qui
530 1061 908 1109 remanserant
957 1052 1051 1107 ait.
1105 1051 1216 1108 Cur
1267 1069 1378 1106 non
1431 1051 1745 1106 comedistis

149 1149 398 1205 hostiam
437 1163 536 1219 pro
589 1156 816 1218 peccato
850 1146 1055 1200 inloco
1113 1155 1323 1208 sancto,
1382 1161 1502 1214 quae
1547 1143 1745 1199 Sancta

151 1249 480 1294 sanctorum
506 1239 721 1302 dicitur,
756 1247 810 1292 et
831 1237 956 1292 data
989 1245 1074 1292 est
1107 1236 1280 1303 vobis,
1308 1245 1367 1290 ut
1388 1236 1616 1305 portetis
1657 1236 1744 1290 in-

150 1331 449 1402 iquitatem
476 1329 864 1394 multitudinis,
882 1337 937 1384 et
965 1329 1132 1384 oretis
1158 1344 1256 1400 pro
1285 1343 1346 1384 ea
1372 1327 1424 1381 in
1451 1336 1744 1397 conspectu

150 1424 380 1478 Domini
412 1442 426 1477 :
461 1423 760 1494 prmsertim
791 1411 915 1477 cum
941 1421 1008 1477 de
1043 1421 1304 1492 sanguine
1345 1420 1489 1476 illius
1536 1435 1646 1472 non
1677 1419 1748 1474 sit

153 1517 376 1572 illarum
409 1517 548 1571 intra
577 1514 794 1582 Sancta,
823 1524 878 1571 et
903 1516 1189 1571 comedere
1213 1530 1333 1569 eam
1351 1513 1662 1568 debueratis
1691 1512 1747 1566 in

152 1610 496 1674 sanctuario,
525 1610 665 1665 sicut
691 1619 1022 1679 prmccptum
1049 1617 1134 1663 est
1165 1607 1317 1662 mihi.

226 1701 371 1768 Quia
403 1717 566 1757 omne
595 1711 878 1772 peccatum
905 1718 1005 1772 per
1026 1700 1402 1772 pmnitentiam
1432 1699 1665 1764 deletur,
1694 1709 1750 1754 et

153 1792 284 1862 quia
318 1792 374 1846 hi
404 1793 495 1861 qui
533 1793 850 1863 praedictum
899 1802 1181 1862 peccatum
1211 1791 1436 1846 alterius
1465 1791 1746 1858 doctrinae,

1843 585 2132 639 dimittitur
2157 587 2815 660 Itominibus,blasphemia
2836 599 3018 645 autem
3045 607 3228 647 contra
3257 593 3435 662 Spiri-

1849 685 1963 730 tum
1993 693 2097 730 non
2120 678 2437 750 relinquitur
2458 682 2527 751 "_.
2559 680 2674 736 Hoc
2688 682 3020 754 Petrusipso
3050 699 3218 755 opere
3247 696 3434 742 osten-

1843 768 1957 836 dit;
1989 770 2114 839 quia
2147 771 2293 826 enim
2319 773 2564 830 Anauias
2593 785 2650 830 et
2677 774 2948 846 Sapphira
2976 777 3207 849 Spiritui
3237 789 3432 836 sancto

1843 862 2060 917 mentiti
2090 873 2240 931 sunt,
2273 865 2349 918 ait
2368 867 2436 920 ad
2463 882 2560 922 eos
2593 886 2606 922 :
2643 867 2822 933 Quare
2847 873 3064 926 ccecavit
3086 871 3322 928 Satanas
3344 891 3434 928 cor

1842 965 2072 1010 oestrum
2105 959 2316 1011 mentiri
2338 957 2565 1028 Spiritui
2592 964 2819 1017 sancto?
2879 964 3001 1018 Non
3053 967 3177 1021 estis
3224 969 3432 1023 mentiti

1843 1048 2159 1118 hominibus,
2188 1051 2279 1105 sed
2311 1051 2416 1105 Deo
2435 1053 2501 1106 ⁵⁷.
2539 1054 2780 1126 Tempus
2805 1057 2952 1112 enim
2984 1060 3323 1129 poenitentia:
3351 1062 3433 1116 eis

1844 1157 1956 1196 non
1984 1143 2153 1208 dedit,
2176 1144 2356 1200 sciens
2387 1148 2514 1216 quia
2557 1162 2652 1202 cor
2702 1160 2965 1204 caecatum
3017 1151 3072 1205 in
3125 1162 3434 1225 transgres-

1844 1231 2019 1298 sione,
2073 1243 2125 1288 et
2185 1234 2524 1305 blasphemia
2573 1237 2801 1307 spiritus
2852 1241 3435 1314 habentes,pcenitere

1844 1338 1953 1378 non
1987 1334 2330 1394 paterentur.
2363 1327 2490 1383 Mox
2513 1330 2660 1385 enim
2691 1347 2786 1387 eos
2814 1335 3012 1402 poenali
3046 1338 3435 1394 condemnavit

1845 1421 2041 1470 morte.
2075 1417 2150 1472 Ea
2177 1432 2307 1489 ergo
2327 1434 2448 1489 quae
2478 1432 2804 1492 sequuntur,
2851 1426 3024 1497 magis
3068 1436 3338 1495 astruere,
3378 1439 3436 1486 et

1845 1507 2141 1578 explanare
2167 1524 2229 1565 ea
2253 1527 2377 1579 qua:
2409 1528 2559 1568 nunc
2590 1515 2735 1570 dicta
2768 1527 2916 1582 sunt,
2945 1530 3196 1588 possunt.

1919 1598 2079 1664 Vsus,
2119 1603 2207 1668 I9,
2240 1604 2331 1659 20.
2374 1622 2392 1656 ι
2428 1603 2738 1676 Respondit
2765 1606 2946 1663 Aaron
3016 1628 3030 1664 :
3090 1610 3283 1670 Oblata
3349 1630 3436 1672 est

1848 1688 2013 1744 hodie
2040 1690 2258 1748 victima
2290 1709 2388 1763 pro
2413 1704 2638 1764 peccato
2665 1695 2720 1749 in
2751 1696 3072 1753 holocausto
3105 1715 3290 1756 coram
3325 1702 3433 1758 Do-

1847 1782 2033 1849 mino;
2062 1783 2195 1838 mihi
2225 1795 2408 1840 autem
2439 1787 2639 1843 accidit
2660 1788 2806 1857 quod
2833 1788 3003 1844 vides.
3027 1791 3310 1856 Quomodo
3336 1809 3437 1864 po-

155 1892 212 1936 et
245 1883 592 1952 blasphemia
627 1882 1042 1948 commiserunt,
1072 1882 1264 1937 salvati
1295 1899 1406 1938 non
1439 1893 1586 1947 sunt,
1615 1900 1748 1939 cau-
1783 1891 1822 1945 Β
1850 1875 1930 1929 illi
1969 1877 2259 1932 COIlledel‘e
2298 1894 2440 1944 eam.
2474 1888 2570 1934 θυι
2612 1880 2888 1950 (Ιυοιῐὶοάο
2945 1882 3164 1952 Placere
3207 1885 3439 1941 Domino

156 1989 277 2029 sam
305 1974 587 2045 legislator
613 1975 799 2044 hujus,
829 1991 951 2044 quae
971 1975 1052 2030 eis
1083 1975 1201 2030 sine
1232 1976 1606 2032 misericordia
1649 1993 1747 2031 ve-

157 2066 263 2133 nit,
299 2065 500 2121 mortis
525 2065 769 2137 exponit.
799 2065 940 2121 Hinc
968 2065 1268 2120 introducit
1293 2065 1501 2137 Moyses
1533 2067 1745 2121 hircum

157 2177 260 2232 pro
289 2170 539 2231 peccato,
565 2161 906 2232 poenitentia:
939 2161 1193 2215 videlicet
1215 2161 1543 2216 oblationem
1577 2179 1591 2215 :
1623 2162 1748 2232 quia

155 2269 418 2323 quaerens
447 2253 760 2324 exquisivit,
819 2253 963 2309 sicut
1019 2252 1163 2307 LXX
1196 2255 1386 2319 edunt,
1448 2254 1592 2323 quod
1643 2265 1747 2320 est,

154 2344 320 2399 valde
352 2345 622 2414 quaesivit.
649 2343 934 2414 Iratusque
962 2344 1038 2398 ait
1076 2344 1163 2399 his
1221 2345 1312 2415 qui
1368 2346 1543 2400 relicti
1593 2354 1753 2399 erant

155 2430 293 2486 filiis
330 2436 531 2499 Aaron,
563 2433 708 2503 quod
755 2449 865 2488 non
909 2434 1250 2488 comederint
1298 2435 1402 2489 hoc
1455 2434 1600 2504 quod
1652 2449 1752 2504 pro

155 2533 390 2595 peccato
422 2535 541 2580 erat
566 2525 621 2579 in
653 2526 773 2580 loco
801 2533 1012 2589 sancto,
1044 2525 1096 2580 id
1142 2532 1226 2580 est
1250 2542 1350 2596 pro
1375 2541 1442 2581 eo
1467 2526 1611 2596 quod
1640 2542 1756 2596 pce-

155 2617 479 2685 nitentiam,
511 2619 564 2673 in
605 2618 906 2674 Ecclesiam
933 2618 1208 2674 commissi
1240 2620 1448 2689 peccati
1479 2620 1662 2692 peragi
1696 2629 1756 2674 ut

158 2713 505 2779 sacerdotes,
535 2729 646 2767 non
674 2712 912 2768 fecerint
945 2732 958 2767 :
991 2713 1125 2782 ipsis
1148 2713 1294 2767 enim
1319 2714 1606 2785 comedere
1633 2728 1756 2784 qua:

157 2817 263 2873 pro
288 2813 522 2874 peccato
545 2814 692 2869 sunt,
725 2814 780 2859 et
807 2820 966 2860 orare
992 2804 1321 2867 orationem,
1351 2821 1474 2874 quae
1525 2814 1610 2860 est
1658 2821 1756 2875 pro

158 2895 497 2965 poenitentia
526 2897 982 2969 congregationis,
1014 2906 1069 2951 et
1101 2897 1386 2966 acquirere
1420 2907 1753 2968 praeceptum

159 2998 264 3042 est.
309 2989 534 3055 Quare?
562 2988 697 3056 Quia
753 2989 1005 3045 Christus
1041 3005 1134 3044 eos
1164 2989 1216 3043 in
1250 2989 1528 3060 proprium
1578 2992 1756 3046 locum

159 3080 420 3135 ecclesiis
447 3079 755 3135 constituit.
788 3079 908 3149 Ipse
941 3089 1122 3134 autem
1149 3094 1261 3132 suae
1305 3079 1597 3133 oblationis
1628 3095 1755 3134 san-

159 3173 413 3243 guinem,
465 3189 586 3242 quae
644 3188 741 3240 pro
786 3180 975 3227 nostro
1037 3171 1302 3241 sanguine
1348 3171 1525 3224 oblata
1571 3181 1657 3225 est
1701 3170 1754 3224 in

1848 1964 1904 2020 in
1933 1968 2277 2022 caeremoniis
2303 1981 2486 2024 mente
2515 1970 2766 2041 lugubri?
2813 1971 2973 2038 Quod
3021 1990 3150 2030 cum
3194 1976 3440 2033 audisset

1849 2059 2082 2132 Moyses,
2119 2061 2330 2133 recepit
2353 2064 2803 2121 satisfactionem.
2844 2087 2864 2118 ι

1923 2155 2117 2219 Hodie,
2180 2155 2327 2225 quod
2379 2166 2596 2234 tempus
2644 2167 2896 2229 oporteat
2957 2161 3205 2235 intelligi,
3250 2174 3440 2235 aperte

1851 2244 2010 2300 nobis
2038 2245 2236 2303 Paulus
2269 2247 2490 2304 tradidit
2523 2267 2536 2304 τ
2577 2250 2714 2304 Cum
2741 2250 2970 2308 dixisset
3009 2256 3158 2309 enim
3216 2255 3389 2311 David
3423 2276 3438 2312 :

1852 2337 2020 2393 Hodie
2047 2339 2093 2394 si
2119 2357 2293 2396 vocem
2315 2343 2428 2412 ejus
2465 2345 2765 2410 audieritis,
2795 2346 2956 2400 nolite
2985 2348 3247 2404 obdurare
3278 2351 3442 2406 corda

1851 2443 2046 2498 vestra,
2073 2434 2208 2487 sicut
2238 2435 2295 2488 in
2313 2437 2786 2492 exacerbatione”.
2815 2439 2882 2493 Et
2908 2439 3275 2511 interpretans
3305 2443 3442 2513 ipse,

1853 2528 1976 2598 quia
2007 2530 2074 2584 de
2103 2531 2360 2601 praesenti
2388 2531 2608 2602 quidem
2643 2541 2888 2603 tempore
2917 2535 3258 2605 usurpative,
3313 2552 3446 2606 pro-

1853 2620 1973 2690 prie
2009 2637 2138 2678 vero
2168 2623 2235 2677 de
2265 2625 2513 2693 tempore
2543 2623 2686 2693 quod
2716 2632 2842 2693 post
2879 2625 3174 2681 adventum
3227 2625 3445 2681 Domini

1855 2723 1961 2779 est,
1995 2715 2286 2784 oportebat
2309 2715 2535 2788 intelligi
2567 2717 2714 2786 quod
2750 2717 2961 2772 dictum
2991 2726 3078 2774 est
3115 2737 3129 2774 :
3162 2719 3287 2775 vide
3313 2719 3443 2790 quid

1855 2802 2121 2857 subdidit.
2195 2803 2466 2870 Quoniam
2525 2821 2655 2876 ergo
2705 2816 2960 2877 superest
3034 2808 3303 2878 quosdam
3356 2809 3446 2864 in-

1856 2895 2103 2951 troirein
2139 2912 2282 2962 eam,
2307 2908 2362 2953 et
2403 2899 2459 2952 hi
2497 2900 2698 2969 quibus
2743 2900 3022 2970 prioribus
3059 2903 3448 2958 annuntiatum

1858 2996 1965 3055 est,
2001 3004 2112 3044 non
2135 2989 2470 3046 introierunt
2506 3000 2732 3063 propter
2764 2993 3224 3058 incredulitatem,
3249 2995 3448 3050 iterum

1857 3078 2116 3133 terminat
2146 3079 2292 3134 diem
2323 3082 2638 3151 quamdam,
2671 3083 2833 3138 hodie
2869 3083 2924 3137 in
2967 3083 3137 3150 David
3193 3085 3448 3151 dicendo,

1858 3173 1983 3233 post
2015 3173 2226 3220 tantum
2253 3169 2535 3238 temporis,
2567 3170 2709 3225 sicut
2739 3187 2904 3242 supra
2950 3173 3156 3228 dictum
3207 3183 3311 3240 est,
3365 3174 3452 3230 di-

161 3263 455 3330 Sanctum,
491 3267 637 3319 intus
669 3265 918 3320 videlicet
952 3264 1006 3318 in
1038 3264 1317 3320 caelestem
1348 3265 1754 3330 habitationem,
1785 3249 1828 3306 (ἶ
1862 3271 2027 3311 οεηει
2061 3256 2230 3312 "odia
2266 3260 2311 3313 si
2338 3277 2512 3314 vocem
2545 3261 2659 3330 ejus
2681 3256 2980 3325 audieritis,
3005 3265 3166 3319 nolite
3189 3265 3451 3319 obdurare

159 3357 216 3410 in
253 3367 565 3425 conspectu
597 3356 776 3412 Patris
812 3356 895 3410 sui
924 3357 1140 3411 obtulit.
1176 3358 1242 3410 Et
1300 3356 1352 3410 in
1388 3357 1507 3410 loco
1545 3365 1754 3423 sancto,

159 3435 405 3502 dicimus
437 3457 617 3503 autem
649 3448 937 3503 ecclesiam
971 3449 1182 3503 comedi
1239 3448 1345 3503 hoc
1402 3448 1756 3514 sacriﬁcium,

159 3540 230 3595 ad
276 3539 712 3604 remissionem,
780 3549 836 3594 et
898 3539 1338 3610 propitiationem
1401 3549 1750 3609 peccatorum

160 3631 454 3702 praecepit.
477 3631 709 3700 Propter
743 3631 886 3700 quod
909 3632 980 3684 ait
1006 3629 1215 3700 Moyses
1246 3649 1258 3685 :

232 3723 700 3790 Quemadmodum
731 3732 1049 3792 prwceptum
1078 3732 1153 3775 est
1177 3723 1325 3776 mihi.
1349 3722 1402 3778 Id
1427 3733 1530 3786 est,
1562 3740 1759 3794 quem-

162 3817 464 3872 admodum
539 3815 790 3886 praacepi
850 3824 904 3869 et
975 3815 1226 3870 mandavi
1287 3834 1300 3870 :
1354 3815 1554 3871 Christi
1615 3819 1759 3871 enim

163 3928 362 3984 gerere
391 3927 680 3982 personam
726 3911 890 3966 etiam
952 3911 1171 3982 Moysen
1217 3911 1475 3967 diximus.
1532 3913 1762 3982 Inquirit

163 4013 356 4056 autem
388 4017 497 4055 non
529 4001 808 4070 ignorans,
866 4016 993 4054 nam
1027 4002 1302 4070 quomodo
1353 4002 1407 4054 in
1451 4002 1761 4071 praeceden-

166 4097 319 4151 tibus
370 4111 590 4150 causam
649 4095 875 4159 addidit,
941 4109 1064 4147 eum
1108 4094 1336 4148 dixisset
1361 4095 1515 4149 enim
1548 4094 1759 4148 hircum

164 4204 267 4257 pro
296 4197 529 4258 peccato
560 4201 812 4258 quaerens
842 4187 1138 4257 exquisivit
1184 4186 1418 4260 Moyses,
1463 4188 1604 4242 illico
1631 4188 1762 4243 sub-

164 4281 309 4337 didit
351 4300 365 4335 :

235 4374 312 4428 Et
344 4374 430 4427 ltic
459 4374 698 4428 incensus
729 4382 846 4427 erat
879 4390 897 4427 :
925 4373 1030 4427 sive
1061 4383 1299 4427 exustum
1322 4376 1530 4443 reperit.
1564 4375 1763 4430 Ostenv

165 4469 330 4534 dens,
369 4479 428 4524 ut
456 4469 584 4538 quia
619 4469 843 4522 alterius
874 4467 1137 4522 doctrinae
1163 4477 1472 4538 peccatum,
1506 4470 1764 4539 blasphe-

165 4563 276 4617 mia
337 4573 422 4617 est
470 4563 526 4616 in
575 4570 824 4616 sanctum
885 4561 1174 4630 Spiritum,
1218 4571 1442 4632 propter
1471 4562 1614 4632 quod
1647 4562 1764 4617 Ste-

166 4655 390 4724 phanus
417 4655 669 4709 doctores
689 4653 1025 4715 Judazorum,
1048 4662 1107 4707 ut
1131 4654 1548 4723 praevaricantes
1567 4655 1761 4725 legem,

168 4753 223 4799 et
254 4745 668 4810 inobedientes,
719 4744 812 4798 sed
840 4744 992 4798 durae
1021 4743 1272 4810 cervicis,
1311 4753 1366 4798 et
1417 4743 1534 4807 duri
1585 4744 1764 4798 cordis

169 4838 437 4909 appellat,
470 4847 528 4894 ut
550 4846 732 4892 autem
761 4837 902 4892 male
947 4836 1436 4908 interpretantibus
1478 4839 1674 4910 legem,
1707 4847 1764 4893 et

168 4933 475 5002 prophetas
506 4931 722 4987 dicebat
758 4949 771 4985 ε
809 4931 900 4985 Vos
947 4948 1152 5000 semper
1183 4920 1620 5003 sancto-Spiritui
1674 4950 1762 4987 re-

169 5025 385 5079 stitistis
403 5024 469 5088 ³⁵,
490 5026 797 5080 necessarie
819 5025 900 5104 eis
919 5027 988 5080 ab
1007 5024 1331 5095 intelligibili
1351 5025 1493 5096 igne,
1515 5026 1765 5082 videlicet

169 5118 426 5187 spiritus,
462 5133 562 5188 pro
594 5117 916 5188 poenitentia
955 5117 1159 5173 oblatio
1203 5118 1380 5172 ablata
1414 5127 1517 5183 est,
1547 5111 1603 5174 et
1636 5135 1764 5190 pro-

169 5223 364 5283 pterea
421 5227 521 5282 pro
554 5221 782 5282 peccato
833 5213 1021 5268 hircus
1075 5225 1300 5272 exustus
1347 5214 1565 5269 dicitur.
1627 5213 1763 5282 Quia

169 5303 437 5368 scientes,
462 5313 518 5359 et
545 5303 846 5358 voluntarie
877 5314 1188 5374 peccantes,
1223 5305 1324 5361 etsi
1349 5322 1408 5362 se
1430 5306 1620 5361 dicunt
1648 5322 1764 5377 pa:-

169 5394 394 5448 nitere:
424 5409 535 5447 non
569 5395 840 5464 pmnitent
871 5410 1028 5465 pure,
1089 5396 1428 5467 blaSphemia
1470 5397 1615 5452 enim
1671 5412 1767 5453 cor

170 5501 366 5540 eorum
388 5494 650 5541 caecatum
672 5496 774 5543 est.
797 5487 1024 5558 Propter
1053 5489 1196 5558 quod
1219 5499 1274 5544 et
1292 5489 1489 5545 Paulus
1509 5491 1721 5546 dicebat
1747 5509 1762 5546 :

185 5575 500 5632 Voluntarie
539 5580 676 5633 enim
729 5581 1064 5648 peccantibus
1097 5581 1267 5635 nobis
1303 5591 1418 5651 post
1466 5593 1764 5654 susceptam

173 5670 529 5740 cognitionem
546 5670 803 5736 ueritatis,
824 5669 945 5740 jam
973 5687 1074 5725 non
1095 5687 1190 5742 pro
1214 5683 1424 5741 peccato
1452 5673 1767 5744 relinquitur

247 5805 298 5838 ”
337 5807 377 5858 ll
410 5805 554 5860 Tim.
587 5823 646 5867 ιι,
687 5805 778 5864 20.
855 5809 903 5841 ’⁵
930 5809 1054 5865 Act.
1090 5826 1186 5875 vtt,
1238 5811 1327 5866 51.

175 5876 222 5908 ’⁸
255 5875 416 5931 Joan.
470 5894 560 5942 xv,
586 5880 678 5933 22.

1404 5813 1449 5846 ³³
1485 5811 1650 5868 llebr.
1673 5829 1728 5881 ς,
1761 5811 1852 5867 26.
1927 5812 1974 5846 ⁸⁸
2001 5813 2188 5870 Matth.
2219 5829 2316 5883 ιιι,
2350 5811 2440 5868 51.

1862 3349 2025 3402 corda
2053 3359 2244 3403 vestra.
2270 3351 2324 3404 Si
2352 3352 2499 3406 enim
2535 3353 2793 3408 eichsus
2823 3357 3066 3425 requiem
3088 3358 3448 3427 praestitisset,

1859 3457 2138 3512 nunquam
2162 3443 2228 3497 de
2256 3444 2364 3498 alio
2418 3445 2751 3515 loqueretur.
2803 3447 2934 3502 Post
2963 3449 3105 3504 hanc
3143 3451 3286 3504 diem
3317 3466 3449 3522 ergo

1864 3533 1949 3588 his
1983 3550 2105 3604 quae
2129 3536 2387 3604 praedicta
2417 3546 2544 3592 sunt
2571 3539 2898 3606 ostenditur,
2930 3542 3061 3610 quia
3090 3553 3280 3613 aperte
3309 3552 3452 3598 tem-

1859 3643 1963 3698 pus
1990 3637 2113 3698 post
2159 3628 2459 3684 adventum
2491 3630 2786 3688 Salvatoris
2813 3633 3103 3704 signiﬁcat,
3140 3636 3195 3691 in
3218 3651 3327 3705 quo
3367 3637 3454 3691 in-

1863 3717 2156 3789 telligibilis
2188 3718 2412 3776 Sabbati
2436 3722 2757 3778 hominibus
2780 3727 2998 3794 requies
3026 3727 3319 3796 praedicata
3346 3738 3450 3783 est.

1864 3807 1977 3865 Iloc
2005 3827 2134 3884 ergo
2162 3813 2345 3870 Aaron
2374 3831 2439 3870 ex
2467 3832 2703 3886 persona
2725 3818 2908 3874 dicere
2924 3818 3201 3886 Ecclesiae,
3224 3830 3284 3877 ut
3313 3823 3454 3894 ligu-

1864 3920 1977 3958 ratn
2011 3921 2206 3976 gerens
2244 3923 2354 3962 non
2381 3908 2560 3963 solum
2589 3910 2814 3975 Christi,
2843 3914 2938 3968 sed
2975 3924 3032 3969 et
3059 3915 3317 3978 Ecclesia:
3372 3918 3455 3972 vi-

1865 3995 2046 4062 detur,
2079 4005 2139 4051 ut
2187 3998 2312 4066 quia
2351 3998 2517 4053 hodie
2569 4000 2886 4055 obtulerunt
2918 4018 3040 4072 quae
3071 4017 3170 4072 pro
3229 4012 3456 4074 peccato

1865 4101 1965 4141 suo
1993 4099 2140 4153 sunt,
2172 4098 2222 4143 ct
2252 4088 2572 4146 holocausta
2621 4109 2740 4158 sua,
2775 4095 2828 4152 id
2865 4104 2967 4155 est.
3005 4099 3133 4165 quia
3187 4108 3312 4167 post
3356 4100 3455 4153 ad-

1868 4186 2092 4234 ventum
2117 4180 2420 4237 Salvatoris
2444 4185 2691 4254 deputati
2719 4197 2848 4241 sunt
2877 4187 3210 4252 ministrare,
3264 4203 3320 4245 et
3369 4192 3456 4246 oi-

1866 4271 2010 4327 ferrc
2046 4289 2143 4343 pro
2164 4275 2512 4344 poenitentia,
2537 4287 2594 4332 et
2620 4278 3060 4349 philosophicam
3093 4284 3255 4337 vitam
3283 4300 3455 4355 expo-

1866 4381 2022 4432 nere,
2048 4367 2152 4420 alia
2182 4368 2443 4424 docentes
2469 4371 2789 4440 reprehensi
2821 4382 2971 4439 sunt,
3003 4385 3056 4429 et
3084 4375 3207 4429 talia
3268 4377 3323 4430 in
3377 4378 3458 4432 eis

1867 4457 2128 4514 Ecclesiae
2160 4461 2499 4527 acciderunt,
2525 4471 2586 4516 ut
2614 4467 2961 4520 sacerdotum
2986 4477 3041 4522 ct
3073 4470 3457 4541 magistrorum

1796 4594 1838 4648 Β
1869 4551 2080 4623 lugeret
2118 4568 2186 4606 ex
2212 4553 2550 4623 blasphemia
2600 4557 2954 4612 accedentem
3001 4569 3254 4627 mortem,
3309 4573 3458 4617 recte
3491 4559 3502 4568 '

1871 4645 2160 4701 comedere
2208 4647 2369 4702 hodie
2398 4665 2499 4719 pro
2550 4659 2773 4719 peccato
2813 4666 2924 4705 non
2961 4652 3154 4721 potuit,
3191 4670 3294 4709 nec
3335 4671 3460 4710 ora-

1873 4737 2078 4792 tionem
2115 4738 2310 4809 adepla
2345 4742 2798 4812 estpmnitentia,
2858 4744 2984 4813 quia
3047 4744 3300 4802 videlicet
3347 4749 3458 4804 Do-

1870 4830 2020 4884 mino
2059 4830 2279 4886 Christo
2328 4832 2670 4902 displicebat.
2719 4834 2974 4890 Subdidit
3016 4845 3222 4902 autem,
3274 4840 3454 4907 hodie,

1872 4931 1933 4977 ut
1958 4925 2294 4988 ostenderet,
2325 4925 2452 4994 quia
2473 4926 2517 4980 si
2545 4936 2673 4980 ante
2723 4929 3107 4985 remissionem
3160 4929 3461 4988 Salvatoris

1872 5015 1978 5071 hoc
2009 5027 2344 5086 peccassent,
2376 5016 2604 5072 forsitan
2628 5028 2683 5074 et
2709 5019 3104 5089 ignosceretur,
3139 5032 3196 5077 ut
3225 5025 3458 5078 necdum

1871 5109 2111 5181 perfecta
2141 5110 2312 5166 eﬂ‘usa
2345 5111 2591 5177 scientia,
2653 5113 2795 5168 unde
2821 5123 2875 5168 et
2930 5113 3190 5172 Dominus
3219 5118 3295 5172 ait
3343 5137 3356 5173 :
3401 5117 3460 5174 Si

1873 5219 1975 5256 non
2009 5204 2280 5269 venissem,
2329 5216 2376 5259 et
2407 5205 2608 5260 locutus
2650 5207 2724 5260 eis
2757 5207 2992 5277 fuissent,
3043 5220 3316 5280 peccatum
3358 5229 3461 5267 non

1874 5297 2177 5352 habuissent
2205 5317 2216 5351 :
2263 5315 2400 5352 nunc
2425 5311 2606 5353 autem
2627 5301 3018 5356 excusationem
3049 5319 3153 5357 non
3182 5305 3373 5358 habent
3398 5307 3462 5360 de

1873 5401 2086 5459 peccato
2115 5390 2294 5454 suo”,
2327 5391 2381 5446 id
2427 5400 2511 5444 est
2539 5390 2992 5447 satisfactionem.
3033 5393 3155 5449 llaec
3176 5409 3304 5464 ergo
3338 5411 3461 5450 cum

1873 5483 2114 5538 audisset
2139 5483 2494 5555 iutclligibilis
2515 5483 2744 5554 Moyses,
2778 5485 2981 5553 placuit
3007 5487 3079 5552 ei,
3120 5486 3246 5555 quia
3272 5486 3462 5542 Eccle-

1873 5576 2006 5631 siam
2031 5576 2241 5631 invenit
2262 5592 2418 5632 suam
2449 5577 2754 5632 doctrinam
2772 5579 3198 5636 custodientem.
3223 5580 3377 5646 Quod
3408 5590 3464 5637 et

1874 5686 1978 5727 nos
2001 5671 2262 5736 scientes,
2279 5670 2349 5726 ab
2364 5671 2514 5726 omni
2545 5671 2770 5742 quidem
2797 5671 2903 5727 alia
2929 5672 3200 5740 doctrina,
3226 5683 3283 5729 et
3316 5674 3460 5730 blas-

2517 5813 2562 5847 ⁹⁷
2596 5811 2720 5870 Act.
2752 5826 2806 5878 ν,
2833 5812 2890 5870 4.
2984 5814 3029 5846 ³⁸
3043 5815 3188 5872 Psal.
3222 5830 3363 5883 xciv,
3403 5815 3458 5874 8.
