  <div class='ocr_page' id='page_1' title='image "/cluster/home/n/w/nwhite01/storage/ocr_20150623/93/hvd.32044019208040/459.png"; bbox 0 0 4046 6408; ppageno 0'>
   <div class='ocr_carea' id='block_1_1' title="bbox 642 377 750 449">
    <p class='ocr_par' dir='ltr' id='par_1_1' title="bbox 642 377 750 449">
     <span class='ocr_line' id='line_1_1' title="bbox 642 377 750 449; baseline -0.009 0"><span class='ocrx_word' id='word_1_1' title='bbox 642 377 750 449; x_wconf 79' lang='grc'><strong>903</strong></span> 
     </span>
    </p>
   </div>
   <div class='ocr_carea' id='block_1_2' title="bbox 1838 376 2719 441">
    <p class='ocr_par' dir='ltr' id='par_1_2' title="bbox 1838 376 2719 441">
     <span class='ocr_line' id='line_1_2' title="bbox 1838 376 2719 441; baseline 0 -1"><span class='ocrx_word' id='word_1_2' title='bbox 1838 376 2201 441; x_wconf 84' lang='lat' dir='ltr'><strong>HESYCHII</strong></span> <span class='ocrx_word' id='word_1_3' title='bbox 2241 377 2719 440; x_wconf 72' lang='lat' dir='ltr'><strong>PRESBYTER!</strong></span> 
     </span>
    </p>
   </div>
   <div class='ocr_carea' id='block_1_3' title="bbox 3774 381 3852 443">
    <p class='ocr_par' dir='ltr' id='par_1_3' title="bbox 3774 381 3852 443">
     <span class='ocr_line' id='line_1_3' title="bbox 3774 381 3852 443; baseline 0.013 -1"><span class='ocrx_word' id='word_1_4' title='bbox 3774 381 3852 443; x_wconf 69' lang='lat' dir='ltr'><strong>9M</strong></span> 
     </span>
    </p>
   </div>
   <div class='ocr_carea' id='block_1_4' title="bbox 644 491 3855 570">
    <p class='ocr_par' dir='ltr' id='par_1_4' title="bbox 644 491 3855 570">
     <span class='ocr_line' id='line_1_4' title="bbox 644 491 3855 570; baseline -0.001 -16"><span class='ocrx_word' id='word_1_5' title='bbox 644 498 861 570; x_wconf 82' lang='lat' dir='ltr'><strong>phemia</strong></span> <span class='ocrx_word' id='word_1_6' title='bbox 911 496 1305 553; x_wconf 73' lang='lat' dir='ltr'><strong>abstineamus.</strong></span> <span class='ocrx_word' id='word_1_7' title='bbox 1362 492 1741 549; x_wconf 87' lang='lat' dir='ltr'><strong>Gloriﬁcemus</strong></span> <span class='ocrx_word' id='word_1_8' title='bbox 1788 503 1973 548; x_wconf 88' lang='lat' dir='ltr'><strong>autem</strong></span> <span class='ocrx_word' id='word_1_9' title='bbox 2045 494 2220 548; x_wconf 85' lang='lat' dir='ltr'><strong>solum</strong></span> <span class='ocrx_word' id='word_1_10' title='bbox 2252 503 2296 559; x_wconf 82' lang='grc' dir='ltr'><strong>Α</strong></span> <span class='ocrx_word' id='word_1_11' title='bbox 2328 494 2569 565; x_wconf 76' lang='lat' dir='ltr'><strong>Spiritus</strong></span> <span class='ocrx_word' id='word_1_12' title='bbox 2592 492 2787 559; x_wconf 88' lang='lat' dir='ltr'><strong>sancti,</strong></span> <span class='ocrx_word' id='word_1_13' title='bbox 2812 506 2961 547; x_wconf 87' lang='lat' dir='ltr'><strong>nunc</strong></span> <span class='ocrx_word' id='word_1_14' title='bbox 2987 501 3045 548; x_wconf 91' lang='lat' dir='ltr'><strong>et</strong></span> <span class='ocrx_word' id='word_1_15' title='bbox 3066 505 3306 563; x_wconf 84' lang='lat' dir='ltr'><strong>semper.</strong></span> <span class='ocrx_word' id='word_1_16' title='bbox 3338 503 3393 548; x_wconf 92' lang='lat' dir='ltr'><strong>et</strong></span> <span class='ocrx_word' id='word_1_17' title='bbox 3424 491 3481 547; x_wconf 92' lang='lat' dir='ltr'><strong>in</strong></span> <span class='ocrx_word' id='word_1_18' title='bbox 3512 494 3698 548; x_wconf 63' lang='lat' dir='ltr'><strong>saecula</strong></span> <span class='ocrx_word' id='word_1_19' title='bbox 3720 511 3855 555; x_wconf 65' lang='lat' dir='ltr'><strong>sam.</strong></span> 
     </span>
    </p>
   </div>
   <div class='ocr_carea' id='block_1_5' title="bbox 642 586 2225 655">
    <p class='ocr_par' dir='ltr' id='par_1_5' title="bbox 642 586 2225 655">
     <span class='ocr_line' id='line_1_5' title="bbox 642 586 2225 655; baseline -0.005 -6"><span class='ocrx_word' id='word_1_20' title='bbox 642 593 920 649; x_wconf 89' lang='lat' dir='ltr'><strong>viventem</strong></span> <span class='ocrx_word' id='word_1_21' title='bbox 940 606 1130 646; x_wconf 89' lang='lat' dir='ltr'><strong>verum</strong></span> <span class='ocrx_word' id='word_1_22' title='bbox 1168 592 1357 653; x_wconf 72' lang='lat' dir='ltr'><strong>lieum,</strong></span> <span class='ocrx_word' id='word_1_23' title='bbox 1386 598 1439 644; x_wconf 90' lang='lat' dir='ltr'><strong>et</strong></span> <span class='ocrx_word' id='word_1_24' title='bbox 1466 602 1665 643; x_wconf 81' lang='lat' dir='ltr'><strong>nomen</strong></span> <span class='ocrx_word' id='word_1_25' title='bbox 1688 586 1884 653; x_wconf 86' lang='lat' dir='ltr'><strong>Patris,</strong></span> <span class='ocrx_word' id='word_1_26' title='bbox 1918 596 1973 643; x_wconf 89' lang='lat' dir='ltr'><strong>et</strong></span> <span class='ocrx_word' id='word_1_27' title='bbox 1994 586 2135 655; x_wconf 85' lang='lat' dir='ltr'><strong>Filii,</strong></span> <span class='ocrx_word' id='word_1_28' title='bbox 2168 595 2225 642; x_wconf 91' lang='lat' dir='ltr'><strong>et</strong></span> 
     </span>
    </p>
   </div>
   <div class='ocr_carea' id='block_1_6' title="bbox 2330 586 2755 643">
    <p class='ocr_par' dir='ltr' id='par_1_6' title="bbox 2330 586 2755 643">
     <span class='ocr_line' id='line_1_6' title="bbox 2330 586 2755 643; baseline -0.005 -1"><span class='ocrx_word' id='word_1_29' title='bbox 2330 588 2530 643; x_wconf 93' lang='lat' dir='ltr'><strong>lorum.</strong></span> <span class='ocrx_word' id='word_1_30' title='bbox 2562 586 2755 641; x_wconf 79' lang='lat' dir='ltr'><strong>Amen.</strong></span> 
     </span>
    </p>
   </div>
   <div class='ocr_carea' id='block_1_7' title="bbox 1715 954 2895 1083">
    <p class='ocr_par' dir='ltr' id='par_1_7' title="bbox 1715 954 2895 1083">
     <span class='ocr_line' id='line_1_7' title="bbox 1715 954 2895 1083; baseline 0.001 -38"><span class='ocrx_word' id='word_1_31' title='bbox 1715 954 2152 1047; x_wconf 79' lang='lat' dir='ltr'><strong>LIBER</strong></span> <span class='ocrx_word' id='word_1_32' title='bbox 2219 956 2895 1083; x_wconf 80' lang='lat' dir='ltr'><strong>TERTIUS.</strong></span> 
     </span>
    </p>
   </div>
   <div class='ocr_carea' id='block_1_8' title="bbox 2227 1167 2296 1182">
    <p class='ocr_par' dir='ltr' id='par_1_8' title="bbox 2227 1167 2296 1182">
     <span class='ocr_line' id='line_1_8' title="bbox 2227 1167 2296 1182; baseline 0 0"><span class='ocrx_word' id='word_1_33' title='bbox 2227 1167 2296 1182; x_wconf 51' lang='lat'><strong>.—</strong></span> 
     </span>
    </p>
   </div>
   <div class='ocr_carea' id='block_1_9' title="bbox 1210 1328 1666 1391">
    <p class='ocr_par' dir='ltr' id='par_1_9' title="bbox 1210 1328 1666 1391">
     <span class='ocr_line' id='line_1_9' title="bbox 1210 1328 1666 1391; baseline -0.007 0"><span class='ocrx_word' id='word_1_34' title='bbox 1210 1328 1666 1391; x_wconf 73' lang='lat' dir='ltr'><strong>PRZEFATIO.</strong></span> 
     </span>
    </p>
   </div>
   <div class='ocr_carea' id='block_1_10' title="bbox 714 1426 2226 1493">
    <p class='ocr_par' dir='ltr' id='par_1_10' title="bbox 714 1426 2226 1493">
     <span class='ocr_line' id='line_1_10' title="bbox 714 1426 2226 1493; baseline -0.004 -12"><span class='ocrx_word' id='word_1_35' title='bbox 714 1426 1179 1493; x_wconf 88' lang='lat' dir='ltr'><strong>Quemadmodum</strong></span> <span class='ocrx_word' id='word_1_36' title='bbox 1211 1427 1356 1482; x_wconf 83' lang='lat' dir='ltr'><strong>Deus</strong></span> <span class='ocrx_word' id='word_1_37' title='bbox 1386 1442 1497 1481; x_wconf 91' lang='lat' dir='ltr'><strong>non</strong></span> <span class='ocrx_word' id='word_1_38' title='bbox 1540 1426 1742 1481; x_wconf 81' lang='lat' dir='ltr'><strong>frustra</strong></span> <span class='ocrx_word' id='word_1_39' title='bbox 1795 1434 2099 1480; x_wconf 83' lang='lat' dir='ltr'><strong>creaturam</strong></span> <span class='ocrx_word' id='word_1_40' title='bbox 2130 1438 2226 1476; x_wconf 87' lang='lat' dir='ltr'><strong>va-</strong></span> 
     </span>
    </p>
   </div>
   <div class='ocr_carea' id='block_1_11' title="bbox 644 1516 2255 1589">
    <p class='ocr_par' dir='ltr' id='par_1_11' title="bbox 644 1516 2255 1589">
     <span class='ocr_line' id='line_1_11' title="bbox 644 1516 2255 1589; baseline -0.001 -18"><span class='ocrx_word' id='word_1_41' title='bbox 644 1519 835 1574; x_wconf 77' lang='lat' dir='ltr'><strong>rietate</strong></span> <span class='ocrx_word' id='word_1_42' title='bbox 862 1520 1170 1589; x_wconf 82' lang='lat' dir='ltr'><strong>complevit,</strong></span> <span class='ocrx_word' id='word_1_43' title='bbox 1196 1520 1291 1575; x_wconf 91' lang='lat' dir='ltr'><strong>sed</strong></span> <span class='ocrx_word' id='word_1_44' title='bbox 1328 1528 1390 1574; x_wconf 92' lang='lat' dir='ltr'><strong>ut</strong></span> <span class='ocrx_word' id='word_1_45' title='bbox 1419 1535 1485 1574; x_wconf 80' lang='lat' dir='ltr'><strong>ex</strong></span> <span class='ocrx_word' id='word_1_46' title='bbox 1536 1518 1843 1573; x_wconf 81' lang='lat' dir='ltr'><strong>diﬁ&#39;erentia</strong></span> <span class='ocrx_word' id='word_1_47' title='bbox 1898 1516 2255 1571; x_wconf 83' lang='lat' dir='ltr'><strong>conditionis</strong></span> 
     </span>
    </p>
   </div>
   <div class='ocr_carea' id='block_1_12' title="bbox 642 1608 2223 1681">
    <p class='ocr_par' dir='ltr' id='par_1_12' title="bbox 642 1608 2223 1681">
     <span class='ocr_line' id='line_1_12' title="bbox 642 1608 2223 1681; baseline -0.003 -17"><span class='ocrx_word' id='word_1_48' title='bbox 642 1626 744 1665; x_wconf 90' lang='lat' dir='ltr'><strong>nos</strong></span> <span class='ocrx_word' id='word_1_49' title='bbox 771 1610 1114 1681; x_wconf 89' lang='lat' dir='ltr'><strong>disciplinam</strong></span> <span class='ocrx_word' id='word_1_50' title='bbox 1146 1610 1395 1674; x_wconf 89' lang='lat' dir='ltr'><strong>artiﬁcis,</strong></span> <span class='ocrx_word' id='word_1_51' title='bbox 1419 1618 1475 1665; x_wconf 92' lang='lat' dir='ltr'><strong>et</strong></span> <span class='ocrx_word' id='word_1_52' title='bbox 1526 1611 1649 1679; x_wconf 83' lang='lat' dir='ltr'><strong>quis</strong></span> <span class='ocrx_word' id='word_1_53' title='bbox 1694 1609 1765 1663; x_wconf 88' lang='lat' dir='ltr'><strong>sit</strong></span> <span class='ocrx_word' id='word_1_54' title='bbox 1809 1608 2223 1677; x_wconf 89' lang='lat' dir='ltr'><strong>conjiceremus.</strong></span> 
     </span>
    </p>
   </div>
   <div class='ocr_carea' id='block_1_13' title="bbox 642 1697 2220 1771">
    <p class='ocr_par' dir='ltr' id='par_1_13' title="bbox 642 1697 2220 1771">
     <span class='ocr_line' id='line_1_13' title="bbox 642 1697 2220 1771; baseline -0.003 -16"><span class='ocrx_word' id='word_1_55' title='bbox 642 1700 775 1755; x_wconf 87' lang='lat' dir='ltr'><strong>Nam</strong></span> <span class='ocrx_word' id='word_1_56' title='bbox 788 1703 879 1771; x_wconf 88' lang='lat' dir='ltr'><strong>qui</strong></span> <span class='ocrx_word' id='word_1_57' title='bbox 895 1703 1063 1757; x_wconf 56' lang='lat' dir='ltr'><strong>caelos</strong></span> <span class='ocrx_word' id='word_1_58' title='bbox 1077 1702 1387 1767; x_wconf 89' lang='lat' dir='ltr'><strong>intendunt,</strong></span> <span class='ocrx_word' id='word_1_59' title='bbox 1402 1716 1471 1756; x_wconf 80' lang='lat' dir='ltr'><strong>ex</strong></span> <span class='ocrx_word' id='word_1_60' title='bbox 1486 1702 1745 1757; x_wconf 84' lang='lat' dir='ltr'><strong>varietate</strong></span> <span class='ocrx_word' id='word_1_61' title='bbox 1760 1710 2031 1754; x_wconf 89' lang='lat' dir='ltr'><strong>astrorum</strong></span> <span class='ocrx_word' id='word_1_62' title='bbox 2050 1697 2220 1751; x_wconf 77' lang='lat' dir='ltr'><strong>maxi-</strong></span> 
     </span>
    </p>
   </div>
   <div class='ocr_carea' id='block_1_14' title="bbox 642 1759 2295 1861">
    <p class='ocr_par' dir='ltr' id='par_1_14' title="bbox 642 1759 2295 1861">
     <span class='ocr_line' id='line_1_14' title="bbox 642 1759 2295 1861; baseline -0.002 -17"><span class='ocrx_word' id='word_1_63' title='bbox 642 1806 791 1845; x_wconf 87' lang='lat' dir='ltr'><strong>munt</strong></span> <span class='ocrx_word' id='word_1_64' title='bbox 819 1807 1008 1846; x_wconf 87' lang='lat' dir='ltr'><strong>eorum</strong></span> <span class='ocrx_word' id='word_1_65' title='bbox 1035 1791 1323 1855; x_wconf 90' lang='lat' dir='ltr'><strong>artiﬁcem,</strong></span> <span class='ocrx_word' id='word_1_66' title='bbox 1353 1801 1516 1861; x_wconf 89' lang='lat' dir='ltr'><strong>atque</strong></span> <span class='ocrx_word' id='word_1_67' title='bbox 1541 1791 1879 1845; x_wconf 87' lang='lat' dir='ltr'><strong>conditorem</strong></span> <span class='ocrx_word' id='word_1_68' title='bbox 1912 1788 2223 1858; x_wconf 79' lang='lat' dir='ltr'><strong>intelligunt</strong></span> <span class='ocrx_word' id='word_1_69' title='bbox 2254 1759 2295 1814; x_wconf 74' lang='grc' dir='ltr'>Β</span> 
     </span>
    </p>
   </div>
   <div class='ocr_carea' id='block_1_15' title="bbox 645 1880 2223 1954">
    <p class='ocr_par' dir='ltr' id='par_1_15' title="bbox 645 1880 2223 1954">
     <span class='ocr_line' id='line_1_15' title="bbox 645 1880 2223 1954; baseline -0.001 -19"><span class='ocrx_word' id='word_1_70' title='bbox 645 1882 838 1939; x_wconf 88' lang='lat' dir='ltr'><strong>Deum.</strong></span> <span class='ocrx_word' id='word_1_71' title='bbox 872 1884 979 1939; x_wconf 89' lang='lat' dir='ltr'><strong>Sed</strong></span> <span class='ocrx_word' id='word_1_72' title='bbox 1015 1894 1068 1939; x_wconf 91' lang='lat' dir='ltr'><strong>et</strong></span> <span class='ocrx_word' id='word_1_73' title='bbox 1101 1885 1192 1954; x_wconf 90' lang='lat' dir='ltr'><strong>qui</strong></span> <span class='ocrx_word' id='word_1_74' title='bbox 1228 1894 1426 1939; x_wconf 88' lang='lat' dir='ltr'><strong>terram</strong></span> <span class='ocrx_word' id='word_1_75' title='bbox 1452 1884 1823 1944; x_wconf 88' lang='lat' dir='ltr'><strong>considerant.</strong></span> <span class='ocrx_word' id='word_1_76' title='bbox 1858 1898 1923 1936; x_wconf 82' lang='lat' dir='ltr'><strong>ex</strong></span> <span class='ocrx_word' id='word_1_77' title='bbox 1951 1880 2223 1937; x_wconf 83' lang='lat' dir='ltr'><strong>diﬂ&#39;erenti</strong></span> 
     </span>
    </p>
   </div>
   <div class='ocr_carea' id='block_1_16' title="bbox 642 1975 2224 2047">
    <p class='ocr_par' dir='ltr' id='par_1_16' title="bbox 642 1975 2224 2047">
     <span class='ocr_line' id='line_1_16' title="bbox 642 1975 2224 2047; baseline -0.001 -17"><span class='ocrx_word' id='word_1_78' title='bbox 642 1976 930 2045; x_wconf 84' lang='lat' dir='ltr'><strong>positionis</strong></span> <span class='ocrx_word' id='word_1_79' title='bbox 957 1979 1077 2047; x_wconf 88' lang='lat' dir='ltr'><strong>ejus</strong></span> <span class='ocrx_word' id='word_1_80' title='bbox 1112 1978 1327 2043; x_wconf 90' lang='lat' dir='ltr'><strong>habitu,</strong></span> <span class='ocrx_word' id='word_1_81' title='bbox 1361 1977 1413 2032; x_wconf 93' lang='lat' dir='ltr'><strong>id</strong></span> <span class='ocrx_word' id='word_1_82' title='bbox 1437 1987 1523 2032; x_wconf 89' lang='lat' dir='ltr'><strong>est</strong></span> <span class='ocrx_word' id='word_1_83' title='bbox 1552 1991 1617 2030; x_wconf 83' lang='lat' dir='ltr'><strong>ex</strong></span> <span class='ocrx_word' id='word_1_84' title='bbox 1652 1976 1991 2040; x_wconf 84' lang='lat' dir='ltr'><strong>animalium,</strong></span> <span class='ocrx_word' id='word_1_85' title='bbox 2015 1975 2224 2046; x_wconf 86' lang='lat' dir='ltr'><strong>virgul-</strong></span> 
     </span>
    </p>
   </div>
   <div class='ocr_carea' id='block_1_17' title="bbox 646 2068 2222 2139">
    <p class='ocr_par' dir='ltr' id='par_1_17' title="bbox 646 2068 2222 2139">
     <span class='ocr_line' id='line_1_17' title="bbox 646 2068 2222 2139; baseline -0.002 -16"><span class='ocrx_word' id='word_1_86' title='bbox 646 2077 939 2138; x_wconf 88' lang='lat' dir='ltr'><strong>torumque</strong></span> <span class='ocrx_word' id='word_1_87' title='bbox 964 2070 1322 2130; x_wconf 90' lang='lat' dir='ltr'><strong>etseminum.</strong></span> <span class='ocrx_word' id='word_1_88' title='bbox 1346 2069 1602 2139; x_wconf 83' lang='lat' dir='ltr'><strong>omnique</strong></span> <span class='ocrx_word' id='word_1_89' title='bbox 1624 2069 1743 2139; x_wconf 88' lang='lat' dir='ltr'><strong>ejus</strong></span> <span class='ocrx_word' id='word_1_90' title='bbox 1763 2068 2071 2123; x_wconf 68' lang='lat' dir='ltr'><strong>diﬁ‘erentia</strong></span> <span class='ocrx_word' id='word_1_91' title='bbox 2098 2082 2222 2121; x_wconf 87' lang='lat' dir='ltr'><strong>eum</strong></span> 
     </span>
    </p>
   </div>
   <div class='ocr_carea' id='block_1_18' title="bbox 641 2161 2221 2231">
    <p class='ocr_par' dir='ltr' id='par_1_18' title="bbox 641 2161 2221 2231">
     <span class='ocr_line' id='line_1_18' title="bbox 641 2161 2221 2231; baseline -0.001 -16"><span class='ocrx_word' id='word_1_92' title='bbox 641 2172 996 2231; x_wconf 77' lang='lat' dir='ltr'><strong>cognoscunt.</strong></span> <span class='ocrx_word' id='word_1_93' title='bbox 1035 2161 1143 2215; x_wconf 92' lang='lat' dir='ltr'><strong>Sed</strong></span> <span class='ocrx_word' id='word_1_94' title='bbox 1174 2170 1229 2216; x_wconf 91' lang='lat' dir='ltr'><strong>ct</strong></span> <span class='ocrx_word' id='word_1_95' title='bbox 1260 2161 1313 2214; x_wconf 87' lang='lat' dir='ltr'><strong>lti</strong></span> <span class='ocrx_word' id='word_1_96' title='bbox 1343 2161 1434 2231; x_wconf 89' lang='lat' dir='ltr'><strong>qui</strong></span> <span class='ocrx_word' id='word_1_97' title='bbox 1496 2162 1562 2216; x_wconf 90' lang='lat' dir='ltr'><strong>ad</strong></span> <span class='ocrx_word' id='word_1_98' title='bbox 1594 2162 1915 2217; x_wconf 85' lang='lat' dir='ltr'><strong>immensam</strong></span> <span class='ocrx_word' id='word_1_99' title='bbox 1960 2177 2221 2230; x_wconf 87' lang='lat' dir='ltr'><strong>aquarum</strong></span> 
     </span>
    </p>
   </div>
   <div class='ocr_carea' id='block_1_19' title="bbox 640 2250 2226 2323">
    <p class='ocr_par' dir='ltr' id='par_1_19' title="bbox 640 2250 2226 2323">
     <span class='ocr_line' id='line_1_19' title="bbox 640 2250 2226 2323; baseline 0 -18"><span class='ocrx_word' id='word_1_100' title='bbox 640 2250 992 2305; x_wconf 81' lang='lat' dir='ltr'><strong>diﬁusionem</strong></span> <span class='ocrx_word' id='word_1_101' title='bbox 1029 2252 1369 2307; x_wconf 79' lang='lat' dir='ltr'><strong>transferunt</strong></span> <span class='ocrx_word' id='word_1_102' title='bbox 1394 2253 1565 2318; x_wconf 86' lang='lat' dir='ltr'><strong>visus,</strong></span> <span class='ocrx_word' id='word_1_103' title='bbox 1607 2269 1673 2307; x_wconf 78' lang='lat' dir='ltr'><strong>ex</strong></span> <span class='ocrx_word' id='word_1_104' title='bbox 1704 2252 1994 2323; x_wconf 83' lang='lat' dir='ltr'><strong>spirituum</strong></span> <span class='ocrx_word' id='word_1_105' title='bbox 2020 2268 2118 2322; x_wconf 85' lang='lat' dir='ltr'><strong>per</strong></span> <span class='ocrx_word' id='word_1_106' title='bbox 2146 2253 2226 2307; x_wconf 90' lang='lat' dir='ltr'><strong>di-</strong></span> 
     </span>
    </p>
   </div>
   <div class='ocr_carea' id='block_1_20' title="bbox 643 2343 2223 2414">
    <p class='ocr_par' dir='ltr' id='par_1_20' title="bbox 643 2343 2223 2414">
     <span class='ocr_line' id='line_1_20' title="bbox 643 2343 2223 2414; baseline 0.002 -19"><span class='ocrx_word' id='word_1_107' title='bbox 643 2357 798 2397; x_wconf 88' lang='lat' dir='ltr'><strong>versa</strong></span> <span class='ocrx_word' id='word_1_108' title='bbox 832 2343 1187 2412; x_wconf 86' lang='lat' dir='ltr'><strong>proveniettte</strong></span> <span class='ocrx_word' id='word_1_109' title='bbox 1219 2352 1392 2411; x_wconf 91' lang='lat' dir='ltr'><strong>motu,</strong></span> <span class='ocrx_word' id='word_1_110' title='bbox 1433 2344 1735 2398; x_wconf 89' lang='lat' dir='ltr'><strong>insularum</strong></span> <span class='ocrx_word' id='word_1_111' title='bbox 1778 2360 2016 2414; x_wconf 87' lang='lat' dir='ltr'><strong>quoque,</strong></span> <span class='ocrx_word' id='word_1_112' title='bbox 2071 2353 2223 2398; x_wconf 88' lang='lat' dir='ltr'><strong>ceto-</strong></span> 
     </span>
    </p>
   </div>
   <div class='ocr_carea' id='block_1_21' title="bbox 641 2437 2222 2508">
    <p class='ocr_par' dir='ltr' id='par_1_21' title="bbox 641 2437 2222 2508">
     <span class='ocr_line' id='line_1_21' title="bbox 641 2437 2222 2508; baseline 0.004 -21"><span class='ocrx_word' id='word_1_113' title='bbox 641 2449 870 2505; x_wconf 89' lang='lat' dir='ltr'><strong>rumque</strong></span> <span class='ocrx_word' id='word_1_114' title='bbox 900 2437 1293 2508; x_wconf 81' lang='lat' dir='ltr'><strong>magnitudine,</strong></span> <span class='ocrx_word' id='word_1_115' title='bbox 1318 2446 1374 2493; x_wconf 88' lang='lat' dir='ltr'><strong>et</strong></span> <span class='ocrx_word' id='word_1_116' title='bbox 1402 2438 1658 2492; x_wconf 84' lang='lat' dir='ltr'><strong>distantia</strong></span> <span class='ocrx_word' id='word_1_117' title='bbox 1687 2439 1940 2508; x_wconf 84' lang='lat' dir='ltr'><strong>piscium,</strong></span> <span class='ocrx_word' id='word_1_118' title='bbox 1966 2440 2222 2493; x_wconf 83' lang='lat' dir='ltr'><strong>innume-</strong></span> 
     </span>
    </p>
   </div>
   <div class='ocr_carea' id='block_1_22' title="bbox 641 2528 2222 2601">
    <p class='ocr_par' dir='ltr' id='par_1_22' title="bbox 641 2528 2222 2601">
     <span class='ocr_line' id='line_1_22' title="bbox 641 2528 2222 2601; baseline 0.002 -19"><span class='ocrx_word' id='word_1_119' title='bbox 641 2528 1000 2598; x_wconf 87' lang='lat' dir='ltr'><strong>rabiliutnque</strong></span> <span class='ocrx_word' id='word_1_120' title='bbox 1036 2546 1295 2601; x_wconf 81' lang='lat' dir='ltr'><strong>generum</strong></span> <span class='ocrx_word' id='word_1_121' title='bbox 1330 2530 1573 2596; x_wconf 88' lang='lat' dir='ltr'><strong>natione,</strong></span> <span class='ocrx_word' id='word_1_122' title='bbox 1606 2530 1778 2585; x_wconf 89' lang='lat' dir='ltr'><strong>Deum</strong></span> <span class='ocrx_word' id='word_1_123' title='bbox 1816 2546 1939 2585; x_wconf 83' lang='lat' dir='ltr'><strong>esse</strong></span> <span class='ocrx_word' id='word_1_124' title='bbox 1960 2531 2222 2586; x_wconf 80' lang='lat' dir='ltr'><strong>factorem</strong></span> 
     </span>
    </p>
   </div>
   <div class='ocr_carea' id='block_1_23' title="bbox 639 2619 2222 2690">
    <p class='ocr_par' dir='ltr' id='par_1_23' title="bbox 639 2619 2222 2690">
     <span class='ocr_line' id='line_1_23' title="bbox 639 2619 2222 2690; baseline 0 -15"><span class='ocrx_word' id='word_1_125' title='bbox 639 2619 803 2690; x_wconf 86' lang='lat' dir='ltr'><strong>hujus</strong></span> <span class='ocrx_word' id='word_1_126' title='bbox 827 2622 995 2676; x_wconf 89' lang='lat' dir='ltr'><strong>etiam</strong></span> <span class='ocrx_word' id='word_1_127' title='bbox 1030 2623 1257 2678; x_wconf 74' lang='lat' dir='ltr'><strong>visibilis</strong></span> <span class='ocrx_word' id='word_1_128' title='bbox 1290 2623 1539 2677; x_wconf 89' lang='lat' dir='ltr'><strong>sentiunt</strong></span> <span class='ocrx_word' id='word_1_129' title='bbox 1579 2633 1847 2677; x_wconf 64' lang='lat' dir='ltr'><strong>creatum:</strong></span> <span class='ocrx_word' id='word_1_130' title='bbox 1881 2640 1896 2675; x_wconf 87' lang='lat'><strong>:</strong></span> <span class='ocrx_word' id='word_1_131' title='bbox 1935 2624 2027 2677; x_wconf 86' lang='lat' dir='ltr'><strong>Sic</strong></span> <span class='ocrx_word' id='word_1_132' title='bbox 2058 2623 2222 2677; x_wconf 88' lang='lat' dir='ltr'><strong>etiam</strong></span> 
     </span>
    </p>
   </div>
   <div class='ocr_carea' id='block_1_24' title="bbox 640 2714 2225 2790">
    <p class='ocr_par' dir='ltr' id='par_1_24' title="bbox 640 2714 2225 2790">
     <span class='ocr_line' id='line_1_24' title="bbox 640 2714 2225 2790; baseline 0.003 -21"><span class='ocrx_word' id='word_1_133' title='bbox 640 2714 811 2786; x_wconf 86' lang='lat' dir='ltr'><strong>legem</strong></span> <span class='ocrx_word' id='word_1_134' title='bbox 838 2727 997 2773; x_wconf 87' lang='lat' dir='ltr'><strong>ornat</strong></span> <span class='ocrx_word' id='word_1_135' title='bbox 1020 2719 1273 2774; x_wconf 90' lang='lat' dir='ltr'><strong>omnibus</strong></span> <span class='ocrx_word' id='word_1_136' title='bbox 1299 2719 1611 2789; x_wconf 63' lang='lat' dir='ltr'><strong>prmeeptis.</strong></span> <span class='ocrx_word' id='word_1_137' title='bbox 1642 2720 1953 2790; x_wconf 88' lang='lat' dir='ltr'><strong>producens</strong></span> <span class='ocrx_word' id='word_1_138' title='bbox 1971 2720 2225 2774; x_wconf 85' lang='lat' dir='ltr'><strong>videlicet</strong></span> 
     </span>
    </p>
   </div>
   <div class='ocr_carea' id='block_1_25' title="bbox 641 2808 2221 2877">
    <p class='ocr_par' dir='ltr' id='par_1_25' title="bbox 641 2808 2221 2877">
     <span class='ocr_line' id='line_1_25' title="bbox 641 2808 2221 2877; baseline 0.003 -14"><span class='ocrx_word' id='word_1_139' title='bbox 641 2808 939 2877; x_wconf 83' lang='lat' dir='ltr'><strong>hominem,</strong></span> <span class='ocrx_word' id='word_1_140' title='bbox 986 2818 1044 2864; x_wconf 89' lang='lat' dir='ltr'><strong>et</strong></span> <span class='ocrx_word' id='word_1_141' title='bbox 1087 2826 1237 2865; x_wconf 88' lang='lat' dir='ltr'><strong>nunc</strong></span> <span class='ocrx_word' id='word_1_142' title='bbox 1299 2811 1353 2865; x_wconf 91' lang='lat' dir='ltr'><strong>in</strong></span> <span class='ocrx_word' id='word_1_143' title='bbox 1398 2812 1790 2867; x_wconf 87' lang='lat' dir='ltr'><strong>sacriﬁciorum</strong></span> <span class='ocrx_word' id='word_1_144' title='bbox 1833 2811 2221 2877; x_wconf 80' lang='lat' dir='ltr'><strong>oblationibus,</strong></span> 
     </span>
    </p>
   </div>
   <div class='ocr_carea' id='block_1_26' title="bbox 639 2902 2222 2969">
    <p class='ocr_par' dir='ltr' id='par_1_26' title="bbox 639 2902 2222 2969">
     <span class='ocr_line' id='line_1_26' title="bbox 639 2902 2222 2969; baseline 0.003 -15"><span class='ocrx_word' id='word_1_145' title='bbox 639 2915 789 2956; x_wconf 89' lang='lat' dir='ltr'><strong>nunc</strong></span> <span class='ocrx_word' id='word_1_146' title='bbox 816 2912 999 2957; x_wconf 88' lang='lat' dir='ltr'><strong>autem</strong></span> <span class='ocrx_word' id='word_1_147' title='bbox 1033 2902 1084 2955; x_wconf 93' lang='lat' dir='ltr'><strong>in</strong></span> <span class='ocrx_word' id='word_1_148' title='bbox 1112 2902 1358 2957; x_wconf 80' lang='lat' dir='ltr'><strong>ciborum</strong></span> <span class='ocrx_word' id='word_1_149' title='bbox 1403 2903 1751 2969; x_wconf 85' lang='lat' dir='ltr'><strong>abstinentia,</strong></span> <span class='ocrx_word' id='word_1_150' title='bbox 1786 2921 1934 2959; x_wconf 92' lang='lat' dir='ltr'><strong>nunc</strong></span> <span class='ocrx_word' id='word_1_151' title='bbox 1958 2905 2123 2959; x_wconf 86' lang='lat' dir='ltr'><strong>etiam</strong></span> <span class='ocrx_word' id='word_1_152' title='bbox 2167 2906 2222 2959; x_wconf 88' lang='lat' dir='ltr'><strong>in</strong></span> 
     </span>
    </p>
   </div>
   <div class='ocr_carea' id='block_1_27' title="bbox 640 2992 2223 3067">
    <p class='ocr_par' dir='ltr' id='par_1_27' title="bbox 640 2992 2223 3067">
     <span class='ocr_line' id='line_1_27' title="bbox 640 2992 2223 3067; baseline 0.003 -20"><span class='ocrx_word' id='word_1_153' title='bbox 640 2992 925 3048; x_wconf 83' lang='lat' dir='ltr'><strong>curatione</strong></span> <span class='ocrx_word' id='word_1_154' title='bbox 947 2993 1312 3063; x_wconf 90' lang='lat' dir='ltr'><strong>corporalium</strong></span> <span class='ocrx_word' id='word_1_155' title='bbox 1344 2996 1659 3051; x_wconf 88' lang='lat' dir='ltr'><strong>morborum</strong></span> <span class='ocrx_word' id='word_1_156' title='bbox 1693 2997 1985 3067; x_wconf 86' lang='lat' dir='ltr'><strong>aliquando</strong></span> <span class='ocrx_word' id='word_1_157' title='bbox 2040 3008 2223 3052; x_wconf 88' lang='lat' dir='ltr'><strong>autem</strong></span> 
     </span>
    </p>
   </div>
   <div class='ocr_carea' id='block_1_28' title="bbox 2328 1325 3867 1397">
    <p class='ocr_par' dir='ltr' id='par_1_28' title="bbox 2328 1325 3867 1397">
     <span class='ocr_line' id='line_1_28' title="bbox 2328 1325 3867 1397; baseline 0.003 -17"><span class='ocrx_word' id='word_1_158' title='bbox 2328 1326 2432 1382; x_wconf 89' lang='lat' dir='ltr'><strong>hoc</strong></span> <span class='ocrx_word' id='word_1_159' title='bbox 2487 1327 2631 1397; x_wconf 88' lang='lat' dir='ltr'><strong>quod</strong></span> <span class='ocrx_word' id='word_1_160' title='bbox 2692 1326 3035 1384; x_wconf 88' lang='lat' dir='ltr'><strong>imumndum</strong></span> <span class='ocrx_word' id='word_1_161' title='bbox 3092 1336 3197 1390; x_wconf 88' lang='lat' dir='ltr'><strong>est,</strong></span> <span class='ocrx_word' id='word_1_162' title='bbox 3255 1337 3458 1397; x_wconf 83' lang='lat' dir='ltr'><strong>potest.</strong></span> <span class='ocrx_word' id='word_1_163' title='bbox 3503 1325 3660 1381; x_wconf 77' lang='lat' dir='ltr'><strong>Nunc</strong></span> <span class='ocrx_word' id='word_1_164' title='bbox 3702 1340 3867 1393; x_wconf 80' lang='lat' dir='ltr'><strong>autem,</strong></span> 
     </span>
    </p>
   </div>
   <div class='ocr_carea' id='block_1_29' title="bbox 2328 1420 3869 1491">
    <p class='ocr_par' dir='ltr' id='par_1_29' title="bbox 2328 1420 3869 1491">
     <span class='ocr_line' id='line_1_29' title="bbox 2328 1420 3869 1491; baseline 0.001 -16"><span class='ocrx_word' id='word_1_165' title='bbox 2328 1432 2582 1491; x_wconf 89' lang='lat' dir='ltr'><strong>tanquam</strong></span> <span class='ocrx_word' id='word_1_166' title='bbox 2604 1421 2806 1476; x_wconf 87' lang='lat' dir='ltr'><strong>oblitus</strong></span> <span class='ocrx_word' id='word_1_167' title='bbox 2835 1436 2999 1491; x_wconf 91' lang='lat' dir='ltr'><strong>quam</strong></span> <span class='ocrx_word' id='word_1_168' title='bbox 3024 1420 3091 1475; x_wconf 86' lang='lat' dir='ltr'><strong>de</strong></span> <span class='ocrx_word' id='word_1_169' title='bbox 3122 1421 3201 1475; x_wconf 88' lang='lat' dir='ltr'><strong>eis</strong></span> <span class='ocrx_word' id='word_1_170' title='bbox 3230 1421 3534 1491; x_wconf 87' lang='lat' dir='ltr'><strong>protulerat</strong></span> <span class='ocrx_word' id='word_1_171' title='bbox 3561 1422 3869 1483; x_wconf 80' lang='lat' dir='ltr'><strong>sententiam.</strong></span> 
     </span>
    </p>
   </div>
   <div class='ocr_carea' id='block_1_30' title="bbox 2324 1513 3869 1585">
    <p class='ocr_par' dir='ltr' id='par_1_30' title="bbox 2324 1513 3869 1585">
     <span class='ocr_line' id='line_1_30' title="bbox 2324 1513 3869 1585; baseline -0.002 -17"><span class='ocrx_word' id='word_1_172' title='bbox 2324 1517 2570 1584; x_wconf 64' lang='lat' dir='ltr'><strong>quaedam</strong></span> <span class='ocrx_word' id='word_1_173' title='bbox 2601 1516 2821 1585; x_wconf 88' lang='lat' dir='ltr'><strong>quidem</strong></span> <span class='ocrx_word' id='word_1_174' title='bbox 2873 1514 3191 1570; x_wconf 78' lang='lat' dir='ltr'><strong>animalium</strong></span> <span class='ocrx_word' id='word_1_175' title='bbox 3225 1514 3450 1580; x_wconf 84' lang='lat' dir='ltr'><strong>munda,</strong></span> <span class='ocrx_word' id='word_1_176' title='bbox 3488 1513 3735 1583; x_wconf 70' lang='lat' dir='ltr'><strong>quaedam</strong></span> <span class='ocrx_word' id='word_1_177' title='bbox 3762 1517 3869 1570; x_wconf 72' lang='lat' dir='ltr'><strong>dixit</strong></span> 
     </span>
    </p>
   </div>
   <div class='ocr_carea' id='block_1_31' title="bbox 2324 1607 3869 1679">
    <p class='ocr_par' dir='ltr' id='par_1_31' title="bbox 2324 1607 3869 1679">
     <span class='ocr_line' id='line_1_31' title="bbox 2324 1607 3869 1679; baseline -0.001 -16"><span class='ocrx_word' id='word_1_178' title='bbox 2324 1609 2625 1663; x_wconf 89' lang='lat' dir='ltr'><strong>itnmunda.</strong></span> <span class='ocrx_word' id='word_1_179' title='bbox 2664 1607 2803 1679; x_wconf 88' lang='lat' dir='ltr'><strong>Ergo</strong></span> <span class='ocrx_word' id='word_1_180' title='bbox 2826 1608 3075 1677; x_wconf 69' lang='lat' dir='ltr'><strong>quaedam</strong></span> <span class='ocrx_word' id='word_1_181' title='bbox 3114 1617 3278 1662; x_wconf 88' lang='lat' dir='ltr'><strong>erunt</strong></span> <span class='ocrx_word' id='word_1_182' title='bbox 3307 1617 3468 1670; x_wconf 84' lang='lat' dir='ltr'><strong>Dona_</strong></span> <span class='ocrx_word' id='word_1_183' title='bbox 3497 1607 3740 1678; x_wconf 69' lang='lat' dir='ltr'><strong>quaedam</strong></span> <span class='ocrx_word' id='word_1_184' title='bbox 3787 1624 3869 1662; x_wconf 77' lang='lat' dir='ltr'><strong>non</strong></span> 
     </span>
    </p>
   </div>
   <div class='ocr_carea' id='block_1_32' title="bbox 2326 1698 3868 1765">
    <p class='ocr_par' dir='ltr' id='par_1_32' title="bbox 2326 1698 3868 1765">
     <span class='ocr_line' id='line_1_32' title="bbox 2326 1698 3868 1765; baseline 0.002 -12"><span class='ocrx_word' id='word_1_185' title='bbox 2326 1699 2488 1753; x_wconf 88' lang='lat' dir='ltr'><strong>bona.</strong></span> <span class='ocrx_word' id='word_1_186' title='bbox 2522 1700 2626 1754; x_wconf 89' lang='lat' dir='ltr'><strong>Sed</strong></span> <span class='ocrx_word' id='word_1_187' title='bbox 2663 1715 2772 1753; x_wconf 91' lang='lat' dir='ltr'><strong>non</strong></span> <span class='ocrx_word' id='word_1_188' title='bbox 2804 1709 2887 1754; x_wconf 91' lang='lat' dir='ltr'><strong>est</strong></span> <span class='ocrx_word' id='word_1_189' title='bbox 2913 1700 3007 1765; x_wconf 90' lang='lat' dir='ltr'><strong>ita,</strong></span> <span class='ocrx_word' id='word_1_190' title='bbox 3042 1715 3169 1755; x_wconf 87' lang='lat' dir='ltr'><strong>nam</strong></span> <span class='ocrx_word' id='word_1_191' title='bbox 3197 1699 3300 1753; x_wconf 85' lang='lat' dir='ltr'><strong>etsi</strong></span> <span class='ocrx_word' id='word_1_192' title='bbox 3331 1700 3395 1753; x_wconf 83' lang='lat' dir='ltr'><strong>ad</strong></span> <span class='ocrx_word' id='word_1_193' title='bbox 3440 1698 3715 1753; x_wconf 81' lang='lat' dir='ltr'><strong>modicum</strong></span> <span class='ocrx_word' id='word_1_194' title='bbox 3739 1700 3868 1755; x_wconf 83' lang='lat' dir='ltr'><strong>casti-</strong></span> 
     </span>
    </p>
   </div>
   <div class='ocr_carea' id='block_1_33' title="bbox 2326 1793 3870 1865">
    <p class='ocr_par' dir='ltr' id='par_1_33' title="bbox 2326 1793 3870 1865">
     <span class='ocr_line' id='line_1_33' title="bbox 2326 1793 3870 1865; baseline -0.001 -20"><span class='ocrx_word' id='word_1_195' title='bbox 2326 1808 2451 1863; x_wconf 89' lang='lat' dir='ltr'><strong>gare</strong></span> <span class='ocrx_word' id='word_1_196' title='bbox 2471 1793 2784 1848; x_wconf 70' lang='lat' dir='ltr'><strong>Judaaorutn</strong></span> <span class='ocrx_word' id='word_1_197' title='bbox 2815 1794 3264 1865; x_wconf 75' lang='grc' dir='ltr'><strong>γαστριμαργίαν</strong></span> <span class='ocrx_word' id='word_1_198' title='bbox 3296 1793 3537 1855; x_wconf 87' lang='lat' dir='ltr'><strong>volebat,</strong></span> <span class='ocrx_word' id='word_1_199' title='bbox 3574 1802 3747 1846; x_wconf 87' lang='lat' dir='ltr'><strong>tamen</strong></span> <span class='ocrx_word' id='word_1_200' title='bbox 3775 1807 3870 1844; x_wconf 74' lang='lat' dir='ltr'><strong>vera</strong></span> 
     </span>
    </p>
   </div>
   <div class='ocr_carea' id='block_1_34' title="bbox 2326 1882 3873 1953">
    <p class='ocr_par' dir='ltr' id='par_1_34' title="bbox 2326 1882 3873 1953">
     <span class='ocr_line' id='line_1_34' title="bbox 2326 1882 3873 1953; baseline -0.002 -15"><span class='ocrx_word' id='word_1_201' title='bbox 2326 1886 2458 1953; x_wconf 82' lang='lat' dir='ltr'><strong>legis</strong></span> <span class='ocrx_word' id='word_1_202' title='bbox 2496 1885 2865 1939; x_wconf 84' lang='lat' dir='ltr'><strong>consideratio</strong></span> <span class='ocrx_word' id='word_1_203' title='bbox 2902 1884 3189 1938; x_wconf 60' lang='lat' dir='ltr'><strong>manifesta</strong></span> <span class='ocrx_word' id='word_1_204' title='bbox 3217 1893 3321 1949; x_wconf 90' lang='lat' dir='ltr'><strong>est,</strong></span> <span class='ocrx_word' id='word_1_205' title='bbox 3356 1892 3410 1937; x_wconf 91' lang='lat' dir='ltr'><strong>et</strong></span> <span class='ocrx_word' id='word_1_206' title='bbox 3438 1882 3737 1952; x_wconf 80' lang='lat' dir='ltr'><strong>spiritualis</strong></span> <span class='ocrx_word' id='word_1_207' title='bbox 3764 1897 3873 1950; x_wconf 78' lang='lat' dir='ltr'><strong>pne-</strong></span> 
     </span>
    </p>
   </div>
   <div class='ocr_carea' id='block_1_35' title="bbox 2326 1976 3871 2048">
    <p class='ocr_par' dir='ltr' id='par_1_35' title="bbox 2326 1976 3871 2048">
     <span class='ocr_line' id='line_1_35' title="bbox 2326 1976 3871 2048; baseline -0.003 -17"><span class='ocrx_word' id='word_1_208' title='bbox 2326 1986 2605 2047; x_wconf 91' lang='lat' dir='ltr'><strong>ccptorum</strong></span> <span class='ocrx_word' id='word_1_209' title='bbox 2650 1978 2940 2048; x_wconf 75' lang='lat' dir='ltr'><strong>expositio.</strong></span> <span class='ocrx_word' id='word_1_210' title='bbox 3002 1976 3309 2046; x_wconf 84' lang='lat' dir='ltr'><strong>Qualesque</strong></span> <span class='ocrx_word' id='word_1_211' title='bbox 3360 1984 3583 2045; x_wconf 90' lang='lat' dir='ltr'><strong>oportet</strong></span> <span class='ocrx_word' id='word_1_212' title='bbox 3643 1990 3754 2028; x_wconf 88' lang='lat' dir='ltr'><strong>esse</strong></span> <span class='ocrx_word' id='word_1_213' title='bbox 3793 1976 3871 2041; x_wconf 74' lang='lat' dir='ltr'><strong>legi</strong></span> 
     </span>
    </p>
   </div>
   <div class='ocr_carea' id='block_1_36' title="bbox 2325 2068 3872 2140">
    <p class='ocr_par' dir='ltr' id='par_1_36' title="bbox 2325 2068 3872 2140">
     <span class='ocr_line' id='line_1_36' title="bbox 2325 2068 3872 2140; baseline -0.003 -15"><span class='ocrx_word' id='word_1_214' title='bbox 2325 2072 2563 2125; x_wconf 91' lang='lat' dir='ltr'><strong>studium</strong></span> <span class='ocrx_word' id='word_1_215' title='bbox 2590 2072 2803 2137; x_wconf 88' lang='lat' dir='ltr'><strong>dantes,</strong></span> <span class='ocrx_word' id='word_1_216' title='bbox 2830 2071 3049 2126; x_wconf 90' lang='lat' dir='ltr'><strong>docenti</strong></span> <span class='ocrx_word' id='word_1_217' title='bbox 3070 2070 3432 2125; x_wconf 90' lang='lat' dir='ltr'><strong>intentionem</strong></span> <span class='ocrx_word' id='word_1_218' title='bbox 3484 2069 3758 2140; x_wconf 86' lang='lat' dir='ltr'><strong>legislator</strong></span> <span class='ocrx_word' id='word_1_219' title='bbox 3798 2068 3872 2121; x_wconf 82' lang='lat' dir='ltr'><strong>ha-</strong></span> 
     </span>
    </p>
   </div>
   <div class='ocr_carea' id='block_1_37' title="bbox 2324 2160 3873 2231">
    <p class='ocr_par' dir='ltr' id='par_1_37' title="bbox 2324 2160 3873 2231">
     <span class='ocr_line' id='line_1_37' title="bbox 2324 2160 3873 2231; baseline -0.005 -13"><span class='ocrx_word' id='word_1_220' title='bbox 2324 2164 2437 2219; x_wconf 88' lang='lat' dir='ltr'><strong>bet.</strong></span> <span class='ocrx_word' id='word_1_221' title='bbox 2463 2163 2516 2219; x_wconf 90' lang='lat' dir='ltr'><strong>Si</strong></span> <span class='ocrx_word' id='word_1_222' title='bbox 2549 2165 2692 2219; x_wconf 91' lang='lat' dir='ltr'><strong>enim</strong></span> <span class='ocrx_word' id='word_1_223' title='bbox 2717 2182 2817 2217; x_wconf 89' lang='lat' dir='ltr'><strong>non</strong></span> <span class='ocrx_word' id='word_1_224' title='bbox 2845 2166 2898 2217; x_wconf 86' lang='lat' dir='ltr'><strong>in</strong></span> <span class='ocrx_word' id='word_1_225' title='bbox 2924 2164 3034 2217; x_wconf 90' lang='lat' dir='ltr'><strong>solo</strong></span> <span class='ocrx_word' id='word_1_226' title='bbox 3060 2179 3196 2231; x_wconf 86' lang='lat' dir='ltr'><strong>pane</strong></span> <span class='ocrx_word' id='word_1_227' title='bbox 3223 2163 3343 2216; x_wconf 78' lang='lat' dir='ltr'><strong>vivit</strong></span> <span class='ocrx_word' id='word_1_228' title='bbox 3374 2165 3553 2225; x_wconf 84' lang='lat' dir='ltr'><strong>homo,</strong></span> <span class='ocrx_word' id='word_1_229' title='bbox 3578 2162 3667 2213; x_wconf 87' lang='lat' dir='ltr'><strong>sed</strong></span> <span class='ocrx_word' id='word_1_230' title='bbox 3692 2160 3739 2213; x_wconf 88' lang='lat' dir='ltr'><strong>in</strong></span> <span class='ocrx_word' id='word_1_231' title='bbox 3763 2163 3873 2212; x_wconf 84' lang='lat' dir='ltr'><strong>omni</strong></span> 
     </span>
    </p>
   </div>
   <div class='ocr_carea' id='block_1_38' title="bbox 2324 2255 3873 2328">
    <p class='ocr_par' dir='ltr' id='par_1_38' title="bbox 2324 2255 3873 2328">
     <span class='ocr_line' id='line_1_38' title="bbox 2324 2255 3873 2328; baseline -0.005 -17"><span class='ocrx_word' id='word_1_232' title='bbox 2324 2264 2478 2311; x_wconf 82' lang='lat' dir='ltr'><strong>verbo</strong></span> <span class='ocrx_word' id='word_1_233' title='bbox 2508 2260 2647 2328; x_wconf 85' lang='lat' dir='ltr'><strong>quod</strong></span> <span class='ocrx_word' id='word_1_234' title='bbox 2670 2258 2902 2327; x_wconf 82' lang='lat' dir='ltr'><strong>procedit</strong></span> <span class='ocrx_word' id='word_1_235' title='bbox 2936 2257 2999 2310; x_wconf 88' lang='lat' dir='ltr'><strong>de</strong></span> <span class='ocrx_word' id='word_1_236' title='bbox 3028 2273 3117 2309; x_wconf 90' lang='lat' dir='ltr'><strong>ore</strong></span> <span class='ocrx_word' id='word_1_237' title='bbox 3143 2255 3239 2310; x_wconf 90' lang='lat' dir='ltr'><strong>Dei</strong></span> <span class='ocrx_word' id='word_1_238' title='bbox 3266 2256 3311 2317; x_wconf 79' lang='grc'><strong>⁸,</strong></span> <span class='ocrx_word' id='word_1_239' title='bbox 3349 2255 3493 2309; x_wconf 89' lang='lat' dir='ltr'><strong>sicut</strong></span> <span class='ocrx_word' id='word_1_240' title='bbox 3546 2256 3702 2324; x_wconf 85' lang='lat' dir='ltr'><strong>panis</strong></span> <span class='ocrx_word' id='word_1_241' title='bbox 3730 2256 3873 2306; x_wconf 80' lang='lat' dir='ltr'><strong>nutri-</strong></span> 
     </span>
    </p>
   </div>
   <div class='ocr_carea' id='block_1_39' title="bbox 2325 2345 3872 2417">
    <p class='ocr_par' dir='ltr' id='par_1_39' title="bbox 2325 2345 3872 2417">
     <span class='ocr_line' id='line_1_39' title="bbox 2325 2345 3872 2417; baseline -0.001 -16"><span class='ocrx_word' id='word_1_242' title='bbox 2325 2358 2569 2403; x_wconf 90' lang='lat' dir='ltr'><strong>mentum</strong></span> <span class='ocrx_word' id='word_1_243' title='bbox 2601 2358 2685 2403; x_wconf 91' lang='lat' dir='ltr'><strong>est</strong></span> <span class='ocrx_word' id='word_1_244' title='bbox 2711 2348 2977 2417; x_wconf 85' lang='lat' dir='ltr'><strong>corporis,</strong></span> <span class='ocrx_word' id='word_1_245' title='bbox 3010 2348 3090 2402; x_wconf 90' lang='lat' dir='ltr'><strong>sic</strong></span> <span class='ocrx_word' id='word_1_246' title='bbox 3145 2356 3199 2401; x_wconf 93' lang='lat' dir='ltr'><strong>et</strong></span> <span class='ocrx_word' id='word_1_247' title='bbox 3250 2345 3332 2401; x_wconf 80' lang='lat' dir='ltr'><strong>lex</strong></span> <span class='ocrx_word' id='word_1_248' title='bbox 3366 2346 3458 2401; x_wconf 90' lang='lat' dir='ltr'><strong>Dei</strong></span> <span class='ocrx_word' id='word_1_249' title='bbox 3510 2348 3872 2401; x_wconf 85' lang='lat' dir='ltr'><strong>nutrimentum</strong></span> 
     </span>
    </p>
   </div>
   <div class='ocr_carea' id='block_1_40' title="bbox 2325 2438 3874 2510">
    <p class='ocr_par' dir='ltr' id='par_1_40' title="bbox 2325 2438 3874 2510">
     <span class='ocr_line' id='line_1_40' title="bbox 2325 2438 3874 2510; baseline -0.003 -15"><span class='ocrx_word' id='word_1_250' title='bbox 2325 2450 2411 2495; x_wconf 89' lang='lat' dir='ltr'><strong>est</strong></span> <span class='ocrx_word' id='word_1_251' title='bbox 2439 2441 2653 2500; x_wconf 68' lang='lat' dir='ltr'><strong>animae,</strong></span> <span class='ocrx_word' id='word_1_252' title='bbox 2682 2450 2869 2510; x_wconf 90' lang='lat' dir='ltr'><strong>utpote</strong></span> <span class='ocrx_word' id='word_1_253' title='bbox 2896 2438 3175 2493; x_wconf 83' lang='lat' dir='ltr'><strong>rationalis</strong></span> <span class='ocrx_word' id='word_1_254' title='bbox 3208 2438 3457 2492; x_wconf 88' lang='lat' dir='ltr'><strong>rationali</strong></span> <span class='ocrx_word' id='word_1_255' title='bbox 3482 2439 3661 2493; x_wconf 86' lang='lat' dir='ltr'><strong>virtus</strong></span> <span class='ocrx_word' id='word_1_256' title='bbox 3693 2450 3744 2492; x_wconf 88' lang='lat' dir='ltr'><strong>et</strong></span> <span class='ocrx_word' id='word_1_257' title='bbox 3772 2439 3874 2491; x_wconf 83' lang='lat' dir='ltr'><strong>sub-</strong></span> 
     </span>
    </p>
   </div>
   <div class='ocr_carea' id='block_1_41' title="bbox 2324 2532 3873 2604">
    <p class='ocr_par' dir='ltr' id='par_1_41' title="bbox 2324 2532 3873 2604">
     <span class='ocr_line' id='line_1_41' title="bbox 2324 2532 3873 2604; baseline -0.004 -15"><span class='ocrx_word' id='word_1_258' title='bbox 2324 2534 2596 2589; x_wconf 88' lang='lat' dir='ltr'><strong>sistentia.</strong></span> <span class='ocrx_word' id='word_1_259' title='bbox 2629 2533 2695 2587; x_wconf 81' lang='lat' dir='ltr'><strong>Et</strong></span> <span class='ocrx_word' id='word_1_260' title='bbox 2728 2535 2871 2588; x_wconf 87' lang='lat' dir='ltr'><strong>sicut</strong></span> <span class='ocrx_word' id='word_1_261' title='bbox 2900 2533 2956 2586; x_wconf 91' lang='lat' dir='ltr'><strong>in</strong></span> <span class='ocrx_word' id='word_1_262' title='bbox 2993 2532 3373 2604; x_wconf 85' lang='lat' dir='ltr'><strong>superioribus</strong></span> <span class='ocrx_word' id='word_1_263' title='bbox 3402 2550 3467 2589; x_wconf 82' lang='lat' dir='ltr'><strong>ex</strong></span> <span class='ocrx_word' id='word_1_264' title='bbox 3502 2534 3593 2587; x_wconf 91' lang='lat' dir='ltr'><strong>his</strong></span> <span class='ocrx_word' id='word_1_265' title='bbox 3639 2548 3751 2603; x_wconf 76' lang='lat' dir='ltr'><strong>qua:</strong></span> <span class='ocrx_word' id='word_1_266' title='bbox 3798 2532 3873 2584; x_wconf 86' lang='lat' dir='ltr'><strong>im-</strong></span> 
     </span>
    </p>
   </div>
   <div class='ocr_carea' id='block_1_42' title="bbox 2325 2624 3873 2696">
    <p class='ocr_par' dir='ltr' id='par_1_42' title="bbox 2325 2624 3873 2696">
     <span class='ocr_line' id='line_1_42' title="bbox 2325 2624 3873 2696; baseline -0.003 -16"><span class='ocrx_word' id='word_1_267' title='bbox 2325 2627 2621 2689; x_wconf 89' lang='lat' dir='ltr'><strong>molantur,</strong></span> <span class='ocrx_word' id='word_1_268' title='bbox 2650 2625 2844 2696; x_wconf 88' lang='lat' dir='ltr'><strong>ﬁgurat</strong></span> <span class='ocrx_word' id='word_1_269' title='bbox 2862 2641 2957 2680; x_wconf 92' lang='lat' dir='ltr'><strong>eos</strong></span> <span class='ocrx_word' id='word_1_270' title='bbox 2983 2626 3077 2696; x_wconf 89' lang='lat' dir='ltr'><strong>qui</strong></span> <span class='ocrx_word' id='word_1_271' title='bbox 3111 2624 3372 2689; x_wconf 68' lang='lat' dir='ltr'><strong>oderunt,</strong></span> <span class='ocrx_word' id='word_1_272' title='bbox 3417 2641 3515 2695; x_wconf 91' lang='lat' dir='ltr'><strong>per</strong></span> <span class='ocrx_word' id='word_1_273' title='bbox 3547 2640 3706 2679; x_wconf 83' lang='lat' dir='ltr'><strong>ovem</strong></span> <span class='ocrx_word' id='word_1_274' title='bbox 3736 2625 3873 2694; x_wconf 77' lang='lat' dir='ltr'><strong>signi-</strong></span> 
     </span>
    </p>
   </div>
   <div class='ocr_carea' id='block_1_43' title="bbox 2326 2717 3868 2789">
    <p class='ocr_par' dir='ltr' id='par_1_43' title="bbox 2326 2717 3868 2789">
     <span class='ocr_line' id='line_1_43' title="bbox 2326 2717 3868 2789; baseline -0.001 -17"><span class='ocrx_word' id='word_1_275' title='bbox 2326 2718 2494 2772; x_wconf 89' lang='lat' dir='ltr'><strong>ﬁcans</strong></span> <span class='ocrx_word' id='word_1_276' title='bbox 2527 2717 2848 2788; x_wconf 90' lang='lat' dir='ltr'><strong>simplicem,</strong></span> <span class='ocrx_word' id='word_1_277' title='bbox 2874 2734 2970 2789; x_wconf 90' lang='lat' dir='ltr'><strong>per</strong></span> <span class='ocrx_word' id='word_1_278' title='bbox 2991 2718 3225 2774; x_wconf 89' lang='lat' dir='ltr'><strong>vitulum</strong></span> <span class='ocrx_word' id='word_1_279' title='bbox 3261 2720 3651 2773; x_wconf 80' lang='lat' dir='ltr'><strong>mandatorum</strong></span> <span class='ocrx_word' id='word_1_280' title='bbox 3706 2734 3868 2787; x_wconf 86' lang='lat' dir='ltr'><strong>opera-</strong></span> 
     </span>
    </p>
   </div>
   <div class='ocr_carea' id='block_1_44' title="bbox 2328 2810 3873 2883">
    <p class='ocr_par' dir='ltr' id='par_1_44' title="bbox 2328 2810 3873 2883">
     <span class='ocr_line' id='line_1_44' title="bbox 2328 2810 3873 2883; baseline -0.003 -16"><span class='ocrx_word' id='word_1_281' title='bbox 2328 2820 2527 2875; x_wconf 82' lang='lat' dir='ltr'><strong>torem,</strong></span> <span class='ocrx_word' id='word_1_282' title='bbox 2549 2826 2647 2881; x_wconf 88' lang='lat' dir='ltr'><strong>per</strong></span> <span class='ocrx_word' id='word_1_283' title='bbox 2681 2810 2898 2866; x_wconf 68' lang='lat' dir='ltr'><strong>haedum</strong></span> <span class='ocrx_word' id='word_1_284' title='bbox 2926 2828 3057 2867; x_wconf 89' lang='lat' dir='ltr'><strong>vero</strong></span> <span class='ocrx_word' id='word_1_285' title='bbox 3080 2812 3459 2883; x_wconf 78' lang='lat' dir='ltr'><strong>ptenitentem,</strong></span> <span class='ocrx_word' id='word_1_286' title='bbox 3482 2813 3566 2867; x_wconf 92' lang='lat' dir='ltr'><strong>sic</strong></span> <span class='ocrx_word' id='word_1_287' title='bbox 3578 2812 3737 2866; x_wconf 89' lang='lat' dir='ltr'><strong>etiam</strong></span> <span class='ocrx_word' id='word_1_288' title='bbox 3758 2826 3873 2864; x_wconf 81' lang='lat' dir='ltr'><strong>nunc</strong></span> 
     </span>
    </p>
   </div>
   <div class='ocr_carea' id='block_1_45' title="bbox 2327 2904 3872 2976">
    <p class='ocr_par' dir='ltr' id='par_1_45' title="bbox 2327 2904 3872 2976">
     <span class='ocr_line' id='line_1_45' title="bbox 2327 2904 3872 2976; baseline -0.002 -17"><span class='ocrx_word' id='word_1_289' title='bbox 2327 2904 2595 2976; x_wconf 88' lang='lat' dir='ltr'><strong>signiﬁcat</strong></span> <span class='ocrx_word' id='word_1_290' title='bbox 2627 2919 2722 2974; x_wconf 89' lang='lat' dir='ltr'><strong>per</strong></span> <span class='ocrx_word' id='word_1_291' title='bbox 2751 2904 3028 2972; x_wconf 81' lang='lat' dir='ltr'><strong>animalia,</strong></span> <span class='ocrx_word' id='word_1_292' title='bbox 3060 2920 3156 2961; x_wconf 91' lang='lat' dir='ltr'><strong>eos</strong></span> <span class='ocrx_word' id='word_1_293' title='bbox 3200 2905 3294 2976; x_wconf 91' lang='lat' dir='ltr'><strong>qui</strong></span> <span class='ocrx_word' id='word_1_294' title='bbox 3333 2906 3414 2961; x_wconf 89' lang='lat' dir='ltr'><strong>eis</strong></span> <span class='ocrx_word' id='word_1_295' title='bbox 3455 2913 3776 2969; x_wconf 86' lang='lat' dir='ltr'><strong>vescuntur;</strong></span> <span class='ocrx_word' id='word_1_296' title='bbox 3815 2904 3872 2957; x_wconf 80' lang='lat' dir='ltr'><strong>ait</strong></span> 
     </span>
    </p>
   </div>
   <div class='ocr_carea' id='block_1_46' title="bbox 2326 3013 2613 3053">
    <p class='ocr_par' dir='ltr' id='par_1_46' title="bbox 2326 3013 2613 3053">
     <span class='ocr_line' id='line_1_46' title="bbox 2326 3013 2613 3053; baseline -0.007 0"><span class='ocrx_word' id='word_1_297' title='bbox 2326 3013 2473 3053; x_wconf 82' lang='lat' dir='ltr'><strong>enim</strong></span> <span class='ocrx_word' id='word_1_298' title='bbox 2501 3013 2578 3053; x_wconf 86' lang='lat' dir='ltr'><strong>SIC</strong></span> <span class='ocrx_word' id='word_1_299' title='bbox 2601 3015 2613 3051; x_wconf 72' lang='grc' dir='ltr'>ἒ</span> 
     </span>
    </p>
   </div>
   <div class='ocr_carea' id='block_1_47' title="bbox 641 3084 3870 3176">
    <p class='ocr_par' dir='ltr' id='par_1_47' title="bbox 641 3084 3870 3176">
     <span class='ocr_line' id='line_1_47' title="bbox 641 3084 3870 3176; baseline 0.002 -39"><span class='ocrx_word' id='word_1_300' title='bbox 641 3093 697 3138; x_wconf 84' lang='lat' dir='ltr'><strong>et</strong></span> <span class='ocrx_word' id='word_1_301' title='bbox 727 3084 779 3138; x_wconf 90' lang='lat' dir='ltr'><strong>in</strong></span> <span class='ocrx_word' id='word_1_302' title='bbox 807 3086 1132 3155; x_wconf 85' lang='lat' dir='ltr'><strong>quibusdam</strong></span> <span class='ocrx_word' id='word_1_303' title='bbox 1160 3089 1557 3154; x_wconf 86' lang='lat' dir='ltr'><strong>contractibus,</strong></span> <span class='ocrx_word' id='word_1_304' title='bbox 1591 3089 1778 3159; x_wconf 89' lang='lat' dir='ltr'><strong>quales</strong></span> <span class='ocrx_word' id='word_1_305' title='bbox 1795 3105 1915 3144; x_wconf 89' lang='lat' dir='ltr'><strong>esse</strong></span> <span class='ocrx_word' id='word_1_306' title='bbox 1937 3091 2137 3145; x_wconf 79' lang='lat' dir='ltr'><strong>debent</strong></span> <span class='ocrx_word' id='word_1_307' title='bbox 2165 3090 2221 3144; x_wconf 89' lang='lat' dir='ltr'><strong>hi</strong></span> <span class='ocrx_word' id='word_1_308' title='bbox 2251 3120 2294 3176; x_wconf 66' lang='grc' dir='ltr'>ο</span> <span class='ocrx_word' id='word_1_309' title='bbox 2398 3089 2624 3144; x_wconf 81' lang='lat' dir='ltr'><strong>Locutus</strong></span> <span class='ocrx_word' id='word_1_310' title='bbox 2650 3101 2724 3145; x_wconf 85' lang='lat' dir='ltr'><strong>est</strong></span> <span class='ocrx_word' id='word_1_311' title='bbox 2758 3091 3011 3145; x_wconf 87' lang='lat' dir='ltr'><strong>Dominus</strong></span> <span class='ocrx_word' id='word_1_312' title='bbox 3045 3092 3115 3145; x_wconf 89' lang='lat' dir='ltr'><strong>ad</strong></span> <span class='ocrx_word' id='word_1_313' title='bbox 3143 3089 3359 3161; x_wconf 78' lang='lat' dir='ltr'><strong>Moysen</strong></span> <span class='ocrx_word' id='word_1_314' title='bbox 3390 3101 3437 3145; x_wconf 87' lang='lat' dir='ltr'><strong>et</strong></span> <span class='ocrx_word' id='word_1_315' title='bbox 3462 3092 3643 3145; x_wconf 79' lang='lat' dir='ltr'><strong>Aaron</strong></span> <span class='ocrx_word' id='word_1_316' title='bbox 3683 3092 3870 3144; x_wconf 80' lang='lat' dir='ltr'><strong>dicm:</strong></span> 
     </span>
    </p>
   </div>
   <div class='ocr_carea' id='block_1_48' title="bbox 640 3176 2225 3252">
    <p class='ocr_par' dir='ltr' id='par_1_48' title="bbox 640 3176 2225 3252">
     <span class='ocr_line' id='line_1_48' title="bbox 640 3176 2225 3252; baseline 0.004 -22"><span class='ocrx_word' id='word_1_317' title='bbox 640 3176 733 3246; x_wconf 92' lang='lat' dir='ltr'><strong>qui</strong></span> <span class='ocrx_word' id='word_1_318' title='bbox 756 3193 972 3248; x_wconf 87' lang='lat' dir='ltr'><strong>semper</strong></span> <span class='ocrx_word' id='word_1_319' title='bbox 995 3179 1182 3234; x_wconf 86' lang='lat' dir='ltr'><strong>volunt</strong></span> <span class='ocrx_word' id='word_1_320' title='bbox 1208 3195 1331 3236; x_wconf 88' lang='lat' dir='ltr'><strong>esse</strong></span> <span class='ocrx_word' id='word_1_321' title='bbox 1384 3196 1507 3236; x_wconf 91' lang='lat' dir='ltr'><strong>cum</strong></span> <span class='ocrx_word' id='word_1_322' title='bbox 1566 3182 1699 3245; x_wconf 87' lang='lat' dir='ltr'><strong>Deo,</strong></span> <span class='ocrx_word' id='word_1_323' title='bbox 1756 3182 2030 3252; x_wconf 69' lang='lat' dir='ltr'><strong>praecepit.</strong></span> <span class='ocrx_word' id='word_1_324' title='bbox 2084 3180 2225 3252; x_wconf 83' lang='lat' dir='ltr'><strong>Ergo</strong></span> 
     </span>
    </p>
   </div>
   <div class='ocr_carea' id='block_1_49' title="bbox 637 3265 1682 3340">
    <p class='ocr_par' dir='ltr' id='par_1_49' title="bbox 637 3265 1682 3340">
     <span class='ocr_line' id='line_1_49' title="bbox 637 3265 1682 3340; baseline 0.004 -19"><span class='ocrx_word' id='word_1_325' title='bbox 637 3265 749 3337; x_wconf 88' lang='lat' dir='ltr'><strong>jam</strong></span> <span class='ocrx_word' id='word_1_326' title='bbox 776 3268 843 3322; x_wconf 88' lang='lat' dir='ltr'><strong>ad</strong></span> <span class='ocrx_word' id='word_1_327' title='bbox 870 3268 984 3339; x_wconf 86' lang='lat' dir='ltr'><strong>ipsa</strong></span> <span class='ocrx_word' id='word_1_328' title='bbox 1013 3270 1148 3340; x_wconf 85' lang='lat' dir='ltr'><strong>legis</strong></span> <span class='ocrx_word' id='word_1_329' title='bbox 1179 3272 1345 3326; x_wconf 85' lang='lat' dir='ltr'><strong>verba</strong></span> <span class='ocrx_word' id='word_1_330' title='bbox 1373 3274 1682 3327; x_wconf 90' lang='lat' dir='ltr'><strong>veniamus.</strong></span> 
     </span>
    </p>
   </div>
   <div class='ocr_carea' id='block_1_50' title="bbox 1200 3376 1621 3479">
    <p class='ocr_par' dir='ltr' id='par_1_50' title="bbox 1200 3376 1621 3479">
     <span class='ocr_line' id='line_1_50' title="bbox 1200 3376 1621 3479; baseline 0.002 -1"><span class='ocrx_word' id='word_1_331' title='bbox 1200 3376 1207 3393; x_wconf 30' lang='lat' dir='ltr'><strong><em>I</em></strong></span> <span class='ocrx_word' id='word_1_332' title='bbox 1256 3422 1484 3479; x_wconf 77' lang='lat' dir='ltr'><strong>CAPUT</strong></span> <span class='ocrx_word' id='word_1_333' title='bbox 1527 3423 1621 3479; x_wconf 84' lang='lat' dir='ltr'><strong>XI.</strong></span> 
     </span>
    </p>
   </div>
   <div class='ocr_carea' id='block_1_51' title="bbox 712 3554 2228 3631">
    <p class='ocr_par' dir='ltr' id='par_1_51' title="bbox 712 3554 2228 3631">
     <span class='ocr_line' id='line_1_51' title="bbox 712 3554 2228 3631; baseline 0.005 -22"><span class='ocrx_word' id='word_1_334' title='bbox 712 3554 873 3609; x_wconf 75' lang='lat' dir='ltr'><strong>V&#39;sns.</strong></span> <span class='ocrx_word' id='word_1_335' title='bbox 894 3555 1003 3609; x_wconf 82' lang='grc'><strong>1-8.</strong></span> <span class='ocrx_word' id='word_1_336' title='bbox 1045 3575 1063 3606; x_wconf 75' lang='grc' dir='ltr'>σ</span> <span class='ocrx_word' id='word_1_337' title='bbox 1100 3555 1342 3611; x_wconf 90' lang='lat' dir='ltr'><strong>Locutus</strong></span> <span class='ocrx_word' id='word_1_338' title='bbox 1374 3566 1458 3612; x_wconf 88' lang='lat' dir='ltr'><strong>est</strong></span> <span class='ocrx_word' id='word_1_339' title='bbox 1493 3557 1758 3613; x_wconf 89' lang='lat' dir='ltr'><strong>Dominus</strong></span> <span class='ocrx_word' id='word_1_340' title='bbox 1801 3559 1870 3614; x_wconf 88' lang='lat' dir='ltr'><strong>ad</strong></span> <span class='ocrx_word' id='word_1_341' title='bbox 1916 3558 2134 3631; x_wconf 82' lang='lat' dir='ltr'><strong>Moysen</strong></span> <span class='ocrx_word' id='word_1_342' title='bbox 2173 3570 2228 3616; x_wconf 90' lang='lat' dir='ltr'><strong>et</strong></span> 
     </span>
    </p>
   </div>
   <div class='ocr_carea' id='block_1_52' title="bbox 641 3644 2228 3706">
    <p class='ocr_par' dir='ltr' id='par_1_52' title="bbox 641 3644 2228 3706">
     <span class='ocr_line' id='line_1_52' title="bbox 641 3644 2228 3706; baseline 0.003 -5"><span class='ocrx_word' id='word_1_343' title='bbox 641 3644 822 3701; x_wconf 81' lang='lat' dir='ltr'><strong>Aaron</strong></span> <span class='ocrx_word' id='word_1_344' title='bbox 837 3646 1029 3701; x_wconf 90' lang='lat' dir='ltr'><strong>dicens</strong></span> <span class='ocrx_word' id='word_1_345' title='bbox 1052 3664 1065 3699; x_wconf 77' lang='grc' dir='ltr'>ε</span> <span class='ocrx_word' id='word_1_346' title='bbox 1091 3647 1264 3702; x_wconf 77' lang='lat' dir='ltr'><strong>Dicite</strong></span> <span class='ocrx_word' id='word_1_347' title='bbox 1294 3649 1419 3703; x_wconf 91' lang='lat' dir='ltr'><strong>ﬁliis</strong></span> <span class='ocrx_word' id='word_1_348' title='bbox 1450 3650 1614 3704; x_wconf 84' lang='lat' dir='ltr'><strong>Israel</strong></span> <span class='ocrx_word' id='word_1_349' title='bbox 1640 3652 1803 3706; x_wconf 71' lang='lat' dir='ltr'><strong>:Hzee</strong></span> <span class='ocrx_word' id='word_1_350' title='bbox 1832 3652 2228 3706; x_wconf 87' lang='lat' dir='ltr'><strong>suntanimalia</strong></span> 
     </span>
    </p>
   </div>
   <div class='ocr_carea' id='block_1_53' title="bbox 641 3740 2225 3808">
    <p class='ocr_par' dir='ltr' id='par_1_53' title="bbox 641 3740 2225 3808">
     <span class='ocr_line' id='line_1_53' title="bbox 641 3740 2225 3808; baseline 0.004 -16"><span class='ocrx_word' id='word_1_351' title='bbox 641 3755 762 3808; x_wconf 67' lang='lat' dir='ltr'><strong>qua:</strong></span> <span class='ocrx_word' id='word_1_352' title='bbox 795 3740 1083 3794; x_wconf 89' lang='lat' dir='ltr'><strong>comedere</strong></span> <span class='ocrx_word' id='word_1_353' title='bbox 1116 3740 1328 3795; x_wconf 86' lang='lat' dir='ltr'><strong>debetis</strong></span> <span class='ocrx_word' id='word_1_354' title='bbox 1346 3741 1413 3795; x_wconf 91' lang='lat' dir='ltr'><strong>de</strong></span> <span class='ocrx_word' id='word_1_355' title='bbox 1436 3743 2030 3797; x_wconf 88' lang='lat' dir='ltr'><strong>cunctisanimantibus</strong></span> <span class='ocrx_word' id='word_1_356' title='bbox 2047 3753 2225 3799; x_wconf 60' lang='lat' dir='ltr'><strong>terrai.</strong></span> 
     </span>
    </p>
   </div>
   <div class='ocr_carea' id='block_1_54' title="bbox 642 3830 2226 3906">
    <p class='ocr_par' dir='ltr' id='par_1_54' title="bbox 642 3830 2226 3906">
     <span class='ocr_line' id='line_1_54' title="bbox 642 3830 2226 3906; baseline 0.003 -21"><span class='ocrx_word' id='word_1_357' title='bbox 642 3830 817 3885; x_wconf 91' lang='lat' dir='ltr'><strong>Omne</strong></span> <span class='ocrx_word' id='word_1_358' title='bbox 868 3832 1013 3901; x_wconf 91' lang='lat' dir='ltr'><strong>quod</strong></span> <span class='ocrx_word' id='word_1_359' title='bbox 1064 3833 1229 3887; x_wconf 86' lang='lat' dir='ltr'><strong>habet</strong></span> <span class='ocrx_word' id='word_1_360' title='bbox 1269 3834 1498 3889; x_wconf 83' lang='lat' dir='ltr'><strong>divisam</strong></span> <span class='ocrx_word' id='word_1_361' title='bbox 1527 3835 1881 3906; x_wconf 90' lang='lat' dir='ltr'><strong>ungulam,et</strong></span> <span class='ocrx_word' id='word_1_362' title='bbox 1908 3836 2148 3890; x_wconf 89' lang='lat' dir='ltr'><strong>ruminat</strong></span> <span class='ocrx_word' id='word_1_363' title='bbox 2174 3836 2226 3889; x_wconf 93' lang='lat' dir='ltr'><strong>in</strong></span> 
     </span>
    </p>
   </div>
   <div class='ocr_carea' id='block_1_55' title="bbox 643 3923 2230 3996">
    <p class='ocr_par' dir='ltr' id='par_1_55' title="bbox 643 3923 2230 3996">
     <span class='ocr_line' id='line_1_55' title="bbox 643 3923 2230 3996; baseline 0.003 -19"><span class='ocrx_word' id='word_1_364' title='bbox 643 3923 960 3993; x_wconf 84' lang='lat' dir='ltr'><strong>pecoribus,</strong></span> <span class='ocrx_word' id='word_1_365' title='bbox 999 3926 1299 3980; x_wconf 91' lang='lat' dir='ltr'><strong>comedetis</strong></span> <span class='ocrx_word' id='word_1_366' title='bbox 1334 3943 1347 3979; x_wconf 89' lang='lat'><strong>:</strong></span> <span class='ocrx_word' id='word_1_367' title='bbox 1380 3926 1646 3996; x_wconf 88' lang='lat' dir='ltr'><strong>quidquid</strong></span> <span class='ocrx_word' id='word_1_368' title='bbox 1672 3936 1854 3981; x_wconf 89' lang='lat' dir='ltr'><strong>autem</strong></span> <span class='ocrx_word' id='word_1_369' title='bbox 1888 3928 2147 3992; x_wconf 87' lang='lat' dir='ltr'><strong>ruminat,</strong></span> <span class='ocrx_word' id='word_1_370' title='bbox 2176 3936 2230 3982; x_wconf 90' lang='lat' dir='ltr'><strong>et</strong></span> 
     </span>
    </p>
   </div>
   <div class='ocr_carea' id='block_1_56' title="bbox 645 4016 2225 4089">
    <p class='ocr_par' dir='ltr' id='par_1_56' title="bbox 645 4016 2225 4089">
     <span class='ocr_line' id='line_1_56' title="bbox 645 4016 2225 4089; baseline 0.003 -20"><span class='ocrx_word' id='word_1_371' title='bbox 645 4016 811 4071; x_wconf 86' lang='lat' dir='ltr'><strong>habet</strong></span> <span class='ocrx_word' id='word_1_372' title='bbox 838 4018 1116 4089; x_wconf 79' lang='lat' dir='ltr'><strong>ungulam,</strong></span> <span class='ocrx_word' id='word_1_373' title='bbox 1144 4020 1241 4075; x_wconf 87' lang='lat' dir='ltr'><strong>s&#39;ed</strong></span> <span class='ocrx_word' id='word_1_374' title='bbox 1265 4036 1374 4074; x_wconf 92' lang='lat' dir='ltr'><strong>non</strong></span> <span class='ocrx_word' id='word_1_375' title='bbox 1405 4020 1599 4075; x_wconf 83' lang='lat' dir='ltr'><strong>dividit</strong></span> <span class='ocrx_word' id='word_1_376' title='bbox 1628 4036 1772 4086; x_wconf 90' lang='lat' dir='ltr'><strong>eam,</strong></span> <span class='ocrx_word' id='word_1_377' title='bbox 1802 4020 1943 4075; x_wconf 89' lang='lat' dir='ltr'><strong>sicut</strong></span> <span class='ocrx_word' id='word_1_378' title='bbox 1967 4020 2225 4082; x_wconf 86' lang='lat' dir='ltr'><strong>camelus,</strong></span> 
     </span>
    </p>
   </div>
   <div class='ocr_carea' id='block_1_57' title="bbox 643 4113 2229 4183">
    <p class='ocr_par' dir='ltr' id='par_1_57' title="bbox 643 4113 2229 4183">
     <span class='ocr_line' id='line_1_57' title="bbox 643 4113 2229 4183; baseline 0.002 -19"><span class='ocrx_word' id='word_1_379' title='bbox 643 4120 701 4164; x_wconf 90' lang='lat' dir='ltr'><strong>et</strong></span> <span class='ocrx_word' id='word_1_380' title='bbox 716 4119 934 4175; x_wconf 67' lang='lat' dir='ltr'><strong>caetera,</strong></span> <span class='ocrx_word' id='word_1_381' title='bbox 966 4128 1075 4165; x_wconf 89' lang='lat' dir='ltr'><strong>non</strong></span> <span class='ocrx_word' id='word_1_382' title='bbox 1097 4114 1400 4168; x_wconf 90' lang='lat' dir='ltr'><strong>comedetis</strong></span> <span class='ocrx_word' id='word_1_383' title='bbox 1423 4113 1576 4178; x_wconf 88' lang='lat' dir='ltr'><strong>illud,</strong></span> <span class='ocrx_word' id='word_1_384' title='bbox 1597 4113 1741 4167; x_wconf 89' lang='lat' dir='ltr'><strong>inter</strong></span> <span class='ocrx_word' id='word_1_385' title='bbox 1764 4113 2043 4168; x_wconf 90' lang='lat' dir='ltr'><strong>immunda</strong></span> <span class='ocrx_word' id='word_1_386' title='bbox 2063 4129 2229 4183; x_wconf 89' lang='lat' dir='ltr'><strong>repu-</strong></span> 
     </span>
    </p>
   </div>
   <div class='ocr_carea' id='block_1_58' title="bbox 645 4203 2229 4275">
    <p class='ocr_par' dir='ltr' id='par_1_58' title="bbox 645 4203 2229 4275">
     <span class='ocr_line' id='line_1_58' title="bbox 645 4203 2229 4275; baseline 0.001 -18"><span class='ocrx_word' id='word_1_387' title='bbox 645 4203 850 4257; x_wconf 82' lang='lat' dir='ltr'><strong>tabitis.</strong></span> <span class='ocrx_word' id='word_1_388' title='bbox 874 4203 1269 4275; x_wconf 82' lang='lat' dir='ltr'><strong>Chirogryllus,</strong></span> <span class='ocrx_word' id='word_1_389' title='bbox 1297 4203 1389 4275; x_wconf 88' lang='lat' dir='ltr'><strong>qui</strong></span> <span class='ocrx_word' id='word_1_390' title='bbox 1425 4206 1685 4271; x_wconf 88' lang='lat' dir='ltr'><strong>ruminat,</strong></span> <span class='ocrx_word' id='word_1_391' title='bbox 1718 4207 2088 4275; x_wconf 80' lang='lat' dir='ltr'><strong>ungulamque</strong></span> <span class='ocrx_word' id='word_1_392' title='bbox 2116 4221 2229 4260; x_wconf 92' lang='lat' dir='ltr'><strong>non</strong></span> 
     </span>
    </p>
   </div>
   <div class='ocr_carea' id='block_1_59' title="bbox 644 4295 2228 4368">
    <p class='ocr_par' dir='ltr' id='par_1_59' title="bbox 644 4295 2228 4368">
     <span class='ocr_line' id='line_1_59' title="bbox 644 4295 2228 4368; baseline 0.001 -19"><span class='ocrx_word' id='word_1_393' title='bbox 644 4295 858 4357; x_wconf 82' lang='lat' dir='ltr'><strong>dividit,</strong></span> <span class='ocrx_word' id='word_1_394' title='bbox 892 4295 1206 4351; x_wconf 89' lang='lat' dir='ltr'><strong>immundus</strong></span> <span class='ocrx_word' id='word_1_395' title='bbox 1237 4306 1340 4351; x_wconf 90' lang='lat' dir='ltr'><strong>est.</strong></span> <span class='ocrx_word' id='word_1_396' title='bbox 1378 4296 1558 4367; x_wconf 85' lang='lat' dir='ltr'><strong>Lepus</strong></span> <span class='ocrx_word' id='word_1_397' title='bbox 1589 4314 1825 4368; x_wconf 88' lang='lat' dir='ltr'><strong>quoque,</strong></span> <span class='ocrx_word' id='word_1_398' title='bbox 1861 4313 1987 4351; x_wconf 88' lang='lat' dir='ltr'><strong>nam</strong></span> <span class='ocrx_word' id='word_1_399' title='bbox 2015 4306 2071 4351; x_wconf 89' lang='lat' dir='ltr'><strong>et</strong></span> <span class='ocrx_word' id='word_1_400' title='bbox 2111 4298 2228 4367; x_wconf 93' lang='lat' dir='ltr'><strong>ipse</strong></span> 
     </span>
    </p>
   </div>
   <div class='ocr_carea' id='block_1_60' title="bbox 646 4387 2224 4459">
    <p class='ocr_par' dir='ltr' id='par_1_60' title="bbox 646 4387 2224 4459">
     <span class='ocr_line' id='line_1_60' title="bbox 646 4387 2224 4459; baseline 0.001 -18"><span class='ocrx_word' id='word_1_401' title='bbox 646 4387 903 4451; x_wconf 88' lang='lat' dir='ltr'><strong>ruminat,</strong></span> <span class='ocrx_word' id='word_1_402' title='bbox 935 4388 1028 4442; x_wconf 88' lang='lat' dir='ltr'><strong>sed</strong></span> <span class='ocrx_word' id='word_1_403' title='bbox 1054 4390 1308 4459; x_wconf 78' lang='lat' dir='ltr'><strong>ungulam</strong></span> <span class='ocrx_word' id='word_1_404' title='bbox 1337 4404 1444 4443; x_wconf 90' lang='lat' dir='ltr'><strong>non</strong></span> <span class='ocrx_word' id='word_1_405' title='bbox 1474 4389 1668 4444; x_wconf 77' lang='lat' dir='ltr'><strong>dividit</strong></span> <span class='ocrx_word' id='word_1_406' title='bbox 1702 4408 1715 4444; x_wconf 88' lang='lat'><strong>:</strong></span> <span class='ocrx_word' id='word_1_407' title='bbox 1761 4398 1817 4443; x_wconf 88' lang='lat' dir='ltr'><strong>et</strong></span> <span class='ocrx_word' id='word_1_408' title='bbox 1854 4403 1947 4443; x_wconf 85' lang='lat' dir='ltr'><strong>sus</strong></span> <span class='ocrx_word' id='word_1_409' title='bbox 1975 4388 2067 4458; x_wconf 88' lang='lat' dir='ltr'><strong>qui</strong></span> <span class='ocrx_word' id='word_1_410' title='bbox 2099 4403 2224 4442; x_wconf 89' lang='lat' dir='ltr'><strong>cum</strong></span> 
     </span>
    </p>
   </div>
   <div class='ocr_carea' id='block_1_61' title="bbox 2328 3180 3870 3251">
    <p class='ocr_par' dir='ltr' id='par_1_61' title="bbox 2328 3180 3870 3251">
     <span class='ocr_line' id='line_1_61' title="bbox 2328 3180 3870 3251; baseline 0 -18"><span class='ocrx_word' id='word_1_411' title='bbox 2328 3180 2500 3234; x_wconf 85' lang='lat' dir='ltr'><strong>Dicite</strong></span> <span class='ocrx_word' id='word_1_412' title='bbox 2526 3182 2652 3250; x_wconf 82' lang='lat' dir='ltr'><strong>ﬁliis</strong></span> <span class='ocrx_word' id='word_1_413' title='bbox 2695 3182 2866 3236; x_wconf 89' lang='lat' dir='ltr'><strong>Israel</strong></span> <span class='ocrx_word' id='word_1_414' title='bbox 2895 3200 2913 3236; x_wconf 86' lang='lat'><strong>.&#39;</strong></span> <span class='ocrx_word' id='word_1_415' title='bbox 2948 3183 3073 3236; x_wconf 73' lang='lat' dir='ltr'><strong>Ila&#39;c</strong></span> <span class='ocrx_word' id='word_1_416' title='bbox 3115 3192 3237 3236; x_wconf 83' lang='lat' dir='ltr'><strong>sunt</strong></span> <span class='ocrx_word' id='word_1_417' title='bbox 3280 3183 3543 3236; x_wconf 86' lang='lat' dir='ltr'><strong>animalia</strong></span> <span class='ocrx_word' id='word_1_418' title='bbox 3580 3200 3693 3251; x_wconf 77' lang='lat' dir='ltr'><strong>qua:</strong></span> <span class='ocrx_word' id='word_1_419' title='bbox 3733 3198 3870 3234; x_wconf 76' lang='lat' dir='ltr'><strong>come-</strong></span> 
     </span>
    </p>
   </div>
   <div class='ocr_carea' id='block_1_62' title="bbox 2326 3274 3872 3331">
    <p class='ocr_par' dir='ltr' id='par_1_62' title="bbox 2326 3274 3872 3331">
     <span class='ocr_line' id='line_1_62' title="bbox 2326 3274 3872 3331; baseline 0.001 -6"><span class='ocrx_word' id='word_1_420' title='bbox 2326 3274 2447 3327; x_wconf 86' lang='lat' dir='ltr'><strong>dere</strong></span> <span class='ocrx_word' id='word_1_421' title='bbox 2477 3275 2668 3328; x_wconf 83' lang='lat' dir='ltr'><strong>debetis</strong></span> <span class='ocrx_word' id='word_1_422' title='bbox 2688 3276 2749 3329; x_wconf 89' lang='lat' dir='ltr'><strong>de</strong></span> <span class='ocrx_word' id='word_1_423' title='bbox 2765 3278 2960 3329; x_wconf 87' lang='lat' dir='ltr'><strong>cunctis</strong></span> <span class='ocrx_word' id='word_1_424' title='bbox 2988 3277 3346 3330; x_wconf 85' lang='lat' dir='ltr'><strong>animantibus</strong></span> <span class='ocrx_word' id='word_1_425' title='bbox 3394 3287 3569 3331; x_wconf 67' lang='lat' dir='ltr'><strong>terrm.</strong></span> <span class='ocrx_word' id='word_1_426' title='bbox 3599 3275 3872 3331; x_wconf 85' lang='lat' dir='ltr'><strong>Communis</strong></span> 
     </span>
    </p>
   </div>
   <div class='ocr_carea' id='block_1_63' title="bbox 2327 3360 3871 3440">
    <p class='ocr_par' dir='ltr' id='par_1_63' title="bbox 2327 3360 3871 3440">
     <span class='ocr_line' id='line_1_63' title="bbox 2327 3360 3871 3440; baseline -0.001 -19"><span class='ocrx_word' id='word_1_427' title='bbox 2327 3377 2411 3421; x_wconf 90' lang='lat' dir='ltr'><strong>est</strong></span> <span class='ocrx_word' id='word_1_428' title='bbox 2445 3360 2549 3429; x_wconf 76' lang='lat' dir='ltr'><strong>lex,</strong></span> <span class='ocrx_word' id='word_1_429' title='bbox 2579 3368 2893 3423; x_wconf 88' lang='lat' dir='ltr'><strong>tnandatum</strong></span> <span class='ocrx_word' id='word_1_430' title='bbox 2924 3368 3030 3424; x_wconf 92' lang='lat' dir='ltr'><strong>hoc</strong></span> <span class='ocrx_word' id='word_1_431' title='bbox 3055 3370 3121 3424; x_wconf 87' lang='lat' dir='ltr'><strong>ad</strong></span> <span class='ocrx_word' id='word_1_432' title='bbox 3148 3384 3339 3424; x_wconf 90' lang='lat' dir='ltr'><strong>omnes</strong></span> <span class='ocrx_word' id='word_1_433' title='bbox 3354 3372 3615 3440; x_wconf 87' lang='lat' dir='ltr'><strong>pertinet.</strong></span> <span class='ocrx_word' id='word_1_434' title='bbox 3642 3370 3871 3437; x_wconf 81' lang='lat' dir='ltr'><strong>totiusque</strong></span> 
     </span>
    </p>
   </div>
   <div class='ocr_carea' id='block_1_64' title="bbox 2330 3461 3869 3534">
    <p class='ocr_par' dir='ltr' id='par_1_64' title="bbox 2330 3461 3869 3534">
     <span class='ocr_line' id='line_1_64' title="bbox 2330 3461 3869 3534; baseline -0.001 -20"><span class='ocrx_word' id='word_1_435' title='bbox 2330 3461 2515 3530; x_wconf 79' lang='lat' dir='ltr'><strong>papuli</strong></span> <span class='ocrx_word' id='word_1_436' title='bbox 2552 3469 2634 3516; x_wconf 82' lang='lat' dir='ltr'><strong>est</strong></span> <span class='ocrx_word' id='word_1_437' title='bbox 2654 3462 2993 3531; x_wconf 88' lang='lat' dir='ltr'><strong>justiﬁcatio.</strong></span> <span class='ocrx_word' id='word_1_438' title='bbox 3014 3462 3184 3534; x_wconf 87' lang='lat' dir='ltr'><strong>Loqui</strong></span> <span class='ocrx_word' id='word_1_439' title='bbox 3214 3464 3360 3518; x_wconf 89' lang='lat' dir='ltr'><strong>enim</strong></span> <span class='ocrx_word' id='word_1_440' title='bbox 3391 3464 3515 3518; x_wconf 90' lang='lat' dir='ltr'><strong>ﬁliis</strong></span> <span class='ocrx_word' id='word_1_441' title='bbox 3542 3464 3728 3527; x_wconf 87' lang='lat' dir='ltr'><strong>Israel,</strong></span> <span class='ocrx_word' id='word_1_442' title='bbox 3752 3463 3869 3516; x_wconf 77' lang='lat' dir='ltr'><strong>omni</strong></span> 
     </span>
    </p>
   </div>
   <div class='ocr_carea' id='block_1_65' title="bbox 2329 3553 3872 3627">
    <p class='ocr_par' dir='ltr' id='par_1_65' title="bbox 2329 3553 3872 3627">
     <span class='ocr_line' id='line_1_65' title="bbox 2329 3553 3872 3627; baseline -0.001 -20"><span class='ocrx_word' id='word_1_443' title='bbox 2329 3553 2585 3608; x_wconf 88' lang='lat' dir='ltr'><strong>videlicet</strong></span> <span class='ocrx_word' id='word_1_444' title='bbox 2628 3555 2851 3626; x_wconf 89' lang='lat' dir='ltr'><strong>populo,</strong></span> <span class='ocrx_word' id='word_1_445' title='bbox 2885 3558 3166 3627; x_wconf 64' lang='lat' dir='ltr'><strong>praecepit.</strong></span> <span class='ocrx_word' id='word_1_446' title='bbox 3229 3556 3370 3623; x_wconf 86' lang='lat' dir='ltr'><strong>Quid</strong></span> <span class='ocrx_word' id='word_1_447' title='bbox 3407 3568 3596 3612; x_wconf 87' lang='lat' dir='ltr'><strong>autem</strong></span> <span class='ocrx_word' id='word_1_448' title='bbox 3654 3556 3872 3627; x_wconf 62' lang='lat' dir='ltr'><strong>precept</strong></span> 
     </span>
    </p>
   </div>
   <div class='ocr_carea' id='block_1_66' title="bbox 2330 3646 2543 3715">
    <p class='ocr_par' dir='ltr' id='par_1_66' title="bbox 2330 3646 2543 3715">
     <span class='ocr_line' id='line_1_66' title="bbox 2330 3646 2543 3715; baseline 0 -16"><span class='ocrx_word' id='word_1_449' title='bbox 2330 3646 2473 3715; x_wconf 90' lang='lat' dir='ltr'><strong>loqui</strong></span> <span class='ocrx_word' id='word_1_450' title='bbox 2496 3648 2543 3699; x_wconf 69' lang='grc' dir='ltr'><strong>ἳ-</strong></span> 
     </span>
    </p>
   </div>
   <div class='ocr_carea' id='block_1_67' title="bbox 2400 3738 3869 3805">
    <p class='ocr_par' dir='ltr' id='par_1_67' title="bbox 2400 3738 3869 3805">
     <span class='ocr_line' id='line_1_67' title="bbox 2400 3738 3869 3805; baseline -0.002 -13"><span class='ocrx_word' id='word_1_451' title='bbox 2400 3738 2524 3793; x_wconf 75' lang='lat' dir='ltr'><strong>Hcce</strong></span> <span class='ocrx_word' id='word_1_452' title='bbox 2543 3750 2664 3793; x_wconf 89' lang='lat' dir='ltr'><strong>sunt</strong></span> <span class='ocrx_word' id='word_1_453' title='bbox 2693 3741 2953 3794; x_wconf 86' lang='lat' dir='ltr'><strong>animalia</strong></span> <span class='ocrx_word' id='word_1_454' title='bbox 2976 3757 3093 3805; x_wconf 72' lang='lat' dir='ltr'><strong>qua!</strong></span> <span class='ocrx_word' id='word_1_455' title='bbox 3128 3742 3395 3794; x_wconf 86' lang='lat' dir='ltr'><strong>comedere</strong></span> <span class='ocrx_word' id='word_1_456' title='bbox 3423 3742 3641 3805; x_wconf 70' lang='lat' dir='ltr'><strong>debetis,</strong></span> <span class='ocrx_word' id='word_1_457' title='bbox 3674 3743 3731 3793; x_wconf 82' lang='lat' dir='ltr'><strong>de</strong></span> <span class='ocrx_word' id='word_1_458' title='bbox 3770 3755 3869 3791; x_wconf 74' lang='lat' dir='ltr'><strong>cuti-</strong></span> 
     </span>
    </p>
   </div>
   <div class='ocr_carea' id='block_1_68' title="bbox 2330 3834 3864 3905">
    <p class='ocr_par' dir='ltr' id='par_1_68' title="bbox 2330 3834 3864 3905">
     <span class='ocr_line' id='line_1_68' title="bbox 2330 3834 3864 3905; baseline -0.002 -21"><span class='ocrx_word' id='word_1_459' title='bbox 2330 3834 2427 3885; x_wconf 89' lang='lat' dir='ltr'><strong>ctis</strong></span> <span class='ocrx_word' id='word_1_460' title='bbox 2456 3834 2819 3888; x_wconf 86' lang='lat' dir='ltr'><strong>animantibus</strong></span> <span class='ocrx_word' id='word_1_461' title='bbox 2846 3844 3023 3889; x_wconf 76' lang='lat' dir='ltr'><strong>terrre.</strong></span> <span class='ocrx_word' id='word_1_462' title='bbox 3042 3834 3393 3905; x_wconf 84' lang='lat' dir='ltr'><strong>Nequaquam</strong></span> <span class='ocrx_word' id='word_1_463' title='bbox 3439 3845 3627 3889; x_wconf 89' lang='lat' dir='ltr'><strong>autem</strong></span> <span class='ocrx_word' id='word_1_464' title='bbox 3680 3834 3864 3889; x_wconf 71' lang='lat' dir='ltr'><strong>diceret,</strong></span> 
     </span>
    </p>
   </div>
   <div class='ocr_carea' id='block_1_69' title="bbox 2330 3924 3867 3993">
    <p class='ocr_par' dir='ltr' id='par_1_69' title="bbox 2330 3924 3867 3993">
     <span class='ocr_line' id='line_1_69' title="bbox 2330 3924 3867 3993; baseline -0.002 -16"><span class='ocrx_word' id='word_1_465' title='bbox 2330 3924 2398 3977; x_wconf 91' lang='lat' dir='ltr'><strong>de</strong></span> <span class='ocrx_word' id='word_1_466' title='bbox 2456 3925 2828 3980; x_wconf 89' lang='lat' dir='ltr'><strong>animantibus</strong></span> <span class='ocrx_word' id='word_1_467' title='bbox 2886 3935 3067 3993; x_wconf 66' lang='lat' dir='ltr'><strong>terrae,</strong></span> <span class='ocrx_word' id='word_1_468' title='bbox 3122 3927 3231 3980; x_wconf 93' lang='lat' dir='ltr'><strong>nisi</strong></span> <span class='ocrx_word' id='word_1_469' title='bbox 3291 3928 3652 3981; x_wconf 90' lang='lat' dir='ltr'><strong>intentionem</strong></span> <span class='ocrx_word' id='word_1_470' title='bbox 3685 3926 3867 3979; x_wconf 70' lang='lat' dir='ltr'><strong>haberet</strong></span> 
     </span>
    </p>
   </div>
   <div class='ocr_carea' id='block_1_70' title="bbox 2330 4016 3864 4091">
    <p class='ocr_par' dir='ltr' id='par_1_70' title="bbox 2330 4016 3864 4091">
     <span class='ocr_line' id='line_1_70' title="bbox 2330 4016 3864 4091; baseline -0.002 -21"><span class='ocrx_word' id='word_1_471' title='bbox 2330 4017 2398 4071; x_wconf 85' lang='lat' dir='ltr'><strong>ab</strong></span> <span class='ocrx_word' id='word_1_472' title='bbox 2447 4019 2776 4073; x_wconf 89' lang='lat' dir='ltr'><strong>animalibus</strong></span> <span class='ocrx_word' id='word_1_473' title='bbox 2813 4019 3126 4074; x_wconf 65' lang='lat' dir='ltr'><strong>coelestibus</strong></span> <span class='ocrx_word' id='word_1_474' title='bbox 3173 4019 3541 4091; x_wconf 83' lang='lat' dir='ltr'><strong>distinguendi</strong></span> <span class='ocrx_word' id='word_1_475' title='bbox 3584 4038 3598 4073; x_wconf 90' lang='lat'><strong>:</strong></span> <span class='ocrx_word' id='word_1_476' title='bbox 3636 4019 3702 4073; x_wconf 86' lang='lat' dir='ltr'><strong>ibi</strong></span> <span class='ocrx_word' id='word_1_477' title='bbox 3754 4016 3864 4069; x_wconf 77' lang='lat' dir='ltr'><strong>enim</strong></span> 
     </span>
    </p>
   </div>
   <div class='ocr_carea' id='block_1_71' title="bbox 2330 4108 3867 4178">
    <p class='ocr_par' dir='ltr' id='par_1_71' title="bbox 2330 4108 3867 4178">
     <span class='ocr_line' id='line_1_71' title="bbox 2330 4108 3867 4178; baseline -0.003 -16"><span class='ocrx_word' id='word_1_478' title='bbox 2330 4109 2506 4162; x_wconf 89' lang='lat' dir='ltr'><strong>leonis</strong></span> <span class='ocrx_word' id='word_1_479' title='bbox 2555 4124 2677 4164; x_wconf 91' lang='lat' dir='ltr'><strong>esse</strong></span> <span class='ocrx_word' id='word_1_480' title='bbox 2722 4110 2951 4175; x_wconf 80' lang='lat' dir='ltr'><strong>vnltum,</strong></span> <span class='ocrx_word' id='word_1_481' title='bbox 2986 4118 3042 4163; x_wconf 91' lang='lat' dir='ltr'><strong>et</strong></span> <span class='ocrx_word' id='word_1_482' title='bbox 3079 4110 3257 4174; x_wconf 89' lang='lat' dir='ltr'><strong>vituli,</strong></span> <span class='ocrx_word' id='word_1_483' title='bbox 3309 4118 3366 4163; x_wconf 91' lang='lat' dir='ltr'><strong>et</strong></span> <span class='ocrx_word' id='word_1_484' title='bbox 3414 4110 3631 4178; x_wconf 82' lang='lat' dir='ltr'><strong>aquilae,</strong></span> <span class='ocrx_word' id='word_1_485' title='bbox 3670 4108 3793 4162; x_wconf 91' lang='lat' dir='ltr'><strong>sicut</strong></span> <span class='ocrx_word' id='word_1_486' title='bbox 3826 4116 3867 4157; x_wconf 78' lang='lat' dir='ltr'><strong>et</strong></span> 
     </span>
    </p>
   </div>
   <div class='ocr_carea' id='block_1_72' title="bbox 2332 4198 3862 4265">
    <p class='ocr_par' dir='ltr' id='par_1_72' title="bbox 2332 4198 3862 4265">
     <span class='ocr_line' id='line_1_72' title="bbox 2332 4198 3862 4265; baseline -0.002 -12"><span class='ocrx_word' id='word_1_487' title='bbox 2332 4200 2593 4265; x_wconf 89' lang='lat' dir='ltr'><strong>hominis,</strong></span> <span class='ocrx_word' id='word_1_488' title='bbox 2630 4202 2758 4256; x_wconf 91' lang='lat' dir='ltr'><strong>dum</strong></span> <span class='ocrx_word' id='word_1_489' title='bbox 2798 4202 3048 4257; x_wconf 80' lang='lat' dir='ltr'><strong>Ezechiel</strong></span> <span class='ocrx_word' id='word_1_490' title='bbox 3072 4205 3093 4235; x_wconf 82' lang='grc'><strong>⁸</strong></span> <span class='ocrx_word' id='word_1_491' title='bbox 3125 4201 3379 4255; x_wconf 90' lang='lat' dir='ltr'><strong>animalia</strong></span> <span class='ocrx_word' id='word_1_492' title='bbox 3412 4201 3691 4255; x_wconf 86' lang='lat' dir='ltr'><strong>Cherubin</strong></span> <span class='ocrx_word' id='word_1_493' title='bbox 3717 4198 3862 4257; x_wconf 84' lang='lat' dir='ltr'><strong>tradit.</strong></span> 
     </span>
    </p>
   </div>
   <div class='ocr_carea' id='block_1_73' title="bbox 2330 4290 3864 4365">
    <p class='ocr_par' dir='ltr' id='par_1_73' title="bbox 2330 4290 3864 4365">
     <span class='ocr_line' id='line_1_73' title="bbox 2330 4290 3864 4365; baseline -0.007 -18"><span class='ocrx_word' id='word_1_494' title='bbox 2330 4294 2569 4347; x_wconf 86' lang='lat' dir='ltr'><strong>edocuit.</strong></span> <span class='ocrx_word' id='word_1_495' title='bbox 2602 4293 2741 4365; x_wconf 88' lang='lat' dir='ltr'><strong>Ergo</strong></span> <span class='ocrx_word' id='word_1_496' title='bbox 2772 4294 2825 4347; x_wconf 92' lang='lat' dir='ltr'><strong>in</strong></span> <span class='ocrx_word' id='word_1_497' title='bbox 2852 4292 3167 4348; x_wconf 76' lang='lat' dir='ltr'><strong>coelestibus</strong></span> <span class='ocrx_word' id='word_1_498' title='bbox 3195 4292 3523 4345; x_wconf 79' lang='lat' dir='ltr'><strong>animalibus</strong></span> <span class='ocrx_word' id='word_1_499' title='bbox 3544 4290 3773 4345; x_wconf 88' lang='lat' dir='ltr'><strong>custodia</strong></span> <span class='ocrx_word' id='word_1_500' title='bbox 3795 4298 3864 4339; x_wconf 83' lang='lat' dir='ltr'><strong>aut</strong></span> 
     </span>
    </p>
   </div>
   <div class='ocr_carea' id='block_1_74' title="bbox 2331 4386 3864 4456">
    <p class='ocr_par' dir='ltr' id='par_1_74' title="bbox 2331 4386 3864 4456">
     <span class='ocr_line' id='line_1_74' title="bbox 2331 4386 3864 4456; baseline -0.005 -17"><span class='ocrx_word' id='word_1_501' title='bbox 2331 4386 2434 4440; x_wconf 88' lang='lat' dir='ltr'><strong>alia</strong></span> <span class='ocrx_word' id='word_1_502' title='bbox 2465 4386 2957 4456; x_wconf 80' lang='lat' dir='ltr'><strong>circumSpectione</strong></span> <span class='ocrx_word' id='word_1_503' title='bbox 2985 4401 3093 4438; x_wconf 90' lang='lat' dir='ltr'><strong>non</strong></span> <span class='ocrx_word' id='word_1_504' title='bbox 3123 4400 3365 4453; x_wconf 80' lang='lat' dir='ltr'><strong>egemus,</strong></span> <span class='ocrx_word' id='word_1_505' title='bbox 3410 4392 3468 4438; x_wconf 93' lang='lat' dir='ltr'><strong>ut</strong></span> <span class='ocrx_word' id='word_1_506' title='bbox 3516 4395 3864 4455; x_wconf 78' lang='lat' dir='ltr'><strong>cognoscamus</strong></span> 
     </span>
    </p>
   </div>
   <div class='ocr_carea' id='block_1_75' title="bbox 645 4469 3863 4552">
    <p class='ocr_par' dir='ltr' id='par_1_75' title="bbox 645 4469 3863 4552">
     <span class='ocr_line' id='line_1_75' title="bbox 645 4469 3863 4552; baseline -0.004 -17"><span class='ocrx_word' id='word_1_507' title='bbox 645 4481 903 4552; x_wconf 79' lang='lat' dir='ltr'><strong>ungulam</strong></span> <span class='ocrx_word' id='word_1_508' title='bbox 932 4481 1159 4548; x_wconf 90' lang='lat' dir='ltr'><strong>dividat,</strong></span> <span class='ocrx_word' id='word_1_509' title='bbox 1189 4497 1302 4536; x_wconf 90' lang='lat' dir='ltr'><strong>non</strong></span> <span class='ocrx_word' id='word_1_510' title='bbox 1326 4482 1596 4536; x_wconf 90' lang='lat' dir='ltr'><strong>ruminat:</strong></span> <span class='ocrx_word' id='word_1_511' title='bbox 1618 4483 1811 4536; x_wconf 87' lang='lat' dir='ltr'><strong>horum</strong></span> <span class='ocrx_word' id='word_1_512' title='bbox 1844 4481 2101 4536; x_wconf 91' lang='lat' dir='ltr'><strong>carnibus</strong></span> <span class='ocrx_word' id='word_1_513' title='bbox 2115 4496 2226 4534; x_wconf 92' lang='lat' dir='ltr'><strong>non</strong></span> <span class='ocrx_word' id='word_1_514' title='bbox 2259 4469 2306 4528; x_wconf 84' lang='grc' dir='ltr'><strong>Ι)</strong></span> <span class='ocrx_word' id='word_1_515' title='bbox 2331 4492 2453 4547; x_wconf 72' lang='lat' dir='ltr'><strong>quae</strong></span> <span class='ocrx_word' id='word_1_516' title='bbox 2477 4478 2587 4532; x_wconf 91' lang='lat' dir='ltr'><strong>sint</strong></span> <span class='ocrx_word' id='word_1_517' title='bbox 2608 4477 2833 4531; x_wconf 89' lang='lat' dir='ltr'><strong>munda.</strong></span> <span class='ocrx_word' id='word_1_518' title='bbox 2865 4474 3058 4531; x_wconf 89' lang='lat' dir='ltr'><strong>Omnia</strong></span> <span class='ocrx_word' id='word_1_519' title='bbox 3089 4475 3238 4529; x_wconf 88' lang='lat' dir='ltr'><strong>enim</strong></span> <span class='ocrx_word' id='word_1_520' title='bbox 3286 4476 3539 4530; x_wconf 88' lang='lat' dir='ltr'><strong>similiter</strong></span> <span class='ocrx_word' id='word_1_521' title='bbox 3590 4474 3774 4528; x_wconf 88' lang='lat' dir='ltr'><strong>munda</strong></span> <span class='ocrx_word' id='word_1_522' title='bbox 3824 4481 3863 4522; x_wconf 80' lang='lat' dir='ltr'><strong>et</strong></span> 
     </span>
    </p>
   </div>
   <div class='ocr_carea' id='block_1_76' title="bbox 630 4570 2223 4645">
    <p class='ocr_par' dir='ltr' id='par_1_76' title="bbox 630 4570 2223 4645">
     <span class='ocr_line' id='line_1_76' title="bbox 630 4570 2223 4645; baseline -0.004 -15"><span class='ocrx_word' id='word_1_523' title='bbox 630 4570 966 4636; x_wconf 29' lang='lat' dir='ltr'><strong>&#39;vescemini.</strong></span> <span class='ocrx_word' id='word_1_524' title='bbox 989 4590 1093 4630; x_wconf 90' lang='lat' dir='ltr'><strong>nec</strong></span> <span class='ocrx_word' id='word_1_525' title='bbox 1114 4574 1379 4630; x_wconf 85' lang='lat' dir='ltr'><strong>cadavera</strong></span> <span class='ocrx_word' id='word_1_526' title='bbox 1417 4572 1746 4645; x_wconf 82' lang='lat' dir='ltr'><strong>contingetis</strong></span> <span class='ocrx_word' id='word_1_527' title='bbox 1775 4572 1903 4642; x_wconf 89' lang='lat' dir='ltr'><strong>quia</strong></span> <span class='ocrx_word' id='word_1_528' title='bbox 1944 4571 2223 4626; x_wconf 86' lang='lat' dir='ltr'><strong>immunda</strong></span> 
     </span>
    </p>
   </div>
   <div class='ocr_carea' id='block_1_77' title="bbox 643 4668 1567 4727">
    <p class='ocr_par' dir='ltr' id='par_1_77' title="bbox 643 4668 1567 4727">
     <span class='ocr_line' id='line_1_77' title="bbox 643 4668 1567 4727; baseline -0.005 -3"><span class='ocrx_word' id='word_1_529' title='bbox 643 4678 771 4724; x_wconf 86' lang='lat' dir='ltr'><strong>sunt</strong></span> <span class='ocrx_word' id='word_1_530' title='bbox 798 4668 970 4723; x_wconf 86' lang='lat' dir='ltr'><strong>vobis.</strong></span> <span class='ocrx_word' id='word_1_531' title='bbox 1012 4687 1030 4720; x_wconf 72' lang='grc' dir='ltr'><strong>ι</strong></span> <span class='ocrx_word' id='word_1_532' title='bbox 1564 4720 1567 4727; x_wconf 73' lang='grc'><em>,</em></span> 
     </span>
    </p>
   </div>
   <div class='ocr_carea' id='block_1_78' title="bbox 722 4754 2227 4830">
    <p class='ocr_par' dir='ltr' id='par_1_78' title="bbox 722 4754 2227 4830">
     <span class='ocr_line' id='line_1_78' title="bbox 722 4754 2227 4830; baseline -0.001 -19"><span class='ocrx_word' id='word_1_533' title='bbox 722 4760 845 4815; x_wconf 66' lang='grc' dir='ltr'><strong>11ωο</strong></span> <span class='ocrx_word' id='word_1_534' title='bbox 909 4760 978 4815; x_wconf 88' lang='lat' dir='ltr'><strong>de</strong></span> <span class='ocrx_word' id='word_1_535' title='bbox 1006 4761 1207 4830; x_wconf 89' lang='lat' dir='ltr'><strong>quibus</strong></span> <span class='ocrx_word' id='word_1_536' title='bbox 1250 4775 1397 4815; x_wconf 90' lang='lat' dir='ltr'><strong>nunc</strong></span> <span class='ocrx_word' id='word_1_537' title='bbox 1434 4774 1613 4815; x_wconf 90' lang='lat' dir='ltr'><strong>sermo</strong></span> <span class='ocrx_word' id='word_1_538' title='bbox 1647 4766 1750 4823; x_wconf 88' lang='lat' dir='ltr'><strong>est,</strong></span> <span class='ocrx_word' id='word_1_539' title='bbox 1794 4756 1861 4811; x_wconf 92' lang='lat' dir='ltr'><strong>ad</strong></span> <span class='ocrx_word' id='word_1_540' title='bbox 1892 4755 2007 4826; x_wconf 88' lang='lat' dir='ltr'><strong>ipsa</strong></span> <span class='ocrx_word' id='word_1_541' title='bbox 2044 4754 2227 4811; x_wconf 87' lang='lat' dir='ltr'><strong>divina</strong></span> 
     </span>
    </p>
   </div>
   <div class='ocr_carea' id='block_1_79' title="bbox 645 4849 2229 4922">
    <p class='ocr_par' dir='ltr' id='par_1_79' title="bbox 645 4849 2229 4922">
     <span class='ocr_line' id='line_1_79' title="bbox 645 4849 2229 4922; baseline -0.003 -17"><span class='ocrx_word' id='word_1_542' title='bbox 645 4854 858 4922; x_wconf 73' lang='lat' dir='ltr'><strong>eloquia</strong></span> <span class='ocrx_word' id='word_1_543' title='bbox 896 4854 1189 4907; x_wconf 82' lang='lat' dir='ltr'><strong>maximam</strong></span> <span class='ocrx_word' id='word_1_544' title='bbox 1228 4853 1481 4907; x_wconf 90' lang='lat' dir='ltr'><strong>videntur</strong></span> <span class='ocrx_word' id='word_1_545' title='bbox 1528 4852 1733 4906; x_wconf 89' lang='lat' dir='ltr'><strong>habere</strong></span> <span class='ocrx_word' id='word_1_546' title='bbox 1762 4849 2229 4911; x_wconf 88' lang='lat' dir='ltr'><strong>contrarietatem,</strong></span> 
     </span>
    </p>
   </div>
   <div class='ocr_carea' id='block_1_80' title="bbox 646 4941 2256 5014">
    <p class='ocr_par' dir='ltr' id='par_1_80' title="bbox 646 4941 2256 5014">
     <span class='ocr_line' id='line_1_80' title="bbox 646 4941 2256 5014; baseline -0.002 -18"><span class='ocrx_word' id='word_1_547' title='bbox 646 4945 738 5014; x_wconf 90' lang='lat' dir='ltr'><strong>qui</strong></span> <span class='ocrx_word' id='word_1_548' title='bbox 769 4944 913 4997; x_wconf 87' lang='lat' dir='ltr'><strong>enim</strong></span> <span class='ocrx_word' id='word_1_549' title='bbox 947 4944 1059 4999; x_wconf 79' lang='lat' dir='ltr'><strong>Noe</strong></span> <span class='ocrx_word' id='word_1_550' title='bbox 1088 4946 1229 5000; x_wconf 84' lang='lat' dir='ltr'><strong>dixit</strong></span> <span class='ocrx_word' id='word_1_551' title='bbox 1259 4962 1271 4999; x_wconf 89' lang='lat'><strong>:</strong></span> <span class='ocrx_word' id='word_1_552' title='bbox 1302 4944 1465 5000; x_wconf 85' lang='lat' dir='ltr'><strong>Omne</strong></span> <span class='ocrx_word' id='word_1_553' title='bbox 1516 4945 1653 5010; x_wconf 85' lang='lat' dir='ltr'><strong>quod</strong></span> <span class='ocrx_word' id='word_1_554' title='bbox 1702 4952 1939 4997; x_wconf 86' lang='lat' dir='ltr'><strong>movetur</strong></span> <span class='ocrx_word' id='word_1_555' title='bbox 1990 4950 2038 4995; x_wconf 82' lang='lat' dir='ltr'><strong>et</strong></span> <span class='ocrx_word' id='word_1_556' title='bbox 2086 4941 2256 5003; x_wconf 81' lang='lat' dir='ltr'><strong>vivit,_</strong></span> 
     </span>
    </p>
   </div>
   <div class='ocr_carea' id='block_1_81' title="bbox 649 5034 2236 5107">
    <p class='ocr_par' dir='ltr' id='par_1_81' title="bbox 649 5034 2236 5107">
     <span class='ocr_line' id='line_1_81' title="bbox 649 5034 2236 5107; baseline -0.004 -16"><span class='ocrx_word' id='word_1_557' title='bbox 649 5039 749 5091; x_wconf 87' lang='lat' dir='ltr'><strong>erit</strong></span> <span class='ocrx_word' id='word_1_558' title='bbox 801 5038 941 5092; x_wconf 84' lang='lat' dir='ltr'><strong>vobis</strong></span> <span class='ocrx_word' id='word_1_559' title='bbox 975 5039 1032 5091; x_wconf 88' lang='lat' dir='ltr'><strong>in</strong></span> <span class='ocrx_word' id='word_1_560' title='bbox 1069 5038 1239 5091; x_wconf 88' lang='lat' dir='ltr'><strong>cibum</strong></span> <span class='ocrx_word' id='word_1_561' title='bbox 1276 5054 1293 5091; x_wconf 93' lang='lat'><strong><em>:</em></strong></span> <span class='ocrx_word' id='word_1_562' title='bbox 1327 5046 1373 5091; x_wconf 86' lang='lat' dir='ltr'><strong>et</strong></span> <span class='ocrx_word' id='word_1_563' title='bbox 1404 5037 1556 5107; x_wconf 85' lang='lat' dir='ltr'><strong>quasi</strong></span> <span class='ocrx_word' id='word_1_564' title='bbox 1588 5036 1729 5089; x_wconf 88' lang='lat' dir='ltr'><strong>olera</strong></span> <span class='ocrx_word' id='word_1_565' title='bbox 1781 5036 2004 5089; x_wconf 84' lang='lat' dir='ltr'><strong>virentia</strong></span> <span class='ocrx_word' id='word_1_566' title='bbox 2038 5034 2236 5087; x_wconf 87' lang='lat' dir='ltr'><strong>tradidi</strong></span> 
     </span>
    </p>
   </div>
   <div class='ocr_carea' id='block_1_82' title="bbox 653 5127 2236 5198">
    <p class='ocr_par' dir='ltr' id='par_1_82' title="bbox 653 5127 2236 5198">
     <span class='ocr_line' id='line_1_82' title="bbox 653 5127 2236 5198; baseline -0.001 -16"><span class='ocrx_word' id='word_1_567' title='bbox 653 5130 795 5183; x_wconf 80' lang='lat' dir='ltr'><strong>vobis</strong></span> <span class='ocrx_word' id='word_1_568' title='bbox 824 5131 1001 5183; x_wconf 82' lang='lat' dir='ltr'><strong>omnia</strong></span> <span class='ocrx_word' id='word_1_569' title='bbox 1035 5131 1050 5161; x_wconf 86' lang='grc'>¹</span> <span class='ocrx_word' id='word_1_570' title='bbox 1079 5147 1093 5182; x_wconf 87' lang='lat'><strong>:</strong></span> <span class='ocrx_word' id='word_1_571' title='bbox 1128 5130 1407 5198; x_wconf 91' lang='lat' dir='ltr'><strong>quomodo</strong></span> <span class='ocrx_word' id='word_1_572' title='bbox 1434 5145 1578 5182; x_wconf 90' lang='lat' dir='ltr'><strong>nunc</strong></span> <span class='ocrx_word' id='word_1_573' title='bbox 1631 5129 1877 5197; x_wconf 83' lang='lat' dir='ltr'><strong>quaedam</strong></span> <span class='ocrx_word' id='word_1_574' title='bbox 1921 5128 2133 5183; x_wconf 91' lang='lat' dir='ltr'><strong>comedi</strong></span> <span class='ocrx_word' id='word_1_575' title='bbox 2168 5127 2236 5181; x_wconf 91' lang='lat' dir='ltr'><strong>de</strong></span> 
     </span>
    </p>
   </div>
   <div class='ocr_carea' id='block_1_83' title="bbox 655 5220 2231 5292">
    <p class='ocr_par' dir='ltr' id='par_1_83' title="bbox 655 5220 2231 5292">
     <span class='ocr_line' id='line_1_83' title="bbox 655 5220 2231 5292; baseline -0.001 -16"><span class='ocrx_word' id='word_1_576' title='bbox 655 5222 760 5286; x_wconf 90' lang='lat' dir='ltr'><strong>his,</strong></span> <span class='ocrx_word' id='word_1_577' title='bbox 787 5237 906 5290; x_wconf 72' lang='lat' dir='ltr'><strong>qua:</strong></span> <span class='ocrx_word' id='word_1_578' title='bbox 935 5222 1083 5292; x_wconf 90' lang='lat' dir='ltr'><strong>prius</strong></span> <span class='ocrx_word' id='word_1_579' title='bbox 1113 5238 1375 5277; x_wconf 91' lang='lat' dir='ltr'><strong>concessa</strong></span> <span class='ocrx_word' id='word_1_580' title='bbox 1412 5230 1560 5286; x_wconf 90' lang='lat' dir='ltr'><strong>sunt,</strong></span> <span class='ocrx_word' id='word_1_581' title='bbox 1596 5221 1916 5291; x_wconf 84' lang='lat' dir='ltr'><strong>prohibuit?</strong></span> <span class='ocrx_word' id='word_1_582' title='bbox 1945 5220 2231 5286; x_wconf 82' lang='lat' dir='ltr'><strong>Quomodo</strong></span> 
     </span>
    </p>
   </div>
   <div class='ocr_carea' id='block_1_84' title="bbox 654 5312 2229 5383">
    <p class='ocr_par' dir='ltr' id='par_1_84' title="bbox 654 5312 2229 5383">
     <span class='ocr_line' id='line_1_84' title="bbox 654 5312 2229 5383; baseline -0.001 -17"><span class='ocrx_word' id='word_1_583' title='bbox 654 5314 841 5378; x_wconf 87' lang='lat' dir='ltr'><strong>etiaut,</strong></span> <span class='ocrx_word' id='word_1_584' title='bbox 894 5314 1113 5383; x_wconf 90' lang='lat' dir='ltr'><strong>quando</strong></span> <span class='ocrx_word' id='word_1_585' title='bbox 1164 5314 1396 5369; x_wconf 77' lang='lat' dir='ltr'><strong>iaciebat</strong></span> <span class='ocrx_word' id='word_1_586' title='bbox 1448 5314 1650 5367; x_wconf 85' lang='lat' dir='ltr'><strong>bestias</strong></span> <span class='ocrx_word' id='word_1_587' title='bbox 1716 5322 1873 5366; x_wconf 78' lang='lat' dir='ltr'><strong>terra:</strong></span> <span class='ocrx_word' id='word_1_588' title='bbox 1930 5312 2229 5365; x_wconf 88' lang='lat' dir='ltr'><strong>secundum</strong></span> 
     </span>
    </p>
   </div>
   <div class='ocr_carea' id='block_1_85' title="bbox 655 5402 2234 5477">
    <p class='ocr_par' dir='ltr' id='par_1_85' title="bbox 655 5402 2234 5477">
     <span class='ocr_line' id='line_1_85' title="bbox 655 5402 2234 5477; baseline -0.003 -16"><span class='ocrx_word' id='word_1_589' title='bbox 655 5422 827 5476; x_wconf 84' lang='lat' dir='ltr'><strong>genus</strong></span> <span class='ocrx_word' id='word_1_590' title='bbox 860 5422 1040 5471; x_wconf 90' lang='lat' dir='ltr'><strong>suum,</strong></span> <span class='ocrx_word' id='word_1_591' title='bbox 1076 5416 1131 5460; x_wconf 91' lang='lat' dir='ltr'><strong>et</strong></span> <span class='ocrx_word' id='word_1_592' title='bbox 1162 5422 1382 5477; x_wconf 89' lang='lat' dir='ltr'><strong>pecora,</strong></span> <span class='ocrx_word' id='word_1_593' title='bbox 1416 5414 1472 5459; x_wconf 91' lang='lat' dir='ltr'><strong>et</strong></span> <span class='ocrx_word' id='word_1_594' title='bbox 1506 5405 1737 5473; x_wconf 83' lang='lat' dir='ltr'><strong>reptilia,</strong></span> <span class='ocrx_word' id='word_1_595' title='bbox 1775 5403 1976 5457; x_wconf 83' lang='lat' dir='ltr'><strong>dictum</strong></span> <span class='ocrx_word' id='word_1_596' title='bbox 2004 5412 2085 5455; x_wconf 90' lang='lat' dir='ltr'><strong>est</strong></span> <span class='ocrx_word' id='word_1_597' title='bbox 2118 5422 2130 5456; x_wconf 90' lang='lat'>:</span> <span class='ocrx_word' id='word_1_598' title='bbox 2165 5402 2234 5456; x_wconf 84' lang='lat' dir='ltr'><strong>Et</strong></span> 
     </span>
    </p>
   </div>
   <div class='ocr_carea' id='block_1_86' title="bbox 656 5492 2236 5568">
    <p class='ocr_par' dir='ltr' id='par_1_86' title="bbox 656 5492 2236 5568">
     <span class='ocr_line' id='line_1_86' title="bbox 656 5492 2236 5568; baseline -0.003 -20"><span class='ocrx_word' id='word_1_599' title='bbox 656 5497 785 5549; x_wconf 83' lang='lat' dir='ltr'><strong>vidit</strong></span> <span class='ocrx_word' id='word_1_600' title='bbox 820 5496 959 5550; x_wconf 87' lang='lat' dir='ltr'><strong>Deus</strong></span> <span class='ocrx_word' id='word_1_601' title='bbox 989 5498 1127 5568; x_wconf 87' lang='lat' dir='ltr'><strong>quod</strong></span> <span class='ocrx_word' id='word_1_602' title='bbox 1158 5506 1322 5550; x_wconf 85' lang='lat' dir='ltr'><strong>essent</strong></span> <span class='ocrx_word' id='word_1_603' title='bbox 1370 5500 1503 5548; x_wconf 87' lang='lat' dir='ltr'><strong>bona</strong></span> <span class='ocrx_word' id='word_1_604' title='bbox 1546 5498 1587 5557; x_wconf 80' lang='grc'><strong>³,</strong></span> <span class='ocrx_word' id='word_1_605' title='bbox 1616 5503 1671 5548; x_wconf 88' lang='lat' dir='ltr'><strong>et</strong></span> <span class='ocrx_word' id='word_1_606' title='bbox 1703 5509 1891 5547; x_wconf 89' lang='lat' dir='ltr'><strong>rursus</strong></span> <span class='ocrx_word' id='word_1_607' title='bbox 1933 5510 1947 5547; x_wconf 91' lang='lat'>:</span> <span class='ocrx_word' id='word_1_608' title='bbox 2001 5492 2236 5562; x_wconf 78' lang='lat' dir='ltr'><strong>Viditque</strong></span> 
     </span>
    </p>
   </div>
   <div class='ocr_carea' id='block_1_87' title="bbox 656 5584 2237 5658">
    <p class='ocr_par' dir='ltr' id='par_1_87' title="bbox 656 5584 2237 5658">
     <span class='ocr_line' id='line_1_87' title="bbox 656 5584 2237 5658; baseline -0.003 -17"><span class='ocrx_word' id='word_1_609' title='bbox 656 5588 796 5641; x_wconf 86' lang='lat' dir='ltr'><strong>Deus</strong></span> <span class='ocrx_word' id='word_1_610' title='bbox 828 5598 1014 5642; x_wconf 87' lang='lat' dir='ltr'><strong>cuncta</strong></span> <span class='ocrx_word' id='word_1_611' title='bbox 1043 5604 1161 5658; x_wconf 78' lang='lat' dir='ltr'><strong>qua:</strong></span> <span class='ocrx_word' id='word_1_612' title='bbox 1186 5588 1325 5657; x_wconf 80' lang='lat' dir='ltr'><strong>fecit,</strong></span> <span class='ocrx_word' id='word_1_613' title='bbox 1354 5597 1401 5640; x_wconf 90' lang='lat' dir='ltr'><strong>et</strong></span> <span class='ocrx_word' id='word_1_614' title='bbox 1435 5596 1584 5639; x_wconf 82' lang='lat' dir='ltr'><strong>erant</strong></span> <span class='ocrx_word' id='word_1_615' title='bbox 1618 5586 1771 5640; x_wconf 85' lang='lat' dir='ltr'><strong>valde</strong></span> <span class='ocrx_word' id='word_1_616' title='bbox 1819 5584 2019 5638; x_wconf 77' lang='lat' dir='ltr'><strong>bona&#39;?</strong></span> <span class='ocrx_word' id='word_1_617' title='bbox 2052 5584 2237 5638; x_wconf 85' lang='lat' dir='ltr'><strong>Nulla-</strong></span> 
     </span>
    </p>
   </div>
   <div class='ocr_carea' id='block_1_88' title="bbox 659 5677 2234 5743">
    <p class='ocr_par' dir='ltr' id='par_1_88' title="bbox 659 5677 2234 5743">
     <span class='ocr_line' id='line_1_88' title="bbox 659 5677 2234 5743; baseline -0.004 -7"><span class='ocrx_word' id='word_1_618' title='bbox 659 5691 821 5736; x_wconf 85' lang='lat' dir='ltr'><strong>teuus</strong></span> <span class='ocrx_word' id='word_1_619' title='bbox 883 5691 1066 5736; x_wconf 91' lang='lat' dir='ltr'><strong>autem</strong></span> <span class='ocrx_word' id='word_1_620' title='bbox 1128 5696 1250 5735; x_wconf 91' lang='lat' dir='ltr'><strong>esse</strong></span> <span class='ocrx_word' id='word_1_621' title='bbox 1300 5679 1550 5742; x_wconf 78' lang='lat' dir='ltr'><strong>bonum,</strong></span> <span class='ocrx_word' id='word_1_622' title='bbox 1626 5679 1861 5733; x_wconf 85' lang='lat' dir='ltr'><strong>maxime</strong></span> <span class='ocrx_word' id='word_1_623' title='bbox 1932 5683 1988 5732; x_wconf 91' lang='lat' dir='ltr'><strong>et</strong></span> <span class='ocrx_word' id='word_1_624' title='bbox 2060 5677 2234 5743; x_wconf 88' lang='lat' dir='ltr'><strong>valde,</strong></span> 
     </span>
    </p>
   </div>
   <div class='ocr_carea' id='block_1_89' title="bbox 719 5823 2194 5891">
    <p class='ocr_par' dir='ltr' id='par_1_89' title="bbox 719 5823 2194 5891">
     <span class='ocr_line' id='line_1_89' title="bbox 719 5823 2194 5891; baseline -0.004 -8"><span class='ocrx_word' id='word_1_625' title='bbox 719 5829 737 5861; x_wconf 88' lang='grc'>¹</span> <span class='ocrx_word' id='word_1_626' title='bbox 761 5830 896 5883; x_wconf 81' lang='lat' dir='ltr'><strong>Cen.</strong></span> <span class='ocrx_word' id='word_1_627' title='bbox 948 5844 1023 5891; x_wconf 76' lang='grc' dir='ltr'><strong>ιχ,</strong></span> <span class='ocrx_word' id='word_1_628' title='bbox 1058 5827 1113 5880; x_wconf 84' lang='grc'><strong>5.</strong></span> <span class='ocrx_word' id='word_1_629' title='bbox 1191 5828 1210 5858; x_wconf 81' lang='grc'>³</span> <span class='ocrx_word' id='word_1_630' title='bbox 1240 5824 1381 5880; x_wconf 87' lang='lat' dir='ltr'><strong>Gen.</strong></span> <span class='ocrx_word' id='word_1_631' title='bbox 1416 5840 1454 5890; x_wconf 78' lang='grc' dir='ltr'><strong>ι,</strong></span> <span class='ocrx_word' id='word_1_632' title='bbox 1488 5824 1554 5880; x_wconf 79' lang='grc'><strong>10</strong></span> <span class='ocrx_word' id='word_1_633' title='bbox 1587 5833 1634 5878; x_wconf 86' lang='lat' dir='ltr'><strong>et</strong></span> <span class='ocrx_word' id='word_1_634' title='bbox 1663 5825 1813 5880; x_wconf 77' lang='lat' dir='ltr'><strong>alibi.</strong></span> <span class='ocrx_word' id='word_1_635' title='bbox 1891 5825 1913 5857; x_wconf 88' lang='grc'><strong><em>³</em></strong></span> <span class='ocrx_word' id='word_1_636' title='bbox 1943 5824 2077 5879; x_wconf 88' lang='lat' dir='ltr'><strong>ibid.</strong></span> <span class='ocrx_word' id='word_1_637' title='bbox 2106 5823 2194 5879; x_wconf 77' lang='lat'><strong>3|.</strong></span> 
     </span>
    </p>
   </div>
   <div class='ocr_carea' id='block_1_90' title="bbox 2329 4565 3860 4637">
    <p class='ocr_par' dir='ltr' id='par_1_90' title="bbox 2329 4565 3860 4637">
     <span class='ocr_line' id='line_1_90' title="bbox 2329 4565 3860 4637; baseline -0.005 -12"><span class='ocrx_word' id='word_1_638' title='bbox 2329 4580 2515 4626; x_wconf 88' lang='lat' dir='ltr'><strong>sancta</strong></span> <span class='ocrx_word' id='word_1_639' title='bbox 2553 4579 2702 4633; x_wconf 88' lang='lat' dir='ltr'><strong>sunt,</strong></span> <span class='ocrx_word' id='word_1_640' title='bbox 2739 4570 2877 4624; x_wconf 89' lang='lat' dir='ltr'><strong>sicut</strong></span> <span class='ocrx_word' id='word_1_641' title='bbox 2900 4578 3088 4623; x_wconf 90' lang='lat' dir='ltr'><strong>sancto</strong></span> <span class='ocrx_word' id='word_1_642' title='bbox 3118 4567 3249 4631; x_wconf 85' lang='lat' dir='ltr'><strong>Deo,</strong></span> <span class='ocrx_word' id='word_1_643' title='bbox 3274 4577 3330 4622; x_wconf 89' lang='lat' dir='ltr'><strong>et</strong></span> <span class='ocrx_word' id='word_1_644' title='bbox 3359 4583 3454 4623; x_wconf 86' lang='lat' dir='ltr'><strong>eos</strong></span> <span class='ocrx_word' id='word_1_645' title='bbox 3481 4569 3574 4637; x_wconf 91' lang='lat' dir='ltr'><strong>qui</strong></span> <span class='ocrx_word' id='word_1_646' title='bbox 3604 4569 3653 4621; x_wconf 92' lang='lat' dir='ltr'><strong>in</strong></span> <span class='ocrx_word' id='word_1_647' title='bbox 3676 4565 3860 4622; x_wconf 84' lang='lat' dir='ltr'><strong>circuitu</strong></span> 
     </span>
    </p>
   </div>
   <div class='ocr_carea' id='block_1_91' title="bbox 2331 4657 3860 4734">
    <p class='ocr_par' dir='ltr' id='par_1_91' title="bbox 2331 4657 3860 4734">
     <span class='ocr_line' id='line_1_91' title="bbox 2331 4657 3860 4734; baseline -0.007 -16"><span class='ocrx_word' id='word_1_648' title='bbox 2331 4663 2451 4734; x_wconf 86' lang='lat' dir='ltr'><strong>ejus</strong></span> <span class='ocrx_word' id='word_1_649' title='bbox 2474 4672 2606 4716; x_wconf 89' lang='lat' dir='ltr'><strong>sunt</strong></span> <span class='ocrx_word' id='word_1_650' title='bbox 2640 4662 2942 4717; x_wconf 90' lang='lat' dir='ltr'><strong>sanctiﬁcat</strong></span> <span class='ocrx_word' id='word_1_651' title='bbox 2972 4662 3227 4716; x_wconf 88' lang='lat' dir='ltr'><strong>astantia.</strong></span> <span class='ocrx_word' id='word_1_652' title='bbox 3258 4660 3443 4717; x_wconf 63' lang='lat' dir='ltr'><strong>Terrae</strong></span> <span class='ocrx_word' id='word_1_653' title='bbox 3470 4677 3602 4716; x_wconf 91' lang='lat' dir='ltr'><strong>vero</strong></span> <span class='ocrx_word' id='word_1_654' title='bbox 3656 4657 3860 4714; x_wconf 74' lang='lat' dir='ltr'><strong>animalia</strong></span> 
     </span>
    </p>
   </div>
   <div class='ocr_carea' id='block_1_92' title="bbox 2332 4750 3861 4825">
    <p class='ocr_par' dir='ltr' id='par_1_92' title="bbox 2332 4750 3861 4825">
     <span class='ocr_line' id='line_1_92' title="bbox 2332 4750 3861 4825; baseline -0.009 -13"><span class='ocrx_word' id='word_1_655' title='bbox 2332 4774 2443 4812; x_wconf 91' lang='lat' dir='ltr'><strong>non</strong></span> <span class='ocrx_word' id='word_1_656' title='bbox 2473 4760 2654 4810; x_wconf 88' lang='lat' dir='ltr'><strong>omnia</strong></span> <span class='ocrx_word' id='word_1_657' title='bbox 2683 4765 2811 4810; x_wconf 90' lang='lat' dir='ltr'><strong>sunt</strong></span> <span class='ocrx_word' id='word_1_658' title='bbox 2837 4756 3060 4821; x_wconf 89' lang='lat' dir='ltr'><strong>munda,</strong></span> <span class='ocrx_word' id='word_1_659' title='bbox 3102 4771 3211 4808; x_wconf 88' lang='lat' dir='ltr'><strong>non</strong></span> <span class='ocrx_word' id='word_1_660' title='bbox 3247 4765 3471 4825; x_wconf 90' lang='lat' dir='ltr'><strong>propter</strong></span> <span class='ocrx_word' id='word_1_661' title='bbox 3509 4766 3766 4812; x_wconf 85' lang='lat' dir='ltr'><strong>naturam,</strong></span> <span class='ocrx_word' id='word_1_662' title='bbox 3792 4750 3861 4803; x_wconf 79' lang='lat' dir='ltr'><strong>sel</strong></span> 
     </span>
    </p>
   </div>
   <div class='ocr_carea' id='block_1_93' title="bbox 2332 4848 3859 4921">
    <p class='ocr_par' dir='ltr' id='par_1_93' title="bbox 2332 4848 3859 4921">
     <span class='ocr_line' id='line_1_93' title="bbox 2332 4848 3859 4921; baseline -0.006 -17"><span class='ocrx_word' id='word_1_663' title='bbox 2332 4858 2558 4921; x_wconf 90' lang='lat' dir='ltr'><strong>propter</strong></span> <span class='ocrx_word' id='word_1_664' title='bbox 2604 4858 2851 4903; x_wconf 89' lang='lat' dir='ltr'><strong>nostrum</strong></span> <span class='ocrx_word' id='word_1_665' title='bbox 2897 4864 3179 4903; x_wconf 77' lang='lat' dir='ltr'><strong>excessum</strong></span> <span class='ocrx_word' id='word_1_666' title='bbox 3204 4856 3253 4902; x_wconf 85' lang='lat' dir='ltr'><strong>et</strong></span> <span class='ocrx_word' id='word_1_667' title='bbox 3298 4851 3422 4918; x_wconf 87' lang='lat' dir='ltr'><strong>quia</strong></span> <span class='ocrx_word' id='word_1_668' title='bbox 3450 4865 3549 4918; x_wconf 87' lang='lat' dir='ltr'><strong>per</strong></span> <span class='ocrx_word' id='word_1_669' title='bbox 3573 4848 3859 4918; x_wconf 82' lang='lat' dir='ltr'><strong>iniquitatem</strong></span> 
     </span>
    </p>
   </div>
   <div class='ocr_carea' id='block_1_94' title="bbox 2333 4939 3861 5011">
    <p class='ocr_par' dir='ltr' id='par_1_94' title="bbox 2333 4939 3861 5011">
     <span class='ocr_line' id='line_1_94' title="bbox 2333 4939 3861 5011; baseline -0.007 -14"><span class='ocrx_word' id='word_1_670' title='bbox 2333 4952 2583 4997; x_wconf 90' lang='lat' dir='ltr'><strong>naturam</strong></span> <span class='ocrx_word' id='word_1_671' title='bbox 2614 4941 3052 5011; x_wconf 88' lang='lat' dir='ltr'><strong>depravavimus.</strong></span> <span class='ocrx_word' id='word_1_672' title='bbox 3091 4939 3198 4995; x_wconf 88' lang='lat' dir='ltr'><strong>Sed</strong></span> <span class='ocrx_word' id='word_1_673' title='bbox 3256 4941 3709 5009; x_wconf 84' lang='lat' dir='ltr'><strong>quemadmodum</strong></span> <span class='ocrx_word' id='word_1_674' title='bbox 3741 4950 3861 4991; x_wconf 87' lang='lat' dir='ltr'><strong>mun-</strong></span> 
     </span>
    </p>
   </div>
   <div class='ocr_carea' id='block_1_95' title="bbox 2334 5029 3860 5107">
    <p class='ocr_par' dir='ltr' id='par_1_95' title="bbox 2334 5029 3860 5107">
     <span class='ocr_line' id='line_1_95' title="bbox 2334 5029 3860 5107; baseline -0.009 -16"><span class='ocrx_word' id='word_1_675' title='bbox 2334 5036 2523 5091; x_wconf 87' lang='lat' dir='ltr'><strong>ditiam</strong></span> <span class='ocrx_word' id='word_1_676' title='bbox 2541 5051 2729 5091; x_wconf 89' lang='lat' dir='ltr'><strong>eorum</strong></span> <span class='ocrx_word' id='word_1_677' title='bbox 2748 5051 3160 5107; x_wconf 87' lang='lat' dir='ltr'><strong>cognoscamus,</strong></span> <span class='ocrx_word' id='word_1_678' title='bbox 3182 5036 3267 5089; x_wconf 88' lang='lat' dir='ltr'><strong>vel</strong></span> <span class='ocrx_word' id='word_1_679' title='bbox 3290 5035 3706 5097; x_wconf 89' lang='lat' dir='ltr'><strong>immunditiam,</strong></span> <span class='ocrx_word' id='word_1_680' title='bbox 3723 5048 3777 5086; x_wconf 78' lang='lat' dir='ltr'><strong>ex</strong></span> <span class='ocrx_word' id='word_1_681' title='bbox 3801 5029 3860 5081; x_wconf 85' lang='lat' dir='ltr'><strong>his</strong></span> 
     </span>
    </p>
   </div>
   <div class='ocr_carea' id='block_1_96' title="bbox 2335 5127 3274 5199">
    <p class='ocr_par' dir='ltr' id='par_1_96' title="bbox 2335 5127 3274 5199">
     <span class='ocr_line' id='line_1_96' title="bbox 2335 5127 3274 5199; baseline -0.001 -17"><span class='ocrx_word' id='word_1_682' title='bbox 2335 5144 2456 5199; x_wconf 65' lang='lat' dir='ltr'><strong>quae</strong></span> <span class='ocrx_word' id='word_1_683' title='bbox 2483 5137 2787 5197; x_wconf 87' lang='lat' dir='ltr'><strong>sequuntur</strong></span> <span class='ocrx_word' id='word_1_684' title='bbox 2813 5127 3133 5181; x_wconf 89' lang='lat' dir='ltr'><strong>intuendum</strong></span> <span class='ocrx_word' id='word_1_685' title='bbox 3169 5138 3274 5181; x_wconf 88' lang='lat' dir='ltr'><strong>est.</strong></span> 
     </span>
    </p>
   </div>
   <div class='ocr_carea' id='block_1_97' title="bbox 2409 5213 3858 5291">
    <p class='ocr_par' dir='ltr' id='par_1_97' title="bbox 2409 5213 3858 5291">
     <span class='ocr_line' id='line_1_97' title="bbox 2409 5213 3858 5291; baseline -0.008 -15"><span class='ocrx_word' id='word_1_686' title='bbox 2409 5220 2578 5276; x_wconf 88' lang='lat' dir='ltr'><strong>Omne</strong></span> <span class='ocrx_word' id='word_1_687' title='bbox 2601 5222 2736 5284; x_wconf 88' lang='lat' dir='ltr'><strong>quod</strong></span> <span class='ocrx_word' id='word_1_688' title='bbox 2769 5220 2919 5273; x_wconf 84' lang='lat' dir='ltr'><strong>habet</strong></span> <span class='ocrx_word' id='word_1_689' title='bbox 2945 5221 3167 5273; x_wconf 85' lang='lat' dir='ltr'><strong>divisam</strong></span> <span class='ocrx_word' id='word_1_690' title='bbox 3196 5218 3470 5291; x_wconf 87' lang='lat' dir='ltr'><strong>ungulam,</strong></span> <span class='ocrx_word' id='word_1_691' title='bbox 3502 5230 3550 5275; x_wconf 85' lang='lat' dir='ltr'><strong>et</strong></span> <span class='ocrx_word' id='word_1_692' title='bbox 3602 5218 3803 5272; x_wconf 84' lang='lat' dir='ltr'><strong>ruminat</strong></span> <span class='ocrx_word' id='word_1_693' title='bbox 3823 5213 3858 5261; x_wconf 74' lang='lat' dir='ltr'><strong>in</strong></span> 
     </span>
    </p>
   </div>
   <div class='ocr_carea' id='block_1_98' title="bbox 2340 5306 3857 5384">
    <p class='ocr_par' dir='ltr' id='par_1_98' title="bbox 2340 5306 3857 5384">
     <span class='ocr_line' id='line_1_98' title="bbox 2340 5306 3857 5384; baseline -0.004 -18"><span class='ocrx_word' id='word_1_694' title='bbox 2340 5312 2635 5384; x_wconf 86' lang='lat' dir='ltr'><strong>pecoribus,</strong></span> <span class='ocrx_word' id='word_1_695' title='bbox 2663 5313 2960 5365; x_wconf 87' lang='lat' dir='ltr'><strong>comedetis.</strong></span> <span class='ocrx_word' id='word_1_696' title='bbox 2992 5312 3331 5367; x_wconf 82' lang='lat' dir='ltr'><strong>Animalibus</strong></span> <span class='ocrx_word' id='word_1_697' title='bbox 3375 5314 3611 5366; x_wconf 76' lang='lat' dir='ltr'><strong>maxima</strong></span> <span class='ocrx_word' id='word_1_698' title='bbox 3642 5313 3786 5364; x_wconf 76' lang='lat' dir='ltr'><strong>virtus</strong></span> <span class='ocrx_word' id='word_1_699' title='bbox 3821 5306 3857 5354; x_wconf 83' lang='lat' dir='ltr'><strong>in</strong></span> 
     </span>
    </p>
   </div>
   <div class='ocr_carea' id='block_1_99' title="bbox 2344 5404 3858 5477">
    <p class='ocr_par' dir='ltr' id='par_1_99' title="bbox 2344 5404 3858 5477">
     <span class='ocr_line' id='line_1_99' title="bbox 2344 5404 3858 5477; baseline -0.011 -16"><span class='ocrx_word' id='word_1_700' title='bbox 2344 5407 2617 5477; x_wconf 86' lang='lat' dir='ltr'><strong>unguibus</strong></span> <span class='ocrx_word' id='word_1_701' title='bbox 2647 5420 2768 5460; x_wconf 91' lang='lat' dir='ltr'><strong>esse</strong></span> <span class='ocrx_word' id='word_1_702' title='bbox 2822 5406 3081 5468; x_wconf 89' lang='lat' dir='ltr'><strong>creditur,</strong></span> <span class='ocrx_word' id='word_1_703' title='bbox 3136 5421 3258 5475; x_wconf 80' lang='lat' dir='ltr'><strong>quae</strong></span> <span class='ocrx_word' id='word_1_704' title='bbox 3310 5407 3477 5460; x_wconf 80' lang='lat' dir='ltr'><strong>etiam</strong></span> <span class='ocrx_word' id='word_1_705' title='bbox 3538 5404 3858 5477; x_wconf 83' lang='lat' dir='ltr'><strong>cognationem</strong></span> 
     </span>
    </p>
   </div>
   <div class='ocr_carea' id='block_1_100' title="bbox 2345 5494 3858 5566">
    <p class='ocr_par' dir='ltr' id='par_1_100' title="bbox 2345 5494 3858 5566">
     <span class='ocr_line' id='line_1_100' title="bbox 2345 5494 3858 5566; baseline -0.003 -16"><span class='ocrx_word' id='word_1_706' title='bbox 2345 5498 2545 5551; x_wconf 81' lang='lat' dir='ltr'><strong>habent</strong></span> <span class='ocrx_word' id='word_1_707' title='bbox 2575 5511 2697 5550; x_wconf 90' lang='lat' dir='ltr'><strong>cum</strong></span> <span class='ocrx_word' id='word_1_708' title='bbox 2732 5495 3004 5550; x_wconf 87' lang='lat' dir='ltr'><strong>dentibus.</strong></span> <span class='ocrx_word' id='word_1_709' title='bbox 3043 5494 3312 5565; x_wconf 82' lang='lat' dir='ltr'><strong>Unguium</strong></span> <span class='ocrx_word' id='word_1_710' title='bbox 3374 5496 3638 5566; x_wconf 90' lang='lat' dir='ltr'><strong>siquidem</strong></span> <span class='ocrx_word' id='word_1_711' title='bbox 3687 5502 3772 5555; x_wconf 72' lang='lat' dir='ltr'><strong>est,</strong></span> <span class='ocrx_word' id='word_1_712' title='bbox 3816 5499 3858 5537; x_wconf 63' lang='grc' dir='ltr'><strong>εδ</strong></span> 
     </span>
    </p>
   </div>
   <div class='ocr_carea' id='block_1_101' title="bbox 2344 5574 3857 5656">
    <p class='ocr_par' dir='ltr' id='par_1_101' title="bbox 2344 5574 3857 5656">
     <span class='ocr_line' id='line_1_101' title="bbox 2344 5574 3857 5656; baseline -0.003 -15"><span class='ocrx_word' id='word_1_713' title='bbox 2344 5587 2663 5655; x_wconf 86' lang='lat' dir='ltr'><strong>discerpere</strong></span> <span class='ocrx_word' id='word_1_714' title='bbox 2696 5601 2819 5656; x_wconf 77' lang='lat' dir='ltr'><strong>quae</strong></span> <span class='ocrx_word' id='word_1_715' title='bbox 2868 5596 2991 5656; x_wconf 89' lang='lat' dir='ltr'><strong>apta</strong></span> <span class='ocrx_word' id='word_1_716' title='bbox 3023 5587 3141 5640; x_wconf 89' lang='lat' dir='ltr'><strong>esui</strong></span> <span class='ocrx_word' id='word_1_717' title='bbox 3194 5602 3293 5656; x_wconf 88' lang='lat' dir='ltr'><strong>per</strong></span> <span class='ocrx_word' id='word_1_718' title='bbox 3330 5587 3525 5642; x_wconf 85' lang='lat' dir='ltr'><strong>dentes</strong></span> <span class='ocrx_word' id='word_1_719' title='bbox 3561 5587 3705 5644; x_wconf 89' lang='lat' dir='ltr'><strong>ﬁunt.</strong></span> <span class='ocrx_word' id='word_1_720' title='bbox 3755 5574 3857 5647; x_wconf 67' lang='lat' dir='ltr'><strong>quod</strong></span> 
     </span>
    </p>
   </div>
   <div class='ocr_carea' id='block_1_102' title="bbox 2347 5679 3854 5751">
    <p class='ocr_par' dir='ltr' id='par_1_102' title="bbox 2347 5679 3854 5751">
     <span class='ocr_line' id='line_1_102' title="bbox 2347 5679 3854 5751; baseline -0.003 -17"><span class='ocrx_word' id='word_1_721' title='bbox 2347 5692 2641 5751; x_wconf 88' lang='lat' dir='ltr'><strong>utrumque</strong></span> <span class='ocrx_word' id='word_1_722' title='bbox 2672 5680 2832 5735; x_wconf 90' lang='lat' dir='ltr'><strong>nobis</strong></span> <span class='ocrx_word' id='word_1_723' title='bbox 2886 5680 3073 5734; x_wconf 87' lang='lat' dir='ltr'><strong>Daniel</strong></span> <span class='ocrx_word' id='word_1_724' title='bbox 3111 5681 3293 5741; x_wconf 88' lang='lat' dir='ltr'><strong>tradit.</strong></span> <span class='ocrx_word' id='word_1_725' title='bbox 3328 5681 3550 5750; x_wconf 86' lang='lat' dir='ltr'><strong>quando</strong></span> <span class='ocrx_word' id='word_1_726' title='bbox 3606 5679 3728 5733; x_wconf 76' lang='lat' dir='ltr'><strong>forte</strong></span> <span class='ocrx_word' id='word_1_727' title='bbox 3764 5684 3854 5742; x_wconf 79' lang='lat' dir='ltr'><strong>pro-</strong></span> 
     </span>
    </p>
   </div>
   <div class='ocr_carea' id='block_1_103' title="bbox 2272 5822 3356 5894">
    <p class='ocr_par' dir='ltr' id='par_1_103' title="bbox 2272 5822 3356 5894">
     <span class='ocr_line' id='line_1_103' title="bbox 2272 5822 3356 5894; baseline 0 -16"><span class='ocrx_word' id='word_1_728' title='bbox 2272 5824 2294 5857; x_wconf 69' lang='grc' dir='ltr'>δ</span> <span class='ocrx_word' id='word_1_729' title='bbox 2318 5823 2509 5880; x_wconf 83' lang='lat' dir='ltr'><strong>Matth.</strong></span> <span class='ocrx_word' id='word_1_730' title='bbox 2561 5841 2637 5892; x_wconf 88' lang='lat' dir='ltr'><strong>tv,</strong></span> <span class='ocrx_word' id='word_1_731' title='bbox 2668 5824 2725 5880; x_wconf 73' lang='lat'><strong>4.</strong></span> <span class='ocrx_word' id='word_1_732' title='bbox 2800 5826 2821 5857; x_wconf 77' lang='grc'><strong><em>⁵</em></strong></span> <span class='ocrx_word' id='word_1_733' title='bbox 2847 5823 3045 5880; x_wconf 84' lang='lat' dir='ltr'><strong>Ezech.</strong></span> <span class='ocrx_word' id='word_1_734' title='bbox 3071 5840 3107 5891; x_wconf 85' lang='lat' dir='ltr'><strong>t,</strong></span> <span class='ocrx_word' id='word_1_735' title='bbox 3144 5822 3165 5877; x_wconf 77' lang='grc' dir='ltr'><strong>Ι</strong></span> <span class='ocrx_word' id='word_1_736' title='bbox 3206 5838 3356 5894; x_wconf 86' lang='lat' dir='ltr'><strong>seqq.</strong></span> 
     </span>
    </p>
   </div>
  </div>
