4046 6418
270 366 376 434 905

1415 367 1495 430 1N
1518 366 1968 444 _I.EVITICUM.
1991 399 2054 407 --
2089 373 2232 434 LIB.
2277 373 2388 437 Ili.

3422 398 3526 464 906

269 492 482 546 ponens
509 493 754 552 regnum,
792 482 922 539 dicit
952 501 965 538 :
1009 484 1333 553 Aspicii'bum
1363 485 1416 536 in
1441 485 1634 536 visione
1666 484 1849 548 noctis,
1881 495 1926 550 Α
1956 493 2009 538 et
2045 485 2136 554 qui
2167 485 2405 556 leporem
2437 490 2751 558 comedunt,
2771 503 2823 549 et
2850 495 2943 566 qui
2971 496 3356 573 ebirOgrylliim
3392 527 3404 561 ;
3432 525 3527 564 τη-

269 577 321 620 et
345 585 462 624 ecce
497 571 658 626 bestia
703 584 895 644 quarta
943 574 1207 639 terribilis,
1257 586 1416 646 atque
1462 575 1741 642 mirabilis,
1802 586 1850 629 et

267 663 423 732 {ortis
447 664 636 728 nimis;
669 669 848 720 dentes
865 667 1057 738 ferreos
1074 669 1294 722 habebat
1323 684 1560 738 magnos,
1583 671 1852 722 comedens

267 770 432 830 atque
462 763 836 827 coniminuens,
877 773 922 815 et
974 762 1174 833 reliqua
1213 764 1427 832 pedibus
1481 763 1588 817 suis
1640 761 1849 815 concul-

268 867 402 906 cans
427 853 467 908 ‘.
503 853 858 925 Septuaginta
895 864 1078 911 aittem
1143 856 1437 926 specialius
1475 854 1706 910 dicunt:
1744 855 1850 909 Uri-

268 959 400 1011 gues
426 945 497 997 eis
520 946 662 998 ivi-ci.
697 944 830 1010 Quia
859 947 1074 1018 ergoita
1097 957 1197 1010 est,
1234 946 1460 1018 ﬁgurate
1491 946 1847 1012 demonstrat,

267 1035 365 1104 qui
395 1036 504 1090 sint
532 1037 621 1106 qui
660 1052 718 1091 se
749 1038 814 1091 ad
857 1039 1262 1094 meditationem
1296 1040 1633 1094 devoverunt
1695 1040 1846 1110 legis,

267 1134 459 1179 utrum
499 1125 682 1180 mundi
744 1142 810 1178 an
844 1125 1105 1180 immundi
1144 1145 1157 1179 :
1201 1127 1475 1182 ruminare
1523 1126 1669 1180 enim
1734 1142 1847 1188 eos,

266 1226 329 1273 et
357 1217 599 1272 dividere
625 1219 877 1288 ungulam
917 1218 1194 1289 praecepit.
1242 1219 1334 1272 illa
1383 1228 1565 1272 autem
1597 1219 1848 1274 animalia

267 1310 531 1379 ungulam
579 1309 824 1376 ﬁndunt,
875 1327 1216 1383 quaecunque
1280 1327 1516 1383 unguem
1568 1329 1736 1385 usque
1784 1315 1851 1369 ad

267 1403 448 1474 ipsam
474 1404 783 1458 inferiorem
811 1404 1062 1460 dividunt
1089 1405 1306 1476 pellem.
1357 1405 1499 1476 Ergo
1531 1405 1619 1462 ille
1650 1407 1850 1463 munda

265 1495 529 1550 animalia
560 1495 814 1561 eomedit,
852 1496 943 1566 qui
977 1512 1086 1550 non
1123 1495 1297 1549 solum
1329 1497 1626 1550 meditatur
1653 1497 1848 1568 legem,

267 1589 370 1644 sed
398 1598 452 1644 et
485 1589 740 1652 ruminat,
774 1587 825 1642 id
865 1597 951 1642 est
979 1588 1272 1653 reconlert,
1300 1598 1356 1642 et
1394 1598 1606 1644 eructat
1637 1591 1852 1646 actione

265 1690 439 1751 atque
466 1681 743 1750 operibus.
778 1681 1053 1735 Eructatio
1109 1682 1256 1736 enim
1318 1681 1608 1736 verborum
1646 1682 1762 1747 Dei,
1797 1692 1854 1738 et

268 1771 569 1826 ruminatio
628 1770 1006 1825 mandatorum
1052 1780 1137 1827 est
1180 1780 1235 1826 et
1278 1773 1598 1827 exsecutio:
1635 1782 1853 1845 propter

266 1862 418 1932 quod
453 1862 576 1914 audi
610 1861 773 1915 David
805 1861 1078 1917 dicentem
1135 1881 1148 1916 :

266 1955 488 2010 verbum
512 1956 723 2020 bonum,
761 1958 878 2010 dico
917 1972 1008 2028 ego
1058 1973 1216 2026 opera
1266 1974 1380 2011 nica
1424 1959 1533 2028 regi
1563 1959 1607 2014 ".
1642 1957 1720 2012 Ail
1754 1959 1852 2013 de-

269 2049 674 2104 nuntiationcm
705 2065 893 2104 eorum
920 2065 1041 2118 quae
1094 2059 1422 2104 consecutus
1477 2059 1561 2104 est
1599 2065 1850 2119 operum,

274 2139 422 2194 hanc
465 2139 856 2194 eructatiouem
903 2139 1193 2201 bonorum.
1229 2147 1392 2209 atque
1429 2140 1851 2194 ruminationem

273 2229 654 2300 proculdubio
688 2229 1103 2284 intellexit.Non
1139 2238 1320 2284 autem
1349 2230 1647 2291 ruminare,
1673 2230 1766 2284 sed
1801 2240 1856 2284 et

274 2323 522 2378 dividere
558 2321 690 2391 legis
716 2322 991 2393 ungulam,
1035 2330 1089 2376 et
1118 2322 1452 2393 distinguere
1490 2322 1725 2376 litteram
1787 2322 1856 2375 ab

275 2417 496 2489 spiritu,
541 2424 594 2470 et
632 2415 846 2470 tradere
905 2415 1151 2485 quaedam
1205 2415 1506 2469 secundum
1571 2415 1854 2468 historiam

270 2511 474 2571 solam,
507 2511 754 2579 quaedam
781 2509 1080 2562 secundum
1130 2507 1670 2576 contemplationem,
1707 2524 1856 2576 quie-

275 2605 404 2658 dam
443 2618 570 2657 vero
610 2601 912 2657 secundum
945 2610 1236 2670 utrumque
1281 2600 1606 2669 intelligere,
1668 2600 1856 2653 distri-

269 2705 424 2750 ctam
453 2695 822 2751 custodientes
861 2695 910 2748 in
945 2695 1024 2748 eis
1049 2693 1374 2749 divisionem
1404 2707 1542 2762 opus
1567 2693 1852 2748 habemus.

276 2786 385 2854 Qui
417 2789 562 2842 enim
592 2788 715 2841 talis
755 2796 857 2850 est,
893 2786 979 2840 hic
1003 2795 1416 2840 consummatus
1458 2794 1620 2854 atque
1675 2787 1856 2855 peric-

275 2889 405 2935 ctus
431 2884 532 2939 est,
569 2888 622 2933 et
649 2888 937 2948 propterea
971 2877 1206 2930 mundus
1247 2885 1395 2930 recte
1441 2876 1662 2932 dicitur.
1725 2877 1858 2944 Qui-

277 2988 498 3042 cunque
532 2981 712 3026 autem
743 2987 906 3025 unum
935 2971 1002 3024 de
1034 2970 1135 3035 liis,
1165 2985 1285 3040 qum
1313 2969 1457 3024 dicta
1492 2980 1641 3033 sunt,
1679 2972 1858 3024 minus

278 3067 469 3130 habet,
506 3066 593 3118 hic
621 3063 906 3118 manifeste
928 3061 1240 3115 immundus
1263 3068 1366 3125 est,
1399 3061 1539 3116 sicut
1563 3061 1674 3132 ipsa
1701 3064 1857 3116 docet

278 3159 418 3230 legis
453 3158 651 3220 littera,
685 3155 762 3210 ait
793 3156 939 3208 enim
977 3172 990 3208 :

358 3247 482 3302 Non
507 3248 783 3301 comedetis
804 3246 956 3311 illud,
1007 3248 1143 3300 inter
1200 3247 1470 3300 immunda
1517 3249 1849 3317 reputabitis.

279 3340 554 3412 Quidquid
581 3342 833 3401 ruminat.
873 3349 920 3393 et
943 3340 1096 3394 habet
1128 3342 1400 3412 ungulam,
1437 3343 1529 3395 sed
1551 3358 1653 3394 non
1675 3342 1860 3394 dividit

280 3449 405 3486 eam
443 3432 572 3485 sicut
617 3431 867 3497 camelus,
896 3441 942 3484 et
965 3442 1177 3490 cwtera.
1205 3449 1306 3487 non
1324 3433 1623 3497 comedetis,
1651 3442 1697 3485 et
1724 3434 1863 3485 inter

279 3525 557 3578 immunda
599 3525 930 3594 reputabitis.
973 3525 1248 3580 Camelum
1303 3527 1588 3580 comedere
1647 3533 1863 3580 tumens

279 3633 386 3688 per
432 3617 742 3688 superbiam
792 3615 1012 3673 Judmus
1061 3627 1207 3672 recte
1265 3619 1607 3689 intelligitur,
1672 3617 1723 3671 id
1783 3625 1865 3670 est

281 3709 490 3765 Scriba:
549 3720 606 3764 et
658 3708 936 3775 Pharismi,
993 3709 1060 3764 ad
1113 3726 1250 3780 quos
1300 3710 1515 3765 dicebat
1560 3710 1860 3764 Dominus:

281 3801 573 3872 Liquantes
655 3803 894 3867 culicem,
978 3802 1240 3856 cameliim
1292 3813 1466 3855 autem
1519 3803 1794 3871 glutientes
1820 3802 1861 3852 '.

281 3893 455 3947 Isaias
483 3893 645 3947 etiam
670 3893 806 3947 dixit
832 3911 843 3945 :
882 3892 1007 3946 110:0
1037 3895 1176 3947 enim
1220 3893 1352 3946 dixit
1406 3895 1530 3946 milii
1563 3893 1815 3946 Dominus
1846 3907 1864 3944 :

294 3982 463 4050 Vade,
490 3997 538 4039 et
587 4003 721 4056 pone
747 3987 1146 4057 speculatorem,
1181 3996 1229 4040 et
1272 3989 1612 4058 quodcunque
1657 3989 1864 4051 viderit,

280 4081 584 4135 cununtiet.
624 4080 691 4134 Et
715 4082 842 4136 vidit
865 4098 1076 4135 currum
1129 4083 1353 4136 duorum
1403 4083 1654 4152 equitum,
1681 4099 1866 4136 ascen-

279 4189 457 4228 sorem
493 4175 656 4241 asini,
697 4183 744 4228 et
775 4191 1102 4230 ascensorem
1159 4174 1409 4228 cameli“.
1468 4173 1571 4228 Per
1627 4174 1864 4235 asinum,

282 4269 531 4342 gentium
567 4287 580 4323 :
613 4284 708 4338 per
736 4270 1026 4332 camelum,
1057 4265 1336 4323 Iudaicam
1393 4267 1866 4322 conversationem

283 4358 620 4430 signiﬁcans.
666 4357 884 4429 Figurat
934 4358 1099 4413 etiam
1126 4358 1361 4412 litteram
1389 4359 1539 4429 legis,
1569 4374 1870 4428 eorumque

282 4466 452 4522 grave
492 4451 682 4521 jugum
727 4451 984 4513 camelus,
1021 4459 1208 4521 utpote
1239 4451 1330 4522 qui
1361 4453 1644 4505 consuevit
1703 4467 1868 4506 onera

1953 576 2165 632 minant
2198 580 2344 634 enim
2375 590 2429 636 et
2459 583 2582 654 ipsi,
2614 585 2709 641 sed
2739 589 2996 661 ungulam
3026 608 3137 650 non
3167 596 3436 656 dividunt.
3468 603 3528 658 ln

1952 669 2196 738 populari
2277 679 2459 728 autem
2542 675 2909 748 multitudine,
2969 683 3282 743 Iudaeorum
3355 707 3528 764 genus

1953 768 2245 832 utrumque
2283 779 2405 821 esse
2434 767 2698 838 accipitur
2722 788 2736 825 :
2763 773 2959 829 debilia
2988 778 3188 849 quippe
3237 796 3360 838 esse
3409 786 3530 839 ani-

1953 851 2112 906 malia
2130 853 2245 908 hlBC
2273 855 2548 926 dicuntur,
2577 871 2714 918 teste
2745 863 2911 922 David
2966 879 3015 924 et
3044 870 3355 941 Salomone,
3378 889 3528 932 utro-

1952 957 2181 1013 rumque
2231 947 2547 1005 animalium
2592 953 2921 1014 debilitates.
2973 962 3262 1022 Salomone
3309 970 3528 1038 quidem

1953 1050 2076 1089 cum
2107 1038 2182 1092 ait
2221 1056 2232 1091 :
2268 1038 2609 1113 Lepusculus,
2645 1049 2784 1116 plebs
2815 1053 3070 1119 invalida,
3104 1061 3272 1125 posuit
3301 1063 3353 1114 in
3381 1073 3530 1130 petra

1953 1129 2120 1183 cubile
2141 1133 2238 1185 sibi
2265 1135 2326 1188 ¹⁰.
2375 1135 2545 1192 David
2577 1157 2706 1196 vero
2758 1162 2770 1197 :
2834 1145 2997 1200 Petra
3046 1152 3304 1222 refugium
3347 1129 3530 1209 crina-

1953 1221 2124 1285 ciis“,
2157 1225 2269 1279 sive
2300 1227 2657 1303 chirogryllis,
2689 1251 2923 1306 quorum
2956 1221 3123 1294 unum
3149 1221 3233 1298 est
3286 1246 3443 1301 velox
3475 1258 3528 1302 et

1954 1313 2223 1385 timidum,
2255 1336 2378 1376 cum
2407 1323 2740 1392 inﬁrmitate,
2769 1329 2819 1384 id
2845 1340 2927 1384 est
2952 1333 3137 1403 lepus:
3171 1336 3314 1391 aliud
3347 1348 3528 1394 autem

1953 1405 2131 1500 debile
2159 1412 2400 1482 quidem,
2423 1418 2516 1472 sed
2547 1435 2711 1490 rapax
2741 1431 2796 1476 et
2840 1423 3086 1489 bestiale,
3142 1435 3306 1500 atque
3336 1431 3528 1486 morti-

1955 1497 2128 1594 ferum
2153 1505 2360 1569 dicunt,
2384 1508 2434 1564 id
2458 1520 2540 1565 est
2560 1512 2936 1586 cliirogryllus,
2967 1519 3112 1589 quod
3135 1497 3282 1576 omni
3311 1524 3529 1594 quidem

1954 1592 2184 1662 plebeio,
2215 1600 2444 1656 maxime
2476 1612 2657 1658 autem
2688 1605 3000 1664 Judaeorum
3034 1612 3178 1668 inest
3217 1592 3436 1687 populo,
3463 1618 3530 1673 de

1953 1684 2150 1780 quibus
2182 1689 2318 1743 dixit
2348 1691 2514 1748 David
2550 1713 2562 1748 :
2626 1696 2828 1752 l’eloces
2865 1701 3018 1769 pedes
3049 1684 3230 1760 eorum
3255 1684 3326 1762 ad
3365 1711 3530 1780 eﬂ‘un-

1955 1777 2180 1832 dendum
2227 1786 2622 1853 sanguinem".
2684 1789 2883 1846 Timiili
2938 1804 3118 1851 autem
3171 1777 3432 1866 quantum
3477 1811 3532 1856 et

1212 1861 1488 1916 Eructavit
1539 1880 1627 1917 cor
1680 1881 1848 1917 meum
1885 1865 2156 1924 Binﬁrmi
2198 1872 2291 1928 ﬁlii
2335 1875 2647 1934 Iudaeorum
2702 1882 2831 1944 sint,
2905 1900 3004 1939 vox
3061 1861 3242 1942 divina
3294 1893 3534 1948 ostendit

1961 1975 2084 2015 cum
2118 1962 2250 2018 dicit
2281 1983 2292 2016 :
2327 1965 2417 2022 ναξ
2440 1970 2695 2026 cordibus
2759 1974 3008 2044 trepidis,
3058 1988 3112 2032 et
3162 1981 3414 2036 manibus
3443 1999 3532 2040 re-

1955 2053 2156 2108 missis.
2192 2057 2461 2126 lnjustitia
2512 2070 2694 2118 autem
2720 2076 2942 2134 quanta,
2975 2078 3030 2122 et
3059 2068 3247 2125 feritas
3277 2074 3421 2142 apud
3436 2089 3531 2129 eos

1956 2154 2092 2208 erat,
2128 2147 2254 2201 audi
2289 2147 2480 2203 Isaiam
2499 2151 2770 2208 dicentem
2814 2156 3119 2220 :Quomodo
3146 2161 3288 2230 facta
3319 2175 3397 2216 est
3424 2179 3532 2219 me-

1957 2237 2120 2289 retrix
2153 2239 2334 2293 civitas
2357 2241 2525 2309 ﬁdelis
2548 2244 2706 2311 plena
2744 2246 2972 2314 judicii?
3011 2249 3224 2318 justitia
3278 2254 3536 2310 habitavit

1958 2327 2010 2378 in
2035 2344 2118 2392 ea,
2153 2345 2288 2384 nunc
2314 2342 2488 2387 autem
2515 2335 2795 2391 homicida:
2829 2338 2891 2390 ".
2923 2341 3048 2395 Post
3079 2343 3179 2398 hos
3215 2360 3367 2400 suem
3403 2347 3537 2402 dicit

1957 2436 2078 2473 esse
2109 2423 2467 2490 immundum,
2500 2429 2624 2495 quia
2653 2430 2847 2483 dividit
2877 2435 3152 2503 ungulam,
3205 2446 3259 2490 et
3285 2453 3392 2490 non
3441 2456 3536 2492 ru-

1958 2515 2148 2568 minat.
2181 2515 2281 2581 Qui
2306 2533 2434 2584 ergo
2467 2521 2576 2573 sint
2611 2521 2699 2589 qui
2736 2524 3083 2589 aemulentur,
3139 2543 3201 2578 ac
3249 2540 3535 2598 propterea

1958 2607 2244 2661 comedere
2307 2609 2454 2664 illum
2523 2611 2824 2679 dicuntur,
2894 2616 3113 2671 Petrum
3173 2622 3534 2688 expositorem

1958 2708 2013 2750 et
2061 2700 2378 2770 magistrum
2433 2705 2645 2774 suscipe
2691 2724 2704 2759 :
2756 2721 2882 2760 eum
2935 2709 3136 2780 quippe
3191 2711 3284 2780 qui
3373 2713 3536 2767 habet

1960 2793 2245 2848 scientiam
2305 2796 2635 2864 divinorum,
2681 2801 2775 2854 sed
2847 2819 2952 2856 non
3017 2804 3106 2858 illa
3152 2805 3293 2860 bene
3345 2808 3535 2872 utitur,

1960 2882 2372 2953 actionibusque
2407 2884 2719 2957 incongruis
2743 2903 2861 2942 eam
2909 2891 3101 2959 polluit
3147 2893 3377 2964 vitaeque
3431 2897 3534 2951 im-

1961 2974 2174 3027 mundie
2208 2976 2560 3043 semetipsum
2597 2979 2780 3034 tradit.
2811 2979 2974 3035 Suem
3007 2985 3169 3037 etiam
3198 2986 3312 3055 ipse
3353 2991 3536 3058 appel-

1961 3061 2090 3116 lavit
2115 3064 2342 3120 dicens:
2382 3065 2572 3121 Melius
2614 3070 2794 3138 fuisset
2832 3073 2904 3126 eis
2932 3089 3030 3125 non
3057 3092 3359 3144 cognoscere
3396 3081 3536 3133 viam

1963 3153 2199 3220 iustitite,
2233 3173 2390 3226 quam
2426 3159 2634 3228 cognita
2663 3177 2745 3226 ea,
2771 3171 2909 3215 retro
2942 3167 3127 3217 reverti
3159 3184 3188 3218 a
3218 3169 3412 3222 tradito
3440 3171 3536 3223 sibi

1964 3257 2144 3300 sancto
2165 3250 2454 3302 mandato:
2479 3246 2692 3322 co'ntigit
2709 3254 2850 3306 enim
2881 3254 2986 3307 illis
3021 3273 3098 3309 res
3127 3259 3231 3310 veri
3259 3262 3515 3326 proverbii
3525 3301 3535 3320 ,

1967 3333 2124 3389 Canis
2152 3355 2382 3393 reversus
2412 3343 2482 3394 ad
2500 3344 2750 3396 vomitum
2778 3361 2948 3408 suum,
2981 3356 3028 3398 et
3067 3365 3155 3400 sus
3181 3349 3288 3401 lota
3321 3351 3373 3403 in
3399 3353 3539 3405 volu-

1966 3429 2117 3479 tabra
2148 3430 2358 3482 rami“.
2396 3430 2532 3497 Quia
2565 3447 2694 3504 ergo
2728 3437 3071 3491 ostendimus
3125 3453 3251 3492 eum
3301 3440 3390 3508 qui
3437 3442 3536 3513 legi

1967 3536 2184 3590 operam
2223 3523 2314 3576 dat
2345 3525 2620 3580 riiminarc
2647 3525 2869 3591 debere,
2901 3528 2944 3581 is
2972 3530 3063 3598 qui
3093 3531 3212 3584 talis
3233 3541 3334 3597 est,
3356 3542 3540 3604 utpote

1967 3613 2236 3668 sordidam
2291 3615 2499 3668 habens
2562 3617 2748 3683 vitam,
2808 3629 2864 3671 et
2928 3636 3036 3673 non
3083 3623 3538 3695 implenslegcm,

1970 3714 2114 3757 recte.
2133 3721 2240 3758 non
2269 3704 2544 3758 ruminare
2567 3723 2686 3776 qua:
2715 3707 2848 3778 legis
2877 3719 3024 3770 sunt.
3056 3711 3275 3765 dicitur.
3307 3711 3460 3768 Unde
3488 3725 3544 3766 et

1970 3798 2136 3851 vomit
2168 3808 2353 3868 utpote
2391 3798 2716 3869 indigestum
2764 3803 2944 3855 cibum
2979 3803 3346 3859 meditationis
3386 3805 3539 3875 legis,

1969 3900 2024 3944 et
2082 3891 2306 3946 minime
2350 3893 2415 3946 ad
2466 3893 2720 3947 effectum
2763 3895 3194 3962 pervenientem.
3253 3895 3412 3968 Ergo,
3442 3901 3542 3952 etsi

1970 3984 2227 4054 ungulam
2264 3985 2477 4047 dividit,
2521 3994 2576 4037 et
2604 3985 2840 4039 litteram
2872 3987 3114 4042 dividere
3148 3991 3270 4047 scit.
3300 4005 3329 4042 a
3353 3989 3542 4059 spiritu

1971 4083 2152 4128 tamen
2184 4075 2500 4129 immundus
2529 4087 2629 4130 est.
2661 4078 2765 4131 Sed
2801 4078 2927 4145 quid
2968 4079 3052 4131 bis
3079 4096 3197 4148 qua:
3225 4081 3368 4137 dicta
3420 4093 3547 4136 sunt

1970 4167 2215 4222 addidit?

2046 4263 2246 4316 limum
2283 4265 2528 4317 carnibus
2561 4281 2659 4317 non
2695 4267 2989 4327 vescemini.
3019 4284 3108 4321 nec
3138 4268 3398 4321 cadavera
3426 4284 3548 4321 cou-

1973 4357 2204 4426 tingetis,
2241 4357 2365 4426 quia
2416 4358 2687 4410 immunda
2740 4367 2859 4410 sunt
2903 4359 3063 4412 vobis.
3107 4359 3218 4413 Nec
3259 4359 3550 4418 camelum.

1973 4465 2074 4503 nec
2122 4450 2386 4519 leporem,
2435 4465 2534 4504 nec
2581 4451 2990 4521 cliirogryllum,
3034 4467 3133 4506 nec
3187 4467 3364 4517 suem,
3406 4451 3550 4506 inter

282 4552 509 4614 portare
547 4561 561 4595 :
625 4543 766 4598 unde
817 4559 1008 4598 servus
1054 4544 1326 4598 Abraham
1381 4545 1569 4598 decem
1632 4545 1869 4599 camelos
1904 4538 1948 4593 D
1979 4543 2181 4596 munda
2213 4542 2477 4610 judicavit
2512 4559 2522 4593 :
2559 4559 2653 4611 per
2701 4543 2815 4596 lucc
2854 4542 3016 4595 etiam
3057 4553 3252 4598 caetera
3295 4542 3550 4596 animalia

284 4645 572 4706 portantes
600 4635 668 4690 de
699 4636 856 4690 bonis
901 4637 1104 4691 domini
1137 4638 1220 4690 sui
1282 4639 1347 4690 ad
1399 4637 1865 4706 dispensationem

286 4728 553 4783 Rebecca:
582 4727 757 4783 duxit.
792 4727 1118 4798 Figurabant
1153 4738 1333 4782 autem
1390 4729 1443 4782 lii
1499 4729 1683 4782 decem
1733 4745 1870 4799 pra:-

284 4827 448 4889 cepta
478 4819 632 4891 legis,
668 4835 788 4890 quae
819 4836 927 4876 non
947 4821 1126 4876 omnia
1161 4822 1299 4875 bona
1333 4821 1443 4886 Dei,
1476 4823 1569 4877 sed
1601 4830 1779 4876 tamen
1804 4823 1871 4875 de

283 4911 546 4966 omnibus
578 4912 736 4968 bonis
763 4922 980 4983 gerunt,
1014 4924 1236 4984 propter
1269 4914 1372 4969 hoc
1400 4916 1544 4984 quod
1577 4915 1872 4986 participa-

285 5005 398 5060 lem
426 5005 871 5075 justiﬁcationem
900 5007 1191 5062 babetlcx.
1230 5007 1370 5079 Ergo
1401 5008 1603 5063 Scriba:
1636 5019 1692 5064 et
1728 5008 1871 5062 Pha-

285 5097 434 5152 risaei
470 5099 834 5155 ruminantem
875 5101 1188 5165 comedunt,
1225 5101 1347 5171 quia
1381 5101 1434 5155 in
1467 5103 1651 5173 legalis
1679 5103 1874 5157 littera:

286 5191 594 5260 gloriantur
622 5193 1002 5254 meditatione,
1031 5206 1085 5247 et
1117 5193 1170 5247 iu
1213 5195 1362 5248 cultu
1399 5195 1642 5260 Sabliati,
1680 5196 1873 5265 puriti-

287 5281 656 5351 cationisque,
684 5292 739 5336 et
769 5283 1187 5350 sacriﬁciorum,
1217 5285 1557 5356 aliorumque
1591 5287 1872 5341 similium.

285 5372 563 5444 lingulam
595 5385 776 5430 autem
815 5392 926 5430 non
951 5377 1200 5432 dividunt
1230 5393 1293 5432 ea
1329 5395 1448 5448 quae
1489 5380 1558 5434 ab
1590 5380 1670 5434 eis
1689 5395 1877 5434 come-

287 5465 520 5531 duntur,
580 5482 759 5538 neque
800 5469 1120 5525 discernunt
1178 5470 1248 5524 ab
1298 5471 1491 5540 spiritu
1530 5472 1786 5535 litteram,
1816 5481 1873 5526 et

285 5566 582 5629 propterea
610 5575 800 5616 eorum
833 5560 1060 5616 scientia
1091 5561 1371 5616 immunda
1409 5571 1513 5618 est.
1539 5561 1699 5618 Tales
1746 5571 1875 5618 sunt
1925 5581 1931 5588 ’

366 5766 390 5797 ⁸
423 5765 557 5820 Dan.
599 5783 693 5832 vii,
716 5767 770 5820 7.
847 5767 866 5796 ⁷
897 5765 1042 5819 Psal.
1074 5780 1221 5829 xuv,
1244 5764 1300 5820 2.

296 5836 348 5880 ι’
375 5834 520 5890 Psal.
554 5853 671 5900 xm,
698 5838 750 5891 5.
830 5836 874 5868 ¹⁸
901 5840 1000 5889 lsa.
1040 5853 1075 5898 ι,
1109 5835 1202 5888 2|.

543 5931 808 5990 Pa'rnou
850 5932 962 5991 Gn.
991 5929 1196 5989 XCIII.

1378 5766 1398 5797 ⁸
1424 5764 1615 5820 Matth.
1647 5783 1801 5830 xviii,
1819 5766 1911 5820 24.

1282 5837 1325 5866 “
1358 5835 1542 5889 lPetr.
1580 5853 1642 5900 ιι,
1667 5836 1758 5899 2|,
1794 5837 1886 5888 22.

1975 4634 2288 4706 designans,
2310 4650 2430 4704 quae
2455 4635 2538 4687 lex
2564 4650 2629 4688 ex
2654 4633 2739 4688 his
2781 4649 2900 4702 quie
2925 4633 3066 4687 dicta
3108 4641 3236 4688 sunt
3266 4633 3550 4688 manifesta

1977 4725 2124 4780 fecit.
2163 4727 2290 4780 ideo
2324 4742 2456 4797 ergo
2495 4727 2611 4780 haec
2653 4735 2886 4796 quatuor
2926 4741 3154 4778 numero
3187 4725 3386 4795 posuit,
3427 4725 3549 4794 quia

1979 4829 2216 4888 quatuor
2261 4829 2389 4872 sunt
2425 4818 2707 4889 generales
2742 4817 2992 4878 virtutes,
3032 4817 3410 4887 praedictorum
3458 4831 3549 4869 aii—

1982 4923 2092 4968 tem
2137 4913 2454 4967 animalium
2501 4911 2830 4984 signiﬁcatio
2869 4909 3166 4966 virtutibus
3210 4918 3376 4975 caret,
3418 4923 3551 4979 qua-

1983 5017 2107 5062 tuor
2140 5004 2343 5074 quippe
2374 5003 2665 5059 virtutibus
2706 5013 2789 5059 est
2822 5002 3118 5059 contraria.
3151 5001 3284 5055 Nam
3315 4999 3554 5054 cameliis

1977 5099 2030 5152 in
2068 5095 2380 5149 Scribarum
2422 5102 2477 5148 et
2516 5093 2908 5148 Pliarismoruiii
2944 5091 3251 5163 superbiam
3281 5097 3551 5159 sumptus,

1977 5191 2260 5260 sapientiae
2311 5188 2623 5244 contrarius
2676 5197 2762 5244 est
2807 5205 2818 5240 :
2861 5188 3152 5242 stultorum
3215 5185 3417 5255 quippe
3473 5194 3558 5237 est

1974 5283 2256 5354 proprium
2281 5282 2588 5353 superbire.
2610 5281 2748 5348 Quia
2775 5290 2958 5336 autem
2983 5289 3211 5348 utroque
3234 5279 3340 5333 hoe
3367 5277 3558 5332 morbo

1977 5375 2184 5431 Scriba:
2201 5387 2255 5431 et
2270 5375 2526 5430 Pharisazi
2549 5375 2898 5436 tenebantur,
2921 5373 3044 5428 audi
3068 5372 3133 5426 ad
3159 5387 3252 5425 eos
3269 5370 3557 5426 Dominum

1979 5469 2251 5522 dicentem
2295 5485 2307 5520 :
2347 5468 2508 5522 Stulti
2559 5478 2608 5521 et
2661 5469 2802 5530 caeci,
2832 5466 2955 5536 quid
3006 5464 3182 5533 majus
3226 5472 3319 5524 est,
3360 5477 3560 5512 aurum

1984 5571 2075 5615 aut
2126 5561 2376 5631 templum
2414 5562 2550 5630 quod
2591 5559 2885 5627 sanctiﬁcat
2931 5575 3124 5610 aurum
3156 5556 3232 5606 ‘5?
3259 5556 3327 5609 Et
3371 5565 3562 5606 rursus

1989 5768 2009 5798 '
2036 5765 2136 5818 lsa.
2172 5781 2281 5829 xxi,
2305 5765 2360 5817 6.
2437 5765 2480 5796 ¹⁰
2542 5764 2702 5818 Prov.
2737 5780 2863 5830 xxv,
2916 5763 3005 5818 25.

1969 5836 2012 5866 ¹³
2046 5835 2235 5889 Matth.
2277 5851 2427 5899 xxiii,
2480 5835 2565 5888 l7.

3089 5764 3127 5793 "
3155 5761 3296 5817 Psal.
3329 5776 3444 5828 Clll,
3474 5761 3564 5817 18.

3170 5922 3242 5984 29
