3946 6454
567 404 670 470 907

1771 391 2136 452 HESYCHII
2186 390 2662 452 PRESBYTERI

3706 411 3797 477 908

563 515 880 590 superbiam
911 526 1102 569 eorum
1133 510 1236 564 hoc
1266 505 1430 561 modo
1460 504 1703 560 retundit
1740 525 1752 561 :
1787 507 1982 560 Amant
2013 508 2150 561 enim
2180 512 2225 568 Α
2256 507 2347 561 lite
2395 509 2623 578 gaudere
2671 510 2794 580 quia
2839 513 3099 568 da’monia
3146 516 3287 572 vobis
3334 520 3696 590 subjiciuntur,
3729 534 3805 586 sed

567 612 766 679 primos
810 605 1079 662 accubitus
1124 604 1178 656 in
1222 601 1395 664 aenis,
1431 610 1479 652 et
1524 600 1726 668 primas
1770 600 2045 654 cathedras
2093 599 2146 653 in

568 698 869 768 synagogis,
910 705 958 749 et
994 691 1344 748 salutationes
1389 690 1444 742 in
1490 691 1622 759 foro,
1665 699 1711 741 et
1742 689 1918 742 vocari
1953 689 2017 742 ab
2053 689 2148 741 lia-

569 794 791 847 minibus
841 791 1006 845 Rnbbi
1044 790 1104 841 ¹⁶.
1161 787 1250 841 Sic
1287 799 1417 855 ergo
1443 785 1592 838 stulti
1637 783 1856 853 quidam
1900 783 1966 838 de
2017 782 2148 853 ipsis

567 892 725 936 erant
778 891 834 936 et
887 878 1127 948 superbi.
1181 876 1362 945 Lepus
1423 884 1480 929 ut
1537 875 1790 940 tin'tidus,
1841 873 2146 929 fortitudini

565 977 870 1030 contrarius
908 985 993 1029 est
1030 991 1041 1024 :
1080 971 1475 1041 ehirogryllus,
1515 981 1575 1023 ut
1627 985 1811 1040 rapax,
1850 970 2076 1039 justitize
2130 989 2143 1024 :

565 1087 678 1137 sus,
716 1081 775 1125 ut
807 1071 916 1124 vita
952 1068 1168 1123 sordida
1221 1067 1432 1130 vivens,
1474 1075 1529 1119 et
1579 1065 1876 1128 immunda,
1915 1064 1984 1117 de
2039 1078 2145 1132 quo

563 1163 768 1216 dictum
812 1169 898 1215 est.
936 1175 950 1210 :
990 1157 1144 1212 Sicut
1191 1157 1418 1211 circulus
1444 1173 1636 1210 aureus
1680 1157 1733 1208 in
1767 1156 1981 1209 naribus
2010 1155 2142 1218 suis,

562 1253 642 1306 sic
687 1251 877 1304 mulier
925 1250 1147 1319 pulchra
1200 1259 1249 1303 et
1297 1251 1449 1320 fatua
1488 1249 1548 1314 ³⁷,
1591 1248 1823 1302 castitati
1873 1246 2142 1303 contraria

561 1352 662 1398 est.
719 1341 925 1395 llorum
977 1355 1079 1393 nec
1119 1354 1315 1393 carnes
1366 1339 1739 1398 comedamus,
1782 1337 1832 1390 id
1886 1345 1990 1398 est,
2040 1351 2144 1390 nec

559 1448 723 1503 quam
768 1431 1025 1486 videntur
1066 1429 1271 1484 habere
1314 1428 1570 1484 virtutem
1604 1443 1918 1496 sequamur,
1948 1426 2004 1480 in
2041 1427 2140 1496 hy-

558 1527 764 1599 pocrisi
813 1526 958 1582 enim
1013 1525 1179 1589 illam,
1217 1534 1274 1580 et
1313 1541 1423 1579 non
1466 1525 1522 1579 in
1564 1523 1792 1578 veritate
1837 1531 2138 1576 sectantur.

558 1615 727 1670 Multo
757 1617 930 1685 magis
959 1603 1142 1668 autem
1182 1613 1470 1667 morticina
1501 1627 1690 1666 eorum
1725 1611 1994 1682 tangenda
2029 1625 2137 1665 non

556 1719 706 1775 sunt,
723 1724 825 1764 nec
857 1707 1013 1763 malis
1040 1721 1231 1760 eorum
1261 1705 1772 1761 communicandum
1804 1703 2135 1765 actionibus,

558 1801 675 1872 ipsa
705 1800 851 1856 enim
884 1797 1199 1870 bujusmodi
1244 1797 1436 1867 procul
1477 1797 1644 1852 dubio
1687 1796 1973 1852 morticina
2009 1803 2135 1850 sunt

556 1891 684 1948 viri.
1712 1897 1716 1900 ’

625 1985 789 2043 Vens.
822 1984 980 2042 9-12.
1017 2004 1036 2037 ι
1071 1983 1194 2039 Haec
1225 1993 1353 2039 sunt
1384 1999 1505 2053 qua:
1535 1982 1828 2054 gignuntur
1859 1981 1912 2035 in
1956 1981 2129 2050 aquis,

554 2089 609 2135 et
643 2077 786 2135 vesci
820 2078 1028 2133 licitum
1061 2085 1164 2132 est.
1206 2077 1379 2131 Omne
1417 2076 1560 2145 quod
1596 2076 1760 2129 habet
1797 2074 2051 2144 pinnulas
2080 2082 2134 2128 et

553 2184 807 2239 Squatnas
841 2209 857 2235 ,
913 2177 1023 2222 tam
1077 2168 1130 2220 in
1186 2167 1344 2232 mari,
1394 2182 1554 2236 quam
1614 2167 1666 2219 in
1719 2165 2032 2220 [luminibus
2078 2175 2132 2218 et

553 2261 760 2331 stagnis
791 2300 806 2324 ,
849 2259 1152 2314 comedetis
1185 2278 1198 2312 :
1238 2259 1504 2330 quidquid
1557 2268 1741 2314 autem
1791 2259 2047 2329 pinnulas
2078 2268 2131 2312 et

552 2367 806 2421 squamas
839 2367 947 2405 non
985 2352 1170 2417 habet,
1196 2366 1385 2405 eorum
1417 2368 1537 2420 quae
1567 2352 1624 2404 in
1658 2351 1813 2420 aquis
1844 2360 2132 2404 moventur

551 2457 605 2500 et
641 2447 849 2512 vivunt,
883 2447 1250 2502 abominabile
1289 2448 1444 2502 vobis
1483 2457 1537 2502 et
1579 2447 1975 2503 exsecrandum
2004 2448 2126 2501 erit.

549 2540 754 2595 Carncs
784 2555 975 2596 eorum
1015 2555 1124 2593 non
1157 2539 1476 2602 comedetis,
1508 2548 1564 2594 et
1603 2540 1890 2594 morticina
1931 2539 2129 2595 vitabi-

551 2631 639 2684 lis.
670 2630 880 2684 Cuncta
909 2647 1032 2700 quae
1077 2645 1187 2684 non
1233 2631 1437 2685 habent
1475 2631 1732 2700 pinnulas
1780 2641 1836 2686 et
1872 2647 2126 2701 squamas

547 2720 598 2772 in
635 2721 790 2791 aquis
822 2722 1026 2792 polluta
1055 2729 1234 2775 erunt.
1270 2740 1290 2772 ι

618 2813 690 2866 Ex
723 2827 790 2867 eo
821 2813 965 2882 quod
1001 2828 1110 2866 non
1139 2821 1326 2882 aperte
1371 2811 1555 2868 divina
1600 2811 1881 2884 Scriptura
1923 2827 2121 2884 genera

544 2904 777 2972 piscium
822 2903 1095 2973 exposuit,
1131 2919 1163 2956 a
1203 2903 1404 2972 quibus
1445 2904 1711 2959 abstineri
1756 2906 1890 2969 vult,
1926 2921 2122 2976 super-

529 2976 708 3052 ;ﬁuum
743 3004 828 3049 est
858 2995 973 3049 hare
1009 2994 1061 3047 in
1094 2996 1351 3064 praesenti
1380 3011 1646 3064 quaerere,
1677 3013 1944 3067 nusquam
1975 3000 2120 3054 enim

522 3084 772 3153 .piscium
825 3086 879 3139 in
925 3101 990 3140 ea
1044 3086 1388 3142 inveniemus
1430 3089 1713 3143 vocabula.
1760 3089 2116 3160 Semetipsam

538 3178 703 3232 etiam
731 3192 860 3247 ergo
896 3177 948 3230 iu
983 3178 1086 3232 hoc
1116 3177 1358 3232 imitatur
1388 3178 1526 3234 loco.
1558 3179 1949 3235 Verumtamen
1985 3182 2114 3236 illud
2145 3205 2186 3263 ρ
2221 3185 2444 3244 propter
2499 3177 2861 3248 ignorantiam

535 3283 686 3327 nunc
718 3269 894 3327 notari
931 3277 1167 3339 oportet,
1199 3270 1324 3340 quia
1363 3272 1823 3340 quemadmodum
1858 3273 1911 3326 in
1945 3289 2114 3343 spon-

538 3360 711 3416 taneis
739 3361 1042 3426 sacriﬁciis,
1078 3377 1199 3430 quae
1233 3371 1288 3416 et
1316 3363 1456 3418 dona
1493 3364 1767 3434 legislator
1801 3365 2111 3435 appellavit,

533 3449 830 3520 aliquando
871 3451 1089 3522 quidem
1137 3461 1453 3522 opcratores
1497 3454 1651 3526 legis,
1684 3456 1978 3526 aliquando
2017 3473 2115 3511 au-

535 3551 641 3596 lem
675 3541 970 3612 simplices,
1003 3543 1295 3612 aliquando
1337 3559 1470 3598 vero
1514 3548 1976 3616 contemplatores
2013 3565 2112 3618 per

531 3632 869 3687 oblationum
911 3633 1236 3704 signiﬁcavit
1281 3635 1493 3700 modos,
1533 3637 1824 3708 aliquando
1874 3656 1968 3695 eos
2015 3640 2106 3710 qui

529 3724 810 3778 salvantur
849 3739 914 3778 ex
964 3725 1240 3794 gentibus,
1283 3726 1482 3794 quibus
1529 3737 1587 3782 et
1635 3729 1897 3785 sacriﬁcia
1927 3732 1992 3786 de
2028 3732 2106 3785 si-

528 3814 678 3878 mila,
728 3823 790 3869 ut
835 3814 1196 3884 simplicibus,
1233 3815 1534 3885 deputavit,
1566 3820 1710 3890 quod
1756 3822 1995 3876 ostendit
2038 3838 2104 3874 ex

525 3919 593 3960 eo
634 3905 782 3974 quod
823 3905 978 3970 dicit,
1009 3903 1068 3959 Si
1115 3908 1294 3961 anima
1338 3908 1582 3963 obtulerit
1624 3911 1817 3965 donum
1857 3913 2099 3978 Domino,

502 4009 634 4054 mon
665 3995 892 4059 addens,
915 3995 972 4050 Si
1007 3998 1188 4050 anima
1219 3999 1284 4052 de
1308 4001 1501 4069 populo
1537 4011 1709 4067 terras,
1749 4005 2103 4074 quemadmo-

521 4088 651 4142 dum
678 4087 732 4141 in
763 4088 992 4144 aliorum
1020 4091 1410 4147 sacriﬁciorum
1429 4097 1901 4152 enuntiationibus
1927 4098 2095 4172 solet;

520 4173 664 4228 sicut
693 4189 822 4246 ergo
853 4174 904 4228 in
939 4175 1068 4241 illis,
1099 4177 1177 4232 sic
1207 4188 1261 4234 et
1291 4180 1380 4235 hic
1409 4197 1507 4251 per
1542 4183 1787 4238 ciborum
1817 4186 2096 4240 abstinen-

521 4264 673 4327 tiam.
722 4266 909 4337 quales
957 4268 1162 4325 debent
1214 4287 1335 4327 esse
1381 4274 1471 4344 qui
1515 4275 1688 4346 legem
1738 4279 2087 4342 meditantur,

516 4358 810 4412 ostendere
862 4360 1112 4430 cupiens,
1188 4380 1286 4433 per
1345 4367 1623 4422 ruminare
1681 4369 1981 4438 siquidem,
2038 4378 2093 4424 et

511 4450 768 4520 ungulam
813 4451 1089 4517 dividere,
1130 4453 1377 4511 Judaeum
1437 4460 1793 4529 signiﬁcavit,
1846 4464 1938 4532 qui
1995 4463 2089 4517 dc-

2254 603 2479 668 gaudete
2506 612 2553 654 et
2579 603 2857 668 easultate,
2887 607 3012 670 quia
3046 610 3258 663 nomina
3287 621 3458 666 vestra
3489 616 3679 685 scripta
3703 632 3805 676 sunt

2252 693 2307 743 in
2345 691 2484 745 aclis
2517 694 2582 744 ¹⁰.
2617 692 2857 750 l’robant
2902 707 3084 752 autem
3137 701 3252 757 haec
3295 705 3461 759 etiam
3502 705 3661 777 bujus
3697 726 3808 766 san-

2251 784 2450 839 ctionis
2481 786 2668 851 verba,
2700 789 2857 842 aiunt
2885 791 3031 845 etiim
3074 810 3087 846 :

2323 876 2450 929 lla’c
2478 888 2598 931 sunt
2627 897 2743 951 quw
2769 883 3055 952 gignuntur
3089 886 3144 938 in
3178 889 3351 956 aquis,
3379 899 3430 943 et
3459 894 3594 945 vesci
3627 893 3802 950 licitum

2249 967 2764 1040 est._lnlelliguntur
2797 989 2892 1043 per
2937 974 3053 1030 haec
3101 976 3154 1030 hi
3198 978 3293 1048 qui
3327 995 3395 1034 ex
3431 985 3684 1052 gentibus
3716 987 3807 1040 sal-

2249 1058 2355 1112 vati
2389 1069 2537 1126 sunt,
2574 1073 2760 1133 utpote
2802 1069 3272 1137 regenerationem
3305 1072 3573 1128 habentes
3606 1075 3658 1130 in
3685 1093 3807 1148 aqua

2246 1150 2608 1222 baptismatis,
2633 1156 2700 1211 de
2721 1158 2920 1228 quibus
2945 1171 3000 1215 et
3022 1163 3188 1216 lsaias
3217 1164 3433 1220 dicebat
3461 1181 3476 1220 :
3503 1167 3635 1222 Ecce
3653 1182 3805 1242 gentes

2245 1246 2400 1313 quasi
2447 1247 2622 1302 situla:
2671 1251 2847 1304 stultce
2877 1253 2943 1305 ²¹.
3006 1252 3154 1319 Sive,
3189 1264 3247 1310 ut
3277 1255 3442 1320 LXX,
3491 1256 3638 1312 Sicut
3671 1278 3803 1333 aqua

2245 1335 2448 1400 mutue,
2485 1348 2676 1408 gentes
2720 1342 2923 1398 multae.
2960 1343 3113 1399 Unde
3143 1355 3198 1400 et
3224 1347 3303 1401 eis
3329 1350 3668 1404 conveniunt
3700 1369 3805 1422 qua

2242 1439 2566 1495 sequuntur.

2311 1519 2476 1575 Omne
2526 1533 2663 1595 quod
2710 1527 2866 1582 habet
2917 1530 3168 1598 pinnulas
3219 1541 3270 1585 et
3311 1549 3587 1602 squamas,
3623 1543 3724 1588 tam
3760 1538 3806 1590 in
3877 1599 3880 1602 ι

2241 1612 2400 1675 mari,
2426 1629 2585 1682 quam
2621 1617 2674 1669 iu
2717 1619 3022 1687 ﬂuminibus
3052 1632 3099 1675 et
3133 1625 3356 1694 stagnis,
3393 1627 3690 1681 comedetis.
3717 1626 3806 1683 Ea-

2240 1703 2362 1758 dem
2396 1707 2558 1760 etiam
2611 1708 2696 1762 his
2737 1711 2828 1779 qui
2879 1727 2944 1766 ex
2997 1715 3254 1784 gentibus
3295 1727 3446 1781 sunt,
3491 1718 3560 1773 de
3600 1720 3807 1773 medita-

2242 1798 2388 1854 tione
2444 1802 2578 1873 legis
2630 1804 2751 1858 aliis
2799 1808 3060 1876 praecepit
3109 1811 3314 1866 verbis.
3367 1810 3501 1866 Vult
3545 1813 3687 1866 enim
3727 1828 3805 1868 eo;

2167 1863 2206 1916 Β
2239 1890 2441 1944 habere
2499 1863 2553 1945 in
2604 1863 3150 1969 meditatione'legis
3205 1901 3500 1970 pinnulas,
3555 1903 3805 1972 vitamque

2237 1979 2526 2034 sublimem
2571 1992 2734 2053 atque
2779 1986 3081 2053 cmlestem,
3116 1990 3209 2044 sed
3255 1993 3655 2061 expositionem
3692 1993 3806 2065 legis

2237 2068 2364 2123 huic
2397 2070 2652 2140 similent,
2682 2086 2905 2145 propter
2942 2079 3086 2147 quod
3120 2095 3230 2133 non
3275 2083 3569 2151 pinnulam
3603 2083 3801 2148 habere,

2239 2162 2330 2216 sed
2376 2163 2633 2232 pinnulas
2680 2182 2775 2222 eos
2819 2170 2952 2224 vult.
2991 2171 3128 2237 Quia
3164 2184 3344 2229 autem
3387 2175 3692 2246 ignorantia
3725 2176 3800 2231 di-

2237 2252 2373 2308 vina:
2407 2253 2703 2326 Scriptura:
2733 2270 2922 2330 gentes
2949 2263 3280 2329 obtinuerat,
3305 2282 3417 2320 non
3452 2268 3604 2321 enim
3637 2284 3800 2323 susce-

2232 2358 2427 2416 perant
2455 2349 2650 2421 legcm,
2683 2369 2863 2423 neque
2889 2358 3209 2426 prephetas,
3237 2375 3340 2414 nec
3371 2360 3478 2414 alia
3513 2361 3568 2414 in
3595 2362 3673 2416 eis
3700 2373 3802 2416 erat

2229 2441 2457 2496 Scientia
2493 2443 2678 2498 divina
2724 2447 2998 2511 subtilior,
3036 2465 3106 2504 ne
3145 2467 3276 2521 ergo
3317 2453 3422 2506 hoc
3471 2454 3662 2508 morbo
3691 2469 3800 2524 per-

2231 2532 2469 2586 manenti
2516 2543 2568 2587 et
2617 2547 2885 2605 perpetuo
2924 2539 3256 2605 laborarent,
3292 2559 3555 2612 squamas
3584 2561 3675 2599 eos
3705 2546 3798 2600 ha-

2226 2621 2360 2676 bere
2415 2624 2564 2689 vult,
2617 2641 2738 2695 quae
2804 2628 2961 2684 facile
3017 2631 3384 2687 auferrentur.
3440 2635 3581 2700 Quia
3636 2647 3796 2690 autem

2225 2729 2466 2782 squaan
2499 2718 2879 2786 temporalem,
2915 2731 2969 2775 et
3004 2738 3108 2790 qua
3158 2723 3314 2778 facile
3352 2737 3628 2790 careatur,
3660 2728 3794 2798 igno-

2224 2810 2455 2863 rantiam
2497 2811 2824 2882 signiﬁcant,
2867 2816 3248 2873 detnonstrant
3291 2835 3353 2873 ea
3391 2837 3518 2890 quae
3549 2822 3615 2876 de
3645 2819 3793 2874 Paulo

2223 2899 2495 2969 descripta
2529 2913 2674 2967 sunt,
2711 2904 2769 2958 in
2802 2909 3172 2976 apostolorum
3204 2911 3472 2978 Actibus;
3509 2928 3630 2967 cum
3662 2913 3790 2966 enim

2222 2990 2338 3043 zelo
2386 2991 2607 3060 judaico
2656 2995 2954 3050 Ecclesium
3015 3012 3463 3070 persequeretur,
3513 3005 3791 3075 ignoraret-

2220 3096 2323 3150 que
2375 3098 2502 3136 eum
2539 3101 2702 3154 quem
2760 3091 3210 3159 persequebatur,
3255 3093 3410 3148 facile
3466 3098 3641 3150 caruit
3688 3096 3788 3150 zelo

2916 3198 2930 3235 :
2983 3197 3270 3253 postquam
3328 3189 3591 3256 cognovit
3645 3203 3784 3258 quem

2219 3278 2661 3335 persequeretur,
2708 3282 2934 3328 vocatus
2984 3288 3014 3327 a
3059 3273 3298 3337 Christo,
3335 3287 3391 3331 et
3428 3289 3712 3348 pestquam
3741 3280 3784 3332 ei

2218 3357 2284 3408 ab
2319 3360 2524 3413 Auania
2559 3364 2990 3434 evangelizatum
3022 3376 3125 3432 est,
3151 3369 3444 3422 ceciderunt
3477 3387 3705 3441 squama'
3727 3372 3784 3423 ab

2215 3451 2377 3504 oculis
2404 3453 2538 3522 ejus,
2566 3464 2613 3508 et
2652 3473 2774 3510 mox
2798 3459 2924 3510 vidit
2950 3459 3013 3514 ".
3043 3459 3180 3530 Ergo
3207 3461 3259 3514 in
3289 3461 3515 3517 modqu
3548 3480 3781 3534 squama-

2214 3555 2331 3594 t'ntu
2378 3545 2798 3613 superjacebant
2838 3549 3104 3604 instantes
3148 3551 3198 3605 ei
3254 3555 3586 3622 temporales
3644 3555 3780 3626 igno-

2213 3633 2420 3688 rantia).
2477 3634 2631 3691 Unde
2682 3637 2848 3691 nimis
2895 3651 3295 3710 consequenter
3339 3642 3618 3714 legislator
3663 3645 3779 3700 sub-

2210 3723 2373 3779 didit:

2280 3816 2546 3889 Quidquid
2578 3829 2756 3876 autem
2795 3824 3046 3892 pinnulas
3090 3835 3181 3879 aut
3223 3843 3476 3891 squamas
3512 3847 3613 3882 non
3639 3831 3774 3883 habet

2207 3926 2384 3964 eorum
2416 3927 2531 3980 qua:
2559 3913 2612 3965 in
2638 3915 2791 3984 aquis
2824 3928 3096 3971 moventur
3125 3929 3172 3972 et
3209 3921 3405 3982 vivunt,
3436 3923 3775 3975 abominabilc

2204 4001 2343 4054 vobis
2362 4011 2410 4056 et
2429 4006 2806 4060 exsecrandum
2829 4009 2947 4062 erit.
2971 4007 3111 4063 Sunt
3131 4010 3275 4063 enim
3293 4012 3542 4080 (pandam
3561 4015 3770 4084 piscium

2203 4107 2420 4160 genera,
2451 4101 2642 4147 testam
2669 4111 2768 4166 pro
2796 4097 2934 4166 pelle
2967 4099 3223 4154 habentia
3256 4119 3268 4155 :
3298 4117 3533 4172 quorum
3563 4119 3767 4174 squama

2200 4183 2398 4238 auferri
2449 4201 2557 4239 non
2612 4198 2810 4256 potest.
2866 4190 3026 4246 Tales
3067 4200 3197 4246 sunt
3245 4195 3335 4263 qui
3382 4211 3489 4251 nec
3532 4212 3766 4267 squamas

2199 4273 2520 4343 ignorantiae
2551 4280 2716 4333 verbo
2748 4280 2840 4334 Dei
2873 4282 3170 4352 deponere,
3206 4299 3305 4340 nec
3336 4286 3576 4343 cultrum
3618 4289 3766 4358 spiri-

2197 4376 2284 4421 tus
2319 4369 2598 4439 suscipere
2636 4374 2940 4442 patiuntur.
2988 4375 3051 4430 lli
3085 4378 3188 4431 etsi
3229 4379 3281 4433 in
3317 4382 3449 4435 mari
3493 4383 3763 4438 invenian-

2198 4469 2284 4514 tur
2340 4463 2716 4532 baptismatis,
2771 4469 2871 4522 etsi
2928 4469 2980 4522 in
3033 4470 3349 4527 ﬂuminibus
3403 4475 3756 4543 poenitentiae,

492 4542 602 4596 .bet
649 4542 781 4613 legis
834 4543 1062 4614 implere
1115 4549 1366 4604 mandata
1421 4562 1476 4606 ct
1505 4553 1572 4605 ab
1606 4553 1802 4623 spiritu
1851 4554 2084 4609 litteram
2121 4542 2160 4594 ο
2194 4552 2589 4610 abominabiles
2647 4567 2776 4612 sunt
2823 4560 2876 4612 in
2919 4564 3173 4617 omnibus
3222 4581 3340 4634 qua:
3383 4577 3670 4622 moventur
3712 4576 3754 4618 el

509 4635 771 4704 dividere,
801 4647 856 4692 et
899 4639 1069 4710 legem
1109 4642 1428 4711 spiritaliter
1475 4647 1798 4718 intelligere,
1833 4665 1929 4718 per
1970 4651 2085 4707 haec

487 4731 688 4778 autem
723 4741 844 4794 qum
893 4742 1038 4781 nunc
1081 4729 1222 4784 dicta
1269 4742 1416 4798 sunt,
1451 4735 1693 4789 ostendit
1727 4737 1793 4792 de
1833 4737 2086 4808 gentibus

506 4830 564 4869 se
599 4816 766 4885 loqui.
801 4817 956 4874 Unde
992 4822 1266 4890 existimo,
1305 4841 1412 4879 non
1453 4828 1731 4896 expressis
1771 4830 2084 4886 nominibus

503 4903 734 4973 piscium
781 4909 1099 4965 memoriam
1138 4911 1353 4978 factam,
1387 4915 1514 4983 quia
1555 4932 1656 4975 nec
1692 4918 1912 4977 nomina
1955 4935 2082 4974 suo-

503 5006 621 5046 rum
669 4996 832 5051 scribi
877 5013 1042 5069 super
1097 5011 1298 5058 terram
1347 5008 1499 5080 cupit
1548 5008 1810 5076 Ecclesia,
1846 5011 1988 5066 unde
2026 5022 2081 5067 et

497 5084 587 5137 illa
630 5085 795 5140 David
838 5088 912 5143 ait
948 5109 959 5144 :
998 5091 1308 5150 Scribuntur
1357 5099 1465 5152 haec
1513 5102 1564 5153 in
1612 5104 1945 5170 generatione
1989 5105 2077 5158 al-

495 5186 606 5228 tera
641 5177 705 5239 ⁸⁸,
737 5178 990 5234 videlicet
1024 5182 1208 5238 futura
1241 5187 1292 5239 in
1321 5188 1489 5254 callis,
1532 5191 1605 5244 ibi
1651 5194 1800 5247 enim
1841 5196 2072 5252 ﬁliorum

491 5264 610 5333 ejus
665 5267 864 5337 scripta
923 5279 1052 5323 sunt
1109 5274 1351 5340 nomina,
1387 5277 1453 5331 de
1498 5295 1602 5348 qua
1645 5279 1842 5337 Paulus
1887 5284 2017 5339 dicit
2053 5305 2064 5339 :

487 5357 786 5414 Accessistis
818 5363 888 5416 ad
916 5375 1141 5419 montem
1167 5367 1314 5435 Sion,
1343 5379 1390 5423 et
1421 5373 1492 5425 ad
1522 5374 1785 5429 civitatem
1821 5376 1913 5430 Dei
1946 5379 2065 5441 vivi.

484 5447 778 5505 Jerusalem
808 5455 1081 5522 crelestem,
1116 5469 1162 5511 et
1197 5459 1478 5514 multorum
1512 5463 1736 5519 millium
1763 5467 2069 5535 angelorum

484 5543 794 5613 frequentiw
840 5557 888 5600 et
927 5548 1174 5606 Ecclesia:
1217 5553 1621 5622 primitivorum,
1663 5559 1752 5627 qui
1791 5562 2069 5630 conscripti

473 5643 600 5686 sunt
633 5635 686 5686 in
721 5637 860 5690 caelis
891 5639 953 5692 ιθ.
994 5641 1058 5695 Ει
1091 5641 1355 5699 Dominus
1389 5646 1456 5700 ad
1491 5647 1767 5718 apostolos
1812 5649 1887 5703 ait
1917 5668 1928 5703 :
1961 5651 2069 5704 No-

556 5768 600 5845 ‘_°
632 5771 820 5830 Matth.
849 5794 1001 5845 χχιιι,
1038 5782 1088 5837 6.

1170 5785 1208 5814 ¹⁷
1250 5784 1402 5840 Prov.
1443 5804 1514 5853 xx,
1541 5788 1632 5844 2‘2.

467 5837 531 5880 ·³³
558 5841 674 5902 Act.
708 5861 797 5913 ix,
818 5848 912 5909 48.

1711 5790 1752 5819 ’⁸
1788 5790 1927 5846 Psal.
1961 5810 2034 5861 et,
2069 5798 2150 5857 19.

2192 4643 2386 4698 vivunt
2427 4646 2481 4700 in
2526 4650 2701 4718 aquis.
2753 4651 2818 4706 Et
2859 4667 2981 4706 cum
3021 4655 3189 4708 vitam
3231 4658 3408 4711 sortiti
3449 4659 3563 4713 sint
3592 4659 3643 4713 in
3672 4659 3759 4712 ba-

2187 4735 2474 4804 ptismate.
2523 4742 2865 4797 vocationem
2945 4755 3129 4801 tamen
3190 4751 3753 4820 regenerationetnque

2189 4840 2556 4900 corruperunt
2598 4851 2609 4889 :
2667 4835 2794 4888 dum
2835 4837 3089 4903 pinnulas
3123 4847 3179 4894 et
3220 4857 3474 4910 squamas
3521 4860 3626 4898 non
3665 4844 3751 4897 ha—

2185 4917 2336 4982 bent,
2389 4921 2676 4976 sublimem
2739 4925 2992 4982 videlicct
3049 4929 3236 4994 vitam,
3289 4935 3750 5005 cognitionemque

2182 5010 2517 5074 divinorum,
2560 5031 2681 5082 qua:
2732 5017 2971 5073 carlestis
3023 5030 3123 5084 est,
3165 5023 3259 5076 sed
3309 5041 3402 5078 cor
3448 5043 3646 5081 cmenm
3699 5027 3747 5081 in

2181 5101 2486 5170 ignorantia
2533 5105 2780 5162 detinent
2809 5128 2822 5163 :
2851 5119 2905 5163 et
2943 5122 3232 5182 propterea
3267 5115 3321 5169 in
3356 5117 3442 5172 his
3471 5120 3562 5188 qui
3598 5136 3745 5189 squa-

2182 5211 2297 5250 mas
2349 5197 2571 5264 habent,
2624 5216 2735 5254 non
2780 5215 3236 5263 annumerantur.
3281 5207 3507 5267 Intende
3555 5223 3739 5275 autem,

2178 5295 2378 5354 quanta
2428 5288 2728 5345 subtilitate
2780 5307 3120 5361 sermonum,
3154 5308 3212 5353 ut
3245 5300 3497 5357 videlicet
3525 5305 3740 5358 maxima

2179 5392 2275 5448 per
2323 5393 2418 5432 eos
2469 5381 2724 5451 mysteria
2777 5392 2831 5436 et
2885 5385 3228 5444 admirabilia
3280 5392 3609 5462 signiﬁcans,
3670 5396 3739 5448 ie.-

2177 5469 2402 5540 gislator
2447 5473 2651 5541 utitur;
2686 5476 2926 5544 pinnulis
2971 5479 3114 5544 enim
3160 5497 3413 5552 squamas
3450 5487 3732 5558 conjunxit.

2177 5561 2301 5630 quia
2332 5564 2788 5632 quemadmodum
2822 5567 3086 5637 piscibus,
3111 5574 3310 5642 quibus
3339 5587 3466 5632 sunt
3492 5592 3732 5648 squama},

2178 5653 2265 5708 his
2312 5664 2438 5708 sunt
2487 5658 2806 5714 omnimodo
2845 5670 2899 5716 et
2949 5662 3212 5732 pinnulae,
3253 5668 3330 5725 sic
3364 5670 3559 5740 quibus
3595 5669 3733 5742 igno-

2233 5801 2274 5832 ¹⁹
2311 5799 2478 5858 Hebr.
2506 5818 2599 5867 xn,
2635 5804 2725 5861 2‘2.
2807 5807 2850 5840 ²⁰
2885 5807 3022 5863 Luc.
3053 5825 3107 5874 ς,
3148 5811 3237 5866 20.
3317 5813 3361 5846 ³⁸
3398 5812 3498 5872 lsa.
3529 5829 3616 5883 ιι.»
3647 5811 3722 5872 l5.
